{"host":"99l0i25nwwr6z99u","time":1611628149,"event":{"mods":["Act Like it!","BaseMod","Colored Map","Colored Powertips","Downfall","Googly Eyes","Minty Spire (QoL Compilation)","Quick Restart","StSLib"],"gold_per_floor":[349,369,369,388,405,424,424,424,444,454,468,494,507,534,554,652,652,552,199,213,55,75,75,75,175,190,190,90,141,155,190,250,353,353,353,409,487,487,542,542,542,542,593,607,541,592,592,35,50,50],"floor_reached":51,"language":"ENG","playtime":2505,"items_purged":["downfall:Aged","Decay"],"score":884,"play_id":"5225f1c7-76be-4947-8dda-969ba05159d1","local_time":"20210125212909","is_ascension_mode":false,"campfire_choices":[{"data":"hexamod:Sear","floor":1.0,"key":"SMITH"},{"floor":18.0,"key":"RECALL"},{"data":"hexamod:TimeOfNeed","floor":23.0,"key":"SMITH"},{"data":"hexamod:SpectralAdrenaline","floor":28.0,"key":"SMITH"},{"data":"hexamod:UnlimitedPower","floor":35,"key":"SMITH"},{"data":"hexamod:SearingWound","floor":40,"key":"SMITH"}],"circlet_count":0,"master_deck":["hexamod:Strike","hexamod:Strike","hexamod:Strike","hexamod:Strike","hexamod:Defend","hexamod:Defend","hexamod:Defend","hexamod:Defend","hexamod:Sear+1","hexamod:Float","hexamod:SpectersWail","hexamod:Hexaguard","hexamod:PhantomFireball","hexamod:ChargedBarrage","hexamod:SpectralAdrenaline+1","hexamod:WildfireWeapon","hexamod:EmpoweredFlame","hexamod:FirstSeal","hexamod:HauntingEcho","hexamod:NightmareStrike","hexamod:ExtraCrispy","hexamod:TimeOfNeed+1","Master of Strategy","hexamod:SearingWound+1","hexamod:AdvancingGuard+1","hexamod:RainOfEmbers+1","hexamod:UnlimitedPower+1","hexamod:GiftsFromTheDead","expansioncontent:DashGenerateEvil+1"],"relics":["hexamod:SpiritBrand","downfall:ShatteredFragment","Thread and Needle","Question Card","Boot","Cursed Key","downfall:HeartBlessingGreen","hexamod:BolsterEngine","HandDrill","hexamod:CandleOfCauterizing","Dead Branch","Molten Egg 2","downfall:KnowingSkull","downfall:HeartBlessingRed","Meat on the Bone","Coffee Dripper","Blue Candle","Spirit Poop","Mango","Lee\u0027s Waffle","hexamod:JarOfFuel","Blood Vial","Toy Ornithopter"],"acts_visited":["Exordium","TheCity","TheBeyond"],"potions_floor_usage":[],"damage_taken":[{"damage":0.0,"enemies":"Small Slimes","floor":2.0,"turns":3.0},{"damage":0.0,"enemies":"Cultist","floor":4.0,"turns":3.0},{"damage":0.0,"enemies":"2 Louse","floor":5.0,"turns":2.0},{"damage":3.0,"enemies":"Lots of Slimes","floor":6.0,"turns":3.0},{"damage":0.0,"enemies":"Exordium Wildlife","floor":9.0,"turns":3.0},{"damage":0.0,"enemies":"Blue Slaver","floor":10.0,"turns":2.0},{"damage":0.0,"enemies":"Gremlin Gang","floor":11.0,"turns":4.0},{"damage":0.0,"enemies":"3 Sentries","floor":12.0,"turns":6.0},{"damage":0.0,"enemies":"Large Slime","floor":13.0,"turns":4.0},{"damage":2.0,"enemies":"Lagavulin","floor":14.0,"turns":5.0},{"damage":0.0,"enemies":"3 Louse","floor":15.0,"turns":2.0},{"damage":17.0,"enemies":"DF_ARCHETYPE_STREAMLINE","floor":16.0,"turns":6.0},{"damage":0.0,"enemies":"downfall:FleeingMerchant","floor":19.0,"turns":4.0},{"damage":0.0,"enemies":"3 Byrds","floor":20.0,"turns":3.0},{"damage":0.0,"enemies":"downfall:FleeingMerchant","floor":21.0,"turns":4.0},{"damage":0.0,"enemies":"Chosen","floor":22.0,"turns":3.0},{"damage":20.0,"enemies":"Colosseum Nobs","floor":25.0,"turns":4.0},{"damage":0.0,"enemies":"Centurion and Healer","floor":26.0,"turns":4.0},{"damage":3.0,"enemies":"Chosen and Byrds","floor":29.0,"turns":3.0},{"damage":2.0,"enemies":"Snake Plant","floor":30.0,"turns":3.0},{"damage":1.0,"enemies":"Slavers","floor":31.0,"turns":3.0},{"damage":3.0,"enemies":"Sentry and Sphere","floor":32.0,"turns":3.0},{"damage":9.0,"enemies":"SI_MIRROR_ARCHETYPE","floor":33.0,"turns":3.0},{"damage":3,"enemies":"Orb Walker","floor":36,"turns":3},{"damage":3,"enemies":"3 Shapes","floor":39,"turns":3},{"damage":19,"enemies":"2 Orb Walkers","floor":43,"turns":3},{"damage":9,"enemies":"Maw","floor":44,"turns":4},{"damage":3,"enemies":"downfall:FleeingMerchant","floor":45,"turns":3},{"damage":4,"enemies":"Spire Growth","floor":46,"turns":3},{"damage":1,"enemies":"Sphere and 2 Shapes","floor":49,"turns":3},{"damage":16,"enemies":"IC_BLOCK_ARCHETYPE","floor":50,"turns":5}],"seed_played":"-9157555341929626240","potions_obtained":[{"floor":4.0,"key":"Regen Potion"},{"floor":9.0,"key":"LiquidBronze"},{"floor":11.0,"key":"sneckomod:MuddlingPotion"},{"floor":13.0,"key":"Dexterity Potion"},{"floor":25.0,"key":"SteroidPotion"},{"floor":29.0,"key":"EntropicBrew"},{"floor":30.0,"key":"LiquidMemories"},{"floor":36,"key":"SteroidPotion"},{"floor":44,"key":"Guardian:BlockOnCardUsePotion"}],"is_trial":false,"path_per_floor":["R","M","?","M","M","M","T","?","M","M","M","E","M","E","M","B",null,"R","$","M","$","M","R","T","?","M","?","R","M","M","E","M","B",null,"R","M","?","?","M","R","T","?","?","M","$","M","?","$","M","B",null],"character_chosen":"THE_SPIRIT","items_purchased":["hexamod:BolsterEngine","Master of Strategy","HandDrill","expansioncontent:DashGenerateEvil","Lee\u0027s Waffle","hexamod:JarOfFuel","Blood Vial","Toy Ornithopter"],"campfire_rested":0,"item_purchase_floors":[19,19,21,45,45,48,48,48],"current_hp_per_floor":[63,63,42,42,42,39,39,39,39,39,39,39,46,51,51,34,63,63,63,63,63,63,63,63,50,57,50,50,54,52,51,48,39,63,63,60,60,60,63,63,63,63,66,64,84,80,80,80,84,68],"gold":50,"neow_bonus":"TWO_FIFTY_GOLD","is_daily":false,"chose_seed":false,"campfire_upgraded":5,"win_rate":0.0,"timestamp":1611628149,"path_taken":["R","M","?","M","M","M","T","?","M","?","M","E","?","E","M","BOSS","R","$","M","$","M","R","T","?","M","?","R","?","M","E","M","BOSS","R","M","?","?","?","R","T","?","?","M","$","M","?","$","M","BOSS"],"items_purchased_type":["Relic","Card","Relic","Card","Relic","Relic","Relic","Relic"],"build_version":"2020-12-22","purchased_purges":2,"victory":true,"max_hp_per_floor":[63,63,63,63,63,63,63,63,63,63,63,63,63,63,63,63,63,63,63,63,63,63,63,63,63,63,63,63,63,63,63,63,63,63,63,63,63,63,63,63,63,63,77,77,84,84,84,84,84,84],"card_choices":[{"not_picked":["hexamod:Hexaguard","hexamod:FlamesFromBeyond"],"picked":"hexamod:SpectersWail","floor":2.0},{"not_picked":["hexamod:BacktrackSmack","hexamod:PhantomCloak"],"picked":"hexamod:Hexaguard","floor":4.0},{"not_picked":["hexamod:FastForward","hexamod:ShieldOfDarkness"],"picked":"hexamod:PhantomFireball","floor":5.0},{"not_picked":["hexamod:AdvancingGuard","hexamod:ShieldOfDarkness"],"picked":"hexamod:ChargedBarrage","floor":6.0},{"not_picked":["hexamod:SpectralSpark","hexamod:HeatMetal"],"picked":"hexamod:SpectralAdrenaline","floor":9.0},{"not_picked":["hexamod:HeatMetal","hexamod:RetreatToShadows"],"picked":"hexamod:WildfireWeapon","floor":10.0},{"not_picked":["hexamod:ThermalTransfer","hexamod:Firestarter"],"picked":"hexamod:EmpoweredFlame","floor":11.0},{"not_picked":["hexamod:TurnItUp","hexamod:FastForward"],"picked":"hexamod:FirstSeal","floor":12.0},{"not_picked":["hexamod:EmpoweredFlame","hexamod:ChargedBarrage","hexamod:RetreatToShadows"],"picked":"hexamod:HauntingEcho","floor":13.0},{"not_picked":["hexamod:Haunt","hexamod:NightmareGuise","hexamod:FastForward"],"picked":"hexamod:NightmareStrike","floor":14.0},{"not_picked":["hexamod:HauntingEcho","hexamod:HeatShield","hexamod:NecessarySacrifice"],"picked":"hexamod:ExtraCrispy","floor":15.0},{"not_picked":["hexamod:GhostflameInferno","hexamod:HexaLevel","hexamod:VolcanoVisage"],"picked":"hexamod:TimeOfNeed","floor":16.0},{"not_picked":["hexamod:FastForward","hexamod:HauntingEcho","hexamod:AdvancingGuard","hexamod:SwordOfDarkness"],"picked":"SKIP","floor":19.0},{"not_picked":["hexamod:SpectralAdrenaline","hexamod:Haunt+1","hexamod:FastForward+1","hexamod:GhostLash"],"picked":"SKIP","floor":20.0},{"not_picked":["hexamod:FlamesFromBeyond","hexamod:ParanormalForm","hexamod:InspiringFlames"],"picked":"hexamod:SearingWound","floor":21.0},{"not_picked":["hexamod:Firestarter","hexamod:FourthSeal","hexamod:PhantomFireball"],"picked":"hexamod:AdvancingGuard+1","floor":22.0},{"not_picked":["hexamod:FastForward+1","hexamod:AdvancingGuard+1","hexamod:PhantomCloak","hexamod:GhostShield"],"picked":"SKIP","floor":26.0},{"not_picked":["hexamod:ChargedBarrage","hexamod:Firestarter+1","hexamod:SwordOfDarkness+1","hexamod:HauntingEcho+1"],"picked":"SKIP","floor":29.0},{"not_picked":["hexamod:FourthSeal","hexamod:ShieldOfDarkness+1","hexamod:HauntingEcho+1","hexamod:ThermalTransfer+1"],"picked":"SKIP","floor":30.0},{"not_picked":["hexamod:HeatShield","hexamod:GhostShield","hexamod:InspiringFlames","hexamod:NightmareGuise"],"picked":"SKIP","floor":31.0},{"not_picked":["hexamod:Hexaguard","hexamod:GhostShield","hexamod:Firestarter+1"],"picked":"hexamod:RainOfEmbers+1","floor":32.0},{"not_picked":["hexamod:VolcanoVisage","hexamod:TurnItUp","hexamod:ApocalypseNow"],"picked":"hexamod:UnlimitedPower","floor":33.0},{"not_picked":["hexamod:GhostShield","hexamod:BacktrackSmack+1","hexamod:GhostLash+1","hexamod:NightmareStrike+1"],"picked":"SKIP","floor":36},{"not_picked":["hexamod:EtherealExpedition","hexamod:HeatCrush+1","hexamod:FourthSeal","hexamod:StepThrough+1"],"picked":"SKIP","floor":39},{"not_picked":["hexamod:RainOfEmbers+1","hexamod:InspiringFlames+1","hexamod:ThirdSeal","hexamod:NightmareGuise+1"],"picked":"SKIP","floor":44},{"not_picked":["hexamod:FlamesFromBeyond","hexamod:InspiringFlames+1","hexamod:AdvancingGuard+1"],"picked":"hexamod:GiftsFromTheDead","floor":45},{"not_picked":["hexamod:RecurringNightmare","hexamod:FourthSeal","hexamod:NecessarySacrifice","hexamod:WildfireWeapon"],"picked":"SKIP","floor":46},{"not_picked":["hexamod:EmpoweredFlame","hexamod:ThermalTransfer+1","hexamod:SpectersWail+1","hexamod:InspiringFlames"],"picked":"SKIP","floor":49}],"player_experience":935237,"relics_obtained":[{"floor":7.0,"key":"Thread and Needle"},{"floor":12.0,"key":"Question Card"},{"floor":14.0,"key":"Boot"},{"floor":24.0,"key":"hexamod:CandleOfCauterizing"},{"floor":25.0,"key":"Dead Branch"},{"floor":25.0,"key":"Molten Egg 2"},{"floor":31.0,"key":"Meat on the Bone"},{"floor":37,"key":"Blue Candle"},{"floor":43,"key":"Mango"}],"event_choices":[{"cards_removed":["downfall:Haunted"],"damage_healed":0,"gold_gain":0,"player_choice":"Offered Curse","damage_taken":0,"relics_obtained":["Spirit Poop"],"max_hp_gain":0,"max_hp_loss":0,"event_name":"Bonfire Elementals","floor":38,"gold_loss":0},{"damage_healed":0,"gold_gain":0,"player_choice":"Fight","damage_taken":0,"max_hp_gain":0,"max_hp_loss":0,"event_name":"Mysterious Sphere","floor":43,"gold_loss":0}],"is_beta":false,"boss_relics":[{"not_picked":["Velvet Choker","Philosopher\u0027s Stone"],"picked":"Cursed Key"},{"not_picked":["Tiny House","hexamod:UnbrokenSoul"],"picked":"Coffee Dripper"}],"items_purged_floors":[45,48],"is_endless":false,"potions_floor_spawned":[4,9,11,13,25,26,29,30,32,36,43,44],"ascension_level":0}}