{"host":"w6bv7e6dabj27l4i","time":1611635040,"event":{"mods":["Act Like it!","BaseMod","Colored Map","Custom Start","Downfall","Minty Spire (QoL Compilation)","Quick Restart","StSLib","Synergy Search","Unceasing Turn Reminder","slay the spire mod where everything is the same but ironclad has a cowboy hat"],"gold_per_floor":[99,99,99,99,150,150,205,233,333,345,445,7,7,44,70,182,191,91,117,136,136,136,136,163,163,163,163,189,211,233,30,51,51,51,51],"floor_reached":33,"language":"ENG","playtime":2302,"items_purged":[],"score":290,"play_id":"e70e1aee-607e-4e8e-a006-e6c185d28207","local_time":"20210125222400","is_ascension_mode":true,"campfire_choices":[{"floor":1.0,"key":"RECALL"},{"data":"champ:Taunt","floor":6.0,"key":"SMITH"},{"data":"champ:DefensiveStyle","floor":13.0,"key":"SMITH"},{"data":"champ:Backstep","floor":18.0,"key":"SMITH"},{"data":"champ:ShieldWall","floor":23.0,"key":"SMITH"},{"data":"champ:ShieldWall","floor":26.0,"key":"SMITH"}],"circlet_count":0,"master_deck":["champ:Strike","champ:Strike","champ:Strike","champ:Strike","champ:Defend","champ:Defend+1","champ:Defend","champ:Defend+1","champ:Execute","champ:Taunt+1","champ:RapidStrikes","champ:CrookedStrike","champ:Encircle","champ:Parry","champ:BringItOn","champ:SwordThrow","champ:Haymaker","champ:DefensiveStyle+1","champ:Backstep+1","champ:Lariat","champ:SteelEdge","CurseOfTheBell","champ:ShieldWall+1","champ:ShieldWall+1","champ:ShieldSigil+1","champ:BladeFlurry+1","champ:FocusedBerserking+1","champ:EnragedBash+1","champ:EnchantCrown","champ:EnchantSword","champ:GladiatorStyle"],"relics":["champ:ChampionCrown","downfall:HeartsMalice","Letter Opener","Bag of Marbles","Orichalcum","Meat on the Bone","Champion Belt","Guardian:GemstoneGun","CeramicFish","Calling Bell","Oddly Smooth Stone","Sundial","Pocketwatch","downfall:HeartBlessingRed","Enchiridion","War Paint","Molten Egg 2"],"acts_visited":["Exordium","TheCity"],"potions_floor_usage":[],"damage_taken":[{"damage":0.0,"enemies":"Small Slimes","floor":3.0,"turns":1.0},{"damage":0.0,"enemies":"Jaw Worm","floor":4.0,"turns":1.0},{"damage":0.0,"enemies":"3 Sentries","floor":8.0,"turns":1.0},{"damage":0.0,"enemies":"2 Louse","floor":10.0,"turns":2.0},{"damage":18.0,"enemies":"2 Louse","floor":11.0,"turns":4.0},{"damage":10.0,"enemies":"downfall:FleeingMerchant","floor":12.0,"turns":4.0},{"damage":22.0,"enemies":"Gremlin Nob","floor":14.0,"turns":4.0},{"damage":24.0,"enemies":"Large Slime","floor":15.0,"turns":9.0},{"damage":57.0,"enemies":"DF_ARCHETYPE_STREAMLINE","floor":16.0,"turns":12.0},{"damage":12.0,"enemies":"Shell Parasite","floor":19.0,"turns":5.0},{"damage":6.0,"enemies":"Centurion and Healer","floor":20.0,"turns":5.0},{"damage":0,"enemies":"Cultist and Chosen","floor":28,"turns":4},{"damage":0,"enemies":"Chosen and Byrds","floor":29,"turns":6},{"damage":9,"enemies":"Shelled Parasite and Fungi","floor":30,"turns":4},{"damage":10,"enemies":"downfall:FleeingMerchant","floor":31,"turns":4},{"damage":32,"enemies":"Snake Plant","floor":32,"turns":3},{"damage":69,"enemies":"WA_ARCHETYPE_CALM","floor":33,"turns":5}],"seed_played":"-739526454001354081","potions_obtained":[{"floor":8.0,"key":"Guardian:BlockOnCardUsePotion"},{"floor":11.0,"key":"SteroidPotion"},{"floor":14.0,"key":"DuplicationPotion"},{"floor":20.0,"key":"champ:TechniquePotion"},{"floor":27.0,"key":"champ:UltimateStancePotion"},{"floor":27.0,"key":"FearPotion"}],"is_trial":false,"path_per_floor":["R","?","M","M","T","R","T","E","?","M","?","$","R","E","M","B",null,"R","M","M","?","?","R","T","T","R","?","M","M","M","$","M","B"],"character_chosen":"THE_CHAMP","items_purchased":["Guardian:GemstoneGun","champ:Haymaker","champ:DefensiveStyle","champ:EnchantCrown","champ:EnchantSword"],"campfire_rested":0,"item_purchase_floors":[12,12,12,31,31],"current_hp_per_floor":[90,72,72,72,72,72,72,72,72,72,64,64,64,64,62,32,90,90,88,82,64,48,48,48,48,48,48,48,48,51,63,63,0,0,0],"gold":51,"neow_bonus":"THREE_ENEMY_KILL","is_daily":false,"chose_seed":false,"campfire_upgraded":5,"win_rate":0.0,"timestamp":1611635040,"path_taken":["R","?","M","M","?","R","T","E","?","M","?","$","R","E","M","BOSS","R","M","M","?","?","R","T","?","R","?","M","?","M","$","M","BOSS"],"items_purchased_type":["Relic","Card","Card","Card","Card"],"build_version":"2020-12-22","purchased_purges":0,"victory":false,"max_hp_per_floor":[90,90,90,90,90,90,90,90,90,90,90,90,90,90,90,90,90,90,90,90,95,95,95,95,95,95,95,95,95,95,95,95,95,95,95],"card_choices":[{"not_picked":["champ:FanOfKnives","champ:Parry"],"picked":"champ:RapidStrikes","floor":3.0},{"not_picked":["champ:Circumvent","champ:IronFortress"],"picked":"champ:CrookedStrike","floor":4.0},{"not_picked":["champ:BringItOn","champ:DefensiveShout"],"picked":"champ:Encircle","floor":8.0},{"not_picked":["champ:ShieldSlam","champ:Parry","champ:FlashCut"],"picked":"SKIP","floor":10.0},{"not_picked":["champ:ShieldSlam","champ:FlashCut"],"picked":"champ:Parry","floor":10.0},{"not_picked":["champ:Circumvent","champ:StanceDance"],"picked":"champ:BringItOn","floor":11.0},{"not_picked":["champ:FlashCut","champ:AdrenalArmor"],"picked":"champ:SwordThrow","floor":12.0},{"not_picked":["champ:PreciseThrust","champ:StanceDance"],"picked":"champ:Backstep","floor":14.0},{"not_picked":["champ:TornadoPunch","champ:FancyFootwork"],"picked":"champ:Lariat","floor":15.0},{"not_picked":["champ:Improvising","champ:HoldFirm"],"picked":"champ:SteelEdge","floor":16.0},{"not_picked":["champ:BladeFlurry","champ:PreciseThrust"],"picked":"champ:ShieldWall","floor":19.0},{"not_picked":["champ:DefensiveStyle+1","champ:PerfectedStrike"],"picked":"champ:ShieldWall","floor":20.0},{"not_picked":["champ:PerfectedStrike+1","champ:Haymaker+1"],"picked":"champ:ShieldSigil+1","floor":28},{"not_picked":["champ:EnGarde+1","champ:Backstep"],"picked":"champ:BladeFlurry+1","floor":29},{"not_picked":["champ:GutPunch+1","champ:Circumvent+1"],"picked":"champ:FocusedBerserking+1","floor":30},{"not_picked":["champ:FancyFootwork","champ:PreciseThrust+1"],"picked":"champ:EnragedBash+1","floor":31},{"not_picked":["champ:Backstep","champ:DefensiveShout+1"],"picked":"champ:GladiatorStyle","floor":32}],"player_experience":487164,"relics_obtained":[{"floor":5.0,"key":"Bag of Marbles"},{"floor":7.0,"key":"Orichalcum"},{"floor":8.0,"key":"Meat on the Bone"},{"floor":11.0,"key":"Champion Belt"},{"floor":14.0,"key":"CeramicFish"},{"floor":17.0,"key":"Oddly Smooth Stone"},{"floor":17.0,"key":"Sundial"},{"floor":17.0,"key":"Pocketwatch"},{"floor":22.0,"key":"Enchiridion"},{"floor":24.0,"key":"War Paint"},{"floor":25.0,"key":"Molten Egg 2"}],"event_choices":[{"damage_healed":0.0,"max_hp_gain":0.0,"max_hp_loss":0.0,"gold_gain":0.0,"event_name":"Scrap Ooze","player_choice":"Success","floor":2.0,"gold_loss":0.0,"damage_taken":18.0,"relics_obtained":["Letter Opener"]},{"damage_healed":0.0,"max_hp_gain":0.0,"max_hp_loss":0.0,"gold_gain":0.0,"event_name":"Lab","player_choice":"Got Potions","floor":27.0,"gold_loss":0.0,"damage_taken":0.0}],"is_beta":false,"boss_relics":[{"not_picked":["SacredBark","bronze:MakeshiftBattery"],"picked":"Calling Bell"}],"items_purged_floors":[],"is_endless":false,"potions_floor_spawned":[8,11,14,15,20,28],"killed_by":"WA_ARCHETYPE_CALM","ascension_level":1}}