{"host":"wq0pzln9h9r005f2","time":1611632560,"event":{"mods":["AchievementEnabler","BaseMod","Googly Eyes","Highlight Path","Minty Spire (QoL Compilation)","Quick Restart","Rare Cards Sparkle","Relic Stats","The IronCluck","egg"],"gold_per_floor":[115,115,40,140,158,185,185,211,281,281,281],"floor_reached":10,"language":"ENG","playtime":240,"items_purged":["Defend_R"],"score":122,"play_id":"58dd6ced-e828-4912-a802-03f007302616","local_time":"20210125204240","is_ascension_mode":true,"campfire_choices":[{"data":"Heavy Blade","floor":7,"key":"SMITH"}],"circlet_count":0,"master_deck":["AscendersBane","Strike_R","Strike_R","Strike_R","Strike_R","Strike_R","Defend_R+1","Defend_R","Defend_R","Bash","Heavy Blade+1","Panacea","Flex+1"],"relics":["Burning Blood","War Paint","Bottled Lightning","Meat on the Bone"],"acts_visited":["Exordium"],"potions_floor_usage":[6],"damage_taken":[{"damage":4,"enemies":"2 Louse","floor":1,"turns":3},{"damage":6,"enemies":"Cultist","floor":5,"turns":3},{"damage":8,"enemies":"Gremlin Nob","floor":6,"turns":3},{"damage":30,"enemies":"Lagavulin","floor":8,"turns":7},{"damage":57,"enemies":"Gremlin Nob","floor":10,"turns":4}],"seed_played":"-2576591062772526140","potions_obtained":[{"floor":5,"key":"BlessingOfTheForge"}],"is_trial":false,"path_per_floor":["M","?","$","?","M","E","R","E","T","E"],"character_chosen":"IRONCLAD","items_purchased":[],"campfire_rested":0,"item_purchase_floors":[],"current_hp_per_floor":[72,72,72,72,72,70,70,46,46,0,0],"gold":281,"neow_bonus":"RANDOM_COLORLESS_2","is_daily":false,"chose_seed":false,"campfire_upgraded":1,"win_rate":0.0,"timestamp":1611632560,"path_taken":["M","?","$","?","?","E","R","E","T","E"],"items_purchased_type":[],"build_version":"2020-12-22","purchased_purges":1,"victory":false,"max_hp_per_floor":[72,72,72,72,72,72,72,72,72,72,72],"relic_stats":{"counters":[5,20],"War Paint":["Flex","Defend_R"],"obtain_stats":[{"Bottled Lightning":8,"War Paint":6,"Burning Blood":0,"Meat on the Bone":9},{"Bottled Lightning":4,"War Paint":3,"Burning Blood":0,"Meat on the Bone":4},{"Bottled Lightning":16,"War Paint":9,"Burning Blood":0,"Meat on the Bone":16}],"Burning Blood":22,"Meat on the Bone":0},"card_choices":[{"not_picked":["Magnetism","Transmutation"],"picked":"Thinking Ahead","floor":0},{"not_picked":["Thunderclap","Body Slam"],"picked":"Heavy Blade","floor":1},{"not_picked":["Armaments","Burning Pact"],"picked":"Flex","floor":5},{"not_picked":["Rage","Impervious","Dark Embrace"],"picked":"SKIP","floor":6},{"not_picked":["Anger","Clash","Cleave"],"picked":"SKIP","floor":8}],"player_experience":91266,"relics_obtained":[{"floor":6,"key":"War Paint"},{"floor":8,"key":"Bottled Lightning"},{"floor":9,"key":"Meat on the Bone"}],"event_choices":[{"damage_healed":0,"gold_gain":0,"cards_transformed":["Thinking Ahead"],"player_choice":"Change","damage_taken":0,"max_hp_gain":0,"max_hp_loss":0,"event_name":"Living Wall","floor":2,"gold_loss":0,"cards_obtained":["Panacea"]},{"damage_healed":0,"gold_gain":100,"player_choice":"Pray","damage_taken":0,"max_hp_gain":0,"max_hp_loss":0,"event_name":"Golden Shrine","floor":4,"gold_loss":0}],"is_beta":false,"boss_relics":[],"items_purged_floors":[3],"is_endless":false,"potions_floor_spawned":[5],"killed_by":"Gremlin Nob","ascension_level":13}}