{"host":"3yynf0dn84873kbr","time":1611672557,"event":{"mods":["Act Like it!","Arknights The Spire","BaseMod","CapriCore","Challenge The Spire","Minty Spire (QoL Compilation)","StSLib","[IsaacMod]ÒÔÈö¼âËþ"],"gold_per_floor":[110,122,122,122,122,122,156,156,156,177,200,55,83,139,139,263,263,283,308,328,175,199,199,199,213,283,283,283,283],"floor_reached":28,"language":"ZHS","playtime":708,"items_purged":[],"score":243,"play_id":"80537b64-4415-40f4-9525-78e941fd9f61","local_time":"20210126224917","is_ascension_mode":false,"campfire_choices":[{"data":"ats:Burning Ground","floor":6,"key":"SMITH"},{"data":"ats:Sunburst","floor":8,"key":"SMITH"},{"floor":15,"key":"REST"},{"floor":24,"key":"REST"},{"floor":27,"key":"REST"}],"circlet_count":0,"master_deck":["ats:Strike C","ats:Strike G","ats:Strike S","ats:Strike V","ats:Armor Crushing Shot","ats:Defend","ats:Defend","ats:Defend","ats:Defend","ats:Emotion Absorption","ats:Burning Ground+1","Bomb","ats:Sunburst+1","ats:Leaping Hammer","ats:Soul Absorption","ats:Blood Oath","ats:Sunburst","ats:Thorns","ats:Poison Spread","ats:Collapsing Strike","ats:Very Hot Blade","ats:Charging Defense","ats:Explosion Area Strengthen+1","ats:Ignite","ats:Ignite","ats:Flame Of Heaven+1"],"relics":["ats:Sanity","HushsDoor","GuppysTail","NeowsBlessing","Bottled Tornado","Ginger","Golden Idol","ats:Originium","SatanicBible","EdensBlessing","Orrery","Odd Mushroom","ats:Tactical Delivery","GuppysHairball","Boot","Sundial"],"acts_visited":["Exordium","TheCity"],"potions_floor_usage":[],"damage_taken":[{"damage":0,"enemies":"Cultist","floor":1,"turns":1},{"damage":0,"enemies":"2 Louse","floor":2,"turns":1},{"damage":0,"enemies":"3 Sentries","floor":7,"turns":2},{"damage":0,"enemies":"Small Slimes","floor":10,"turns":2},{"damage":15,"enemies":"2 Fungi Beasts","floor":11,"turns":3},{"damage":15,"enemies":"The Mushroom Lair","floor":13,"turns":4},{"damage":12,"enemies":"The Guardian","floor":16,"turns":7},{"damage":0,"enemies":"Spheric Guardian","floor":18,"turns":2},{"damage":10,"enemies":"2 Thieves","floor":19,"turns":2},{"damage":10,"enemies":"Chosen and Byrds","floor":20,"turns":3},{"damage":24,"enemies":"Centurion and Healer","floor":22,"turns":5},{"damage":21,"enemies":"Snecko","floor":25,"turns":4},{"damage":39,"enemies":"Gremlin Leader","floor":28,"turns":4}],"seed_played":"-3938787840816293502","potions_obtained":[{"floor":2,"key":"Ancient Potion"},{"floor":13,"key":"Fire Potion"},{"floor":19,"key":"SpeedPotion"}],"is_trial":false,"path_per_floor":["M","M","T","?","?","R","E","R","T","M","M","$","?","?","R","B",null,"M","M","M","$","M","?","R","M","T","R","E"],"character_chosen":"DOCTOR_CLASS","items_purchased":["Orrery","GuppysHairball","Boot"],"campfire_rested":3,"item_purchase_floors":[12,17,21],"current_hp_per_floor":[72,72,72,65,47,47,47,47,47,47,32,32,17,17,38,26,62,62,52,42,42,21,21,39,21,21,39,0,0],"gold":283,"neow_bonus":"THREE_ENEMY_KILL","is_daily":false,"chose_seed":false,"campfire_upgraded":2,"win_rate":0.0,"timestamp":1611672557,"path_taken":["M","M","?","?","?","R","E","R","T","M","?","$","?","?","R","BOSS","M","M","M","$","M","?","R","M","T","R","E"],"items_purchased_type":["Relic","Relic","Relic"],"build_version":"2020-12-22","purchased_purges":0,"victory":false,"max_hp_per_floor":[72,72,72,72,72,72,72,72,72,72,72,72,72,72,72,72,62,62,62,62,62,62,62,62,62,62,62,62,62],"card_choices":[{"not_picked":[],"picked":"Bomb","floor":0},{"not_picked":["ats:Healing Strengthening","ats:Ignite"],"picked":"ats:Burning Ground","floor":1},{"not_picked":["ats:Cat Scratch","ats:Revitalization"],"picked":"Bomb","floor":2},{"not_picked":["ats:Literary Storm","ats:Collapsing Strike"],"picked":"ats:Sunburst","floor":7},{"not_picked":["ats:Hammer On","ats:Dogmatic Field"],"picked":"ats:Leaping Hammer","floor":10},{"not_picked":["ats:Flame Of Heaven","ats:Revitalization"],"picked":"ats:Soul Absorption","floor":11},{"not_picked":["ats:Explosion Area Strengthen","ats:Absolute Focus"],"picked":"ats:Blood Oath","floor":12},{"not_picked":["ats:Revitalization","ats:Literary Storm"],"picked":"ats:Sunburst","floor":12},{"not_picked":["ats:Charging Defense","ats:Hammer On"],"picked":"ats:Thorns","floor":12},{"not_picked":["ats:Revitalization","ats:Dogmatic Field"],"picked":"ats:Poison Spread","floor":12},{"not_picked":["ats:Shadow Raid","ats:LN2 Cannon"],"picked":"ats:Collapsing Strike","floor":12},{"not_picked":["ats:Shell Defense","ats:Flame Of Heaven"],"picked":"ats:Very Hot Blade","floor":13},{"not_picked":["ats:Hammer On+1","ats:Consecutive Shot Auto"],"picked":"ats:Charging Defense","floor":18},{"not_picked":["ats:Absolute Focus","ats:Composite Medical Shells+1"],"picked":"ats:Explosion Area Strengthen+1","floor":19},{"not_picked":["ats:Shell Defense","ats:Hammer On+1"],"picked":"ats:Ignite","floor":20},{"not_picked":["ats:Curse Doll","ats:Red Shift"],"picked":"ats:Ignite","floor":22},{"not_picked":["ats:Calcification","ats:Shell Defense"],"picked":"ats:Flame Of Heaven+1","floor":25}],"player_experience":119846,"relics_obtained":[{"floor":3,"key":"Bottled Tornado"},{"floor":7,"key":"ats:Originium"},{"floor":7,"key":"SatanicBible"},{"floor":9,"key":"EdensBlessing"},{"floor":13,"key":"Odd Mushroom"},{"floor":26,"key":"Sundial"}],"event_choices":[{"damage_healed":0,"gold_gain":0,"player_choice":"Success","damage_taken":7,"relics_obtained":["Ginger"],"max_hp_gain":0,"max_hp_loss":0,"event_name":"Scrap Ooze","floor":4,"gold_loss":0},{"damage_healed":0,"gold_gain":0,"player_choice":"Take Damage","damage_taken":18,"relics_obtained":["Golden Idol"],"max_hp_gain":0,"max_hp_loss":0,"event_name":"Golden Idol","floor":5,"gold_loss":0},{"damage_healed":0,"gold_gain":0,"player_choice":"Fought Mushrooms","damage_taken":0,"max_hp_gain":0,"max_hp_loss":0,"event_name":"Mushrooms","floor":13,"gold_loss":0},{"damage_healed":0,"gold_gain":56,"player_choice":"Gained Gold","damage_taken":0,"max_hp_gain":0,"max_hp_loss":0,"event_name":"Golden Wing","floor":14,"gold_loss":0},{"damage_healed":0,"gold_gain":0,"player_choice":"Ignored","damage_taken":0,"max_hp_gain":0,"max_hp_loss":0,"event_name":"Beggar","floor":23,"gold_loss":0}],"is_beta":false,"boss_relics":[{"not_picked":["Astrolabe","Runic Dome"],"picked":"ats:Tactical Delivery"},{"not_picked":[]}],"items_purged_floors":[],"is_endless":false,"potions_floor_spawned":[2,13,19],"killed_by":"Gremlin Leader","ascension_level":0}}