{"host":"Lars","time":1611701453,"event":{"mods":["AchievementEnabler","BaseMod","Colored Map","Colored Powertips","Minty Spire (QoL Compilation)","egg","everything is the same but u backflip on backflip"],"gold_per_floor":[116,116,131,131,145,145,70,70,70,16,16,48,48,48,48,149,149,166,182,194,194,15,15,15],"floor_reached":23,"language":"ENG","playtime":933,"items_purged":["Decay","Defend_B"],"score":187,"play_id":"6c285f67-945a-454b-9753-63705c3401e7","local_time":"20210126235053","is_ascension_mode":false,"campfire_choices":[{"data":"Rebound","floor":6,"key":"SMITH"},{"data":"Zap","floor":8,"key":"SMITH"},{"data":"Coolheaded","floor":11,"key":"SMITH"},{"floor":15,"key":"REST"}],"circlet_count":0,"master_deck":["Strike_B","Strike_B","Strike_B","Defend_B","Defend_B","Defend_B","Zap+1","Dualcast","Turbo","Go for the Eyes","Rebound+1","Coolheaded+1","Genetic Algorithm+1","Conserve Battery","Buffer+1","Ball Lightning","Self Repair","Storm"],"relics":["Black Star","Mummified Hand","Dream Catcher","White Beast Statue","Inserter"],"acts_visited":["Exordium","TheCity"],"potions_floor_usage":[12,16,16,20,23],"damage_taken":[{"damage":1,"enemies":"Cultist","floor":1,"turns":4},{"damage":8,"enemies":"2 Louse","floor":3,"turns":4},{"damage":2,"enemies":"Small Slimes","floor":5,"turns":3},{"damage":31,"enemies":"Gremlin Nob","floor":12,"turns":5},{"damage":28,"enemies":"The Guardian","floor":16,"turns":14},{"damage":12,"enemies":"3 Byrds","floor":18,"turns":7},{"damage":6,"enemies":"Shell Parasite","floor":19,"turns":9},{"damage":61,"enemies":"3 Cultists","floor":20,"turns":7},{"damage":41,"enemies":"Gremlin Leader","floor":23,"turns":5}],"seed_played":"7727706610336524456","potions_obtained":[{"floor":5,"key":"EssenceOfSteel"},{"floor":12,"key":"SkillPotion"},{"floor":14,"key":"CultistPotion"},{"floor":14,"key":"FairyPotion"},{"floor":16,"key":"Regen Potion"},{"floor":18,"key":"Explosive Potion"},{"floor":19,"key":"Block Potion"},{"floor":20,"key":"LiquidBronze"}],"is_trial":false,"path_per_floor":["M","?","M","?","M","R","$","R","T","$","R","E","?","?","R","B",null,"M","M","M","?","$","E"],"character_chosen":"DEFECT","items_purchased":["Coolheaded","Storm"],"campfire_rested":1,"item_purchase_floors":[10,22],"current_hp_per_floor":[74,74,66,66,64,64,64,64,64,64,64,33,33,33,55,27,75,63,57,22,22,22,0,0],"gold":15,"neow_bonus":"BOSS_RELIC","is_daily":false,"chose_seed":false,"campfire_upgraded":3,"win_rate":0.0,"timestamp":1611701453,"path_taken":["M","?","?","?","M","R","$","R","T","?","R","E","?","?","R","BOSS","M","M","M","?","$","E"],"items_purchased_type":["Card","Card"],"build_version":"2020-12-18","purchased_purges":2,"victory":false,"max_hp_per_floor":[75,75,75,75,75,75,75,75,75,75,75,75,75,75,75,75,75,75,75,75,75,75,75,75],"card_choices":[{"not_picked":["Redo","Cold Snap"],"picked":"Turbo","floor":1},{"not_picked":["Hello World","Stack"],"picked":"Go for the Eyes","floor":3},{"not_picked":["Steam Power","Steam"],"picked":"Rebound","floor":5},{"not_picked":["Leap","Stack"],"picked":"Genetic Algorithm","floor":12},{"not_picked":["Gash","Stack"],"picked":"Conserve Battery","floor":15},{"not_picked":["Multi-Cast","Rainbow"],"picked":"Buffer","floor":16},{"not_picked":["Steam Power","Force Field","Coolheaded"],"picked":"SKIP","floor":18},{"not_picked":["Steam+1","Go for the Eyes"],"picked":"Ball Lightning","floor":19},{"not_picked":["Undo","Gash"],"picked":"Self Repair","floor":20}],"player_experience":737262,"relics_obtained":[{"floor":9,"key":"Mummified Hand"},{"floor":12,"key":"Dream Catcher"},{"floor":12,"key":"White Beast Statue"}],"event_choices":[{"cards_removed":["Strike_B"],"damage_healed":0,"gold_gain":0,"player_choice":"Offered Basic","damage_taken":0,"max_hp_gain":0,"max_hp_loss":0,"event_name":"Bonfire Elementals","floor":2,"gold_loss":0},{"damage_healed":0,"gold_gain":0,"player_choice":"Cursed","damage_taken":0,"max_hp_gain":0,"max_hp_loss":0,"event_name":"Wheel of Change","floor":4,"gold_loss":0,"cards_obtained":["Decay"]},{"damage_healed":0,"gold_gain":0,"player_choice":"Grow","damage_taken":0,"max_hp_gain":0,"max_hp_loss":0,"event_name":"Living Wall","floor":13,"gold_loss":0,"cards_upgraded":["Genetic Algorithm"]},{"damage_healed":0,"gold_gain":0,"player_choice":"Got Potions","damage_taken":0,"max_hp_gain":0,"max_hp_loss":0,"event_name":"Lab","floor":14,"gold_loss":0},{"damage_healed":0,"gold_gain":0,"player_choice":"Forge","damage_taken":0,"max_hp_gain":0,"max_hp_loss":0,"event_name":"Accursed Blacksmith","floor":21,"gold_loss":0,"cards_upgraded":["Buffer"]}],"is_beta":true,"boss_relics":[{"not_picked":["Sozu","Nuclear Battery"],"picked":"Inserter"}],"items_purged_floors":[7,22],"is_endless":false,"potions_floor_spawned":[5,12,16,18,19,20],"killed_by":"Gremlin Leader","ascension_level":0}}