{"host":"agbyy69nq62afhwx","time":1611676187,"event":{"mods":["BaseMod","Colored Map","DeckTracker","Highlight Path","Keyboard Shortcuts","Minty Spire (QoL Compilation)","Quick Restart","StSLib","SuperFastMode","everything is the same but u backflip on backflip"],"gold_per_floor":[109,129,147,158,158,158,168,202,202,213,213,213,230,66,66,143,143,158,173,188,199,249,249,263,273,299,299,299,316,316,231,231,306,306,316,316,266,113,125,125,125,125],"floor_reached":41,"language":"KOR","playtime":928,"items_purged":["Strike_P"],"score":695,"play_id":"14c35de7-175a-49f2-84ec-0d2186830353","local_time":"20210127004947","is_ascension_mode":true,"campfire_choices":[{"data":"Eruption","floor":6.0,"key":"SMITH"},{"floor":11.0,"key":"REST"},{"data":"TalkToTheHand","floor":15.0,"key":"SMITH"},{"floor":23.0,"key":"REST"},{"floor":27.0,"key":"REST"},{"floor":30.0,"key":"REST"},{"data":"Ragnarok","floor":32.0,"key":"SMITH"},{"floor":40,"key":"REST"}],"circlet_count":0,"master_deck":["AscendersBane","Strike_P","Strike_P+1","Defend_P","Defend_P","Defend_P","Eruption+1","Vigilance","Dark Shackles","Consecrate","Halt","Pray","SignatureMove","Adaptation","Tantrum+1","FollowUp","TalkToTheHand+1","Ragnarok+1","Prostrate+1","Evaluate","ForeignInfluence","EmptyFist","Wish","Vault+1","MentalFortress"],"relics":["HolyWater","Blood Vial","Blue Candle","Shuriken","Empty Cage","Whetstone","Pen Nib"],"acts_visited":["Exordium","TheCity","TheBeyond"],"potions_floor_usage":[39,41],"damage_taken":[{"damage":1.0,"enemies":"Small Slimes","floor":1.0,"turns":2.0},{"damage":9.0,"enemies":"Jaw Worm","floor":2.0,"turns":6.0},{"damage":0.0,"enemies":"2 Louse","floor":3.0,"turns":1.0},{"damage":7.0,"enemies":"2 Fungi Beasts","floor":4.0,"turns":5.0},{"damage":0.0,"enemies":"Large Slime","floor":7.0,"turns":1.0},{"damage":18.0,"enemies":"Lagavulin","floor":8.0,"turns":4.0},{"damage":19.0,"enemies":"Lots of Slimes","floor":10.0,"turns":3.0},{"damage":11.0,"enemies":"Red Slaver","floor":13.0,"turns":2.0},{"damage":20.0,"enemies":"The Guardian","floor":16.0,"turns":6.0},{"damage":0.0,"enemies":"Shell Parasite","floor":18.0,"turns":1.0},{"damage":24.0,"enemies":"Spheric Guardian","floor":19.0,"turns":4.0},{"damage":14.0,"enemies":"Snecko","floor":20.0,"turns":5.0},{"damage":10.0,"enemies":"Chosen and Byrds","floor":21.0,"turns":4.0},{"damage":9.0,"enemies":"3 Cultists","floor":24.0,"turns":4.0},{"damage":31.0,"enemies":"Snake Plant","floor":25.0,"turns":3.0},{"damage":9.0,"enemies":"Centurion and Healer","floor":29.0,"turns":4.0},{"damage":42.0,"enemies":"Collector","floor":33.0,"turns":9.0},{"damage":26.0,"enemies":"Orb Walker","floor":35.0,"turns":4.0},{"damage":24,"enemies":"3 Shapes","floor":39,"turns":3},{"damage":35,"enemies":"Nemesis","floor":41,"turns":6}],"seed_played":"5266542451814875136","potions_obtained":[{"floor":1.0,"key":"FairyPotion"},{"floor":4.0,"key":"Energy Potion"},{"floor":10.0,"key":"DistilledChaos"},{"floor":19.0,"key":"Explosive Potion"},{"floor":29.0,"key":"DistilledChaos"},{"floor":33.0,"key":"EssenceOfSteel"},{"floor":35.0,"key":"Energy Potion"},{"floor":39,"key":"Strength Potion"}],"is_trial":false,"path_per_floor":["M","M","M","M","?","R","M","E","T","M","R","T","M","$","R","B",null,"M","M","M","M","?","R","M","M","T","R","?","M","R","?","R","B",null,"M","?","?","$","M","R","E"],"character_chosen":"WATCHER","items_purchased":["Ragnarok","MentalFortress"],"campfire_rested":5,"item_purchase_floors":[14,38],"current_hp_per_floor":[60,51,51,44,49,49,49,31,31,14,35,35,26,26,26,8,57,59,37,25,17,17,38,31,2,2,23,23,16,37,37,37,21,60,36,36,36,36,14,35,2,2],"gold":125,"neow_bonus":"RANDOM_COLORLESS","is_daily":false,"chose_seed":false,"campfire_upgraded":3,"win_rate":0.0,"timestamp":1611676187,"path_taken":["M","M","M","M","?","R","M","E","T","M","R","?","M","$","R","BOSS","M","M","M","M","?","R","M","M","T","R","?","M","R","?","R","BOSS","M","?","?","$","M","R","E"],"items_purchased_type":["Card","Card"],"build_version":"2020-12-22","purchased_purges":1,"victory":false,"max_hp_per_floor":[68,68,68,68,73,73,73,73,73,73,73,73,73,73,73,73,73,73,73,73,73,73,73,73,73,73,73,73,73,73,73,73,73,73,73,73,73,73,73,73,73,73],"card_choices":[{"not_picked":["Blind","Impatience"],"picked":"Dark Shackles","floor":0.0},{"not_picked":["CrushJoints","Consecrate","SashWhip"],"picked":"SKIP","floor":1.0},{"not_picked":["CrushJoints","SashWhip"],"picked":"Consecrate","floor":1.0},{"not_picked":["PathToVictory","FlyingSleeves"],"picked":"Halt","floor":2.0},{"not_picked":["InnerPeace","Collect"],"picked":"Pray","floor":3.0},{"not_picked":["SashWhip","DeceiveReality"],"picked":"SignatureMove","floor":4.0},{"not_picked":["SashWhip","Prostrate"],"picked":"Adaptation","floor":7.0},{"not_picked":["Halt","WreathOfFlame"],"picked":"Tantrum","floor":8.0},{"not_picked":["Consecrate","CutThroughFate"],"picked":"FollowUp","floor":10.0},{"not_picked":["FearNoEvil","DeceiveReality"],"picked":"TalkToTheHand","floor":13.0},{"not_picked":["Protect+1","ClearTheMind"],"picked":"Prostrate+1","floor":18.0},{"not_picked":["Prostrate","EmptyBody"],"picked":"Evaluate","floor":19.0},{"not_picked":["PathToVictory","Consecrate","Worship"],"picked":"SKIP","floor":20.0},{"not_picked":["FollowUp","Swivel"],"picked":"ForeignInfluence","floor":21.0},{"not_picked":["Halt","WindmillStrike"],"picked":"EmptyFist","floor":24.0},{"not_picked":["Fasting2+1","Weave","Swivel"],"picked":"SKIP","floor":25.0},{"not_picked":["Consecrate+1","PathToVictory"],"picked":"Wish","floor":29.0},{"not_picked":["Establishment","Alpha"],"picked":"Vault","floor":33.0},{"not_picked":["Crescendo","CarveReality","JustLucky"],"picked":"SKIP","floor":35.0},{"not_picked":["Collect","ForeignInfluence","Vengeance+1"],"picked":"SKIP","floor":39}],"player_experience":481061,"relics_obtained":[{"floor":8.0,"key":"Blood Vial"},{"floor":9.0,"key":"Blue Candle"},{"floor":12.0,"key":"Shuriken"},{"floor":26.0,"key":"Whetstone"}],"event_choices":[{"damage_healed":0.0,"max_hp_gain":5.0,"max_hp_loss":0.0,"gold_gain":0.0,"event_name":"Big Fish","player_choice":"Donut","floor":5.0,"gold_loss":0.0,"damage_taken":0.0},{"damage_healed":0.0,"max_hp_gain":0.0,"max_hp_loss":0.0,"gold_gain":50.0,"event_name":"Nest","player_choice":"Stole From Cult","floor":22.0,"gold_loss":0.0,"damage_taken":0.0},{"damage_healed":0.0,"max_hp_gain":0.0,"max_hp_loss":0.0,"gold_gain":0.0,"event_name":"The Mausoleum","player_choice":"Ignored","floor":28.0,"gold_loss":0.0,"damage_taken":0.0},{"damage_healed":0.0,"max_hp_gain":0.0,"max_hp_loss":0.0,"gold_gain":0.0,"event_name":"Addict","player_choice":"Obtained Relic","floor":31.0,"gold_loss":85.0,"damage_taken":0.0,"relics_obtained":["Pen Nib"]},{"damage_healed":0.0,"max_hp_gain":0.0,"max_hp_loss":0.0,"gold_gain":0.0,"event_name":"Tomb of Lord Red Mask","player_choice":"Ignored","floor":36.0,"gold_loss":0.0,"damage_taken":0.0},{"damage_healed":0.0,"max_hp_gain":0.0,"max_hp_loss":0.0,"gold_gain":0.0,"event_name":"Designer","player_choice":"Upgrade","floor":37.0,"gold_loss":50.0,"damage_taken":0.0,"cards_upgraded":["Vault"]}],"is_beta":false,"boss_relics":[{"not_picked":["Runic Dome","SlaversCollar"],"picked":"Empty Cage"},{"not_picked":["Astrolabe","Calling Bell"],"picked":"HolyWater"}],"items_purged_floors":[38],"is_endless":false,"potions_floor_spawned":[1,4,7,10,13,16,19,29,33,35,39],"killed_by":"Nemesis","ascension_level":15}}