{"host":"0iuhrgzkozzv273x","time":1611701567,"event":{"mods":["2.2 Compatiblity","BaseMod","Colored Map","Curses Come First","Downfall","Minty Spire (QoL Compilation)","Spire Arcade","StSLib","The Construct","Unceasing Turn Reminder"],"gold_per_floor":[110,110,127,202,251,283,283,308,335,349,382,412,96,116,116,218,218,228,228,72,72,86,117,117,149,149,149,163,262,288,299,299,401,401,412,423,423,73,93,127,127,162,162,262,262,280,305,319,319,319,319,319,41,66,66],"floor_reached":56,"language":"ENG","playtime":14108,"items_purged":["construct:Defend_Gold","construct:Strike_Gold"],"score":1577,"play_id":"10a3e2c0-acf5-4539-8d6a-68d3e81da81e","local_time":"20210126175247","is_ascension_mode":true,"campfire_choices":[{"data":"construct:Zapper","floor":7,"key":"SMITH"},{"data":"construct:Analyze+1","floor":15,"key":"SMITH"},{"floor":24,"key":"REST"},{"floor":27,"key":"REST"},{"floor":32,"key":"RECALL"},{"data":"construct:Zapper+1","floor":41,"key":"SMITH"},{"data":"construct:ReactiveShield+1","floor":45,"key":"SMITH"},{"data":"construct:VentSteam+1","floor":49,"key":"SMITH"},{"data":"construct:SiegeForm","floor":52,"key":"SMITH"}],"circlet_count":0,"master_deck":["construct:Strike_Gold","construct:Strike_Gold","construct:Strike_Gold","construct:Defend_Gold+1","construct:Defend_Gold","construct:Defend_Gold","construct:Defend_Gold","construct:AttackMode","construct:DefenseMode","construct:SiegeForm+1","construct:FlameCore+1","construct:Zapper+2","construct:Analyze+2","construct:Reinforce+1","construct:ShieldGenerator","construct:ReactiveShield+2","construct:BatteryCore+1","construct:FlakBarrage+1","construct:BatteryCore+1","construct:Tumble+1","construct:SyphonStrike","construct:VentSteam+2","Madness+1"],"relics":["construct:ClockworkPhoenix","NeowsBlessing","sneckomod:BlankCard","Toxic Egg 2","War Paint","Regal Pillow","Odd Mushroom","Happy Flower","construct:ClawGrip","TheAbacus","Centennial Puzzle","Anchor","HornCleat","Blood Vial","sneckomod:SneckoTalon","Pear","Akabeko","Omamori","Bag of Marbles","Torii","Membership Card","Guardian:PocketSentry","Pen Nib"],"acts_visited":["Exordium","TheCity","TheBeyond","TheEnding"],"potions_floor_usage":[12,12,12,16,18,18,18,22,55],"damage_taken":[{"damage":0,"enemies":"Jaw Worm","floor":1,"turns":1},{"damage":0,"enemies":"Small Slimes","floor":3,"turns":1},{"damage":0,"enemies":"Gremlin Nob","floor":6,"turns":1},{"damage":3,"enemies":"Lagavulin","floor":8,"turns":6},{"damage":2,"enemies":"2 Louse","floor":10,"turns":2},{"damage":29,"enemies":"3 Sentries","floor":11,"turns":11},{"damage":9,"enemies":"The Mushroom Lair","floor":12,"turns":7},{"damage":0,"enemies":"Blue Slaver","floor":14,"turns":4},{"damage":16,"enemies":"Hexaghost","floor":16,"turns":6},{"damage":16,"enemies":"3 Byrds","floor":18,"turns":5},{"damage":4,"enemies":"Shell Parasite","floor":22,"turns":3},{"damage":5,"enemies":"Book of Stabbing","floor":23,"turns":6},{"damage":43,"enemies":"Slavers","floor":25,"turns":5},{"damage":6,"enemies":"Sentry and Sphere","floor":28,"turns":4},{"damage":0,"enemies":"Book of Stabbing","floor":30,"turns":5},{"damage":0,"enemies":"Shelled Parasite and Fungi","floor":31,"turns":5},{"damage":0,"enemies":"Collector","floor":33,"turns":7},{"damage":0,"enemies":"Orb Walker","floor":35,"turns":3},{"damage":2,"enemies":"3 Shapes","floor":36,"turns":4},{"damage":0,"enemies":"Sphere and 2 Shapes","floor":39,"turns":3},{"damage":0,"enemies":"Giant Head","floor":40,"turns":5},{"damage":20,"enemies":"Nemesis","floor":42,"turns":3},{"damage":2,"enemies":"Writhing Mass","floor":46,"turns":2},{"damage":0,"enemies":"Reptomancer","floor":47,"turns":4},{"damage":0,"enemies":"Maw","floor":48,"turns":5},{"damage":1,"enemies":"Donu and Deca","floor":50,"turns":4},{"damage":1,"enemies":"Shield and Spear","floor":54,"turns":3},{"damage":1,"enemies":"The Heart","floor":55,"turns":5}],"seed_played":"-5398765053072554230","potions_obtained":[{"floor":1,"key":"construct:ShiftPotion"},{"floor":3,"key":"ColorlessPotion"},{"floor":6,"key":"FearPotion"},{"floor":10,"key":"BlessingOfTheForge"},{"floor":11,"key":"DuplicationPotion"},{"floor":18,"key":"Energy Potion"},{"floor":22,"key":"FearPotion"},{"floor":35,"key":"PowerPotion"},{"floor":42,"key":"DuplicationPotion"}],"is_trial":false,"path_per_floor":["M","?","M","?","T","E","R","E","T","M","E","?","$","M","R","B",null,"M","?","$","?","M","E","R","E","T","R","M","?","E","M","R","B",null,"M","M","?","$","M","E","R","E","T","?","R","M","E","M","R","B",null,"R","$","E","B",null],"character_chosen":"THE_CONSTRUCT_MOD","items_purchased":["Happy Flower","EntropicBrew","TheAbacus","Pear","Membership Card","Guardian:PocketSentry","Madness+1"],"campfire_rested":2,"item_purchase_floors":[13,13,20,38,53,53,53],"current_hp_per_floor":[85,85,85,74,74,74,74,71,71,69,40,31,31,31,31,15,85,69,69,69,53,49,44,86,43,43,85,79,79,79,81,81,83,90,90,88,88,98,100,100,100,80,80,80,80,80,82,84,84,85,100,100,100,99,99],"gold":66,"neow_bonus":"THREE_ENEMY_KILL","is_daily":false,"chose_seed":false,"campfire_upgraded":6,"win_rate":0.0,"timestamp":1611701567,"path_taken":["M","?","M","?","?","E","R","E","T","M","E","?","$","M","R","BOSS","M","?","$","?","M","E","R","E","T","R","M","?","E","M","R","BOSS","M","M","?","$","?","E","R","E","T","?","R","M","E","?","R","BOSS","R","$","E","BOSS"],"items_purchased_type":["Relic","Potion","Relic","Relic","Relic","Relic","Card"],"build_version":"2020-12-22","purchased_purges":2,"victory":true,"max_hp_per_floor":[85,85,85,85,85,85,85,85,85,85,85,85,85,85,85,85,85,85,85,85,90,90,90,90,90,90,90,90,90,90,90,90,90,90,90,90,90,100,100,100,100,100,100,100,100,100,100,100,100,100,100,100,100,100,100],"card_choices":[{"not_picked":["construct:MoltenSmash","construct:Versatility","construct:ElectricArmor"],"picked":"SKIP","floor":1},{"not_picked":["construct:PhosphorStorm","construct:Backfire"],"picked":"construct:FlameCore","floor":3},{"not_picked":["construct:PhosphorStorm","construct:Rollout"],"picked":"construct:Zapper","floor":6},{"not_picked":["construct:ElectricArmor+1","construct:ShiftStrike","construct:Accumulate"],"picked":"SKIP","floor":8},{"not_picked":["construct:SaveState+1","construct:VentSteam+1"],"picked":"construct:Analyze+1","floor":10},{"not_picked":["construct:Isolate+1","construct:Chainstrike","construct:HyperBeam"],"picked":"SKIP","floor":11},{"not_picked":["construct:Backfire","construct:ChargeShot"],"picked":"construct:Reinforce+1","floor":12},{"not_picked":["construct:Implosion+1","construct:UnbalancingBlast","construct:FlashFreeze+1"],"picked":"SKIP","floor":14},{"not_picked":["construct:GoldenBullet","construct:ShieldBurst"],"picked":"construct:ShieldGenerator","floor":16},{"not_picked":["construct:OmegaCannon+1","construct:FierceBash"],"picked":"construct:ReactiveShield+1","floor":18},{"not_picked":["construct:Agitation+1","construct:ClusterMines+1","construct:Accumulate+1"],"picked":"SKIP","floor":22},{"not_picked":["construct:Forcefield+1","construct:FierceBash+1","construct:PhosphorStorm"],"picked":"SKIP","floor":23},{"not_picked":["construct:ShiftStrike+1","construct:ClusterMines"],"picked":"construct:BatteryCore+1","floor":25},{"not_picked":["construct:Electrocute+1","construct:Versatility+1","construct:Forcefield+1"],"picked":"SKIP","floor":28},{"not_picked":["construct:ShieldGenerator","construct:ShiftStrike"],"picked":"construct:FlakBarrage+1","floor":30},{"not_picked":["construct:Reinforce+1","construct:FlammableFog+1","construct:Construct_Overclock"],"picked":"SKIP","floor":31},{"not_picked":["construct:GoldenBullet","construct:Afterburners+1"],"picked":"construct:BatteryCore+1","floor":33},{"not_picked":["construct:CreateCores+1","construct:OneWayMirror+1","construct:SuppressiveFire"],"picked":"SKIP","floor":35},{"not_picked":["construct:SweepLaser","construct:Anticipate+1"],"picked":"construct:Tumble+1","floor":36},{"not_picked":["construct:Anticipate+1","construct:SuppressiveFire","construct:QuickAttack+1"],"picked":"SKIP","floor":39},{"not_picked":["construct:Isolate+1","construct:SweepLaser"],"picked":"construct:SyphonStrike","floor":40},{"not_picked":["construct:FierceBash+1","construct:Autoturret","construct:Zapper"],"picked":"SKIP","floor":42},{"not_picked":["construct:HyperBeam","construct:Anticipate+1","construct:Rollout"],"picked":"SKIP","floor":46},{"not_picked":["construct:ShiftStrike+1","construct:Analyze+1"],"picked":"construct:VentSteam+1","floor":47},{"not_picked":["construct:Anticipate+1","construct:FierceBash","construct:ShiftStrike"],"picked":"SKIP","floor":48},{"not_picked":["construct:GatlingGun","construct:Forcefield+1","construct:Autoturret+1"],"picked":"SKIP","floor":54}],"player_experience":796958,"relics_obtained":[{"floor":5,"key":"sneckomod:BlankCard"},{"floor":6,"key":"Toxic Egg 2"},{"floor":8,"key":"War Paint"},{"floor":11,"key":"Regal Pillow"},{"floor":12,"key":"Odd Mushroom"},{"floor":23,"key":"Centennial Puzzle"},{"floor":25,"key":"Anchor"},{"floor":26,"key":"HornCleat"},{"floor":30,"key":"Blood Vial"},{"floor":40,"key":"Akabeko"},{"floor":42,"key":"Omamori"},{"floor":43,"key":"Bag of Marbles"},{"floor":47,"key":"Torii"},{"floor":54,"key":"Pen Nib"}],"event_choices":[{"damage_healed":0,"gold_gain":0,"cards_transformed":["construct:Strike_Gold"],"player_choice":"Change","damage_taken":0,"max_hp_gain":0,"max_hp_loss":0,"event_name":"Living Wall","floor":2,"gold_loss":0,"cards_obtained":["construct:SiegeForm"]},{"damage_healed":0,"gold_gain":75,"player_choice":"Gather Gold","damage_taken":11,"max_hp_gain":0,"max_hp_loss":0,"event_name":"World of Goop","floor":4,"gold_loss":0},{"damage_healed":0,"gold_gain":0,"player_choice":"Fought Mushrooms","damage_taken":0,"max_hp_gain":0,"max_hp_loss":0,"event_name":"Mushrooms","floor":12,"gold_loss":0},{"damage_healed":0,"gold_gain":0,"player_choice":"Shed Blood","damage_taken":21,"max_hp_gain":5,"max_hp_loss":0,"event_name":"Forgotten Altar","floor":21,"gold_loss":0},{"damage_healed":0,"gold_gain":99,"player_choice":"Stole From Cult","damage_taken":0,"max_hp_gain":0,"max_hp_loss":0,"event_name":"Nest","floor":29,"gold_loss":0},{"damage_healed":0,"gold_gain":0,"player_choice":"0 cards matched","damage_taken":0,"max_hp_gain":0,"max_hp_loss":0,"event_name":"Match and Keep!","floor":37,"gold_loss":0,"cards_obtained":[]},{"damage_healed":0,"gold_gain":100,"player_choice":"Pray","damage_taken":0,"max_hp_gain":0,"max_hp_loss":0,"event_name":"Golden Shrine","floor":44,"gold_loss":0}],"is_beta":false,"boss_relics":[{"not_picked":["Ectoplasm","Busted Crown"],"picked":"construct:ClawGrip"},{"not_picked":["bronze:MakeshiftBattery","Snecko Eye"],"picked":"sneckomod:SneckoTalon"}],"items_purged_floors":[13,38],"is_endless":false,"potions_floor_spawned":[1,3,6,10,11,18,22,35,42,46,48],"ascension_level":2}}