{"host":"srk2drlvga69hbot","time":1611686464,"event":{"mods":["AchievementEnabler","BaseMod","Best Route Mod","Bestiary","Block Reminder","Colored Map","Colored Powertips","Curses Come First","Dark Map","DeckTracker","Downfall","Highlight Path","Minty Spire (QoL Compilation)","Quick Restart","Rare Cards Sparkle","Relic Stats","Slay-I","StSLib","SuperFastMode","Unceasing Turn Reminder"],"gold_per_floor":[118,192,192,49,49,49,66,96,96,96,112,112,74,97,97,174,174,186,186,199,209,209,209,27,60,106,122,44,70,7,7,7,79,79,89,89,104,25,39,39,52,52,52,71,71,86,118,118,118,118,118],"floor_reached":50,"language":"ZHS","playtime":2403,"items_purged":["Decay","Defend_R"],"score":911,"play_id":"fbb120fc-2e44-4df1-8924-770bd07f5097","local_time":"20210127024104","is_ascension_mode":true,"campfire_choices":[{"data":"Bash","floor":6.0,"key":"SMITH"},{"data":"Armaments","floor":10.0,"key":"SMITH"},{"data":"Reaper","floor":12.0,"key":"SMITH"},{"data":"Inflame","floor":15.0,"key":"SMITH"},{"data":"Strike_R","floor":23.0,"key":"SMITH"},{"data":"Flex","floor":32.0,"key":"SMITH"},{"floor":40.0,"key":"REST"},{"floor":42.0,"key":"REST"},{"floor":49.0,"key":"REST"}],"circlet_count":0,"master_deck":["AscendersBane","Strike_R+1","Strike_R","Strike_R","Defend_R","Defend_R","Defend_R","Bash+1","Armaments+1","Reaper+1","Inflame+1","Limit Break+1","Warcry+1","Impervious","Demon Form","Magnetism"],"relics":["Burning Blood","NeowsBlessing","White Beast Statue","Bag of Preparation","Nunchaku","Dead Branch","Juzu Bracelet","SacredBark","Membership Card","Ginger","Oddly Smooth Stone","Sling","MealTicket","Sozu","Pen Nib","Pantograph","Du-Vu Doll"],"acts_visited":["Exordium","TheCity","TheBeyond"],"potions_floor_usage":[50],"damage_taken":[{"damage":0.0,"enemies":"Cultist","floor":1.0,"turns":1.0},{"damage":0.0,"enemies":"Jaw Worm","floor":7.0,"turns":1.0},{"damage":0.0,"enemies":"Gremlin Nob","floor":8.0,"turns":1.0},{"damage":2.0,"enemies":"2 Louse","floor":11.0,"turns":3.0},{"damage":69.0,"enemies":"The Guardian","floor":16.0,"turns":10.0},{"damage":7.0,"enemies":"Chosen","floor":18.0,"turns":4.0},{"damage":19.0,"enemies":"Spheric Guardian","floor":20.0,"turns":4.0},{"damage":0.0,"enemies":"Shelled Parasite and Fungi","floor":21.0,"turns":3.0},{"damage":64.0,"enemies":"Gremlin Leader","floor":25.0,"turns":7.0},{"damage":44.0,"enemies":"Chosen and Byrds","floor":27.0,"turns":7.0},{"damage":29.0,"enemies":"Champ","floor":33.0,"turns":5.0},{"damage":73.0,"enemies":"Orb Walker","floor":35.0,"turns":8.0},{"damage":0.0,"enemies":"3 Shapes","floor":37.0,"turns":4.0},{"damage":55.0,"enemies":"Transient","floor":39.0,"turns":5.0},{"damage":44.0,"enemies":"3 Darklings","floor":41.0,"turns":6.0},{"damage":23.0,"enemies":"4 Shapes","floor":44.0,"turns":4.0},{"damage":32.0,"enemies":"Maw","floor":46.0,"turns":8.0},{"damage":14.0,"enemies":"Giant Head","floor":47.0,"turns":5.0},{"damage":130,"enemies":"Donu and Deca","floor":50,"turns":6}],"seed_played":"-6822757238504622201","potions_obtained":[{"floor":7.0,"key":"HeartOfIron"},{"floor":8.0,"key":"Block Potion"},{"floor":11.0,"key":"DistilledChaos"},{"floor":16.0,"key":"AttackPotion"},{"floor":21.0,"key":"DuplicationPotion"},{"floor":25.0,"key":"Strength Potion"},{"floor":27.0,"key":"AttackPotion"},{"floor":33.0,"key":"ColorlessPotion"}],"is_trial":false,"path_per_floor":["M","T","?","$","$","R","M","E","T","R","M","R","$","T","R","B",null,"M","?","M","M","?","R","$","E","T","M","$","T","$","?","R","B",null,"M","?","M","$","M","R","M","R","T","M","?","M","E","?","R","B"],"character_chosen":"IRONCLAD","items_purchased":["Bag of Preparation","Inflame","Membership Card","Sling","Flex","Pen Nib"],"campfire_rested":3,"item_purchase_floors":[4,13,24,28,30,38],"current_hp_per_floor":[74,74,74,74,74,74,75,75,75,75,75,75,75,75,75,24,62,75,75,62,75,75,75,75,75,75,48,48,48,63,63,63,55,70,11,11,47,62,13,35,41,63,63,75,75,49,41,41,63,0,0],"gold":118,"neow_bonus":"THREE_ENEMY_KILL","is_daily":false,"chose_seed":false,"campfire_upgraded":6,"win_rate":0.0,"timestamp":1611686464,"path_taken":["M","?","?","?","$","R","M","E","T","R","M","R","?","?","R","BOSS","M","?","M","M","?","R","?","E","T","M","$","?","$","?","R","BOSS","M","?","M","$","M","R","M","R","T","M","?","M","E","?","R","BOSS"],"items_purchased_type":["Relic","Card","Relic","Relic","Card","Relic"],"build_version":"2020-12-22","purchased_purges":2,"victory":false,"max_hp_per_floor":[75,75,75,75,75,75,75,75,75,75,75,75,75,75,75,75,75,75,75,75,75,75,75,75,75,75,75,75,75,75,75,75,75,75,75,75,75,75,75,75,75,75,75,75,75,75,75,75,75,75,75],"relic_stats":{"Sozu":7,"Nunchaku":[14],"counters":[19,92],"Dead Branch":[78],"Pantograph":12,"MealTicket":30,"Pen Nib":[5],"Bag of Preparation":[36],"Juzu Bracelet":3,"Ginger":[10],"obtain_stats":[{"NeowsBlessing":0,"Dead Branch":9,"SacredBark":17,"Oddly Smooth Stone":26,"Pen Nib":38,"Bag of Preparation":4,"Juzu Bracelet":14,"Ginger":25,"Sling":28,"Burning Blood":0,"White Beast Statue":2,"Sozu":34,"Du-Vu Doll":47,"Nunchaku":8,"Pantograph":43,"MealTicket":29,"Membership Card":24},{"NeowsBlessing":0,"Dead Branch":3,"SacredBark":5,"Oddly Smooth Stone":9,"Pen Nib":13,"Bag of Preparation":1,"Juzu Bracelet":4,"Ginger":9,"Sling":10,"Burning Blood":0,"White Beast Statue":1,"Sozu":11,"Du-Vu Doll":18,"Nunchaku":3,"Pantograph":15,"MealTicket":10,"Membership Card":8},{"NeowsBlessing":0,"Dead Branch":3,"SacredBark":16,"Oddly Smooth Stone":34,"Pen Nib":58,"Bag of Preparation":1,"Juzu Bracelet":6,"Ginger":34,"Sling":41,"Burning Blood":0,"White Beast Statue":1,"Sozu":46,"Du-Vu Doll":86,"Nunchaku":3,"Pantograph":69,"MealTicket":41,"Membership Card":27}],"Burning Blood":71},"card_choices":[{"not_picked":["True Grit","Clash","Anger"],"picked":"SKIP","floor":1.0},{"not_picked":["Heavy Blade","Feel No Pain","Sentinel"],"picked":"SKIP","floor":7.0},{"not_picked":["Searing Blow","Dual Wield"],"picked":"Armaments","floor":8.0},{"not_picked":["Headbutt","Hemokinesis"],"picked":"Reaper","floor":11.0},{"not_picked":["Demon Form","Barricade"],"picked":"Limit Break","floor":16.0},{"not_picked":["Flame Barrier","Disarm","Metallicize"],"picked":"SKIP","floor":18.0},{"not_picked":["Pommel Strike","Reckless Charge","Thunderclap"],"picked":"SKIP","floor":20.0},{"not_picked":["Thunderclap+1","Metallicize"],"picked":"Warcry+1","floor":21.0},{"not_picked":["Feel No Pain+1","Body Slam","Bludgeon"],"picked":"SKIP","floor":25.0},{"not_picked":["Havoc","Warcry","Iron Wave"],"picked":"SKIP","floor":27.0},{"not_picked":["Havoc","Warcry","Iron Wave"],"picked":"SKIP","floor":27.0},{"not_picked":["Havoc","Warcry","Iron Wave"],"picked":"SKIP","floor":27.0},{"not_picked":["Bludgeon","Juggernaut"],"picked":"Impervious","floor":33.0},{"not_picked":["Clothesline+1","Twin Strike","Infernal Blade"],"picked":"SKIP","floor":35.0},{"not_picked":["Anger","Shrug It Off","Twin Strike"],"picked":"SKIP","floor":37.0},{"not_picked":["Havoc","Carnage","Shrug It Off"],"picked":"SKIP","floor":39.0},{"not_picked":["Perfected Strike","Hemokinesis","Juggernaut"],"picked":"SKIP","floor":41.0},{"not_picked":["Headbutt","Body Slam","Sever Soul"],"picked":"SKIP","floor":44.0},{"not_picked":["Seeing Red","Uppercut","Hemokinesis+1"],"picked":"SKIP","floor":46.0},{"not_picked":["Immolate","Hemokinesis+1"],"picked":"Demon Form","floor":47.0},{"not_picked":["HandOfGreed","Trip"],"picked":"Magnetism","floor":48.0}],"player_experience":297572,"relics_obtained":[{"floor":2.0,"key":"White Beast Statue"},{"floor":8.0,"key":"Nunchaku"},{"floor":9.0,"key":"Dead Branch"},{"floor":14.0,"key":"Juzu Bracelet"},{"floor":25.0,"key":"Ginger"},{"floor":26.0,"key":"Oddly Smooth Stone"},{"floor":29.0,"key":"MealTicket"},{"floor":43.0,"key":"Pantograph"},{"floor":47.0,"key":"Du-Vu Doll"}],"event_choices":[{"cards_removed":["Strike_R"],"damage_healed":0.0,"max_hp_gain":0.0,"max_hp_loss":0.0,"gold_gain":0.0,"event_name":"Living Wall","player_choice":"Forget","floor":3.0,"gold_loss":0.0,"damage_taken":0.0},{"damage_healed":0.0,"max_hp_gain":0.0,"max_hp_loss":0.0,"gold_gain":0.0,"event_name":"Accursed Blacksmith","player_choice":"Forge","floor":19.0,"gold_loss":0.0,"damage_taken":0.0,"cards_upgraded":["Limit Break"]},{"damage_healed":0.0,"max_hp_gain":0.0,"max_hp_loss":0.0,"gold_gain":0.0,"event_name":"Wheel of Change","player_choice":"Cursed","floor":22.0,"gold_loss":0.0,"damage_taken":0.0,"cards_obtained":["Decay"]},{"damage_healed":0.0,"max_hp_gain":0.0,"max_hp_loss":0.0,"gold_gain":0.0,"event_name":"Vampires","player_choice":"Ignored","floor":31.0,"gold_loss":0.0,"damage_taken":0.0},{"cards_removed":["Strike_R"],"damage_healed":0.0,"max_hp_gain":0.0,"max_hp_loss":0.0,"gold_gain":0.0,"event_name":"Purifier","player_choice":"Purged","floor":36.0,"gold_loss":0.0,"damage_taken":0.0},{"cards_removed":["Flex"],"damage_healed":0.0,"max_hp_gain":0.0,"max_hp_loss":0.0,"gold_gain":0.0,"event_name":"Falling","player_choice":"Removed Skill","floor":45.0,"gold_loss":0.0,"damage_taken":0.0},{"damage_healed":0.0,"max_hp_gain":0.0,"max_hp_loss":0.0,"gold_gain":0.0,"event_name":"SensoryStone","player_choice":"Memory 1","floor":48.0,"gold_loss":0.0,"damage_taken":0.0}],"is_beta":false,"boss_relics":[{"not_picked":["Ectoplasm","Velvet Choker"],"picked":"SacredBark"},{"not_picked":["Philosopher\u0027s Stone","SlaversCollar"],"picked":"Sozu"}],"items_purged_floors":[24,30],"is_endless":false,"potions_floor_spawned":[7,8,11,16,18,20,21,25,27,33,35,37,39,41,44,46,47],"killed_by":"Donu and Deca","ascension_level":14}}