{"host":"och2iitg9ibgz06n","time":1611680209,"event":{"mods":["Abigail Mod","AchievementEnabler","Aspiration","BaseMod","Colored Powertips","Dio Mod","Hubris","Hyrulean Relics","Infinite Spire","Minty Spire (QoL Compilation)","Replay The Spire","Small Relic Pack","StSLib","The Animator","The Bug Knight","The Hierophant","The Jungle","The Saiyan","TheHero","Wandering Minibosses","everything is the same but u backflip on backflip","slay the spire mod where everything is the same but ironclad has a cowboy hat"],"gold_per_floor":[211,281,281,295,295,295,328,196,196,222,222,247,275,275,275,392,392,422,295,325,379,379,379,406,406,431,431,480,498,498],"floor_reached":29,"language":"ENG","playtime":836,"items_purged":["ReplayTheSpireMod:Splinters"],"score":243,"play_id":"b9ad54cf-aaf8-4e5a-98eb-ec154fc10c9e","local_time":"20210126105649","is_ascension_mode":true,"campfire_choices":[{"data":"Zap","floor":6,"key":"SMITH"},{"floor":11,"key":"REST"},{"data":"Beam Cell","floor":15,"key":"SMITH"},{"data":"BasicCrystalCard","floor":23,"key":"SMITH"}],"circlet_count":0,"master_deck":["Strike_B","Strike_B","Strike_B","Strike_B","Defend_B+1","Defend_B","Defend_B","Defend_B+1","Zap+1","Dualcast","Go for the Eyes","Beam Cell","Go for the Eyes","Core Surge","Beam Cell+1","Lockon","Capacitor","Turbo","All For One","Redo","Gash","BasicCrystalCard+1","Loop","Decay","Gash+1"],"relics":["Cracked Core","hubris:SoftwareUpdate","Replay:Antivirus Software","Replay:Bandana","hubris:ScarierMask","aspiration:RitualStick","Simple Rune"],"acts_visited":["Exordium","TheCity"],"potions_floor_usage":[7,7,24,28],"damage_taken":[{"damage":7,"enemies":"Jaw Worm","floor":1,"turns":5},{"damage":0,"enemies":"Small Slimes","floor":4,"turns":3},{"damage":23,"enemies":"Lagavulin","floor":7,"turns":6},{"damage":24,"enemies":"Gremlin Nob","floor":10,"turns":4},{"damage":6,"enemies":"Cultist","floor":12,"turns":4},{"damage":9,"enemies":"Blue Slaver","floor":13,"turns":3},{"damage":54,"enemies":"Slime Boss","floor":16,"turns":14},{"damage":15,"enemies":"2 Thieves","floor":18,"turns":3},{"damage":5,"enemies":"Chosen","floor":20,"turns":4},{"damage":15,"enemies":"Snake Plant","floor":24,"turns":4},{"damage":3,"enemies":"3 Cultists","floor":28,"turns":3},{"damage":25,"enemies":"Slavers","floor":29,"turns":3}],"seed_played":"-8038550864687515507","potions_obtained":[{"floor":2,"key":"Death Potion"},{"floor":2,"key":"Swift Potion"},{"floor":2,"key":"Venom Potion"},{"floor":7,"key":"Reflective Coating"},{"floor":10,"key":"LifebloodPotion"},{"floor":24,"key":"AttackPotion"}],"is_trial":false,"path_per_floor":["M","?","?","M","?","R","E","$","T","E","R","M","M","?","R","B",null,"M","$","M","T","?","R","M","$","T","?","M","E"],"character_chosen":"DEFECT","items_purchased":["Defragment","Beam Cell","Gash"],"campfire_rested":1,"item_purchase_floors":[8,8,19],"current_hp_per_floor":[68,68,68,68,68,68,45,45,45,21,43,37,28,75,75,21,75,60,60,55,55,40,40,25,25,25,25,22,0,0],"gold":498,"neow_bonus":"HUNDRED_GOLD","is_daily":false,"chose_seed":false,"campfire_upgraded":3,"win_rate":0.0,"timestamp":1611680209,"path_taken":["M","?","?","M","?","R","E","?","T","E","R","M","?","?","R","BOSS","M","$","M","?","?","R","M","?","T","?","M","E"],"items_purchased_type":["Card","Card","Card"],"build_version":"2020-12-22","purchased_purges":1,"victory":false,"max_hp_per_floor":[75,75,75,75,75,75,75,75,75,75,75,75,75,75,75,75,75,75,75,75,75,75,75,75,75,75,75,75,75,75],"card_choices":[{"not_picked":["Chill","Double Energy"],"picked":"Go for the Eyes","floor":1},{"not_picked":["Ball Lightning","Time Bomb"],"picked":"Beam Cell","floor":2},{"not_picked":["Chaos","White Noise"],"picked":"Go for the Eyes","floor":4},{"not_picked":["Beam Cell","Hyperbeam"],"picked":"Core Surge","floor":7},{"not_picked":["Reboot","Beam Cell"],"picked":"Lockon","floor":10},{"not_picked":["Steam","Rebound"],"picked":"Capacitor","floor":12},{"not_picked":["Barrage","Beam Cell"],"picked":"Turbo","floor":13},{"not_picked":["ReplayTheSpireMod:Omega Cannon","hubris:SpecializedCircuitry"],"picked":"All For One","floor":16},{"not_picked":["Chill","Hologram"],"picked":"Redo","floor":18},{"not_picked":["Scrape+1","Hello World"],"picked":"BasicCrystalCard","floor":20},{"not_picked":["Chill","ReplayGash"],"picked":"Loop","floor":24},{"not_picked":["Undo+1","BasicCrystalCard"],"picked":"Gash+1","floor":28}],"player_experience":493103,"relics_obtained":[{"floor":7,"key":"hubris:SoftwareUpdate"},{"floor":9,"key":"Replay:Antivirus Software"},{"floor":10,"key":"Replay:Bandana"},{"floor":26,"key":"Simple Rune"}],"event_choices":[{"cards_removed":["Defragment"],"damage_healed":47,"gold_gain":0,"player_choice":"Offered Uncommon","damage_taken":0,"max_hp_gain":0,"max_hp_loss":0,"event_name":"Bonfire Elementals","floor":14,"gold_loss":0},{"damage_healed":0,"gold_gain":0,"player_choice":"Smashed Altar","damage_taken":0,"max_hp_gain":0,"max_hp_loss":0,"event_name":"Forgotten Altar","floor":27,"gold_loss":0,"cards_obtained":["Decay"]}],"is_beta":false,"boss_relics":[{"not_picked":["Coffee Dripper","relicPack:ShieldShield"],"picked":"hubris:ScarierMask"}],"items_purged_floors":[19],"is_endless":false,"potions_floor_spawned":[7,10,12,13,24],"killed_by":"Slavers","ascension_level":1}}