{"host":"2n2g1vowfllvjtvi","time":1611670554,"event":{"mods":["AchievementEnabler","BaseMod","Custom Start","GifTheSpireLib","Keyboard Shortcuts","Minty Spire (QoL Compilation)","Quick Restart","Rare Cards Sparkle","StSLib","SuperFastMode"],"gold_per_floor":[116,40,40,40,58,86,5,5,5,22,47,65,93,107,107,204,204,223,223,223,32,43,43,43,43],"floor_reached":24,"language":"KOR","playtime":477,"items_purged":["Strike_R"],"score":335,"play_id":"df665bc7-79df-47c9-b68f-a6ab8be54030","local_time":"20210126231554","is_ascension_mode":true,"campfire_choices":[{"data":"Fire Breathing","floor":8,"key":"SMITH"},{"data":"Bash","floor":15,"key":"SMITH"},{"data":"Dark Embrace","floor":23,"key":"SMITH"}],"circlet_count":0,"master_deck":["Strike_R","Defend_R","Defend_R","Defend_R","Defend_R","Bash+1","Pommel Strike","Fire Breathing+1","Second Wind","Evolve","Sentinel","Hemokinesis","Wild Strike","Dark Embrace+1","Flash of Steel"],"relics":["Burning Blood","NeowsBlessing","Paper Frog","Bird Faced Urn","Anchor","Orichalcum","Empty Cage"],"acts_visited":["Exordium","TheCity"],"potions_floor_usage":[13,14,14,14,18],"damage_taken":[{"damage":0,"enemies":"Small Slimes","floor":1,"turns":1},{"damage":0,"enemies":"Jaw Worm","floor":5,"turns":1},{"damage":0,"enemies":"Lagavulin","floor":6,"turns":1},{"damage":1,"enemies":"Cultist","floor":10,"turns":4},{"damage":25,"enemies":"3 Sentries","floor":11,"turns":5},{"damage":20,"enemies":"Large Slime","floor":12,"turns":7},{"damage":49,"enemies":"Lagavulin","floor":13,"turns":9},{"damage":1,"enemies":"2 Fungi Beasts","floor":14,"turns":4},{"damage":34,"enemies":"Slime Boss","floor":16,"turns":6},{"damage":6,"enemies":"Chosen","floor":18,"turns":5},{"damage":25,"enemies":"Spheric Guardian","floor":22,"turns":4},{"damage":19,"enemies":"Centurion and Healer","floor":24,"turns":3}],"seed_played":"5683203805344812879","potions_obtained":[{"floor":10,"key":"BlessingOfTheForge"},{"floor":11,"key":"BloodPotion"},{"floor":12,"key":"FearPotion"},{"floor":13,"key":"GamblersBrew"},{"floor":16,"key":"Swift Potion"},{"floor":22,"key":"CultistPotion"}],"is_trial":false,"path_per_floor":["M","$","?","?","M","E","$","R","T","M","E","M","E","M","R","B",null,"M","?","?","$","M","R","M"],"character_chosen":"IRONCLAD","items_purchased":["Fire Breathing","Evolve","Dark Embrace","Flash of Steel"],"campfire_rested":0,"item_purchase_floors":[2,7,21,21],"current_hp_per_floor":[78,78,78,78,80,80,80,80,80,80,61,51,28,37,37,13,63,67,67,67,67,54,54,41,41],"gold":43,"neow_bonus":"THREE_ENEMY_KILL","is_daily":false,"chose_seed":false,"campfire_upgraded":3,"win_rate":0.0,"timestamp":1611670554,"path_taken":["M","$","?","?","M","E","$","R","T","M","E","M","E","?","R","BOSS","M","?","?","$","M","R","M"],"items_purchased_type":["Card","Card","Card","Card"],"build_version":"2020-12-22","purchased_purges":1,"victory":false,"max_hp_per_floor":[80,80,80,80,80,80,80,80,80,80,80,80,80,80,80,80,80,80,80,80,80,80,80,80,80],"card_choices":[{"not_picked":["Twin Strike","Combust"],"picked":"Pommel Strike","floor":1},{"not_picked":["Iron Wave","Flex","Clash"],"picked":"SKIP","floor":5},{"not_picked":["Exhume","Sword Boomerang"],"picked":"Second Wind","floor":6},{"not_picked":["Anger","Clash"],"picked":"Sentinel","floor":10},{"not_picked":["Sword Boomerang","Headbutt","Pommel Strike"],"picked":"SKIP","floor":11},{"not_picked":["Sword Boomerang","Body Slam","Second Wind"],"picked":"SKIP","floor":12},{"not_picked":["Clothesline","Berserk","Intimidate"],"picked":"SKIP","floor":13},{"not_picked":["True Grit","Clothesline"],"picked":"Hemokinesis","floor":14},{"not_picked":["Flex","Seeing Red+1"],"picked":"Wild Strike","floor":18},{"not_picked":["Shrug It Off+1","Metallicize","Perfected Strike"],"picked":"SKIP","floor":22}],"player_experience":228907,"relics_obtained":[{"floor":6,"key":"Paper Frog"},{"floor":9,"key":"Bird Faced Urn"},{"floor":11,"key":"Anchor"},{"floor":13,"key":"Orichalcum"}],"event_choices":[{"damage_healed":0,"gold_gain":0,"player_choice":"Leave","damage_taken":0,"max_hp_gain":0,"max_hp_loss":0,"event_name":"The Cleric","floor":3,"gold_loss":0},{"cards_removed":["Strike_R"],"damage_healed":0,"gold_gain":0,"player_choice":"Offered Basic","damage_taken":0,"max_hp_gain":0,"max_hp_loss":0,"event_name":"Bonfire Elementals","floor":4,"gold_loss":0},{"damage_healed":0,"gold_gain":0,"player_choice":"Ignored","damage_taken":0,"max_hp_gain":0,"max_hp_loss":0,"event_name":"The Mausoleum","floor":19,"gold_loss":0}],"is_beta":false,"boss_relics":[{"not_picked":["Cursed Key","Black Star"],"picked":"Empty Cage"}],"items_purged_floors":[21],"is_endless":false,"potions_floor_spawned":[10,11,12,13,16,22],"killed_by":"Centurion and Healer","ascension_level":8}}