{"host":"x8sop9v6zw8yitbt","time":1611696051,"event":{"mods":["BaseMod","Best Route Mod","Block Reminder","Colored Powertips","Dark Map","DeckTracker","Minty Spire (QoL Compilation)","Permanent Neow","Quick Restart","Relic Stats","Slay-I","StSLib"],"gold_per_floor":[113,0,10,10,22,52,52,78,105,105,116,116,129,48,48,150,150,150,150,150,150,150,150,150,150,150,150,150,150,150,150,150,150,150,150,150,150],"floor_reached":36,"language":"ENG","playtime":849,"items_purged":["Strike_R"],"score":487,"play_id":"6bdbb530-b13a-4a59-a0a3-8699077d3f07","local_time":"20210126162051","is_ascension_mode":true,"campfire_choices":[{"data":"Fire Breathing","floor":7.0,"key":"SMITH"},{"data":"Immolate","floor":10.0,"key":"SMITH"},{"floor":12.0,"key":"REST"},{"data":"Fire Breathing","floor":15.0,"key":"SMITH"},{"data":"Power Through","floor":23.0,"key":"SMITH"},{"floor":29,"key":"REST"},{"data":"Ghostly Armor","floor":32,"key":"SMITH"}],"circlet_count":0,"master_deck":["Strike_R+1","Strike_R+1","Strike_R+1","Strike_R+1","Defend_R+1","Defend_R+1","Defend_R+1","Defend_R+1","Bash+1","Immolate+1","Fire Breathing+1","Power Through+1","Fire Breathing+1","Evolve+1","Ghostly Armor+1","Battle Trance","Finesse"],"relics":["Burning Blood","Dream Catcher","Lantern","Bag of Marbles","Ectoplasm","Pantograph","Champion Belt","Prayer Wheel","Runic Cube"],"acts_visited":["Exordium","TheCity","TheBeyond"],"potions_floor_usage":[27],"damage_taken":[{"damage":6.0,"enemies":"Jaw Worm","floor":1.0,"turns":3.0},{"damage":0.0,"enemies":"2 Louse","floor":3.0,"turns":1.0},{"damage":1.0,"enemies":"Cultist","floor":5.0,"turns":3.0},{"damage":30.0,"enemies":"Gremlin Nob","floor":6.0,"turns":4.0},{"damage":12.0,"enemies":"3 Sentries","floor":8.0,"turns":4.0},{"damage":0.0,"enemies":"Gremlin Gang","floor":11.0,"turns":1.0},{"damage":0.0,"enemies":"Large Slime","floor":13.0,"turns":3.0},{"damage":15.0,"enemies":"Slime Boss","floor":16.0,"turns":6.0},{"damage":8.0,"enemies":"3 Byrds","floor":18.0,"turns":5.0},{"damage":12.0,"enemies":"Shell Parasite","floor":20.0,"turns":4.0},{"damage":33.0,"enemies":"Snake Plant","floor":21.0,"turns":4.0},{"damage":10.0,"enemies":"Snecko","floor":22.0,"turns":4.0},{"damage":28,"enemies":"Slavers","floor":24,"turns":4},{"damage":0,"enemies":"Cultist and Chosen","floor":25,"turns":4},{"damage":18,"enemies":"Gremlin Leader","floor":27,"turns":5},{"damage":18,"enemies":"Snake Plant","floor":28,"turns":4},{"damage":0,"enemies":"Champ","floor":33,"turns":8},{"damage":4,"enemies":"Orb Walker","floor":35,"turns":3}],"seed_played":"3147387475330259882","potions_obtained":[{"floor":1.0,"key":"SkillPotion"},{"floor":3.0,"key":"Strength Potion"},{"floor":16.0,"key":"CultistPotion"},{"floor":18.0,"key":"BloodPotion"},{"floor":33,"key":"GamblersBrew"}],"is_trial":false,"path_per_floor":["M","$","M","?","M","E","R","E","T","R","M","R","M","$","R","B",null,"M","?","M","M","M","R","E","M","T","E","M","R","?","?","R","B",null,"M","?"],"character_chosen":"IRONCLAD","items_purchased":["Fire Breathing","Fire Breathing"],"campfire_rested":2,"item_purchase_floors":[2,14],"current_hp_per_floor":[80,80,80,64,69,45,45,39,39,39,45,69,75,75,75,66,80,78,78,72,45,41,41,19,25,25,29,17,41,26,26,26,57,85,85,75,75],"gold":150,"neow_bonus":"ONE_RANDOM_RARE_CARD","is_daily":false,"chose_seed":false,"campfire_upgraded":5,"win_rate":0.0,"timestamp":1611696051,"path_taken":["M","$","M","?","M","E","R","E","T","R","M","R","M","$","R","BOSS","M","?","M","M","?","R","E","M","T","E","?","R","?","?","R","BOSS","M","?"],"items_purchased_type":["Card","Card"],"build_version":"2020-12-22","purchased_purges":1,"victory":false,"max_hp_per_floor":[80,80,80,80,80,80,80,80,80,80,80,80,80,80,80,80,80,80,80,80,80,80,80,80,80,80,80,80,80,85,85,85,85,85,85,85,85],"relic_stats":{"Dream Catcher":2,"counters":[18,70],"Pantograph":25,"Prayer Wheel":2,"Ectoplasm":251,"Champion Belt":[10],"obtain_stats":[{"Dream Catcher":6,"Lantern":8,"Pantograph":24,"Prayer Wheel":27,"Ectoplasm":17,"Bag of Marbles":9,"Champion Belt":26,"Burning Blood":0,"Runic Cube":34},{"Dream Catcher":4,"Lantern":5,"Pantograph":13,"Prayer Wheel":15,"Ectoplasm":8,"Bag of Marbles":5,"Champion Belt":14,"Burning Blood":0,"Runic Cube":17},{"Dream Catcher":11,"Lantern":15,"Pantograph":46,"Prayer Wheel":55,"Ectoplasm":25,"Bag of Marbles":15,"Champion Belt":50,"Burning Blood":0,"Runic Cube":67}],"Burning Blood":100,"Runic Cube":[2]},"card_choices":[{"not_picked":["Intimidate","Clothesline","Infernal Blade"],"picked":"SKIP","floor":1.0},{"not_picked":["Anger","Headbutt","Clothesline"],"picked":"SKIP","floor":3.0},{"not_picked":["Flex","Feel No Pain","Whirlwind"],"picked":"SKIP","floor":5.0},{"not_picked":["Double Tap","Second Wind","Warcry"],"picked":"SKIP","floor":6.0},{"not_picked":["Iron Wave","Rage","Clothesline"],"picked":"SKIP","floor":8.0},{"not_picked":["Headbutt","Rage","Twin Strike"],"picked":"SKIP","floor":11.0},{"not_picked":["Headbutt","Cleave"],"picked":"Power Through","floor":13.0},{"not_picked":["Bloodletting","Sword Boomerang"],"picked":"Evolve+1","floor":18.0},{"not_picked":["Heavy Blade","Thunderclap","Armaments"],"picked":"SKIP","floor":20.0},{"not_picked":["Clash","Warcry","True Grit"],"picked":"SKIP","floor":21.0},{"not_picked":["Perfected Strike","Pommel Strike","Rage"],"picked":"SKIP","floor":22.0},{"not_picked":["Sword Boomerang","Armaments+1","Sever Soul"],"picked":"SKIP","floor":24},{"not_picked":["Headbutt","Inflame","Infernal Blade"],"picked":"SKIP","floor":25},{"not_picked":["Armaments","Rage","Pommel Strike+1"],"picked":"SKIP","floor":27},{"not_picked":["Shrug It Off","Uppercut+1","Clothesline"],"picked":"SKIP","floor":28},{"not_picked":["Burning Pact","Dark Embrace","True Grit+1"],"picked":"SKIP","floor":28},{"not_picked":["Clothesline","Shockwave"],"picked":"Ghostly Armor","floor":29},{"not_picked":["Rampage","Perfected Strike"],"picked":"Battle Trance","floor":35},{"not_picked":["Havoc+1","Sword Boomerang","True Grit+1"],"picked":"SKIP","floor":35},{"not_picked":["Deep Breath","Thinking Ahead"],"picked":"Finesse","floor":36}],"player_experience":858695,"relics_obtained":[{"floor":6.0,"key":"Dream Catcher"},{"floor":8.0,"key":"Lantern"},{"floor":9.0,"key":"Bag of Marbles"},{"floor":24,"key":"Pantograph"},{"floor":26,"key":"Champion Belt"},{"floor":27,"key":"Prayer Wheel"}],"event_choices":[{"damage_healed":0.0,"max_hp_gain":0.0,"max_hp_loss":0.0,"gold_gain":0.0,"event_name":"Shining Light","player_choice":"Entered Light","floor":4.0,"gold_loss":0.0,"damage_taken":16.0,"cards_upgraded":["Bash","Strike_R"]},{"damage_healed":0.0,"max_hp_gain":0.0,"max_hp_loss":0.0,"gold_gain":0.0,"event_name":"Match and Keep!","player_choice":"0 cards matched","floor":19.0,"gold_loss":0.0,"damage_taken":0.0,"cards_obtained":[]},{"damage_healed":0,"gold_gain":0,"player_choice":"Shed Blood","damage_taken":20,"max_hp_gain":5,"max_hp_loss":0,"event_name":"Forgotten Altar","floor":30,"gold_loss":0},{"damage_healed":0,"gold_gain":0,"player_choice":"Simplicity","damage_taken":0,"max_hp_gain":0,"max_hp_loss":0,"event_name":"Back to Basics","floor":31,"gold_loss":0,"cards_upgraded":["Strike_R","Strike_R","Strike_R","Defend_R","Defend_R","Defend_R","Defend_R"]},{"damage_healed":0,"gold_gain":0,"player_choice":"Memory 3","damage_taken":10,"max_hp_gain":0,"max_hp_loss":0,"event_name":"SensoryStone","floor":36,"gold_loss":0}],"is_beta":false,"boss_relics":[{"not_picked":["Tiny House","Black Star"],"picked":"Ectoplasm"},{"not_picked":["Philosopher\u0027s Stone","Coffee Dripper"],"picked":"Runic Cube"}],"items_purged_floors":[2],"is_endless":false,"potions_floor_spawned":[1,3,16,18,21,33],"ascension_level":1}}