{"host":"4cz9gr89nglr7k8k","time":1611688638,"event":{"mods":["BaseMod","Minty Spire (QoL Compilation)","Relic Stats","Slay-I"],"gold_per_floor":[17,31,45,195,270,303,303,228,228,61,61,75,94,112,112,183,183,200,200,28,28,28,28,28,53,80,80,80],"floor_reached":27,"language":"DEU","playtime":717,"items_purged":["Doubt"],"score":458,"play_id":"75be5d36-78ee-4d81-9168-d13e2fdc520c","local_time":"20210126201717","is_ascension_mode":true,"campfire_choices":[{"floor":7,"key":"REST"},{"floor":11,"key":"REST"},{"floor":15,"key":"REST"},{"floor":23,"key":"REST"}],"circlet_count":0,"master_deck":["AscendersBane","Strike_R","Strike_R","Strike_R","Strike_R","Strike_R","Defend_R","Defend_R","Defend_R","Defend_R","Bash","Sword Boomerang","Clash","Anger","Flex","Flex","Fire Breathing+1","Flame Barrier","Reaper","Shockwave","Evolve+1","Uppercut","Twin Strike","Writhe","Decay","Iron Wave"],"relics":["Burning Blood","Mummified Hand","Frozen Egg 2","Regal Pillow","Runic Dome","Letter Opener","Shuriken","Bronze Scales","Boot"],"acts_visited":["Exordium","TheCity"],"potions_floor_usage":[6,16,25],"damage_taken":[{"damage":11,"enemies":"Cultist","floor":1,"turns":4},{"damage":14,"enemies":"2 Louse","floor":2,"turns":3},{"damage":7,"enemies":"Jaw Worm","floor":3,"turns":3},{"damage":55,"enemies":"Lagavulin","floor":6,"turns":8},{"damage":31,"enemies":"Exordium Thugs","floor":12,"turns":5},{"damage":16,"enemies":"Blue Slaver","floor":13,"turns":3},{"damage":7,"enemies":"Looter","floor":14,"turns":3},{"damage":44,"enemies":"The Guardian","floor":16,"turns":10},{"damage":35,"enemies":"2 Thieves","floor":18,"turns":4},{"damage":78,"enemies":"Book of Stabbing","floor":25,"turns":6},{"damage":26,"enemies":"Colosseum Slavers","floor":27,"turns":3}],"seed_played":"-1745288102475017377","potions_obtained":[{"floor":2,"key":"Ancient Potion"},{"floor":13,"key":"ColorlessPotion"},{"floor":14,"key":"SkillPotion"},{"floor":19,"key":"FearPotion"}],"is_trial":false,"path_per_floor":["M","M","M","?","?","E","R","$","T","$","R","M","M","M","R","B",null,"M","?","$","?","T","R","?","E","T","?"],"character_chosen":"IRONCLAD","items_purchased":["Regal Pillow","Evolve+1","Uppercut","Twin Strike"],"campfire_rested":4,"item_purchase_floors":[10,20,20,20],"current_hp_per_floor":[77,69,68,68,57,8,34,34,34,34,75,50,40,39,80,42,77,54,54,54,54,54,89,89,23,23,0,0],"gold":80,"neow_bonus":"TWENTY_PERCENT_HP_BONUS","is_daily":false,"chose_seed":false,"campfire_upgraded":0,"win_rate":0.0,"timestamp":1611688637,"path_taken":["M","?","M","?","?","E","R","$","T","$","R","M","M","M","R","BOSS","M","?","?","?","?","R","?","E","T","?"],"items_purchased_type":["Relic","Card","Card","Card"],"build_version":"2020-12-22","purchased_purges":1,"victory":false,"max_hp_per_floor":[89,89,89,89,89,89,89,89,89,89,89,89,89,89,89,89,89,89,89,89,89,89,89,89,89,89,89,89],"relic_stats":{"Regal Pillow":39,"counters":[11,52],"Mummified Hand":[10],"Shuriken":[1],"Bronze Scales":[12],"Letter Opener":[0],"Boot":[6],"obtain_stats":[{"Runic Dome":17,"Regal Pillow":10,"Mummified Hand":6,"Shuriken":22,"Bronze Scales":25,"Letter Opener":21,"Frozen Egg 2":9,"Boot":26,"Burning Blood":0},{"Runic Dome":8,"Regal Pillow":4,"Mummified Hand":4,"Shuriken":9,"Bronze Scales":10,"Letter Opener":9,"Frozen Egg 2":4,"Boot":10,"Burning Blood":0},{"Runic Dome":39,"Regal Pillow":18,"Mummified Hand":18,"Shuriken":43,"Bronze Scales":49,"Letter Opener":43,"Frozen Egg 2":18,"Boot":49,"Burning Blood":0}],"Burning Blood":60},"card_choices":[{"not_picked":["Heavy Blade","Headbutt"],"picked":"Sword Boomerang","floor":1},{"not_picked":["Armaments","Rampage"],"picked":"Clash","floor":2},{"not_picked":["Feel No Pain","Seeing Red"],"picked":"Anger","floor":3},{"not_picked":["Whirlwind","Intimidate"],"picked":"Flex","floor":6},{"not_picked":["Headbutt","Heavy Blade"],"picked":"Flex","floor":12},{"not_picked":["Infernal Blade","Shockwave"],"picked":"Fire Breathing+1","floor":13},{"not_picked":["Sword Boomerang","Iron Wave"],"picked":"Flame Barrier","floor":14},{"not_picked":["Juggernaut+1","Impervious"],"picked":"Reaper","floor":16},{"not_picked":["Anger","Havoc"],"picked":"Shockwave","floor":18},{"not_picked":["True Grit","Rampage"],"picked":"Iron Wave","floor":25}],"player_experience":1523532,"relics_obtained":[{"floor":6,"key":"Mummified Hand"},{"floor":9,"key":"Frozen Egg 2"},{"floor":22,"key":"Shuriken"},{"floor":25,"key":"Bronze Scales"},{"floor":26,"key":"Boot"}],"event_choices":[{"damage_healed":0,"gold_gain":150,"player_choice":"AGREE","damage_taken":0,"max_hp_gain":0,"max_hp_loss":0,"event_name":"Liars Game","floor":4,"gold_loss":0,"cards_obtained":["Doubt"]},{"damage_healed":0,"gold_gain":75,"player_choice":"Gather Gold","damage_taken":11,"max_hp_gain":0,"max_hp_loss":0,"event_name":"World of Goop","floor":5,"gold_loss":0},{"damage_healed":0,"gold_gain":0,"player_choice":"Got Potions","damage_taken":0,"max_hp_gain":0,"max_hp_loss":0,"event_name":"Lab","floor":19,"gold_loss":0},{"damage_healed":0,"gold_gain":0,"player_choice":"Opened","damage_taken":0,"relics_obtained":["Letter Opener"],"max_hp_gain":0,"max_hp_loss":0,"event_name":"The Mausoleum","floor":21,"gold_loss":0,"cards_obtained":["Writhe"]},{"damage_healed":0,"gold_gain":0,"player_choice":"Smashed Altar","damage_taken":0,"max_hp_gain":0,"max_hp_loss":0,"event_name":"Forgotten Altar","floor":24,"gold_loss":0,"cards_obtained":["Decay"]},{"damage_healed":0,"gold_gain":0,"player_choice":"Fight","damage_taken":0,"max_hp_gain":0,"max_hp_loss":0,"event_name":"Colosseum","floor":27,"gold_loss":0}],"is_beta":false,"boss_relics":[{"not_picked":["Runic Pyramid","Black Star"],"picked":"Runic Dome"}],"items_purged_floors":[8],"is_endless":false,"potions_floor_spawned":[2,13,14],"killed_by":"Colosseum Slavers","ascension_level":20}}