{"host":"f5n4tidiz2n5sooh","time":1611669816,"event":{"mods":["BaseMod","Colored Map","Minty Spire (QoL Compilation)","Relic Stats","Slay the Relics Exporter","StSLib"],"gold_per_floor":[119,119,136,136,148,148,181,181,204,229,229,12,27,27,27,101,101,113,128,128,53,53,53,80,80,80,80,80,80],"floor_reached":28,"language":"ENG","playtime":1115,"items_purged":["Strike_G"],"score":484,"play_id":"fa4c3550-c0c2-40b8-b222-fd42ba54f30e","local_time":"20210126080336","is_ascension_mode":true,"campfire_choices":[{"data":"Poisoned Stab","floor":6,"key":"SMITH"},{"floor":8,"key":"REST"},{"floor":11,"key":"REST"},{"floor":15,"key":"REST"},{"data":"Footwork","floor":23,"key":"SMITH"},{"data":"Footwork","floor":25,"key":"SMITH"},{"data":"Neutralize","floor":27,"key":"SMITH"}],"circlet_count":0,"master_deck":["AscendersBane","Strike_G","Strike_G","Strike_G","Defend_G","Defend_G","Defend_G","Defend_G","Defend_G","Survivor","Neutralize+1","Eviscerate+1","Poisoned Stab+1","Blur","Bouncing Flask","Backflip","Footwork+1","Dagger Throw","Footwork+1","All Out Attack","Night Terror","Bouncing Flask+1","Night Terror","Catalyst"],"relics":["Ring of the Snake","Dream Catcher","Happy Flower","Snake Skull","Boot","Snecko Eye","Ginger","Paper Crane"],"acts_visited":["Exordium","TheCity"],"potions_floor_usage":[7,10,15,19,24],"damage_taken":[{"damage":2,"enemies":"Small Slimes","floor":1,"turns":5},{"damage":4,"enemies":"Jaw Worm","floor":3,"turns":4},{"damage":0,"enemies":"2 Louse","floor":5,"turns":4},{"damage":37,"enemies":"3 Sentries","floor":7,"turns":11},{"damage":1,"enemies":"Gremlin Nob","floor":10,"turns":3},{"damage":36,"enemies":"Gremlin Gang","floor":13,"turns":4},{"damage":27,"enemies":"The Guardian","floor":16,"turns":10},{"damage":15,"enemies":"2 Thieves","floor":18,"turns":3},{"damage":27,"enemies":"Spheric Guardian","floor":19,"turns":4},{"damage":10,"enemies":"Gremlin Leader","floor":24,"turns":5},{"damage":24,"enemies":"Slavers","floor":28,"turns":4}],"seed_played":"-3807128525331748185","potions_obtained":[{"floor":1,"key":"SkillPotion"},{"floor":3,"key":"SkillPotion"},{"floor":5,"key":"DuplicationPotion"},{"floor":13,"key":"Fruit Juice"},{"floor":18,"key":"SkillPotion"},{"floor":19,"key":"GamblersBrew"}],"is_trial":false,"path_per_floor":["M","?","M","?","M","R","E","R","T","E","R","$","M","?","R","B",null,"M","M","?","?","?","R","E","R","T","R","E"],"character_chosen":"THE_SILENT","items_purchased":["Footwork","Dagger Throw"],"campfire_rested":3,"item_purchase_floors":[12,12],"current_hp_per_floor":[63,45,41,41,41,41,4,25,25,24,45,45,9,9,37,10,60,45,18,33,33,33,33,23,23,23,23,0,0],"gold":80,"neow_bonus":"TEN_PERCENT_HP_BONUS","is_daily":false,"chose_seed":false,"campfire_upgraded":4,"win_rate":0.0,"timestamp":1611669816,"path_taken":["M","?","M","?","M","R","E","R","T","E","R","$","M","?","R","BOSS","M","M","?","?","?","R","E","R","T","R","E"],"items_purchased_type":["Card","Card"],"build_version":"2020-12-22","purchased_purges":1,"victory":false,"max_hp_per_floor":[72,72,72,72,72,72,72,72,72,72,72,72,72,72,77,77,77,77,77,77,77,77,77,77,77,77,77,77,77],"relic_stats":{"Dream Catcher":3,"Happy Flower":[11],"counters":[11,57],"Snecko Eye":[30,30,28,27],"Snake Skull":[50],"Ginger":[4],"Boot":[13],"obtain_stats":[{"Dream Catcher":2,"Happy Flower":7,"Snecko Eye":17,"Snake Skull":9,"Ginger":24,"Paper Crane":26,"Boot":10,"Ring of the Snake":0},{"Dream Catcher":1,"Happy Flower":4,"Snecko Eye":7,"Snake Skull":4,"Ginger":10,"Paper Crane":10,"Boot":5,"Ring of the Snake":0},{"Dream Catcher":5,"Happy Flower":24,"Snecko Eye":41,"Snake Skull":24,"Ginger":53,"Paper Crane":53,"Boot":27,"Ring of the Snake":0}],"Ring of the Snake":[22]},"card_choices":[{"not_picked":["Noxious Fumes","Infinite Blades"],"picked":"Eviscerate","floor":1},{"not_picked":["Choke","Reflex","Flying Knee"],"picked":"SKIP","floor":3},{"not_picked":["Backflip","Prepared"],"picked":"Poisoned Stab","floor":5},{"not_picked":["Envenom","Expertise","Choke"],"picked":"SKIP","floor":7},{"not_picked":["Deadly Poison","Deflect"],"picked":"Blur","floor":8},{"not_picked":["Footwork","Leg Sweep"],"picked":"Bouncing Flask","floor":10},{"not_picked":["Slice","Deadly Poison"],"picked":"Backflip","floor":11},{"not_picked":["Flying Knee","Skewer"],"picked":"Footwork","floor":13},{"not_picked":["Dodge and Roll","Acrobatics"],"picked":"All Out Attack","floor":15},{"not_picked":["After Image","Envenom"],"picked":"Night Terror","floor":16},{"not_picked":["Dagger Spray","Slice+1","Distraction"],"picked":"SKIP","floor":18},{"not_picked":["Backflip","Blade Dance"],"picked":"Bouncing Flask+1","floor":19},{"not_picked":["Sucker Punch","Cloak And Dagger"],"picked":"Catalyst","floor":24}],"player_experience":2028713,"relics_obtained":[{"floor":7,"key":"Happy Flower"},{"floor":9,"key":"Snake Skull"},{"floor":10,"key":"Boot"},{"floor":24,"key":"Ginger"},{"floor":26,"key":"Paper Crane"}],"event_choices":[{"damage_healed":0,"gold_gain":0,"player_choice":"Success","damage_taken":18,"relics_obtained":["Dream Catcher"],"max_hp_gain":0,"max_hp_loss":0,"event_name":"Scrap Ooze","floor":2,"gold_loss":0},{"damage_healed":0,"gold_gain":0,"player_choice":"Grow","damage_taken":0,"max_hp_gain":0,"max_hp_loss":0,"event_name":"Living Wall","floor":4,"gold_loss":0,"cards_upgraded":["Eviscerate"]},{"damage_healed":0,"gold_gain":0,"player_choice":"Ignored","damage_taken":0,"max_hp_gain":0,"max_hp_loss":0,"event_name":"Shining Light","floor":14,"gold_loss":0},{"damage_healed":15,"gold_gain":0,"player_choice":"Heal","damage_taken":0,"max_hp_gain":0,"max_hp_loss":0,"event_name":"The Library","floor":20,"gold_loss":0},{"cards_removed":["Strike_G"],"damage_healed":0,"gold_gain":0,"player_choice":"Gave Gold","damage_taken":0,"max_hp_gain":0,"max_hp_loss":0,"event_name":"Beggar","floor":21,"gold_loss":75},{"damage_healed":0,"gold_gain":0,"player_choice":"Copied","damage_taken":0,"max_hp_gain":0,"max_hp_loss":0,"event_name":"Duplicator","floor":22,"gold_loss":0,"cards_obtained":["Night Terror"]}],"is_beta":false,"boss_relics":[{"not_picked":["Velvet Choker","Ring of the Serpent"],"picked":"Snecko Eye"}],"items_purged_floors":[12],"is_endless":false,"potions_floor_spawned":[1,3,5,13,18,19],"killed_by":"Slavers","ascension_level":20}}