{"host":"1xo5g347e5o4auts","time":1611672386,"event":{"mods":["BaseMod","Minty Spire (QoL Compilation)","Permanent Neow","StSLib"],"gold_per_floor":[118,118,118,193,208,208,240,272,339,376,388,400,412,412],"floor_reached":13,"language":"ENG","playtime":723,"items_purged":[],"score":182,"play_id":"c31cca27-fc21-44b9-a98c-284124380df8","local_time":"20210126164626","is_ascension_mode":true,"campfire_choices":[{"data":"Uppercut","floor":6.0,"key":"SMITH"},{"data":"Bloodletting","floor":12,"key":"SMITH"}],"circlet_count":0,"master_deck":["AscendersBane","Strike_R","Strike_R","Strike_R","Strike_R","Defend_R+1","Defend_R","Defend_R","Defend_R+1","Bash","Sword Boomerang","Uppercut","Uppercut+1","Havoc","Bloodletting+1","Parasite"],"relics":["Burning Blood","MawBank","War Paint","Question Card"],"acts_visited":["Exordium"],"potions_floor_usage":[13],"damage_taken":[{"damage":2.0,"enemies":"2 Louse","floor":1.0,"turns":3.0},{"damage":1.0,"enemies":"Small Slimes","floor":5.0,"turns":3.0},{"damage":17.0,"enemies":"Gremlin Nob","floor":7.0,"turns":4.0},{"damage":2.0,"enemies":"Jaw Worm","floor":8.0,"turns":4.0},{"damage":39.0,"enemies":"3 Sentries","floor":10.0,"turns":10.0},{"damage":11,"enemies":"Lagavulin","floor":13,"turns":7}],"seed_played":"7260713781767726500","potions_obtained":[{"floor":1.0,"key":"BlessingOfTheForge"},{"floor":5.0,"key":"EssenceOfSteel"}],"is_trial":false,"path_per_floor":["M","?","?","?","M","R","E","M","T","E","?","R","E"],"character_chosen":"IRONCLAD","items_purchased":[],"campfire_rested":0,"item_purchase_floors":[],"current_hp_per_floor":[72,72,77,66,71,71,60,64,64,31,51,51,40,40],"gold":412,"neow_bonus":"THREE_CARDS","is_daily":false,"chose_seed":false,"campfire_upgraded":2,"win_rate":0.0,"timestamp":1611672386,"path_taken":["M","?","?","?","M","R","E","M","T","E","?","R","E"],"items_purchased_type":[],"build_version":"2020-12-22","purchased_purges":0,"victory":false,"max_hp_per_floor":[75,75,80,80,80,80,80,80,80,80,80,80,80,80],"card_choices":[{"not_picked":["Havoc","Dark Embrace"],"picked":"Sword Boomerang","floor":0.0},{"not_picked":["Wild Strike","Body Slam"],"picked":"Uppercut","floor":1.0},{"not_picked":["Perfected Strike","Sword Boomerang","Pommel Strike"],"picked":"SKIP","floor":5.0},{"not_picked":["Cleave","Twin Strike","Infernal Blade"],"picked":"SKIP","floor":7.0},{"not_picked":["Heavy Blade","Twin Strike","Havoc"],"picked":"SKIP","floor":8.0},{"not_picked":["Heavy Blade","Twin Strike"],"picked":"Havoc","floor":8.0},{"not_picked":["Rage","Uppercut","Bloodletting"],"picked":"SKIP","floor":10.0},{"not_picked":["Rage","Uppercut"],"picked":"Bloodletting","floor":10.0}],"player_experience":1362872,"relics_obtained":[{"floor":7.0,"key":"MawBank"},{"floor":9.0,"key":"War Paint"},{"floor":10.0,"key":"Question Card"}],"event_choices":[{"damage_healed":0.0,"max_hp_gain":0.0,"max_hp_loss":0.0,"gold_gain":0.0,"cards_transformed":["Strike_R"],"event_name":"Living Wall","player_choice":"Change","floor":2.0,"gold_loss":0.0,"damage_taken":0.0,"cards_obtained":["Uppercut"]},{"damage_healed":0.0,"max_hp_gain":5.0,"max_hp_loss":0.0,"gold_gain":0.0,"event_name":"Big Fish","player_choice":"Donut","floor":3.0,"gold_loss":0.0,"damage_taken":0.0},{"damage_healed":0.0,"max_hp_gain":0.0,"max_hp_loss":0.0,"gold_gain":75.0,"event_name":"World of Goop","player_choice":"Gather Gold","floor":4.0,"gold_loss":0.0,"damage_taken":11.0},{"damage_healed":20,"gold_gain":0,"player_choice":"Healed and dodged fight","damage_taken":0,"max_hp_gain":0,"max_hp_loss":0,"event_name":"Mushrooms","floor":11,"gold_loss":0,"cards_obtained":["Parasite"]}],"is_beta":false,"boss_relics":[],"items_purged_floors":[],"is_endless":false,"potions_floor_spawned":[1,5],"killed_by":"Lagavulin","ascension_level":20}}