{"host":"tx53bzy9yvi1me7u","time":1611672425,"event":{"mods":["BaseMod","CCEM2","Colored Map","Colored Powertips","Conspire","Highlight Path","Hubris","Mimic Mod","Minty Spire (QoL Compilation)","Permanent Neow","Quick Restart","Replay The Spire","Spicy Shops","StSLib","The Blue Laboratory","Wandering Minibosses"],"gold_per_floor":[116,116,132,146,158,158,233,259,291,310,320,346,346,346,346,443,443,455,465,70,70,89,89,117,117,117,130,157,174,174,187,187,282,382,394,441,202,219,230,230,230,230,230],"floor_reached":42,"language":"ENG","playtime":2773,"items_purged":["theextravagant:SlyStrike","theextravagant:Fence"],"score":450,"play_id":"b7ca1634-a264-441e-8181-d122c7bd4d2f","local_time":"20210126094705","is_ascension_mode":false,"campfire_choices":[{"data":"theextravagant:SharpTalons","floor":6,"key":"SMITH"},{"data":"theextravagant:GlyphOfChoice","floor":13,"key":"SMITH"},{"data":"theextravagant:Pluck","floor":13,"key":"SMITH"},{"data":"theextravagant:Thrill","floor":15,"key":"SMITH"},{"data":"theextravagant:Cutthroat","floor":15,"key":"SMITH"},{"data":"J.A.X.","floor":23,"key":"SMITH"},{"data":"theextravagant:Nihil","floor":23,"key":"SMITH"},{"floor":25,"key":"REST"},{"floor":32,"key":"REST"},{"data":"theextravagant:Impulse","floor":40,"key":"SMITH"},{"data":"theextravagant:Impulse","floor":40,"key":"SMITH"}],"circlet_count":0,"master_deck":["theextravagant:SlyStrike","theextravagant:SlyStrike","theextravagant:SlyStrike","theextravagant:Fence","theextravagant:Fence","theextravagant:QuickAttack","theextravagant:Triumph+1","theextravagant:Thrill+1","theextravagant:SharpTalons+1","theextravagant:Cutthroat+1","theextravagant:Firework+1","theextravagant:Pluck+1","Dramatic Entrance+1","theextravagant:GlyphOfChoice+1","Discovery+1","theextravagant:RiskyStrike+1","theextravagant:Nihil+1","theextravagant:SpontaneousStrike+1","theextravagant:Shove","Pain","J.A.X.+1","theextravagant:CuttingEdge","theextravagant:Castle+1","theextravagant:Shove","theextravagant:Thrill+1","theextravagant:SharpTalons+1","theextravagant:Impulse+1","theextravagant:Vintage+1","theextravagant:Impulse+1"],"relics":["theextravagant:TranslucentFeather","Replay:Arrowhead","CCEMRelics:FestiveHat","CCEMRelics:FryingPan","conspire:RunicOctahedron","Medical Kit","BargainBundle","CCEMRelics:SpiritsEdge","conspire:TopHat","CCEMRelics:TechnogenicHelmet","Smiling Mask","CCEMRelics:PowerPill","Replay:Wanted Poster","Du-Vu Doll","Akabeko"],"acts_visited":["Exordium","TheCity","TheBeyond"],"potions_floor_usage":[16,16,18,24,24,33,33,33,39,42],"damage_taken":[{"damage":0,"enemies":"Cultist","floor":1,"turns":3},{"damage":2,"enemies":"Small Slimes","floor":3,"turns":3},{"damage":5,"enemies":"conspire:RoseBush","floor":4,"turns":1},{"damage":0,"enemies":"Exordium Wildlife","floor":5,"turns":2},{"damage":16,"enemies":"Lagavulin","floor":8,"turns":5},{"damage":6,"enemies":"2 Fungi Beasts","floor":9,"turns":4},{"damage":0,"enemies":"2 Fungi Beasts","floor":10,"turns":2},{"damage":0,"enemies":"Looter","floor":11,"turns":1},{"damage":12,"enemies":"3 Sentries","floor":12,"turns":4},{"damage":14,"enemies":"Hexaghost","floor":16,"turns":5},{"damage":8,"enemies":"2 Thieves","floor":18,"turns":3},{"damage":12,"enemies":"Shell Parasite","floor":19,"turns":2},{"damage":10,"enemies":"Cultist and Chosen","floor":22,"turns":3},{"damage":43,"enemies":"Slavers","floor":24,"turns":3},{"damage":0,"enemies":"Snake Plant","floor":27,"turns":1},{"damage":18,"enemies":"Gremlin Leader","floor":28,"turns":3},{"damage":2,"enemies":"3 Cultists","floor":29,"turns":3},{"damage":4,"enemies":"Sentry and Sphere","floor":31,"turns":2},{"damage":23,"enemies":"Automaton","floor":33,"turns":6},{"damage":11,"enemies":"Orb Walker","floor":35,"turns":2},{"damage":29,"enemies":"2 Orb Walkers","floor":36,"turns":3},{"damage":9,"enemies":"3 Shapes","floor":38,"turns":1},{"damage":10,"enemies":"Writhing Mass","floor":39,"turns":3},{"damage":25,"enemies":"Jaw Worm Horde","floor":42,"turns":1}],"seed_played":"-7032476886678431213","potions_obtained":[{"floor":4,"key":"ColorlessPotion"},{"floor":5,"key":"SteroidPotion"},{"floor":10,"key":"Adrenaline Potion"},{"floor":19,"key":"Flashbang"},{"floor":24,"key":"LifebloodPotion"},{"floor":29,"key":"SpeedPotion"},{"floor":31,"key":"DuplicationPotion"},{"floor":33,"key":"Strength Potion"},{"floor":35,"key":"Ancient Potion"},{"floor":39,"key":"blueLaboratory:Moonshine"}],"is_trial":false,"path_per_floor":["M","?","M","M","M","R","?","E","MIM","M","M","E","R","?","R","B",null,"M","M","$","?","M","R","E","R","T","M","E","M","T","M","R","B",null,"M","?","$","M","M","R","?","M"],"character_chosen":"THE_EXTRAVAGANT","items_purchased":["Medical Kit","BargainBundle","CCEMRelics:SpiritsEdge","blueLaboratory:BottleOfRum","SkillPotion","Akabeko","theextravagant:Impulse"],"campfire_rested":2,"item_purchase_floors":[20,20,20,20,20,37,37],"current_hp_per_floor":[80,80,78,73,73,73,62,46,40,40,40,28,28,28,28,14,78,70,58,58,58,48,48,5,28,28,28,10,8,8,4,27,4,78,67,38,38,29,19,19,19,0,0],"gold":230,"neow_bonus":"RANDOM_EVENT","is_daily":false,"chose_seed":false,"campfire_upgraded":9,"win_rate":0.0,"timestamp":1611672425,"path_taken":["M","?","M","?","M","R","?","E","MIM","M","M","E","R","?","R","BOSS","M","M","$","?","M","R","E","R","T","M","E","M","?","M","R","BOSS","M","?","$","M","M","R","?","?"],"items_purchased_type":["Relic","Relic","Relic","Potion","Potion","Relic","Card"],"build_version":"2020-12-22","purchased_purges":2,"victory":false,"max_hp_per_floor":[80,80,80,80,80,80,80,80,80,80,80,80,80,80,80,78,78,78,78,78,78,78,78,78,78,78,78,78,78,78,78,78,78,78,78,78,78,78,78,78,78,78,78],"card_choices":[{"not_picked":["theextravagant:Firework","theextravagant:Swirl"],"picked":"theextravagant:Thrill","floor":1},{"not_picked":["theextravagant:Firework","theextravagant:SpiritBolt"],"picked":"theextravagant:SharpTalons","floor":3},{"not_picked":["theextravagant:Defy","theextravagant:Firework"],"picked":"theextravagant:Cutthroat","floor":4},{"not_picked":["theextravagant:Flashback","theextravagant:Glamour"],"picked":"theextravagant:Firework","floor":5},{"not_picked":["theextravagant:StepBack","theextravagant:Drift"],"picked":"theextravagant:Pluck","floor":8},{"not_picked":["Blind+1","Bandage Up+1"],"picked":"Dramatic Entrance+1","floor":10},{"not_picked":["theextravagant:Drift","theextravagant:PerfectTheBasics"],"picked":"theextravagant:GlyphOfChoice","floor":10},{"not_picked":["ReplayTheSpireMod:Uncanny Aura+1","Poisoned Strike+1"],"picked":"Discovery+1","floor":11},{"not_picked":["theextravagant:Comeback","theextravagant:Riot","theextravagant:PerfectTheBasics"],"picked":"SKIP","floor":11},{"not_picked":["Good Instincts+1","Swift Strike+1","Replay:Parry+1"],"picked":"SKIP","floor":12},{"not_picked":["theextravagant:ArtisticDisplay","theextravagant:GarbageCannon","theextravagant:Radiance"],"picked":"SKIP","floor":12},{"not_picked":["theextravagant:ShieldCharm","theextravagant:SnakeOil"],"picked":"theextravagant:Nihil","floor":16},{"not_picked":["theextravagant:GlyphOfTime","theextravagant:Comeback"],"picked":"theextravagant:SpontaneousStrike+1","floor":18},{"not_picked":["theextravagant:Cutthroat+1","theextravagant:Tension"],"picked":"theextravagant:Shove","floor":19},{"not_picked":["theextravagant:GustOfWind","theextravagant:ShootingStar"],"picked":"theextravagant:CuttingEdge","floor":22},{"not_picked":["theextravagant:Supersonic","theextravagant:Antiquity"],"picked":"theextravagant:Castle","floor":24},{"not_picked":["theextravagant:Shake","theextravagant:Dazzle"],"picked":"theextravagant:Shove","floor":27},{"not_picked":["theextravagant:Shake","theextravagant:Firework+1"],"picked":"theextravagant:Thrill+1","floor":28},{"not_picked":["theextravagant:PerfectTheBasics","theextravagant:Shake","theextravagant:GlyphOfSight"],"picked":"SKIP","floor":29},{"not_picked":["theextravagant:PuffUp","theextravagant:Defy","theextravagant:Comeback+1"],"picked":"SKIP","floor":31},{"not_picked":["theextravagant:Flashback","theextravagant:Precaution"],"picked":"theextravagant:SharpTalons+1","floor":35},{"not_picked":["theextravagant:HeavyBlows","theextravagant:Firework"],"picked":"theextravagant:Vintage+1","floor":38},{"not_picked":["theextravagant:Cutthroat","theextravagant:FocusStab"],"picked":"theextravagant:Impulse","floor":39}],"player_experience":478784,"relics_obtained":[{"floor":8,"key":"Replay:Arrowhead"},{"floor":9,"key":"CCEMRelics:FestiveHat"},{"floor":12,"key":"CCEMRelics:FryingPan"},{"floor":24,"key":"conspire:TopHat"},{"floor":26,"key":"CCEMRelics:TechnogenicHelmet"},{"floor":28,"key":"Smiling Mask"},{"floor":30,"key":"CCEMRelics:PowerPill"},{"floor":36,"key":"Du-Vu Doll"}],"event_choices":[{"damage_healed":0,"gold_gain":0,"player_choice":"Donut","damage_taken":0,"max_hp_gain":5,"max_hp_loss":0,"event_name":"Big Fish","floor":0,"gold_loss":0},{"damage_healed":0,"gold_gain":0,"player_choice":"Forge","damage_taken":0,"max_hp_gain":0,"max_hp_loss":0,"event_name":"Accursed Blacksmith","floor":2,"gold_loss":0,"cards_upgraded":["theextravagant:Triumph"]},{"damage_healed":0,"gold_gain":75,"player_choice":"Gather Gold","damage_taken":11,"max_hp_gain":0,"max_hp_loss":0,"event_name":"World of Goop","floor":7,"gold_loss":0},{"damage_healed":0,"gold_gain":0,"player_choice":"Obtain J.A.X.","damage_taken":0,"max_hp_gain":0,"max_hp_loss":0,"event_name":"Drug Dealer","floor":21,"gold_loss":0,"cards_obtained":["J.A.X."]},{"damage_healed":0,"gold_gain":0,"player_choice":"Fight","damage_taken":0,"max_hp_gain":0,"max_hp_loss":0,"event_name":"Mysterious Sphere","floor":36,"gold_loss":0}],"is_beta":false,"boss_relics":[{"not_picked":["Coffee Dripper","hubris:BlackHole"],"picked":"conspire:RunicOctahedron"},{"not_picked":["Busted Crown","theextravagant:CuffLinks"],"picked":"Replay:Wanted Poster"}],"items_purged_floors":[20,37],"is_endless":false,"potions_floor_spawned":[4,5,10,19,24,29,31,33,35,39],"killed_by":"Jaw Worm Horde","ascension_level":0}}