{"host":"359hz4210ybch7ku","time":1611632669,"event":{"mods":["BaseMod","Block Reminder","Colored Map","Colored Powertips","Highlight Path","Minty Spire (QoL Compilation)","Slay the Relics Exporter","StSLib"],"gold_per_floor":[118,39,50,225,244,244,277,277,300,375,58,58,69,88,88,88,88],"floor_reached":16,"language":"ENG","playtime":716,"items_purged":[],"score":120,"play_id":"0a2e8efa-ac62-41ae-89a7-2cf64f0788ad","local_time":"20210125194429","is_ascension_mode":true,"campfire_choices":[{"data":"Dark Embrace","floor":6.0,"key":"SMITH"},{"data":"Rampage","floor":8.0,"key":"SMITH"},{"data":"Pommel Strike","floor":12.0,"key":"SMITH"},{"floor":15.0,"key":"REST"}],"circlet_count":0,"master_deck":["Strike_R","Strike_R","Strike_R","Strike_R","Strike_R","Defend_R","Defend_R","Defend_R","Defend_R","Bash","Pommel Strike+1","Dark Embrace+1","Doubt","Rampage+1","Exhume","Spot Weakness","True Grit"],"relics":["Burning Blood","Boot","Juzu Bracelet","Bottled Lightning"],"acts_visited":["Exordium"],"potions_floor_usage":[16,16,16],"damage_taken":[{"damage":8.0,"enemies":"Jaw Worm","floor":1.0,"turns":4.0},{"damage":4.0,"enemies":"Small Slimes","floor":3.0,"turns":4.0},{"damage":2.0,"enemies":"2 Louse","floor":5.0,"turns":3.0},{"damage":32.0,"enemies":"Gremlin Nob","floor":7.0,"turns":4.0},{"damage":25.0,"enemies":"Large Slime","floor":13.0,"turns":3.0},{"damage":18.0,"enemies":"Red Slaver","floor":14.0,"turns":3.0},{"damage":31,"enemies":"The Guardian","floor":16,"turns":12}],"seed_played":"-4164545237986291084","potions_obtained":[{"floor":0.0,"key":"Swift Potion"},{"floor":0.0,"key":"AttackPotion"},{"floor":0.0,"key":"Ancient Potion"},{"floor":14.0,"key":"AttackPotion"}],"is_trial":false,"path_per_floor":["M","$","M","?","M","R","E","R","T","?","$","R","M","M","R","B"],"character_chosen":"IRONCLAD","items_purchased":["Dark Embrace","Spot Weakness","Bottled Lightning"],"campfire_rested":1,"item_purchase_floors":[2,11,11],"current_hp_per_floor":[78,78,80,80,80,80,54,54,54,43,43,43,24,12,36,5,5],"gold":88,"neow_bonus":"THREE_SMALL_POTIONS","is_daily":false,"chose_seed":false,"campfire_upgraded":3,"win_rate":0.0,"timestamp":1611632669,"path_taken":["M","$","M","?","M","R","E","R","T","?","$","R","M","M","R","BOSS"],"items_purchased_type":["Card","Card","Relic"],"build_version":"2020-12-22","purchased_purges":0,"victory":false,"max_hp_per_floor":[80,80,80,80,80,80,80,80,80,80,80,80,80,80,80,80,80],"card_choices":[{"not_picked":["Armaments","Dropkick"],"picked":"Pommel Strike","floor":1.0},{"not_picked":["Clash","Iron Wave","Power Through"],"picked":"SKIP","floor":3.0},{"not_picked":["Blood for Blood","Body Slam"],"picked":"Rampage","floor":5.0},{"not_picked":["Headbutt","Sentinel"],"picked":"Exhume","floor":7.0},{"not_picked":["Ghostly Armor","Shrug It Off"],"picked":"True Grit","floor":13.0},{"not_picked":["Rupture","Entrench","Dropkick"],"picked":"SKIP","floor":14.0}],"player_experience":288987,"relics_obtained":[{"floor":7.0,"key":"Boot"},{"floor":9.0,"key":"Juzu Bracelet"}],"event_choices":[{"damage_healed":0.0,"max_hp_gain":0.0,"max_hp_loss":0.0,"gold_gain":175.0,"event_name":"Liars Game","player_choice":"AGREE","floor":4.0,"gold_loss":0.0,"damage_taken":0.0,"cards_obtained":["Doubt"]},{"damage_healed":0.0,"max_hp_gain":0.0,"max_hp_loss":0.0,"gold_gain":75.0,"event_name":"World of Goop","player_choice":"Gather Gold","floor":10.0,"gold_loss":0.0,"damage_taken":11.0}],"is_beta":false,"boss_relics":[],"items_purged_floors":[],"is_endless":false,"potions_floor_spawned":[3,14],"killed_by":"The Guardian","ascension_level":4}}