{"host":"28bpuzdckreop5i0","time":1611678887,"event":{"mods":["Aspiration","BaseMod","Challenge The Spire","Defuse TimeMaze Blight","Downfall","Energized Spire","GifTheSpireLib","Googly Eyes","Minty Spire (QoL Compilation)","Relic Stats","Shop Mod","Spicy Shops","StSLib","Stuff the Spire","The Awakened One except there are too many feathers","The IronCluck","Transform Curses","slay the spire mod where everything is the same but ironclad has a cowboy hat"],"gold_per_floor":[99,99,99,99,112,112,157,157,169,186,219,287,287,337,353,456,506,506,571,591,603,653,653,653,99,110,128,153,168,168,218,235,331,331,331,345,360,371,383,112,135,235,261,311,326,346,359,100,113,113],"floor_reached":51,"language":"ENG","playtime":3331,"items_purged":["bronze:Strike","bronze:Defend","bronze:Defend"],"score":880,"play_id":"2aa1cf2c-9148-4f0f-8c4e-fdb2ae965642","local_time":"20210126103447","is_ascension_mode":false,"campfire_choices":[{"data":"bronze:Goto","floor":1,"key":"SMITH"},{"data":"bronze:BugBarrage","floor":6,"key":"SMITH"},{"data":"bronze:BugBarrage","floor":13,"key":"SMITH"},{"data":"bronze:BugBarrage","floor":18,"key":"SMITH"},{"data":"bronze:Turbo","floor":23,"key":"SMITH"},{"data":"bronze:Mutator","floor":30,"key":"SMITH"},{"floor":35,"key":"RECALL"}],"circlet_count":0,"master_deck":["bronze:Strike+1","bronze:Strike","bronze:Strike","bronze:Defend","bronze:Defend","bronze:Replicate+1","bronze:Goto+1","bronze:BugBarrage+1","bronze:Turbo","bronze:OilSpill+1","bronze:WildBeam+1","bronze:Turbo+1","bronze:OilSpill","bronze:Break","bronze:BugBarrage+1","bronze:BuggyMess+1","bronze:Shield","bronze:Mutator+1","bronze:BugBarrage","bronze:BugBarrage+1","bronze:BugBarrage+1","StuffTheSpire:BrainWave","Parasite"],"relics":["bronze:BronzeCore","downfall:HeartsMalice","Orichalcum","SsserpentHead","StuffTheSpire:OldFever","Tiny House","Blue Candle","aspiration:HummingbirdHeart","Membership Card","Bag of Preparation","aspiration:FrozenJewel","StuffTheSpire:Nightcore","aspiration:ChemicalBlood","StuffTheSpire:CocoNut","SlaversCollar","Bottled Lightning","Gremlin Horn","Medical Kit","Pear","PreservedInsect","Potion Belt","StuffTheSpire:NeowsTribute","StuffTheSpire:Mouthbags","StuffTheSpire:BottledEssence","Bottled Flame"],"acts_visited":["Exordium","TheCity","TheBeyond"],"potions_floor_usage":[11,16,16,19,38,39,40,50],"damage_taken":[{"damage":0,"enemies":"Small Slimes","floor":2,"turns":1},{"damage":0,"enemies":"Cultist","floor":3,"turns":1},{"damage":0,"enemies":"2 Louse","floor":4,"turns":1},{"damage":19,"enemies":"Gremlin Gang","floor":5,"turns":4},{"damage":1,"enemies":"3 Louse","floor":9,"turns":2},{"damage":0,"enemies":"Blue Slaver","floor":10,"turns":2},{"damage":7,"enemies":"3 Sentries","floor":11,"turns":6},{"damage":6,"enemies":"Exordium Wildlife","floor":12,"turns":2},{"damage":0,"enemies":"3 Louse","floor":15,"turns":1},{"damage":4,"enemies":"WA_ARCHETYPE_RETAIN","floor":16,"turns":4},{"damage":9,"enemies":"Shell Parasite","floor":19,"turns":4},{"damage":24,"enemies":"Centurion and Healer","floor":20,"turns":4},{"damage":1,"enemies":"3 Cultists","floor":21,"turns":3},{"damage":0,"enemies":"downfall:FleeingMerchant","floor":25,"turns":4},{"damage":0,"enemies":"Snake Plant","floor":26,"turns":2},{"damage":0,"enemies":"Cultist and Chosen","floor":27,"turns":2},{"damage":0,"enemies":"Gremlin Leader","floor":28,"turns":2},{"damage":0,"enemies":"Chosen and Byrds","floor":29,"turns":2},{"damage":0,"enemies":"Centurion and Healer","floor":32,"turns":2},{"damage":8,"enemies":"IC_MUSHROOM_ARCHETYPE","floor":33,"turns":4},{"damage":0,"enemies":"3 Darklings","floor":36,"turns":4},{"damage":0,"enemies":"Orb Walker","floor":37,"turns":2},{"damage":0,"enemies":"Transient","floor":38,"turns":5},{"damage":0,"enemies":"Maw","floor":39,"turns":3},{"damage":0,"enemies":"downfall:FleeingMerchant","floor":40,"turns":3},{"damage":0,"enemies":"downfall:FleeingMerchant","floor":42,"turns":4},{"damage":0,"enemies":"Giant Head","floor":43,"turns":2},{"damage":0,"enemies":"Spire Growth","floor":45,"turns":3},{"damage":0,"enemies":"3 Darklings","floor":46,"turns":2},{"damage":1,"enemies":"Writhing Mass","floor":47,"turns":3},{"damage":0,"enemies":"Sphere and 2 Shapes","floor":49,"turns":2},{"damage":34,"enemies":"DF_ARCHETYPE_ORBS","floor":50,"turns":3}],"seed_played":"1065696462556866302","potions_obtained":[{"floor":5,"key":"SkillPotion"},{"floor":10,"key":"AttackPotion"},{"floor":12,"key":"bronze:FreeFunctionsPotion"},{"floor":15,"key":"Block Potion"},{"floor":16,"key":"Weak Potion"},{"floor":17,"key":"Weak Potion"},{"floor":19,"key":"bronze:CleanCodePotion"},{"floor":26,"key":"Energy Potion"},{"floor":38,"key":"Fruit Juice"},{"floor":43,"key":"SmokeBomb"},{"floor":45,"key":"hexamod:SoulburnPotion"},{"floor":49,"key":"Swift Potion"}],"is_trial":false,"path_per_floor":["R","M","M","M","M","R","T","?","M","M","E","M","R","?","M","B",null,"R","M","M","M","?","R","T","$","M","M","E","M","R","?","M","B",null,"R","M","M","M","M","$","T","?","E","?","M","M","M","$","M","B",null],"character_chosen":"THE_AUTOMATON","items_purchased":["Membership Card","Bag of Preparation","aspiration:FrozenJewel","StuffTheSpire:Nightcore","aspiration:ChemicalBlood","Bottled Lightning","Fruit Juice","Gremlin Horn","Medical Kit","bronze:BugBarrage","Pear","PreservedInsect","StuffTheSpire:BottledEssence","Bottled Flame"],"campfire_rested":0,"item_purchase_floors":[25,25,25,25,25,40,40,40,40,40,40,40,48,48],"current_hp_per_floor":[70,70,70,70,51,51,51,51,50,50,43,37,37,37,37,33,75,75,66,42,41,36,36,36,36,36,36,43,43,43,43,43,35,82,82,82,82,87,87,102,102,102,102,92,92,92,91,91,91,57],"gold":113,"neow_bonus":"THREE_ENEMY_KILL","is_daily":false,"chose_seed":false,"campfire_upgraded":6,"win_rate":0.0,"timestamp":1611678887,"path_taken":["R","M","M","M","M","R","T","?","M","M","E","?","R","?","M","BOSS","R","?","M","M","?","R","T","$","M","M","E","M","R","?","M","BOSS","R","M","M","M","M","$","T","?","E","?","M","M","M","$","M","BOSS"],"items_purchased_type":["Relic","Relic","Relic","Relic","Relic","Relic","Potion","Relic","Relic","Card","Relic","Relic","Relic","Relic"],"build_version":"2020-12-22","purchased_purges":3,"victory":true,"max_hp_per_floor":[70,70,70,70,70,70,70,70,70,70,70,70,70,70,70,70,75,75,75,75,75,75,75,75,75,75,75,82,82,82,82,82,82,82,82,82,82,87,87,102,102,102,102,92,92,92,92,92,92,92],"relic_stats":{"SsserpentHead":350,"Gremlin Horn":[4,4],"counters":[32,84],"Blue Candle":[1],"PreservedInsect":125,"Bag of Preparation":[36],"Orichalcum":[156],"Medical Kit":[1],"obtain_stats":[{"bronze:BronzeCore":0,"Tiny House":17,"Gremlin Horn":40,"StuffTheSpire:BottledEssence":48,"Bag of Preparation":25,"SsserpentHead":8,"StuffTheSpire:Nightcore":25,"StuffTheSpire:NeowsTribute":42,"aspiration:ChemicalBlood":25,"Potion Belt":41,"Pear":40,"Blue Candle":22,"downfall:HeartsMalice":0,"PreservedInsect":40,"aspiration:HummingbirdHeart":24,"Orichalcum":7,"Medical Kit":40,"aspiration:FrozenJewel":25,"SlaversCollar":34,"Bottled Flame":48,"StuffTheSpire:Mouthbags":43,"StuffTheSpire:CocoNut":28,"Membership Card":25,"Bottled Lightning":40,"StuffTheSpire:OldFever":11},{"bronze:BronzeCore":0,"Tiny House":10,"Gremlin Horn":25,"StuffTheSpire:BottledEssence":30,"Bag of Preparation":14,"SsserpentHead":4,"StuffTheSpire:Nightcore":14,"StuffTheSpire:NeowsTribute":26,"aspiration:ChemicalBlood":14,"Potion Belt":25,"Pear":25,"Blue Candle":13,"downfall:HeartsMalice":0,"PreservedInsect":25,"aspiration:HummingbirdHeart":13,"Orichalcum":4,"Medical Kit":25,"aspiration:FrozenJewel":14,"SlaversCollar":20,"Bottled Flame":30,"StuffTheSpire:Mouthbags":27,"StuffTheSpire:CocoNut":17,"Membership Card":14,"Bottled Lightning":25,"StuffTheSpire:OldFever":7},{"bronze:BronzeCore":0,"Tiny House":21,"Gremlin Horn":65,"StuffTheSpire:BottledEssence":79,"Bag of Preparation":36,"SsserpentHead":4,"StuffTheSpire:Nightcore":36,"StuffTheSpire:NeowsTribute":69,"aspiration:ChemicalBlood":36,"Potion Belt":65,"Pear":65,"Blue Candle":32,"downfall:HeartsMalice":0,"PreservedInsect":65,"aspiration:HummingbirdHeart":32,"Orichalcum":4,"Medical Kit":65,"aspiration:FrozenJewel":36,"SlaversCollar":49,"Bottled Flame":79,"StuffTheSpire:Mouthbags":71,"StuffTheSpire:CocoNut":41,"Membership Card":36,"Bottled Lightning":65,"StuffTheSpire:OldFever":14}]},"card_choices":[{"not_picked":["bronze:Flail","bronze:MaxOutput"],"picked":"bronze:BugBarrage","floor":2},{"not_picked":["bronze:DelayedSlice","bronze:CutThrough"],"picked":"bronze:Turbo","floor":3},{"not_picked":["bronze:Branch","bronze:CloningBeam"],"picked":"bronze:OilSpill","floor":4},{"not_picked":["bronze:Overload","bronze:Terminator"],"picked":"bronze:WildBeam","floor":5},{"not_picked":["bronze:BuggyMess","bronze:DelayedSlice"],"picked":"bronze:BugBarrage","floor":9},{"not_picked":["bronze:DelayedSlice","bronze:Backtrace","bronze:Separator"],"picked":"SKIP","floor":10},{"not_picked":["bronze:ForLoop","bronze:ForceShield","bronze:BronzeOrb"],"picked":"SKIP","floor":11},{"not_picked":["bronze:Iterate","bronze:FineTuning"],"picked":"bronze:Turbo","floor":12},{"not_picked":["bronze:Fortify","bronze:DelayedGuard"],"picked":"bronze:OilSpill","floor":15},{"not_picked":["bronze:ThunderWave","bronze:Virus"],"picked":"bronze:Break","floor":16},{"not_picked":["bronze:CutThrough","bronze:Return"],"picked":"bronze:BugBarrage","floor":17},{"not_picked":["bronze:Return+1","bronze:Backtrace"],"picked":"bronze:BuggyMess+1","floor":19},{"not_picked":["bronze:WildBeam+1","bronze:DelayedGuard+1"],"picked":"bronze:Shield","floor":20},{"not_picked":["bronze:Fortify","bronze:Iterate","bronze:Philosophize"],"picked":"SKIP","floor":21},{"not_picked":["bronze:Repulsor","bronze:Iterate","bronze:BronzeArmor"],"picked":"SKIP","floor":25},{"not_picked":["bronze:DigitalCarnage+1","bronze:BronzeOrb+1","bronze:WhirlingStrike+1"],"picked":"SKIP","floor":26},{"not_picked":["bronze:FineTuning","bronze:Frontload","bronze:WhirlingStrike"],"picked":"SKIP","floor":27},{"not_picked":["bronze:Shield","bronze:DelayedSlice","bronze:CutThrough"],"picked":"SKIP","floor":28},{"not_picked":["bronze:ForceShield","bronze:OilSpill"],"picked":"bronze:Mutator","floor":29},{"not_picked":["bronze:FineTuning","bronze:DelayedSlice","bronze:Terminator+1"],"picked":"SKIP","floor":32},{"not_picked":["bronze:Fortify","bronze:Safeguard+1","bronze:NullPointer+1"],"picked":"SKIP","floor":36},{"not_picked":["bronze:Shield+1","bronze:OilSpill","bronze:BronzeOrb+1"],"picked":"SKIP","floor":37},{"not_picked":["bronze:Overheat+1","bronze:BronzeArmor+1","bronze:DelayedSlice"],"picked":"SKIP","floor":38},{"not_picked":["bronze:FollowUp","bronze:OilSpill","bronze:ForLoop+1"],"picked":"SKIP","floor":39},{"not_picked":["bronze:ForLoop","bronze:Hardcode","bronze:Deprecate+1"],"picked":"SKIP","floor":40},{"not_picked":["bronze:Safeguard","bronze:Fortify+1"],"picked":"bronze:BugBarrage+1","floor":42},{"not_picked":["bronze:FineTuning+1","bronze:Overload+1","bronze:CutThrough+1"],"picked":"SKIP","floor":43},{"not_picked":["bronze:Iterate","bronze:Safeguard+1","bronze:CloningBeam"],"picked":"SKIP","floor":45},{"not_picked":["bronze:Overheat","bronze:WhirlingStrike+1","bronze:Deprecate+1"],"picked":"SKIP","floor":46},{"not_picked":["bronze:Deprecate","bronze:BugBarrage","bronze:ForceShield"],"picked":"SKIP","floor":47},{"not_picked":["bronze:ForceShield","bronze:DarkDash","bronze:CutThrough+1"],"picked":"SKIP","floor":49}],"player_experience":912301,"relics_obtained":[{"floor":7,"key":"Orichalcum"},{"floor":11,"key":"StuffTheSpire:OldFever"},{"floor":24,"key":"aspiration:HummingbirdHeart"},{"floor":28,"key":"StuffTheSpire:CocoNut"},{"floor":41,"key":"Potion Belt"},{"floor":42,"key":"StuffTheSpire:NeowsTribute"},{"floor":43,"key":"StuffTheSpire:Mouthbags"}],"event_choices":[{"damage_healed":0,"gold_gain":0,"player_choice":"Trade","damage_taken":0,"relics_obtained":["SsserpentHead"],"max_hp_gain":0,"max_hp_loss":0,"event_name":"FaceTrader","floor":8,"gold_loss":0}],"is_beta":false,"boss_relics":[{"not_picked":["SacredBark","StuffTheSpire:ModemDavis"],"picked":"Tiny House"},{"not_picked":["aspiration:SilentSkillbook","energizedSpire:RedRose"],"picked":"SlaversCollar"}],"items_purged_floors":[25,40,48],"is_endless":false,"potions_floor_spawned":[5,10,12,15,16,19,26,27,29,37,38,43,45,49],"ascension_level":0}}