{"host":"6xsbn6ynqlzwllfm","time":1611686934,"event":{"mods":["2.2 Compatiblity","BaseMod","Bestiary","Colored Map","Colored Powertips","Curses Come First","Highlight Path","Keyboard Shortcuts","Minty Spire (QoL Compilation)","Relic Stats","Slay the Relics Exporter","StSLib","SuperFastMode"],"gold_per_floor":[117,117,27,41,41,41,87,125,125,125,148,171,171,211,211,300,300,325,350,363,381,381,381,381,381,381,401,401,415,415,435,435,435,435],"floor_reached":33,"language":"ENG","playtime":1567,"items_purged":[],"score":522,"play_id":"727149e4-1af8-4949-a052-eebff4ba59d8","local_time":"20210126134854","is_ascension_mode":true,"campfire_choices":[{"data":"Dramatic Entrance","floor":6.0,"key":"SMITH"},{"data":"Sweeping Beam","floor":10.0,"key":"SMITH"},{"data":"Sweeping Beam","floor":13.0,"key":"SMITH"},{"floor":15.0,"key":"REST"},{"floor":23,"key":"REST"},{"data":"RitualDagger","floor":25,"key":"SMITH"},{"floor":28,"key":"REST"},{"floor":30,"key":"REST"},{"floor":32,"key":"REST"}],"circlet_count":0,"master_deck":["AscendersBane","Strike_B","Strike_B","Strike_B","Defend_B","Defend_B","Defend_B","Defend_B","Zap","Dualcast","Sweeping Beam+1","Dramatic Entrance+1","Sweeping Beam+1","Heatsinks","White Noise","Undo","Electrodynamics","Storm","Aggregate","Go for the Eyes+1","Coolheaded","RitualDagger+1","Consume+1","Loop"],"relics":["Velvet Choker","Golden Idol","Smiling Mask","Matryoshka","Orichalcum","Question Card","FossilizedHelix","Runic Pyramid","Blood Vial","InkBottle"],"acts_visited":["Exordium","TheCity"],"potions_floor_usage":[19,33],"damage_taken":[{"damage":9.0,"enemies":"Jaw Worm","floor":1.0,"turns":4.0},{"damage":1.0,"enemies":"Cultist","floor":4.0,"turns":3.0},{"damage":32.0,"enemies":"Lagavulin","floor":8.0,"turns":7.0},{"damage":0.0,"enemies":"Small Slimes","floor":11.0,"turns":1.0},{"damage":3.0,"enemies":"Blue Slaver","floor":12.0,"turns":2.0},{"damage":5.0,"enemies":"3 Sentries","floor":14.0,"turns":3.0},{"damage":23,"enemies":"The Guardian","floor":16,"turns":14},{"damage":0,"enemies":"Chosen","floor":18,"turns":5},{"damage":16,"enemies":"2 Thieves","floor":19,"turns":3},{"damage":18,"enemies":"Snake Plant","floor":20,"turns":4},{"damage":0,"enemies":"3 Cultists","floor":21,"turns":3},{"damage":19,"enemies":"Centurion and Healer","floor":27,"turns":9},{"damage":14,"enemies":"Snake Plant","floor":29,"turns":5},{"damage":27,"enemies":"Sentry and Sphere","floor":31,"turns":6},{"damage":41,"enemies":"Champ","floor":33,"turns":9}],"seed_played":"-4613745537192929216","potions_obtained":[{"floor":1.0,"key":"Ancient Potion"},{"floor":16,"key":"ColorlessPotion"},{"floor":19,"key":"Strength Potion"},{"floor":29,"key":"EssenceOfDarkness"}],"is_trial":false,"path_per_floor":["M","?","$","M","?","R","T","E","T","R","M","M","R","E","R","B",null,"M","M","M","M","?","R","?","R","T","M","R","M","R","M","R","B"],"character_chosen":"DEFECT","items_purchased":["Dramatic Entrance"],"campfire_rested":5,"item_purchase_floors":[3],"current_hp_per_floor":[55,55,55,54,54,54,54,22,22,22,22,19,19,14,33,10,51,51,35,17,17,17,36,30,30,30,13,32,20,39,14,33,0,0],"gold":435,"neow_bonus":"BOSS_RELIC","is_daily":false,"chose_seed":false,"campfire_upgraded":4,"win_rate":0.0,"timestamp":1611686934,"path_taken":["M","?","?","M","?","R","?","E","T","R","M","M","R","E","R","BOSS","M","?","?","M","?","R","?","R","T","M","R","?","R","M","R","BOSS"],"items_purchased_type":["Card"],"build_version":"2020-12-22","purchased_purges":0,"victory":false,"max_hp_per_floor":[71,71,71,71,64,64,64,64,64,64,64,64,64,64,64,64,64,64,64,64,64,64,64,64,64,64,64,64,64,64,64,64,64,64],"relic_stats":{"Blood Vial":8,"counters":[15,78],"Golden Idol":72,"Orichalcum":[174],"Smiling Mask":0,"Question Card":11,"obtain_stats":[{"Blood Vial":26,"Matryoshka":8,"Golden Idol":5,"Velvet Choker":0,"Orichalcum":9,"Cracked Core":0,"Smiling Mask":7,"Question Card":9,"FossilizedHelix":14,"InkBottle":26,"Runic Pyramid":17},{"Blood Vial":11,"Matryoshka":3,"Golden Idol":2,"Velvet Choker":0,"Orichalcum":3,"Cracked Core":0,"Smiling Mask":2,"Question Card":3,"FossilizedHelix":6,"InkBottle":11,"Runic Pyramid":7},{"Blood Vial":49,"Matryoshka":14,"Golden Idol":7,"Velvet Choker":0,"Orichalcum":14,"Cracked Core":0,"Smiling Mask":7,"Question Card":14,"FossilizedHelix":20,"InkBottle":49,"Runic Pyramid":34}],"InkBottle":[9]},"card_choices":[{"not_picked":["Capacitor","Turbo"],"picked":"Sweeping Beam","floor":1.0},{"not_picked":["Rebound","Blizzard"],"picked":"Sweeping Beam","floor":4.0},{"not_picked":["Steam","Gash","Turbo"],"picked":"SKIP","floor":8.0},{"not_picked":["Steam","Turbo","Fusion"],"picked":"Heatsinks","floor":11.0},{"not_picked":["Steam","Go for the Eyes","Darkness"],"picked":"White Noise","floor":12.0},{"not_picked":["Amplify","Rip and Tear","Hyperbeam"],"picked":"Undo","floor":14.0},{"not_picked":["Biased Cognition","Reboot","Rainbow"],"picked":"Electrodynamics","floor":16},{"not_picked":["Redo","Turbo","Gash"],"picked":"Storm","floor":18},{"not_picked":["Sweeping Beam","Redo","Gash"],"picked":"Aggregate","floor":19},{"not_picked":["Capacitor","Gash","Barrage"],"picked":"Go for the Eyes+1","floor":20},{"not_picked":["Stack","Turbo","Rainbow"],"picked":"Coolheaded","floor":21},{"not_picked":["Turbo","FTL","Gash"],"picked":"Consume+1","floor":27},{"not_picked":["Barrage+1","Beam Cell+1","Static Discharge","Consume"],"picked":"SKIP","floor":29},{"not_picked":["Darkness","Rebound","Leap"],"picked":"Loop","floor":31}],"player_experience":1132432,"relics_obtained":[{"floor":7.0,"key":"Smiling Mask"},{"floor":8.0,"key":"Matryoshka"},{"floor":9.0,"key":"Orichalcum"},{"floor":9.0,"key":"Question Card"},{"floor":14.0,"key":"FossilizedHelix"},{"floor":26,"key":"Blood Vial"},{"floor":26,"key":"InkBottle"}],"event_choices":[{"cards_removed":["Strike_B"],"damage_healed":0.0,"max_hp_gain":0.0,"max_hp_loss":0.0,"gold_gain":0.0,"event_name":"Purifier","player_choice":"Purged","floor":2.0,"gold_loss":0.0,"damage_taken":0.0},{"damage_healed":0.0,"max_hp_gain":0.0,"max_hp_loss":7.0,"gold_gain":0.0,"event_name":"Golden Idol","player_choice":"Lose Max HP","floor":5.0,"gold_loss":0.0,"damage_taken":0.0,"relics_obtained":["Golden Idol"]},{"damage_healed":0,"gold_gain":0,"player_choice":"Ignored","damage_taken":0,"max_hp_gain":0,"max_hp_loss":0,"event_name":"The Mausoleum","floor":22,"gold_loss":0},{"damage_healed":0,"gold_gain":0,"player_choice":"Joined the Cult","damage_taken":6,"max_hp_gain":0,"max_hp_loss":0,"event_name":"Nest","floor":24,"gold_loss":0,"cards_obtained":["RitualDagger"]}],"is_beta":false,"boss_relics":[{"not_picked":["Tiny House","Ectoplasm"],"picked":"Runic Pyramid"}],"items_purged_floors":[],"is_endless":false,"potions_floor_spawned":[1,16,19,29],"killed_by":"Champ","ascension_level":17}}