{"host":"ifd7sfhtlbe34qll","time":1611622344,"event":{"mods":["2.2 Compatiblity","Act Like it!","BaseMod","Block Reminder","Colored Map","Curses Come First","Highlight Path","Minty Spire (QoL Compilation)","Potion Indicator Mod","Quick Restart","Random Character Button","Relic Stats","StSLib"],"gold_per_floor":[118,118,18,18,31,31,60,60,60,60,60],"floor_reached":10,"language":"ENG","playtime":331,"items_purged":[],"score":128,"play_id":"dfbe8a57-a405-4e2e-be4c-941e38a19c53","local_time":"20210125185224","is_ascension_mode":true,"campfire_choices":[{"data":"Blade Dance","floor":6,"key":"SMITH"}],"circlet_count":0,"master_deck":["AscendersBane","Strike_G","Strike_G","Strike_G","Strike_G","Strike_G","Defend_G","Defend_G","Defend_G","Defend_G","Survivor","Neutralize","Blade Dance+1","Flying Knee","Grand Finale","Footwork","Calculated Gamble"],"relics":["Philosopher\u0027s Stone","Sundial","Vajra"],"acts_visited":["Exordium"],"potions_floor_usage":[7,10],"damage_taken":[{"damage":0,"enemies":"Jaw Worm","floor":1,"turns":6},{"damage":0,"enemies":"Cultist","floor":5,"turns":5},{"damage":38,"enemies":"3 Sentries","floor":7,"turns":10},{"damage":38,"enemies":"Gremlin Nob","floor":10,"turns":3}],"seed_played":"-3383880200911328240","potions_obtained":[{"floor":7,"key":"Regen Potion"}],"is_trial":false,"path_per_floor":["M","?","$","?","M","R","E","?","T","E"],"character_chosen":"THE_SILENT","items_purchased":["Footwork","Fire Potion"],"campfire_rested":0,"item_purchase_floors":[3,3],"current_hp_per_floor":[59,59,59,64,64,64,26,26,26,0,0],"gold":60,"neow_bonus":"BOSS_RELIC","is_daily":false,"chose_seed":false,"campfire_upgraded":1,"win_rate":0.0,"timestamp":1611622344,"path_taken":["M","?","?","?","M","R","E","?","T","E"],"items_purchased_type":["Card","Potion"],"build_version":"2020-12-22","purchased_purges":0,"victory":false,"max_hp_per_floor":[66,66,66,71,71,71,71,71,71,71,71],"relic_stats":{"counters":[4,24],"Sundial":[0],"obtain_stats":[{"Sundial":7,"Vajra":9,"Philosopher\u0027s Stone":0,"Ring of the Snake":0},{"Sundial":3,"Vajra":3,"Philosopher\u0027s Stone":0,"Ring of the Snake":0},{"Sundial":21,"Vajra":21,"Philosopher\u0027s Stone":0,"Ring of the Snake":0}]},"card_choices":[{"not_picked":["Quick Slash","Sucker Punch"],"picked":"Blade Dance","floor":1},{"not_picked":["Slice","Flying Knee"],"picked":"Calculated Gamble","floor":5},{"not_picked":["Distraction","Night Terror","Underhanded Strike"],"picked":"SKIP","floor":7}],"player_experience":1456896,"relics_obtained":[{"floor":7,"key":"Sundial"},{"floor":9,"key":"Vajra"}],"event_choices":[{"damage_healed":0,"gold_gain":0,"player_choice":"2 cards matched","damage_taken":0,"max_hp_gain":0,"max_hp_loss":0,"event_name":"Match and Keep!","floor":2,"gold_loss":0,"cards_obtained":["Flying Knee","Grand Finale"]},{"damage_healed":0,"gold_gain":0,"player_choice":"Donut","damage_taken":0,"max_hp_gain":5,"max_hp_loss":0,"event_name":"Big Fish","floor":4,"gold_loss":0},{"cards_removed":["Defend_G"],"damage_healed":0,"gold_gain":0,"player_choice":"Forget","damage_taken":0,"max_hp_gain":0,"max_hp_loss":0,"event_name":"Living Wall","floor":8,"gold_loss":0}],"is_beta":false,"boss_relics":[],"items_purged_floors":[],"is_endless":false,"potions_floor_spawned":[7],"killed_by":"Gremlin Nob","ascension_level":20}}