{"host":"qbvxbacgnxuisbbe","time":1611662748,"event":{"mods":["Alarm Clock","BaseMod","Humility","Minty Spire (QoL Compilation)","StSLib"],"gold_per_floor":[119,130,143,158,9,44,44,44,44],"floor_reached":8,"language":"ENG","playtime":260,"items_purged":["Strike_P"],"score":116,"play_id":"c23e2929-d889-44ea-95b7-ed1f564a86ca","local_time":"20210126120548","is_ascension_mode":true,"campfire_choices":[{"data":"BattleHymn","floor":7,"key":"SMITH"}],"circlet_count":0,"master_deck":["AscendersBane","Strike_P","Strike_P","Strike_P","Defend_P","Defend_P","Defend_P","Defend_P","Eruption","Vigilance","SashWhip","Perseverance","BattleHymn+1","CutThroughFate","Protect","SashWhip","Consecrate"],"relics":["PureWater","Nunchaku"],"acts_visited":["Exordium"],"potions_floor_usage":[6,6],"damage_taken":[{"damage":0,"enemies":"Cultist","floor":1,"turns":2},{"damage":1,"enemies":"Small Slimes","floor":2,"turns":4},{"damage":14,"enemies":"Jaw Worm","floor":3,"turns":5},{"damage":14,"enemies":"Red Slaver","floor":4,"turns":4},{"damage":33,"enemies":"Lagavulin","floor":6,"turns":3},{"damage":0,"enemies":"3 Sentries","floor":8,"turns":1}],"seed_played":"-8005721019160868199","potions_obtained":[{"floor":4,"key":"AttackPotion"},{"floor":6,"key":"Fruit Juice"}],"is_trial":false,"path_per_floor":["M","M","M","M","$","E","R","E"],"character_chosen":"WATCHER","items_purchased":["Protect","SashWhip"],"campfire_rested":0,"item_purchase_floors":[5,5],"current_hp_per_floor":[67,66,52,38,38,10,10,10,10],"gold":44,"neow_bonus":"TEN_PERCENT_HP_BONUS","is_daily":false,"chose_seed":false,"campfire_upgraded":1,"win_rate":0.0,"timestamp":1611662748,"path_taken":["M","M","?","M","$","E","R","E"],"items_purchased_type":["Card","Card"],"build_version":"2020-12-22","purchased_purges":1,"victory":false,"max_hp_per_floor":[74,74,74,74,74,79,79,79,79],"card_choices":[{"not_picked":["FlyingSleeves","MentalFortress"],"picked":"SashWhip","floor":1},{"not_picked":["ThirdEye","EmptyBody"],"picked":"Perseverance","floor":2},{"not_picked":["JustLucky","Worship"],"picked":"BattleHymn","floor":3},{"not_picked":["CutThroughFate","FlurryOfBlows","MentalFortress"],"picked":"SKIP","floor":4},{"not_picked":["FlurryOfBlows","MentalFortress"],"picked":"CutThroughFate","floor":4},{"not_picked":["Prostrate","Wireheading"],"picked":"Consecrate","floor":6}],"player_experience":132157,"relics_obtained":[{"floor":6,"key":"Nunchaku"}],"event_choices":[],"is_beta":false,"boss_relics":[],"items_purged_floors":[5],"is_endless":false,"potions_floor_spawned":[4,6],"killed_by":"3 Sentries","ascension_level":20,"is_humility":true}}