{"host":"l5zfpd2l2htson6l","time":1611698691,"event":{"mods":["AchievementEnabler","BaseMod","Colored Map","Colored Powertips","Minty Spire (QoL Compilation)","Permanent Neow","Quick Restart","Rare Cards Sparkle","Relic Stats","SuperFastMode"],"gold_per_floor":[109,127,202,277,292,327,346,374,420,436,454,454,30,63,63,161,161,174,174,174,184,38,73,73,106,159,159,185,204,204,154,154,257,257,276,286,59,73,86,115,115,0,0,0,20,50,69,69,69,69,69,69,19,52,52,52],"floor_reached":55,"language":"ENG","playtime":4503,"items_purged":["Strike_R","Strike_R"],"score":1075,"play_id":"f337ce57-9dff-4605-836b-6ec700331b56","local_time":"20210126140451","is_ascension_mode":true,"campfire_choices":[{"data":"Disarm","floor":15.0,"key":"SMITH"},{"floor":24.0,"key":"REST"},{"data":"Shrug It Off","floor":27.0,"key":"SMITH"},{"floor":32.0,"key":"REST"},{"floor":41.0,"key":"RECALL"},{"data":"Power Through","floor":44.0,"key":"SMITH"},{"floor":49.0,"key":"REST"},{"data":"Second Wind","floor":52.0,"key":"SMITH"}],"circlet_count":0,"master_deck":["Strike_R","Strike_R+1","Strike_R","Defend_R","Defend_R","Defend_R","Defend_R","Bash+1","Clothesline+1","Combust","Rampage","Second Wind+1","Spot Weakness","Power Through+1","Shrug It Off+1","Disarm+1","Immolate","Reaper","Fire Breathing","Hemokinesis","Feed","Evolve","RitualDagger","True Grit","Fire Breathing","Shockwave+1","Offering","Rupture","Brutality","Disarm+1"],"relics":["Burning Blood","Kunai","HornCleat","Happy Flower","Pen Nib","Black Star","PreservedInsect","Matryoshka","Potion Belt","Pear","Centennial Puzzle","Whetstone","Boot","Molten Egg 2","Omamori","Enchiridion","Velvet Choker","Lantern","Anchor","White Beast Statue","Red Mask","Smiling Mask","Girya","The Courier","Toy Ornithopter","StrikeDummy"],"acts_visited":["Exordium","TheCity","TheBeyond","TheEnding"],"potions_floor_usage":[55,55,55,55],"damage_taken":[{"damage":0.0,"enemies":"2 Louse","floor":1.0,"turns":3.0},{"damage":0.0,"enemies":"Small Slimes","floor":2.0,"turns":4.0},{"damage":3.0,"enemies":"Cultist","floor":5.0,"turns":3.0},{"damage":34.0,"enemies":"3 Sentries","floor":6.0,"turns":7.0},{"damage":4.0,"enemies":"2 Fungi Beasts","floor":7.0,"turns":5.0},{"damage":28.0,"enemies":"Lagavulin","floor":8.0,"turns":4.0},{"damage":5.0,"enemies":"3 Louse","floor":10.0,"turns":5.0},{"damage":0.0,"enemies":"Large Slime","floor":11.0,"turns":8.0},{"damage":7.0,"enemies":"3 Sentries","floor":14.0,"turns":4.0},{"damage":6.0,"enemies":"Hexaghost","floor":16.0,"turns":9.0},{"damage":13.0,"enemies":"Shell Parasite","floor":18.0,"turns":5.0},{"damage":43.0,"enemies":"3 Byrds","floor":21.0,"turns":6.0},{"damage":26.0,"enemies":"Slavers","floor":23.0,"turns":5.0},{"damage":64.0,"enemies":"Gremlin Leader","floor":25.0,"turns":10.0},{"damage":22.0,"enemies":"Book of Stabbing","floor":28.0,"turns":6.0},{"damage":23.0,"enemies":"Snake Plant","floor":29.0,"turns":7.0},{"damage":46.0,"enemies":"Collector","floor":33.0,"turns":12.0},{"damage":21.0,"enemies":"3 Darklings","floor":35.0,"turns":7.0},{"damage":7.0,"enemies":"3 Shapes","floor":36.0,"turns":3.0},{"damage":17.0,"enemies":"Maw","floor":38.0,"turns":11.0},{"damage":5.0,"enemies":"3 Darklings","floor":39.0,"turns":4.0},{"damage":27.0,"enemies":"Reptomancer","floor":40.0,"turns":7.0},{"damage":33.0,"enemies":"Sphere and 2 Shapes","floor":45.0,"turns":5.0},{"damage":40.0,"enemies":"Giant Head","floor":46.0,"turns":7.0},{"damage":40.0,"enemies":"Jaw Worm Horde","floor":47.0,"turns":9.0},{"damage":97.0,"enemies":"Awakened One","floor":50.0,"turns":13.0},{"damage":74.0,"enemies":"Shield and Spear","floor":54.0,"turns":6.0},{"damage":109,"enemies":"The Heart","floor":55,"turns":6}],"seed_played":"7506546466595996341","potions_obtained":[{"floor":2.0,"key":"Block Potion"},{"floor":6.0,"key":"Regen Potion"},{"floor":7.0,"key":"FearPotion"},{"floor":14.0,"key":"SteroidPotion"},{"floor":16.0,"key":"SpeedPotion"},{"floor":25.0,"key":"Weak Potion"},{"floor":28.0,"key":"DuplicationPotion"},{"floor":33.0,"key":"Weak Potion"},{"floor":38.0,"key":"PowerPotion"},{"floor":39.0,"key":"DistilledChaos"},{"floor":45.0,"key":"CultistPotion"},{"floor":46.0,"key":"FearPotion"},{"floor":47.0,"key":"Block Potion"},{"floor":54.0,"key":"BlessingOfTheForge"}],"is_trial":false,"path_per_floor":["M","M","?","?","M","E","M","E","T","M","M","?","$","E","R","B",null,"M","?","?","M","$","E","R","E","T","R","E","M","?","?","R","B",null,"M","M","$","M","M","E","R","?","T","R","M","E","M","?","R","B",null,"R","$","E","B"],"character_chosen":"IRONCLAD","items_purchased":["Immolate","Reaper","Fire Breathing","PreservedInsect","Rupture","Lantern"],"campfire_rested":3,"item_purchase_floors":[13,13,13,22,37,37],"current_hp_per_floor":[80,80,69,61,64,36,52,30,30,31,37,42,42,41,41,41,74,70,70,64,42,42,35,63,54,54,54,48,36,20,20,53,16,89,101,115,115,115,116,108,108,108,108,108,84,73,45,45,80,22,95,95,95,40,0,0],"gold":52,"neow_bonus":"UPGRADE_CARD","is_daily":false,"chose_seed":false,"campfire_upgraded":4,"win_rate":0.0,"timestamp":1611698691,"path_taken":["M","M","?","?","M","E","?","E","T","M","M","?","$","E","R","BOSS","M","?","?","M","$","E","R","E","T","R","E","M","?","?","R","BOSS","M","M","$","?","M","E","R","?","T","R","M","E","M","?","R","BOSS","R","$","E","BOSS"],"items_purchased_type":["Card","Card","Card","Relic","Card","Relic"],"build_version":"2020-12-22","purchased_purges":2,"victory":false,"max_hp_per_floor":[80,80,80,80,80,80,80,80,80,80,80,85,85,85,85,85,85,88,88,88,91,91,94,94,107,107,107,110,110,110,110,110,113,113,113,116,116,116,116,119,119,119,119,119,122,122,125,119,119,119,119,119,119,122,122,122],"relic_stats":{"Happy Flower":[51],"counters":[28,181],"Pen Nib":[17],"PreservedInsect":379,"Whetstone":["Strike_R","Clothesline"],"Boot":[6],"Smiling Mask":30,"Burning Blood":147,"Centennial Puzzle":[42],"Black Star":6,"Kunai":[12],"obtain_stats":[{"Lantern":37,"Enchiridion":30,"Whetstone":26,"Boot":26,"Smiling Mask":43,"Burning Blood":0,"Centennial Puzzle":25,"HornCleat":8,"Matryoshka":23,"Red Mask":42,"Kunai":6,"Potion Belt":23,"Girya":46,"Pear":25,"Happy Flower":9,"Velvet Choker":34,"Pen Nib":14,"PreservedInsect":22,"The Courier":46,"Omamori":28,"White Beast Statue":40,"Anchor":40,"Molten Egg 2":28,"Black Star":17,"StrikeDummy":54,"Toy Ornithopter":54},{"Lantern":19,"Enchiridion":16,"Whetstone":14,"Boot":14,"Smiling Mask":22,"Burning Blood":0,"Centennial Puzzle":14,"HornCleat":6,"Matryoshka":13,"Red Mask":22,"Kunai":4,"Potion Belt":13,"Girya":24,"Pear":14,"Happy Flower":6,"Velvet Choker":17,"Pen Nib":9,"PreservedInsect":12,"The Courier":24,"Omamori":15,"White Beast Statue":22,"Anchor":22,"Molten Egg 2":15,"Black Star":10,"StrikeDummy":27,"Toy Ornithopter":27},{"Lantern":113,"Enchiridion":91,"Whetstone":78,"Boot":78,"Smiling Mask":135,"Burning Blood":0,"Centennial Puzzle":78,"HornCleat":26,"Matryoshka":68,"Red Mask":135,"Kunai":17,"Potion Belt":68,"Girya":147,"Pear":78,"Happy Flower":26,"Velvet Choker":103,"Pen Nib":43,"PreservedInsect":63,"The Courier":147,"Omamori":84,"White Beast Statue":135,"Anchor":135,"Molten Egg 2":84,"Black Star":52,"StrikeDummy":175,"Toy Ornithopter":175}],"Toy Ornithopter":20},"card_choices":[{"not_picked":["Sword Boomerang","Pommel Strike"],"picked":"Clothesline","floor":1.0},{"not_picked":["Infernal Blade","Flex"],"picked":"Combust","floor":2.0},{"not_picked":["Headbutt","Juggernaut"],"picked":"Rampage","floor":5.0},{"not_picked":["Infernal Blade","Sword Boomerang"],"picked":"Second Wind","floor":6.0},{"not_picked":["Wild Strike","Havoc"],"picked":"Spot Weakness","floor":7.0},{"not_picked":["Barricade","Clash"],"picked":"Power Through","floor":8.0},{"not_picked":["Sword Boomerang","Perfected Strike"],"picked":"Shrug It Off","floor":10.0},{"not_picked":["Armaments","Fire Breathing"],"picked":"Disarm","floor":11.0},{"not_picked":["Warcry","Heavy Blade"],"picked":"Hemokinesis","floor":14.0},{"not_picked":["Barricade","Fiend Fire"],"picked":"Feed","floor":16.0},{"not_picked":["Twin Strike","Whirlwind+1"],"picked":"Evolve","floor":18.0},{"not_picked":["Cleave+1","Whirlwind","Havoc"],"picked":"SKIP","floor":21.0},{"not_picked":["Reckless Charge","Flame Barrier"],"picked":"True Grit","floor":23.0},{"not_picked":["Burning Pact","Sword Boomerang"],"picked":"Fire Breathing","floor":25.0},{"not_picked":["Cleave+1","Shrug It Off","Flex"],"picked":"SKIP","floor":28.0},{"not_picked":["Entrench","Twin Strike+1"],"picked":"Shockwave+1","floor":29.0},{"not_picked":["Fiend Fire+1","Bludgeon+1"],"picked":"Offering","floor":33.0},{"not_picked":["Perfected Strike+1","Sentinel","Hemokinesis+1"],"picked":"SKIP","floor":35.0},{"not_picked":["Flex+1","Hemokinesis+1","Twin Strike+1"],"picked":"SKIP","floor":36.0},{"not_picked":["Perfected Strike+1","Clothesline+1","Sword Boomerang+1"],"picked":"SKIP","floor":38.0},{"not_picked":["Evolve","Rupture+1"],"picked":"Brutality","floor":39.0},{"not_picked":["Clash+1","Perfected Strike+1","Uppercut+1"],"picked":"SKIP","floor":40.0},{"not_picked":["Wild Strike+1","Shrug It Off","Entrench"],"picked":"SKIP","floor":45.0},{"not_picked":["Heavy Blade+1","Metallicize+1"],"picked":"Disarm+1","floor":46.0},{"not_picked":["Anger+1","Clothesline+1","Thunderclap+1"],"picked":"SKIP","floor":47.0},{"not_picked":["Heavy Blade+1","Brutality","Cleave+1"],"picked":"SKIP","floor":54.0}],"player_experience":704023,"relics_obtained":[{"floor":6.0,"key":"Kunai"},{"floor":8.0,"key":"HornCleat"},{"floor":9.0,"key":"Happy Flower"},{"floor":14.0,"key":"Pen Nib"},{"floor":23.0,"key":"Matryoshka"},{"floor":23.0,"key":"Potion Belt"},{"floor":25.0,"key":"Pear"},{"floor":25.0,"key":"Centennial Puzzle"},{"floor":26.0,"key":"Whetstone"},{"floor":26.0,"key":"Boot"},{"floor":28.0,"key":"Molten Egg 2"},{"floor":28.0,"key":"Omamori"},{"floor":30.0,"key":"Enchiridion"},{"floor":40.0,"key":"Anchor"},{"floor":40.0,"key":"White Beast Statue"},{"floor":43.0,"key":"Smiling Mask"},{"floor":46.0,"key":"Girya"},{"floor":46.0,"key":"The Courier"},{"floor":54.0,"key":"Toy Ornithopter"},{"floor":54.0,"key":"StrikeDummy"}],"event_choices":[{"damage_healed":0.0,"max_hp_gain":0.0,"max_hp_loss":0.0,"gold_gain":75.0,"event_name":"World of Goop","player_choice":"Gather Gold","floor":3.0,"gold_loss":0.0,"damage_taken":11.0},{"damage_healed":0.0,"max_hp_gain":0.0,"max_hp_loss":0.0,"gold_gain":75.0,"event_name":"FaceTrader","player_choice":"Touch","floor":4.0,"gold_loss":0.0,"damage_taken":8.0},{"damage_healed":0.0,"max_hp_gain":5.0,"max_hp_loss":0.0,"gold_gain":0.0,"event_name":"Big Fish","player_choice":"Donut","floor":12.0,"gold_loss":0.0,"damage_taken":0.0},{"damage_healed":0.0,"max_hp_gain":0.0,"max_hp_loss":0.0,"gold_gain":0.0,"event_name":"Ghosts","player_choice":"Ignored","floor":19.0,"gold_loss":0.0,"damage_taken":0.0},{"damage_healed":0.0,"max_hp_gain":0.0,"max_hp_loss":0.0,"gold_gain":0.0,"event_name":"Nest","player_choice":"Joined the Cult","floor":20.0,"gold_loss":0.0,"damage_taken":6.0,"cards_obtained":["RitualDagger"]},{"damage_healed":0.0,"max_hp_gain":0.0,"max_hp_loss":0.0,"gold_gain":0.0,"event_name":"Cursed Tome","player_choice":"Obtained Book","floor":30.0,"gold_loss":0.0,"damage_taken":16.0},{"damage_healed":0.0,"max_hp_gain":0.0,"max_hp_loss":0.0,"gold_gain":0.0,"event_name":"The Joust","player_choice":"Bet on Murderer","floor":31.0,"gold_loss":50.0,"damage_taken":0.0},{"damage_healed":0.0,"max_hp_gain":0.0,"max_hp_loss":0.0,"gold_gain":0.0,"event_name":"Tomb of Lord Red Mask","player_choice":"Paid","floor":42.0,"gold_loss":115.0,"damage_taken":0.0,"relics_obtained":["Red Mask"]},{"damage_healed":0.0,"max_hp_gain":0.0,"max_hp_loss":6.0,"gold_gain":0.0,"event_name":"Winding Halls","player_choice":"Max HP","floor":48.0,"gold_loss":0.0,"damage_taken":0.0}],"is_beta":false,"boss_relics":[{"not_picked":["Black Blood","Runic Pyramid"],"picked":"Black Star"},{"not_picked":["Snecko Eye","Sozu"],"picked":"Velvet Choker"}],"items_purged_floors":[13,53],"is_endless":false,"potions_floor_spawned":[2,6,7,14,16,25,28,33,38,39,45,46,47,54],"killed_by":"The Heart","ascension_level":5}}