{"host":"qbvxbacgnxuisbbe","time":1611693908,"event":{"mods":["Alarm Clock","BaseMod","Humility","Minty Spire (QoL Compilation)","StSLib"],"gold_per_floor":[115,128,203,203,222,222,222,29,52,2,27,45,58,2,2,2,2],"floor_reached":16,"language":"ENG","playtime":580,"items_purged":[],"score":184,"play_id":"fad57eaa-0280-491e-9560-61e39a9d0705","local_time":"20210126204508","is_ascension_mode":true,"campfire_choices":[{"data":"Noxious Fumes","floor":6,"key":"SMITH"},{"data":"Adrenaline","floor":15,"key":"SMITH"}],"circlet_count":0,"master_deck":["AscendersBane","Strike_G","Strike_G","Strike_G","Strike_G","Strike_G","Defend_G","Defend_G","Defend_G","Defend_G","Survivor","Neutralize","Noxious Fumes+1","Leg Sweep","PiercingWail","Adrenaline+1","Footwork","Poisoned Stab","Escape Plan","Deadly Poison","Footwork"],"relics":["Ring of the Snake","Golden Idol","Toy Ornithopter"],"acts_visited":["Exordium"],"potions_floor_usage":[5,12,13,16],"damage_taken":[{"damage":5,"enemies":"2 Louse","floor":1,"turns":3},{"damage":15,"enemies":"Cultist","floor":2,"turns":5},{"damage":12,"enemies":"Jaw Worm","floor":5,"turns":6},{"damage":1,"enemies":"Exordium Wildlife","floor":11,"turns":4},{"damage":8,"enemies":"Gremlin Gang","floor":12,"turns":3},{"damage":5,"enemies":"Lots of Slimes","floor":13,"turns":6},{"damage":18,"enemies":"Slime Boss","floor":16,"turns":6}],"seed_played":"7259611037340805565","potions_obtained":[{"floor":2,"key":"BlessingOfTheForge"},{"floor":5,"key":"AttackPotion"},{"floor":11,"key":"Dexterity Potion"}],"is_trial":false,"path_per_floor":["M","M","?","?","M","R","?","$","T","$","M","M","M","$","R","B"],"character_chosen":"THE_SILENT","items_purchased":["Adrenaline","Footwork","Poisoned Stab","SkillPotion"],"campfire_rested":0,"item_purchase_floors":[8,8,10,14],"current_hp_per_floor":[60,45,34,34,22,22,22,22,22,22,21,18,18,18,18,5,5],"gold":2,"neow_bonus":"TEN_PERCENT_HP_BONUS","is_daily":false,"chose_seed":false,"campfire_upgraded":2,"win_rate":0.0,"timestamp":1611693908,"path_taken":["M","M","?","?","?","R","?","$","T","?","M","?","M","?","R","BOSS"],"items_purchased_type":["Card","Card","Card","Potion"],"build_version":"2020-12-22","purchased_purges":0,"victory":false,"max_hp_per_floor":[72,72,72,72,72,72,65,65,65,65,65,65,65,65,65,65,65],"card_choices":[{"not_picked":["Deadly Poison","Cloak And Dagger"],"picked":"Noxious Fumes","floor":1},{"not_picked":["Reflex","Dagger Throw"],"picked":"Leg Sweep","floor":2},{"not_picked":["Slice","Acrobatics"],"picked":"PiercingWail","floor":5},{"not_picked":["Poisoned Stab","Concentrate"],"picked":"Escape Plan","floor":11},{"not_picked":["Terror","Prepared"],"picked":"Deadly Poison","floor":12},{"not_picked":["Reflex","Prepared"],"picked":"Footwork","floor":13}],"player_experience":141695,"relics_obtained":[{"floor":9,"key":"Toy Ornithopter"}],"event_choices":[{"damage_healed":0,"gold_gain":75,"player_choice":"Gather Gold","damage_taken":11,"max_hp_gain":0,"max_hp_loss":0,"event_name":"World of Goop","floor":3,"gold_loss":0},{"cards_removed":["Defend_G"],"damage_healed":0,"gold_gain":0,"player_choice":"Offered Basic","damage_taken":0,"max_hp_gain":0,"max_hp_loss":0,"event_name":"Bonfire Elementals","floor":4,"gold_loss":0},{"damage_healed":0,"gold_gain":0,"player_choice":"Lose Max HP","damage_taken":0,"relics_obtained":["Golden Idol"],"max_hp_gain":0,"max_hp_loss":7,"event_name":"Golden Idol","floor":7,"gold_loss":0}],"is_beta":false,"boss_relics":[],"items_purged_floors":[],"is_endless":false,"potions_floor_spawned":[2,5,11],"killed_by":"Slime Boss","ascension_level":20,"is_humility":true}}