{"host":"l5zfpd2l2htson6l","time":1611644037,"event":{"mods":["AchievementEnabler","BaseMod","Colored Map","Colored Powertips","Minty Spire (QoL Compilation)","Permanent Neow","Quick Restart","Rare Cards Sparkle","Relic Stats","SuperFastMode"],"gold_per_floor":[13,13,32,42,217,250,18,47,73,87,103,103,103],"floor_reached":12,"language":"ENG","playtime":1383,"items_purged":[],"score":104,"play_id":"c6da0040-51ba-40a5-9a62-dd20fb14a6ab","local_time":"20210125225357","is_ascension_mode":true,"campfire_choices":[],"circlet_count":0,"master_deck":["Strike_R","Strike_R","Strike_R","Strike_R","Strike_R","Defend_R","Defend_R","Defend_R","Defend_R","Bash","Corruption","Sever Soul","Whirlwind","Uppercut","Doubt","Feed","Wild Strike","Evolve","Iron Wave","Burning Pact","Power Through"],"relics":["Burning Blood","MealTicket","HandDrill","Bronze Scales","Ancient Tea Set"],"acts_visited":["Exordium"],"potions_floor_usage":[6,12],"damage_taken":[{"damage":8,"enemies":"Jaw Worm","floor":1,"turns":5},{"damage":6,"enemies":"Cultist","floor":3,"turns":4},{"damage":3,"enemies":"Small Slimes","floor":4,"turns":4},{"damage":22,"enemies":"Gremlin Nob","floor":6,"turns":4},{"damage":62,"enemies":"Lagavulin","floor":8,"turns":7},{"damage":23,"enemies":"Exordium Wildlife","floor":10,"turns":4},{"damage":7,"enemies":"3 Louse","floor":11,"turns":4},{"damage":12,"enemies":"3 Sentries","floor":12,"turns":2}],"seed_played":"322689055691064872","potions_obtained":[{"floor":1,"key":"SpeedPotion"},{"floor":3,"key":"Energy Potion"},{"floor":8,"key":"FearPotion"},{"floor":10,"key":"Dexterity Potion"}],"is_trial":false,"path_per_floor":["M","?","M","M","?","E","$","E","T","M","M","E"],"character_chosen":"IRONCLAD","items_purchased":["Wild Strike","Evolve","HandDrill"],"campfire_rested":0,"item_purchase_floors":[7,7,7],"current_hp_per_floor":[78,78,78,80,80,64,79,23,23,9,8,0,0],"gold":103,"neow_bonus":"THREE_RARE_CARDS","is_daily":false,"chose_seed":false,"campfire_upgraded":0,"win_rate":0.0,"timestamp":1611644037,"path_taken":["M","?","M","?","?","E","?","E","T","M","M","E"],"items_purchased_type":["Card","Card","Relic"],"build_version":"2020-12-22","purchased_purges":0,"victory":false,"max_hp_per_floor":[80,80,80,80,80,80,80,80,80,83,83,83,83],"relic_stats":{"counters":[8,34],"Bronze Scales":[17],"MealTicket":15,"HandDrill":[4],"obtain_stats":[{"Bronze Scales":8,"MealTicket":6,"HandDrill":7,"Ancient Tea Set":9,"Burning Blood":0},{"Bronze Scales":5,"MealTicket":4,"HandDrill":4,"Ancient Tea Set":5,"Burning Blood":0},{"Bronze Scales":24,"MealTicket":17,"HandDrill":17,"Ancient Tea Set":24,"Burning Blood":0}],"Burning Blood":41},"card_choices":[{"not_picked":["Berserk","Exhume"],"picked":"Corruption","floor":0},{"not_picked":["Shockwave","Twin Strike"],"picked":"Sever Soul","floor":1},{"not_picked":["Rage","Warcry"],"picked":"Whirlwind","floor":3},{"not_picked":["Shrug It Off","Wild Strike"],"picked":"Uppercut","floor":4},{"not_picked":["Fiend Fire","Rage"],"picked":"Feed","floor":6},{"not_picked":["Warcry","Anger"],"picked":"Iron Wave","floor":8},{"not_picked":["Thunderclap","Perfected Strike"],"picked":"Burning Pact","floor":10},{"not_picked":["Rage","Dual Wield"],"picked":"Power Through","floor":11}],"player_experience":679511,"relics_obtained":[{"floor":6,"key":"MealTicket"},{"floor":8,"key":"Bronze Scales"},{"floor":9,"key":"Ancient Tea Set"}],"event_choices":[{"damage_healed":0,"gold_gain":0,"player_choice":"0 cards matched","damage_taken":0,"max_hp_gain":0,"max_hp_loss":0,"event_name":"Match and Keep!","floor":2,"gold_loss":0,"cards_obtained":[]},{"damage_healed":0,"gold_gain":175,"player_choice":"AGREE","damage_taken":0,"max_hp_gain":0,"max_hp_loss":0,"event_name":"Liars Game","floor":5,"gold_loss":0,"cards_obtained":["Doubt"]}],"is_beta":false,"boss_relics":[],"items_purged_floors":[],"is_endless":false,"potions_floor_spawned":[1,3,8,10],"killed_by":"3 Sentries","ascension_level":3}}