{"host":"4beu4narw43z8fnn","time":1611649110,"event":{"mods":["2.2 Compatiblity","AchievementEnabler","Act Like it!","BaseMod","Better Match","Better Note","Better Skull","Better Third Choice","BetterRewards","Colored Map","Colored Powertips","Conspire","Downfall","Gensokyo","Hermit","Highlight Path","Hubris","Jorbs\u0027s Wanderer Trilogy","Minty Spire (QoL Compilation)","Pale of the Ancients","Quick Restart","Random Character Button","Rare Cards Sparkle","Reorder Act Four","StSLib","Synergy Search","The Animator","The Construct","The Cursed","The Gatherer","The Jungle","The Marked","The Runesmith","The Servant 0.9.4","The Showman","Trackpad","Wandering Minibosses"],"gold_per_floor":[99,115,128,142,159,159,159,159,176,176,233,248,265,265,283,379,379,379,389,407,407,417,517,517,532,532,542,542,561,592,603,614,714,714,714,724,739,739,758,120,145,145,145,173,198,208,208,222,240,240,240,240],"floor_reached":50,"language":"ENG","playtime":4945,"items_purged":["Parasite"],"score":519,"play_id":"8296c544-8ecb-46a3-be0b-d0b16335d9b8","local_time":"20210126031830","is_ascension_mode":false,"campfire_choices":[{"data":"Slimebound:Split","floor":1,"key":"SMITH"},{"data":"Slimebound:ForwardTackle","floor":6,"key":"SMITH"},{"data":"Slimebound:RollThrough","floor":10,"key":"SMITH"},{"data":"Slimebound:CorrosiveSpit","floor":18,"key":"SMITH"},{"data":"Slimebound:GoopTackle","floor":28,"key":"SMITH"},{"data":"Slimebound:Teamwork","floor":35,"key":"SMITH"},{"data":"expansioncontent:DashGenerateEvil","floor":42,"key":"SMITH"}],"circlet_count":0,"master_deck":["Slimebound:Strike_Slimebound","Slimebound:Strike_Slimebound","Slimebound:Tackle","Slimebound:Defend_Slimebound","Slimebound:Defend_Slimebound+1","Slimebound:Split+1","Slimebound:CorrosiveSpit+1","Slimebound:SplitBruiser+1","Slimebound:RollThrough+1","Slimebound:MassRepurpose+1","Slimebound:ForwardTackle+1","hubris:DuctTapeCard","Slimebound:SplitLeeching","Slimebound:MegaLick","Slimebound:SplitMire","Slimebound:SpikyOuterGoop","Slimebound:LivingWall","Slimebound:GoopTackle+1","Slimebound:SamplingLick+1","Slimebound:Teamwork+1","Slimebound:Equalize","Slimebound:SelfFormingGoo","expansioncontent:DashGenerateEvil+1","Bandage Up","Slimebound:Repurpose","Slimebound:BestDefense"],"relics":["Slimebound:AbsorbEndCombat","Darkstone Periapt","hubris:DuctTape","SacredBark","downfall:GremlinWheel","hubris:Metronome","Vajra","hubris:TerracottaHorce","hubris:Towel","conspire:BottledYoYo","Boot","hubris:SlimyHat","Oddly Smooth Stone"],"acts_visited":["Exordium","TheCity","TheBeyond"],"potions_floor_usage":[8,13,16,16,33,33,33,50],"damage_taken":[{"damage":10,"enemies":"Small Slimes","floor":2,"turns":3},{"damage":5,"enemies":"2 Louse","floor":3,"turns":2},{"damage":1,"enemies":"Cultist","floor":4,"turns":3},{"damage":20,"enemies":"Exordium Thugs","floor":5,"turns":4},{"damage":0,"enemies":"downfall:FleeingMerchant","floor":8,"turns":1},{"damage":8,"enemies":"conspire:2 RoseBushes","floor":9,"turns":5},{"damage":24,"enemies":"Lagavulin Event","floor":11,"turns":4},{"damage":7,"enemies":"3 Louse","floor":12,"turns":2},{"damage":4,"enemies":"Large Slime","floor":13,"turns":3},{"damage":3,"enemies":"Blue Slaver","floor":15,"turns":2},{"damage":14,"enemies":"DF_ARCHETYPE_STREAMLINE","floor":16,"turns":6},{"damage":0,"enemies":"Chosen","floor":19,"turns":4},{"damage":4,"enemies":"conspire:FuzzyDice","floor":20,"turns":5},{"damage":5,"enemies":"Centurion and Healer","floor":22,"turns":7},{"damage":10,"enemies":"Centurion and Healer","floor":23,"turns":4},{"damage":14,"enemies":"3 Cultists","floor":25,"turns":4},{"damage":12,"enemies":"Snecko","floor":27,"turns":5},{"damage":0,"enemies":"Chosen and Byrds","floor":29,"turns":4},{"damage":24,"enemies":"Gremlin Leader","floor":30,"turns":7},{"damage":20,"enemies":"Shelled Parasite and Fungi","floor":31,"turns":4},{"damage":17,"enemies":"Centurion and Healer","floor":32,"turns":5},{"damage":4,"enemies":"SI_MIRROR_ARCHETYPE","floor":33,"turns":9},{"damage":13,"enemies":"3 Shapes","floor":36,"turns":5},{"damage":1,"enemies":"Orb Walker","floor":37,"turns":3},{"damage":20,"enemies":"Writhing Mass","floor":39,"turns":8},{"damage":0,"enemies":"downfall:FleeingMerchant","floor":40,"turns":4},{"damage":43,"enemies":"Giant Head","floor":44,"turns":9},{"damage":28,"enemies":"Transient","floor":46,"turns":5},{"damage":24,"enemies":"3 Darklings","floor":48,"turns":5},{"damage":27,"enemies":"Maw","floor":49,"turns":6},{"damage":40,"enemies":"IC_BLOCK_ARCHETYPE","floor":50,"turns":2}],"seed_played":"4384214973151524462","potions_obtained":[{"floor":2,"key":"SmokeBomb"},{"floor":3,"key":"hexamod:SoulburnPotion"},{"floor":4,"key":"ColorlessPotion"},{"floor":12,"key":"LiquidBronze"},{"floor":16,"key":"Dexterity Potion"},{"floor":19,"key":"bronze:BurnAndBuffPotion"},{"floor":22,"key":"Slimebound:ThreeZeroPotion"},{"floor":23,"key":"PowerPotion"},{"floor":33,"key":"CultistPotion"},{"floor":36,"key":"sneckomod:MuddlingPotion"},{"floor":37,"key":"GamblersBrew"}],"is_trial":false,"path_per_floor":["R","M","M","M","M","R","T","$","M","R","?","M","M","?","M","B",null,"R","M","M","?","M","?","T","M","?","M","R","M","E","M","M","B",null,"R","M","M","?","M","$","T","R","?","E","T","M","?","M","M","B"],"character_chosen":"SLIMEBOUND","items_purchased":["expansioncontent:DashGenerateEvil","conspire:BottledYoYo","Bandage Up","BlessingOfTheForge"],"campfire_rested":0,"item_purchase_floors":[40,40,40,40],"current_hp_per_floor":[71,61,56,57,39,39,39,39,35,35,15,8,6,12,13,3,77,77,77,77,77,77,74,74,68,68,62,62,70,54,38,29,37,67,67,56,67,67,69,80,80,80,80,53,53,45,45,41,34,0,0,0],"gold":240,"neow_bonus":"TEN_PERCENT_HP_BONUS","is_daily":false,"chose_seed":false,"campfire_upgraded":7,"win_rate":0.0,"timestamp":1611649110,"path_taken":["R","M","M","M","M","R","T","$","M","R","?","M","M","?","M","BOSS","R","M","M","?","M","?","T","?","?","M","R","M","E","M","M","BOSS","R","M","M","?","M","$","T","R","?","E","?","M","?","M","M","BOSS"],"items_purchased_type":["Card","Relic","Card","Potion"],"build_version":"2020-12-22","purchased_purges":1,"victory":false,"max_hp_per_floor":[71,71,71,71,71,71,71,71,71,71,71,71,71,77,77,77,77,77,77,77,77,77,77,77,77,77,77,77,77,77,77,77,77,77,77,77,77,77,83,80,80,80,80,80,80,80,80,80,80,80,80,80],"card_choices":[{"not_picked":["Slimebound:SplitLeeching","Slimebound:SamplingLick"],"picked":"Slimebound:SplitBruiser","floor":2},{"not_picked":["Slimebound:LivingWall","Slimebound:FinishingTackle"],"picked":"Slimebound:RollThrough","floor":3},{"not_picked":["Slimebound:GoopSpray","Slimebound:GoopTackle"],"picked":"Slimebound:MassRepurpose","floor":4},{"not_picked":["Slimebound:LivingWall","Slimebound:ItLooksTasty"],"picked":"Slimebound:ForwardTackle","floor":5},{"not_picked":["Slimebound:FinishingTackle","Slimebound:SpikyOuterGoop","Slimebound:ItLooksTasty"],"picked":"SKIP","floor":9},{"not_picked":["Slimebound:Replication","Slimebound:SlimeBarrage"],"picked":"Slimebound:SplitLeeching","floor":11},{"not_picked":["Slimebound:RollThrough","Slimebound:ComboTackle"],"picked":"Slimebound:MegaLick","floor":12},{"not_picked":["Slimebound:Replication","Slimebound:SpikyOuterGoop"],"picked":"Slimebound:SplitMire","floor":13},{"not_picked":["Slimebound:LeechingTouch","Slimebound:HauntingLick"],"picked":"Slimebound:SpikyOuterGoop","floor":15},{"not_picked":["Slimebound:FinishingTackle","Slimebound:HauntingLick"],"picked":"Slimebound:LivingWall","floor":19},{"not_picked":["Slimebound:SlimeTap","Slimebound:Replication","Slimebound:RollThrough+1"],"picked":"SKIP","floor":20},{"not_picked":["Slimebound:Replication","Slimebound:ViciousTackle+1"],"picked":"Slimebound:GoopTackle","floor":22},{"not_picked":["Slimebound:SplitMire","Slimebound:TongueLash"],"picked":"Slimebound:SamplingLick+1","floor":25},{"not_picked":["Slimebound:Equalize","Slimebound:ItLooksTasty","Slimebound:PressTheAttack+1"],"picked":"SKIP","floor":27},{"not_picked":["Slimebound:SplitBruiser+1","Slimebound:Dissolve","Slimebound:SlimeSpikes"],"picked":"SKIP","floor":29},{"not_picked":["Slimebound:GoopSpray","Slimebound:SplitAcid+1","Slimebound:HungryTackle"],"picked":"SKIP","floor":30},{"not_picked":["Slimebound:SplitSpecialist","Slimebound:SamplingLick"],"picked":"Slimebound:Teamwork","floor":31},{"not_picked":["Slimebound:Grow","Slimebound:HauntingLick+1"],"picked":"Slimebound:Equalize","floor":32},{"not_picked":["Slimebound:WasteNot","Slimebound:CheckThePlaybook"],"picked":"Slimebound:SelfFormingGoo","floor":33},{"not_picked":["Slimebound:FinishingTackle","Slimebound:SplitAcid","Slimebound:TongueLash"],"picked":"SKIP","floor":36},{"not_picked":["Slimebound:ItLooksTasty","Slimebound:DisruptingSlam+1","Slimebound:ComboTackle"],"picked":"SKIP","floor":37},{"not_picked":["Slimebound:SplitLeeching","Slimebound:SplitAcid+1","Slimebound:AcidTongue"],"picked":"SKIP","floor":39},{"not_picked":["Slimebound:PressTheAttack","Slimebound:ServeAndProtect","Slimebound:MegaLick"],"picked":"SKIP","floor":40},{"not_picked":["Slimebound:SplitAcid+1","Slimebound:TongueLash+1"],"picked":"Slimebound:Repurpose","floor":44},{"not_picked":["Slimebound:Prepare+1","Slimebound:GoopTackle","Slimebound:SplitMire+1"],"picked":"SKIP","floor":46},{"not_picked":["Slimebound:SplitAcid","Slimebound:LeechEnergy+1","Slimebound:RainOfGoop"],"picked":"SKIP","floor":48},{"not_picked":["Slimebound:LeechingTouch","Slimebound:FinishingTackle+1"],"picked":"Slimebound:BestDefense","floor":49}],"player_experience":497748,"relics_obtained":[{"floor":7,"key":"Darkstone Periapt"},{"floor":11,"key":"hubris:DuctTape"},{"floor":23,"key":"downfall:GremlinWheel"},{"floor":24,"key":"hubris:Metronome"},{"floor":30,"key":"Vajra"},{"floor":41,"key":"Boot"},{"floor":44,"key":"hubris:SlimyHat"},{"floor":45,"key":"Oddly Smooth Stone"}],"event_choices":[{"damage_healed":0,"gold_gain":0,"player_choice":"Ignored","damage_taken":0,"max_hp_gain":0,"max_hp_loss":0,"event_name":"betterNote:BetterNote","floor":21,"gold_loss":0,"cards_obtained":["expansioncontent:QuickStudy"]},{"cards_removed":["downfall:Malfunctioning"],"damage_healed":0,"gold_gain":0,"player_choice":"Card Removal","damage_taken":0,"max_hp_gain":0,"max_hp_loss":0,"event_name":"Wheel of Change","floor":28,"gold_loss":0},{"cards_removed":["Slimebound:Defend_Slimebound"],"damage_healed":0,"gold_gain":0,"player_choice":"Removed Skill","damage_taken":0,"max_hp_gain":0,"max_hp_loss":0,"event_name":"Falling","floor":43,"gold_loss":0},{"damage_healed":0,"gold_gain":0,"player_choice":"Leave","damage_taken":0,"max_hp_gain":0,"max_hp_loss":0,"event_name":"conspire:Investor","floor":47,"gold_loss":0}],"is_beta":false,"boss_relics":[{"not_picked":["Calling Bell","conspire:SeveredTorchhead"],"picked":"SacredBark"},{"not_picked":["Sozu","hubris:VirtuousBlindfold"],"picked":"hubris:TerracottaHorce"}],"items_purged_floors":[40],"is_endless":false,"potions_floor_spawned":[2,3,4,12,16,19,22,23,30,33,36,37,44,46,48],"killed_by":"IC_BLOCK_ARCHETYPE","ascension_level":0}}