{"host":"vhvubw4jk4f204qs","time":1611677043,"event":{"mods":["AchievementEnabler","BaseMod","DeckTracker","GifTheSpireLib","Minty Spire (QoL Compilation)","Permanent Neow","Quick Restart","StSLib","SuperFastMode","The IronCluck","slay the spire mod where everything is the same but ironclad has a cowboy hat"],"gold_per_floor":[115,132,150,150,150,150,177,177,177,177,208,223,223,233,233,310,310,323,17,34,67,67,97,97,109,133,133,147,158,158,158],"floor_reached":30,"language":"ENG","playtime":1359,"items_purged":[],"score":520,"play_id":"c8c6551b-8099-4779-adb7-d4034fe1c6da","local_time":"20210126110403","is_ascension_mode":true,"campfire_choices":[{"data":"Zap","floor":6,"key":"SMITH"},{"floor":10,"key":"REST"},{"floor":13,"key":"REST"},{"data":"Streamline","floor":15,"key":"SMITH"},{"floor":24,"key":"REST"},{"data":"Echo Form","floor":27,"key":"SMITH"}],"circlet_count":0,"master_deck":["AscendersBane","Zap+1","Dualcast","Electrodynamics","Cold Snap","Genetic Algorithm","Chaos+1","Streamline+1","Ball Lightning","Auto Shields","Thunder Strike","Meteor Strike","Echo Form+1","Loop","Force Field","Capacitor","Hyperbeam","Lockon","Capacitor","Tempest+1","Chaos+1","Loop","Reinforced Body","Consume","Leap+1"],"relics":["Cracked Core","CaptainsWheel","Incense Burner","Regal Pillow","Pandora\u0027s Box","ClockworkSouvenir","Red Mask","Smiling Mask","Ancient Tea Set"],"acts_visited":["Exordium","TheCity"],"potions_floor_usage":[7,16,16,21,21,30,30],"damage_taken":[{"damage":8,"enemies":"Small Slimes","floor":1,"turns":2},{"damage":0,"enemies":"2 Louse","floor":2,"turns":2},{"damage":8,"enemies":"Cultist","floor":3,"turns":4},{"damage":26,"enemies":"Lagavulin","floor":7,"turns":7},{"damage":15,"enemies":"3 Sentries","floor":11,"turns":3},{"damage":0,"enemies":"Large Slime","floor":12,"turns":3},{"damage":2,"enemies":"Lots of Slimes","floor":14,"turns":2},{"damage":1,"enemies":"The Guardian","floor":16,"turns":8},{"damage":0,"enemies":"Chosen","floor":18,"turns":4},{"damage":6,"enemies":"3 Byrds","floor":20,"turns":2},{"damage":12,"enemies":"Masked Bandits","floor":21,"turns":2},{"damage":38,"enemies":"Book of Stabbing","floor":23,"turns":5},{"damage":0,"enemies":"Centurion and Healer","floor":25,"turns":5},{"damage":0,"enemies":"Snecko","floor":28,"turns":3},{"damage":0,"enemies":"Cultist and Chosen","floor":29,"turns":5},{"damage":44,"enemies":"Gremlin Leader","floor":30,"turns":4}],"seed_played":"2079596210485777998","potions_obtained":[{"floor":2,"key":"Explosive Potion"},{"floor":7,"key":"SteroidPotion"},{"floor":12,"key":"ColorlessPotion"},{"floor":14,"key":"Swift Potion"},{"floor":18,"key":"ColorlessPotion"},{"floor":23,"key":"SpeedPotion"},{"floor":28,"key":"FocusPotion"},{"floor":29,"key":"FocusPotion"}],"is_trial":false,"path_per_floor":["M","M","M","?","?","R","E","?","T","R","E","M","R","M","R","B",null,"M","$","M","?","?","E","R","M","T","R","M","M","E"],"character_chosen":"DEFECT","items_purchased":["Capacitor","ClockworkSouvenir","SkillPotion"],"campfire_rested":3,"item_purchase_floors":[19,19,19],"current_hp_per_floor":[56,56,48,41,41,41,15,15,15,34,19,19,53,51,51,50,61,61,61,55,43,43,5,39,39,39,39,39,39,0,0],"gold":158,"neow_bonus":"THREE_RARE_CARDS","is_daily":false,"chose_seed":false,"campfire_upgraded":3,"win_rate":0.0,"timestamp":1611677043,"path_taken":["M","M","M","?","?","R","E","?","T","R","E","?","R","M","R","BOSS","M","$","M","?","?","E","R","M","T","R","M","M","E"],"items_purchased_type":["Card","Relic","Potion"],"build_version":"2020-12-22","purchased_purges":0,"victory":false,"max_hp_per_floor":[64,64,64,64,64,64,64,64,64,64,64,64,64,64,64,64,64,64,64,64,64,64,64,64,64,64,64,64,64,64,64],"card_choices":[{"not_picked":["Machine Learning","All For One"],"picked":"Electrodynamics","floor":0},{"not_picked":["Leap","Gash"],"picked":"Cold Snap","floor":1},{"not_picked":["Sweeping Beam","Sunder"],"picked":"Genetic Algorithm","floor":2},{"not_picked":["Compile Driver","Thunder Strike"],"picked":"Chaos","floor":3},{"not_picked":["Hello World","Beam Cell"],"picked":"Streamline","floor":7},{"not_picked":["Gash","Steam Power"],"picked":"Auto Shields","floor":11},{"not_picked":["Sweeping Beam","BootSequence","Hello World"],"picked":"SKIP","floor":12},{"not_picked":["Hello World","Redo","Rip and Tear"],"picked":"SKIP","floor":14},{"not_picked":["All For One","Amplify"],"picked":"Thunder Strike","floor":16},{"not_picked":["Redo","Reinforced Body","Sunder+1"],"picked":"SKIP","floor":18},{"not_picked":["Stack","Skim"],"picked":"Tempest+1","floor":20},{"not_picked":["Sunder+1","Conserve Battery"],"picked":"Loop","floor":23},{"not_picked":["White Noise","Hologram"],"picked":"Reinforced Body","floor":25},{"not_picked":["Streamline","Compile Driver"],"picked":"Consume","floor":28},{"not_picked":["Turbo","Hologram"],"picked":"Leap+1","floor":29}],"player_experience":969231,"relics_obtained":[{"floor":7,"key":"CaptainsWheel"},{"floor":9,"key":"Incense Burner"},{"floor":11,"key":"Regal Pillow"},{"floor":21,"key":"Red Mask"},{"floor":23,"key":"Smiling Mask"},{"floor":26,"key":"Ancient Tea Set"}],"event_choices":[{"cards_removed":["Strike_B"],"damage_healed":0,"gold_gain":0,"player_choice":"Card Removal","damage_taken":7,"max_hp_gain":0,"max_hp_loss":0,"event_name":"Golden Wing","floor":4,"gold_loss":0},{"damage_healed":0,"gold_gain":0,"player_choice":"Grow","damage_taken":0,"max_hp_gain":0,"max_hp_loss":0,"event_name":"Living Wall","floor":5,"gold_loss":0,"cards_upgraded":["Chaos"]},{"damage_healed":0,"gold_gain":0,"player_choice":"1 cards matched","damage_taken":0,"max_hp_gain":0,"max_hp_loss":0,"event_name":"Match and Keep!","floor":8,"gold_loss":0,"cards_obtained":["Ball Lightning"]},{"damage_healed":0,"gold_gain":0,"player_choice":"Fought Bandits","damage_taken":0,"max_hp_gain":0,"max_hp_loss":0,"event_name":"Masked Bandits","floor":21,"gold_loss":0},{"damage_healed":0,"gold_gain":0,"player_choice":"Copied","damage_taken":0,"max_hp_gain":0,"max_hp_loss":0,"event_name":"Duplicator","floor":22,"gold_loss":0,"cards_obtained":["Chaos"]}],"is_beta":false,"boss_relics":[{"not_picked":["Busted Crown","Coffee Dripper"],"picked":"Pandora\u0027s Box"}],"items_purged_floors":[],"is_endless":false,"potions_floor_spawned":[2,7,12,14,18,20,23,28,29],"killed_by":"Gremlin Leader","ascension_level":20}}