{"host":"lte3xujvwediduij","time":1611681425,"event":{"mods":["Aspiration","BaseMod","Better-Laid Plans","BetterRewards","Challenge The Spire","Colored Map","Colored Powertips","Energized Spire","Minty Spire (QoL Compilation)","Permanent Neow","Replay The Spire","Spicy Shops","StSLib","The Runesmith","¡¾ÒÅÎï¿¨ÅÆ¡¿REMEMod","óô»ðÖ¸ÄÏ"],"gold_per_floor":[109,123,134,134,175,201,201,219,219,233,233,233],"floor_reached":11,"language":"ZHS","playtime":1165,"items_purged":[],"score":77,"play_id":"42c6e54d-7bc4-454d-8cc4-81283e0208d0","local_time":"20210127011705","is_ascension_mode":false,"campfire_choices":[{"floor":7,"key":"RECALL"}],"circlet_count":0,"master_deck":["Runesmith:Strike_RS","Runesmith:Strike_RS","Runesmith:Strike_RS","Runesmith:Strike_RS","Runesmith:Defend_RS","Runesmith:Defend_RS","Runesmith:Defend_RS","Runesmith:Defend_RS","Runesmith:CraftFirestone","Runesmith:Fortify","Runesmith:BackupBattery","Runesmith:CraftObretio","Runesmith:Permafrost","Runesmith:RuneHurl","Runesmith:EnergizedChisel","Runesmith:Accelerate","Runesmith:FieryHammer"],"relics":["Runesmith:BrokenRuby","REME_ComplimentaryCards","aspiration:Nostalgia","Replay:M_SmolderingBlood","Runesmith:AutoHammer","Bronze Scales"],"acts_visited":["Exordium"],"potions_floor_usage":[5,6,6],"damage_taken":[{"damage":0,"enemies":"2 Louse","floor":1,"turns":3},{"damage":1,"enemies":"Cultist","floor":2,"turns":5},{"damage":8,"enemies":"Small Slimes","floor":3,"turns":4},{"damage":14,"enemies":"Blue Slaver","floor":5,"turns":5},{"damage":24,"enemies":"3 Sentries","floor":6,"turns":9},{"damage":5,"enemies":"Red Slaver","floor":8,"turns":4},{"damage":0,"enemies":"Looter","floor":10,"turns":3},{"damage":17,"enemies":"Lagavulin","floor":11,"turns":11}],"seed_played":"1492846575065111490","potions_obtained":[{"floor":2,"key":"AttackPotion"},{"floor":3,"key":"REME_GoldPotion"},{"floor":5,"key":"PowerPotion"}],"is_trial":false,"path_per_floor":["M","M","M","?","M","E","R","M","T","M","E"],"character_chosen":"RUNESMITH_CLASS","items_purchased":[],"campfire_rested":0,"item_purchase_floors":[],"current_hp_per_floor":[70,69,61,61,47,23,23,18,18,18,1,1],"gold":233,"neow_bonus":"NOSTALGIA","is_daily":false,"chose_seed":false,"campfire_upgraded":0,"win_rate":0.0,"timestamp":1611681425,"path_taken":["M","M","M","?","M","E","R","M","T","M","E"],"items_purchased_type":[],"build_version":"2020-12-22","purchased_purges":0,"victory":false,"max_hp_per_floor":[70,70,70,70,70,70,70,70,70,70,70,70],"card_choices":[{"not_picked":["Runesmith:GoWithTheFlow","Runesmith:Retool"],"picked":"Runesmith:BackupBattery","floor":1},{"not_picked":["EmptyFist","Runesmith:MakeshiftArmor"],"picked":"Runesmith:CraftObretio","floor":2},{"not_picked":["Runesmith:ChiselStab","Runesmith:Superposition"],"picked":"Runesmith:Permafrost","floor":3},{"not_picked":["EmptyFist","Headbutt"],"picked":"Runesmith:RuneHurl","floor":5},{"not_picked":["Runesmith:LightningRod","Clash"],"picked":"Runesmith:EnergizedChisel","floor":6},{"not_picked":["CrushJoints","Halt"],"picked":"Runesmith:Accelerate","floor":8},{"not_picked":["Runesmith:HeatExchange","Runesmith:Firewall"],"picked":"Runesmith:FieryHammer","floor":10}],"player_experience":80871,"relics_obtained":[{"floor":6,"key":"Bronze Scales"}],"event_choices":[{"cards_removed":["Violence"],"damage_healed":0,"gold_gain":0,"player_choice":"Gave Card","damage_taken":0,"relics_obtained":["Runesmith:AutoHammer"],"max_hp_gain":0,"max_hp_loss":0,"event_name":"WeMeetAgain","floor":4,"gold_loss":0}],"is_beta":false,"boss_relics":[],"items_purged_floors":[],"is_endless":false,"potions_floor_spawned":[2,3,5],"killed_by":"Lagavulin","ascension_level":0}}