{"host":"dyudzmz1c60osjjw","time":1611644567,"event":{"mods":["AchievementEnabler","BaseMod","BetterRewards","Colored Map","Conspire","Downfall","Duelist Mod","Friendly Minions","Hermit","Hubris","Infinite Spire","Koishi","Marisa????????","Minty Spire (QoL Compilation)","StSLib","The Administrix","The Animator","The Cursed","The Disciple","The Mystic","The Runesmith","The Servant 0.9.4"],"gold_per_floor":[119,133,152,152,152,152,8,36,36,64,82,47,58,70,70,169,169,187,102,4,103,103,103,103],"floor_reached":23,"language":"ENG","playtime":1384,"items_purged":[],"score":209,"play_id":"6e130b7f-8f1a-495f-a333-a3974a6fe763","local_time":"20210126180247","is_ascension_mode":true,"campfire_choices":[{"floor":6,"key":"REST"},{"data":"Demon Form","floor":15,"key":"SMITH"}],"circlet_count":0,"master_deck":["Strike_R","Strike_R","Strike_R","Strike_R","Strike_R","Defend_R","Defend_R","Defend_R","Defend_R","Bash","Dark Embrace","Demon Form+1","conspire:Charge","infinitespire:Gouge","Rage","Inflame","Dual Wield","hubris:StunningStrike","Burning Pact","Discovery"],"relics":["Burning Blood","Blue Candle","Happy Flower","Anchor","infinitespire:Satchel","hubris:DisguiseKit","Runic Pyramid","Red Skull"],"acts_visited":["Exordium","TheCity"],"potions_floor_usage":[8,16,16,23],"damage_taken":[{"damage":7,"enemies":"2 Louse","floor":1,"turns":3},{"damage":10,"enemies":"Jaw Worm","floor":2,"turns":4},{"damage":5,"enemies":"conspire:RoseBush","floor":3,"turns":5},{"damage":11,"enemies":"Gremlin Nob","floor":8,"turns":4},{"damage":21,"enemies":"Lagavulin","floor":10,"turns":5},{"damage":6,"enemies":"conspire:2 RoseBushes","floor":11,"turns":5},{"damage":7,"enemies":"Blue Slaver","floor":13,"turns":4},{"damage":5,"enemies":"Looter","floor":14,"turns":4},{"damage":15,"enemies":"Hexaghost","floor":16,"turns":7},{"damage":0,"enemies":"Spheric Guardian","floor":18,"turns":3},{"damage":96,"enemies":"Gremlin Leader","floor":23,"turns":7}],"seed_played":"305977643056320083","potions_obtained":[{"floor":0,"key":"Swift Potion"},{"floor":0,"key":"SteroidPotion"},{"floor":0,"key":"Swift Potion"},{"floor":2,"key":"Dexterity Potion"},{"floor":10,"key":"sneckomod:MuddlingPotion"},{"floor":13,"key":"Regen Potion"}],"is_trial":false,"path_per_floor":["M","M","M","?","?","R","$","E","T","E","M","?","M","M","R","B",null,"M","?","$","?","?","E"],"character_chosen":"IRONCLAD","items_purchased":["Happy Flower","Discovery"],"campfire_rested":1,"item_purchase_floors":[7,20],"current_hp_per_floor":[79,75,76,69,49,73,73,68,68,53,53,73,72,73,73,64,80,80,80,80,80,80,0,0],"gold":103,"neow_bonus":"THREE_SMALL_POTIONS","is_daily":false,"chose_seed":false,"campfire_upgraded":1,"win_rate":0.0,"timestamp":1611644567,"path_taken":["M","M","M","?","?","R","?","E","T","E","M","?","M","M","R","BOSS","M","?","$","?","?","E"],"items_purchased_type":["Relic","Card"],"build_version":"2020-12-22","purchased_purges":0,"victory":false,"max_hp_per_floor":[80,80,80,80,80,80,80,80,80,80,80,80,80,80,80,80,80,80,80,80,80,80,80,80],"card_choices":[{"not_picked":["Intimidate","Power Through"],"picked":"Dark Embrace","floor":1},{"not_picked":["Dark Embrace","Anger"],"picked":"Demon Form","floor":2},{"not_picked":["conspire:ExplosiveBarrier","Havoc"],"picked":"conspire:Charge","floor":3},{"not_picked":["infinitespire:SevenWalls","hubris:InfiniteBlow"],"picked":"infinitespire:Gouge","floor":5},{"not_picked":["Wild Strike","Intimidate","Warcry"],"picked":"SKIP","floor":8},{"not_picked":["Clothesline","Brutality","Warcry"],"picked":"SKIP","floor":10},{"not_picked":["Body Slam","Rampage","Dodge and Roll"],"picked":"Rage","floor":11},{"not_picked":["Anger","Armaments","Masterful Stab"],"picked":"Inflame","floor":13},{"not_picked":["Headbutt","Clothesline","Leg Sweep"],"picked":"Dual Wield","floor":14},{"not_picked":["Immolate","Offering","Storm of Steel"],"picked":"hubris:StunningStrike","floor":16},{"not_picked":["Sentinel","Twin Strike","Deadly Poison"],"picked":"Burning Pact","floor":18}],"player_experience":211931,"relics_obtained":[{"floor":8,"key":"Anchor"},{"floor":9,"key":"infinitespire:Satchel"},{"floor":10,"key":"hubris:DisguiseKit"}],"event_choices":[{"damage_healed":0,"gold_gain":0,"player_choice":"Success","damage_taken":7,"relics_obtained":["Blue Candle"],"max_hp_gain":0,"max_hp_loss":0,"event_name":"Scrap Ooze","floor":4,"gold_loss":0},{"damage_healed":20,"gold_gain":0,"player_choice":"Healed","damage_taken":0,"max_hp_gain":0,"max_hp_loss":0,"event_name":"The Cleric","floor":12,"gold_loss":35},{"damage_healed":0,"gold_gain":0,"player_choice":"Obtained Relic","damage_taken":0,"relics_obtained":["Red Skull"],"max_hp_gain":0,"max_hp_loss":0,"event_name":"Addict","floor":19,"gold_loss":85},{"damage_healed":0,"gold_gain":99,"player_choice":"Stole From Cult","damage_taken":0,"max_hp_gain":0,"max_hp_loss":0,"event_name":"Nest","floor":21,"gold_loss":0},{"damage_healed":0,"gold_gain":0,"player_choice":"0 cards matched","damage_taken":0,"max_hp_gain":0,"max_hp_loss":0,"event_name":"Match and Keep!","floor":22,"gold_loss":0,"cards_obtained":[]}],"is_beta":false,"boss_relics":[{"not_picked":["hubris:Backtick","Black Blood"],"picked":"Runic Pyramid"}],"items_purged_floors":[],"is_endless":false,"potions_floor_spawned":[2,3,10,13,14],"killed_by":"Gremlin Leader","ascension_level":1}}