{"host":"iphsb0ccnjx0pfn6","time":1611643274,"event":{"mods":["2.2 Compatiblity","AchievementEnabler","BaseMod","Colored Map","DeckTracker","Keyboard Shortcuts","Minty Spire (QoL Compilation)","Permanent Neow","Quick Restart","Relic Stats","StSLib","SuperFastMode","Uncapped","everything is the same but u backflip on backflip"],"gold_per_floor":[20,36,1,14,26,26,37,37,37,64,64,64,83,96,96,170,170,182,182,182,19,19,19,19,19,42,42,42],"floor_reached":27,"language":"KOR","playtime":550,"items_purged":["Strike_G"],"score":422,"play_id":"c60453ba-2fb1-4be4-8a7f-292a5bc8db91","local_time":"20210126154114","is_ascension_mode":true,"campfire_choices":[{"data":"Noxious Fumes","floor":6,"key":"SMITH"},{"data":"Crippling Poison","floor":12,"key":"SMITH"},{"data":"Catalyst","floor":15,"key":"SMITH"},{"data":"Choke","floor":23,"key":"SMITH"}],"circlet_count":0,"master_deck":["AscendersBane","Strike_G","Strike_G","Strike_G","Defend_G","Defend_G","Defend_G","Defend_G","Defend_G","Survivor","Neutralize","Noxious Fumes+1","Poisoned Stab","Footwork","Crippling Poison+1","Catalyst+1","Footwork","Necronomicurse","Choke+1"],"relics":["Ring of the Snake","The Specimen","Potion Belt","Pantograph","Philosopher\u0027s Stone","Necronomicon","Dream Catcher"],"acts_visited":["Exordium","TheCity"],"potions_floor_usage":[5,10,27],"damage_taken":[{"damage":6,"enemies":"Jaw Worm","floor":1,"turns":6},{"damage":4,"enemies":"Small Slimes","floor":2,"turns":5},{"damage":2,"enemies":"2 Louse","floor":4,"turns":4},{"damage":13,"enemies":"Exordium Thugs","floor":5,"turns":6},{"damage":0,"enemies":"2 Fungi Beasts","floor":7,"turns":4},{"damage":11,"enemies":"Lagavulin","floor":10,"turns":9},{"damage":3,"enemies":"Looter","floor":13,"turns":3},{"damage":4,"enemies":"Exordium Wildlife","floor":14,"turns":4},{"damage":19,"enemies":"Hexaghost","floor":16,"turns":8},{"damage":10,"enemies":"Spheric Guardian","floor":18,"turns":5},{"damage":31,"enemies":"Slavers","floor":27,"turns":2}],"seed_played":"6722095883839809183","potions_obtained":[{"floor":2,"key":"GhostInAJar"},{"floor":4,"key":"SkillPotion"},{"floor":10,"key":"SteroidPotion"},{"floor":16,"key":"SneckoOil"}],"is_trial":false,"path_per_floor":["M","M","?","M","M","R","M","?","T","E","?","R","M","M","R","B",null,"M","?","?","$","$","R","?","$","T","E"],"character_chosen":"THE_SILENT","items_purchased":["Choke"],"campfire_rested":0,"item_purchase_floors":[21],"current_hp_per_floor":[53,49,65,63,50,50,50,32,32,21,43,43,40,36,36,42,60,50,50,29,29,29,29,29,29,29,0,0],"gold":42,"neow_bonus":"ONE_RARE_RELIC","is_daily":false,"chose_seed":false,"campfire_upgraded":4,"win_rate":0.0,"timestamp":1611643274,"path_taken":["M","M","?","M","M","R","M","?","T","E","?","R","?","M","R","BOSS","M","?","?","?","$","R","?","?","T","E"],"items_purchased_type":["Card"],"build_version":"2020-12-22","purchased_purges":1,"victory":false,"max_hp_per_floor":[66,66,66,66,66,66,66,66,66,66,66,66,66,66,66,66,66,66,66,66,66,66,66,66,66,66,66,66],"relic_stats":{"Dream Catcher":0,"counters":[11,56],"Pantograph":25,"Necronomicon":[1],"obtain_stats":[{"Potion Belt":8,"Dream Catcher":26,"The Specimen":0,"Pantograph":9,"Philosopher\u0027s Stone":17,"Necronomicon":20,"Ring of the Snake":0},{"Potion Belt":5,"Dream Catcher":10,"The Specimen":0,"Pantograph":5,"Philosopher\u0027s Stone":9,"Necronomicon":10,"Ring of the Snake":0},{"Potion Belt":25,"Dream Catcher":54,"The Specimen":0,"Pantograph":25,"Philosopher\u0027s Stone":49,"Necronomicon":54,"Ring of the Snake":0}],"Ring of the Snake":[22]},"card_choices":[{"not_picked":["Deflect","Slice"],"picked":"Noxious Fumes","floor":1},{"not_picked":["Flying Knee","Terror"],"picked":"Poisoned Stab","floor":2},{"not_picked":["Cloak And Dagger","Deadly Poison"],"picked":"Footwork","floor":4},{"not_picked":["All Out Attack","Deadly Poison","Tools of the Trade"],"picked":"SKIP","floor":5},{"not_picked":["Quick Slash","Expertise","Blade Dance"],"picked":"SKIP","floor":7},{"not_picked":["Deadly Poison","Dagger Spray"],"picked":"Crippling Poison","floor":10},{"not_picked":["Sucker Punch","Deflect","Dodge and Roll"],"picked":"SKIP","floor":13},{"not_picked":["Sucker Punch","Accuracy"],"picked":"Catalyst","floor":14},{"not_picked":["Deadly Poison","Quick Slash"],"picked":"Footwork","floor":18}],"player_experience":1279521,"relics_obtained":[{"floor":9,"key":"Pantograph"},{"floor":20,"key":"Necronomicon"},{"floor":26,"key":"Dream Catcher"}],"event_choices":[{"damage_healed":16,"gold_gain":0,"player_choice":"Healed","damage_taken":0,"max_hp_gain":0,"max_hp_loss":0,"event_name":"The Cleric","floor":3,"gold_loss":35},{"damage_healed":0,"gold_gain":0,"player_choice":"Success","damage_taken":18,"relics_obtained":["Potion Belt"],"max_hp_gain":0,"max_hp_loss":0,"event_name":"Scrap Ooze","floor":8,"gold_loss":0},{"damage_healed":22,"gold_gain":0,"player_choice":"Banana","damage_taken":0,"max_hp_gain":0,"max_hp_loss":0,"event_name":"Big Fish","floor":11,"gold_loss":0},{"cards_removed":["Strike_G"],"damage_healed":0,"gold_gain":0,"player_choice":"Elegance","damage_taken":0,"max_hp_gain":0,"max_hp_loss":0,"event_name":"Back to Basics","floor":19,"gold_loss":0},{"damage_healed":0,"gold_gain":0,"player_choice":"Obtained Book","damage_taken":21,"max_hp_gain":0,"max_hp_loss":0,"event_name":"Cursed Tome","floor":20,"gold_loss":0},{"damage_healed":0,"gold_gain":0,"player_choice":"Ignored","damage_taken":0,"max_hp_gain":0,"max_hp_loss":0,"event_name":"The Mausoleum","floor":24,"gold_loss":0}],"is_beta":false,"boss_relics":[{"not_picked":["Calling Bell","Black Star"],"picked":"Philosopher\u0027s Stone"}],"items_purged_floors":[21],"is_endless":false,"potions_floor_spawned":[2,4,10,16],"killed_by":"Slavers","ascension_level":20}}