{"host":"qnteex8t7okfghms","time":1611656810,"event":{"mods":["BaseMod","Better Match","Better Note","Better Sensory Stone","Better Third Choice","BetterRewards","Colored Map","Colored Powertips","Downfall","Hermit","Hubris","Luminous","Marisa£®ÏF”Í°°ƒß¿Ì…≥£©","Minty Spire (QoL Compilation)","Relic Stats","Replay The Spire","Shop Mod","Spicy Shops","StSLib","The Bug Knight","The Construct","The Cursed","The Gatherer","The Jungle","The Runesmith","The Servant 0.9.4"],"gold_per_floor":[114,114,39,39,39,66,66,76,76,56,67,84,104,131,131,236,236,253,253,21,31,45,45,80,105,105,132,142,153,181,192,192,293,293,309,46,46,46,97,97,97,122,122,142,173,44,60,76,76,76,76,76,2,28,28,28],"floor_reached":55,"language":"ZHS","playtime":4450,"items_purged":["HollowMod:QuickDashStart","HollowMod:SharpenedShadows","Hallucinations"],"score":895,"play_id":"4132072f-26b8-4e15-b19e-1353e2e11bcf","local_time":"20210126182650","is_ascension_mode":false,"campfire_choices":[{"data":"HollowMod:CloakDash","floor":7.0,"key":"SMITH"},{"data":"HollowMod:MantisMark","floor":15.0,"key":"SMITH"},{"data":"HollowMod:Weaversong","floor":23.0,"key":"SMITH"},{"floor":32.0,"key":"DIG"},{"floor":40.0,"key":"DIG"},{"floor":49,"key":"RECALL"},{"floor":52,"key":"DIG"}],"circlet_count":0,"master_deck":["HollowMod:NailStrikeStart","HollowMod:NailStrikeStart","HollowMod:NailStrikeStart","HollowMod:NailStrikeStart","HollowMod:QuickDashStart","HollowMod:QuickDashStart","HollowMod:QuickDashStart","HollowMod:FocusHealStart","HollowMod:PogoStrike","HollowMod:CloakDash+1","HollowMod:GoodIntentions+1","HollowMod:FallenFury+1","HollowMod:MothsMistake","HollowMod:DashSlash+1","HollowMod:PerfectDash+1","HollowMod:HornetsHelp+1","HollowMod:RecoilStrike+1","HollowMod:SiblingsShadow+1","HollowMod:MantisMark+1","HollowMod:ZotesMagnificence+1","HollowMod:Weaversong+1","HollowMod:SiblingsShadow","HollowMod:RecoilStrike+1","HollowMod:VoidDash","HollowMod:WraithStrike+1","HollowMod:DashSlash+1","HollowMod:SlysStrikes+1","HollowMod:DescendingDark+1","Mayhem+1","Swift Strike+1","HollowMod:GreatSlash+1","HollowMod:CloakDash+1","HollowMod:SlysStrikes+1","HollowMod:PerfectDash","HollowMod:ZotesMagnificence+1","HollowMod:SlysStrikes+1"],"relics":["HollowMod:VesselMask","Medical Kit","Molten Egg 2","Orrery","Ring of Fangs","Ring of Fury","hubris:CuriousFeather","Meat on the Bone","Bird Faced Urn","Replay:Fungal Core","Membership Card","Anchor","Mango","Nunchaku","Shovel","ReplayTheSpireMod:Lightbulb","HornCleat","Frozen Egg 2","Ring of Chaos","Juzu Bracelet","Strawberry","Snack Pack","ReplayTheSpireMod:CursedCoin","Guardian:BottledAnomaly","Thread and Needle","Omamori","Runesmith:Locket","hubris:Zylophone","Replay:Bottled Flurry","War Paint","ReplayTheSpireMod:Shallot","Ornamental Fan","DollysMirror","Incense Burner"],"acts_visited":["Exordium","theJungle:Jungle","TheBeyond","TheEnding"],"potions_floor_usage":[54,55],"damage_taken":[{"damage":1.0,"enemies":"Jaw Worm","floor":1.0,"turns":4.0},{"damage":15.0,"enemies":"HollowMod:MossKnight","floor":6.0,"turns":9.0},{"damage":6.0,"enemies":"Cultist","floor":8.0,"turns":4.0},{"damage":0.0,"enemies":"2 Louse","floor":11.0,"turns":2.0},{"damage":0.0,"enemies":"Large Slime","floor":12.0,"turns":4.0},{"damage":1.0,"enemies":"Looter","floor":13.0,"turns":2.0},{"damage":22.0,"enemies":"Gremlin Nob","floor":14.0,"turns":4.0},{"damage":39.0,"enemies":"The Guardian","floor":16.0,"turns":7.0},{"damage":8.0,"enemies":"theJungle:GiantWrat","floor":18.0,"turns":4.0},{"damage":7.0,"enemies":"theJungle:Flameango_and_Byrd","floor":21.0,"turns":4.0},{"damage":4.0,"enemies":"theJungle:SlimyTreeVines","floor":22.0,"turns":5.0},{"damage":4.0,"enemies":"theJungle:Cassacara","floor":24.0,"turns":5.0},{"damage":3.0,"enemies":"theJungle:MamaSnecko","floor":27.0,"turns":3.0},{"damage":20.0,"enemies":"theJungle:2_Flameangoes","floor":28.0,"turns":5.0},{"damage":24.0,"enemies":"theJungle:2_Snecko_Cultists","floor":29.0,"turns":4.0},{"damage":3.0,"enemies":"theJungle:2_Phrogs","floor":30.0,"turns":5.0},{"damage":14.0,"enemies":"theJungle:JungleHuntersEncounter","floor":31.0,"turns":4.0},{"damage":17.0,"enemies":"theJungle:FunGuy","floor":33.0,"turns":7.0},{"damage":16.0,"enemies":"Orb Walker","floor":35.0,"turns":4.0},{"damage":21.0,"enemies":"2 Orb Walkers","floor":39.0,"turns":3.0},{"damage":39.0,"enemies":"Reptomancer","floor":42.0,"turns":4.0},{"damage":36.0,"enemies":"3 Shapes","floor":44.0,"turns":4.0},{"damage":0.0,"enemies":"Nemesis","floor":45.0,"turns":3.0},{"damage":0.0,"enemies":"Spire Growth","floor":47.0,"turns":3.0},{"damage":0.0,"enemies":"4 Shapes","floor":48.0,"turns":2.0},{"damage":68,"enemies":"Time Eater","floor":50,"turns":7},{"damage":0,"enemies":"Shield and Spear","floor":54,"turns":3},{"damage":117,"enemies":"The Heart","floor":55,"turns":5}],"seed_played":"-8962895348737267372","potions_obtained":[{"floor":8.0,"key":"Block Potion"},{"floor":10.0,"key":"hexamod:EctoCoolerPotion"},{"floor":11.0,"key":"DistilledChaos"},{"floor":28.0,"key":"Fruit Juice"},{"floor":33.0,"key":"Energy Potion"},{"floor":35.0,"key":"bronze:BurnAndBuffPotion"},{"floor":45.0,"key":"Elixir"},{"floor":54,"key":"Milkshake"}],"is_trial":false,"path_per_floor":["M","?","$","$","?","E","R","M","T","?","M","M","M","E","R","B",null,"M","?","$","M","M","R","E","T","T","E","M","M","E","M","R_BF","B",null,"M","$","T","?","?","R","T","E","T","M","E","$","M","M","R","B",null,"R","$","E","B"],"character_chosen":"THE_BUGKNIGHT","items_purchased":["Medical Kit","Molten Egg 2","HollowMod:CloakDash","Orrery","Membership Card","Anchor","Juzu Bracelet","Strawberry","Snack Pack","ReplayTheSpireMod:CursedCoin","Guardian:BottledAnomaly","ReplayTheSpireMod:Shallot","DollysMirror"],"campfire_rested":0,"item_purchase_floors":[0,0,0,0,20,20,36,36,36,36,36,46,53],"current_hp_per_floor":[45,45,45,45,45,36,36,30,30,30,42,42,41,37,37,20,75,69,69,69,64,70,70,89,89,89,86,69,56,57,59,59,52,94,78,85,85,85,72,72,72,57,57,41,57,57,61,65,65,21,101,101,101,101,0,0],"gold":28,"neow_bonus":"","is_daily":false,"chose_seed":false,"campfire_upgraded":3,"win_rate":0.0,"timestamp":1611656810,"path_taken":["M","?","?","$","?","E","R","M","T","?","M","?","M","E","R","BOSS","M","?","?","M","M","R","E","?","T","E","M","?","E","M","R_BF","BOSS","M","$","?","?","?","R","?","E","T","M","E","?","M","M","R","BOSS","R","$","E","BOSS"],"items_purchased_type":["Relic","Relic","Card","Relic","Relic","Relic","Relic","Relic","Relic","Relic","Relic","Relic","Relic"],"build_version":"2020-12-22","purchased_purges":3,"victory":false,"max_hp_per_floor":[75,75,75,75,75,75,75,75,75,75,75,75,75,75,75,75,75,75,75,75,75,75,75,89,89,89,89,89,94,94,94,94,94,94,94,101,101,101,101,101,101,101,101,101,101,101,101,101,101,101,101,101,101,101,101,101],"relic_stats":{"Nunchaku":[14],"Shovel":3,"counters":[60,286],"Ornamental Fan":[16],"Bird Faced Urn":[72],"Juzu Bracelet":0,"War Paint":["HollowMod:SiblingsShadow","HollowMod:GoodIntentions"],"Medical Kit":[59],"obtain_stats":[{"hubris:CrystalStatue":48,"Runesmith:Locket":41,"HollowMod:VesselMask":0,"Uniform":0,"Whetstone":25,"Bottled Tornado":23,"Replay:Wanted Poster":34,"Replay:Ringing Soul":20,"HornCleat":30,"DollysMirror":53,"Strawberry":53,"Replay:Bottled Flurry":12,"HandDrill":53,"hubris:DuctTape":41,"Happy Flower":53,"ReplayTheSpireMod:CursedCoin":36,"Oddly Smooth Stone":43,"Ring of Chaos":34,"War Paint":45,"hubris:Zylophone":42,"ReplayTheSpireMod:Shallot":46,"Shuriken":54,"Bird Faced Urn":14,"Pandora\u0027s Box":17,"Molten Egg 2":0,"Meat on the Bone":9,"Mango":24,"Juzu Bracelet":36,"Incense Burner":54,"hubris:EmptyBottle":53,"Pet Ghost":26,"Replay:Rubber Ducky":53,"Nunchaku":25,"Ring of Fangs":5,"Shovel":26,"hubris:CuriousFeather":6,"Replay:Bottled Snecko":46,"Guardian:BottledAnomaly":36,"HollowMod:LifeEnderRelic":6,"Replay:Fungal Core":17,"Quantum Egg":29,"Thread and Needle":39,"Omamori":40,"hubris:Towel":38,"Frozen Egg 2":32,"Medical Kit":0,"Anchor":8,"Ornamental Fan":53,"Orrery":0,"Ring of Fury":5,"Garlic":19,"Snack Pack":36,"Membership Card":20,"ReplayTheSpireMod:Lightbulb":27,"hubris:Potato":42,"hubris:NiceRug":53},{"hubris:CrystalStatue":28,"Runesmith:Locket":52,"HollowMod:VesselMask":0,"Uniform":0,"Whetstone":15,"Bottled Tornado":14,"Replay:Wanted Poster":20,"Replay:Ringing Soul":11,"HornCleat":48,"DollysMirror":58,"Strawberry":30,"Replay:Bottled Flurry":8,"HandDrill":30,"hubris:DuctTape":23,"Happy Flower":30,"ReplayTheSpireMod:CursedCoin":51,"Oddly Smooth Stone":23,"Ring of Chaos":50,"War Paint":55,"hubris:Zylophone":53,"ReplayTheSpireMod:Shallot":55,"Shuriken":31,"Bird Faced Urn":39,"Pandora\u0027s Box":10,"Molten Egg 2":32,"Meat on the Bone":35,"Mango":44,"Juzu Bracelet":51,"Incense Burner":59,"hubris:EmptyBottle":30,"Pet Ghost":15,"Replay:Rubber Ducky":30,"Nunchaku":44,"Ring of Fangs":33,"Shovel":44,"hubris:CuriousFeather":34,"Replay:Bottled Snecko":26,"Guardian:BottledAnomaly":51,"HollowMod:LifeEnderRelic":5,"Replay:Fungal Core":40,"Quantum Egg":18,"Thread and Needle":52,"Omamori":52,"hubris:Towel":22,"Frozen Egg 2":49,"Medical Kit":32,"Anchor":6,"Ornamental Fan":30,"Orrery":32,"Ring of Fury":33,"Garlic":11,"Snack Pack":51,"Membership Card":41,"ReplayTheSpireMod:Lightbulb":45,"hubris:Potato":23,"hubris:NiceRug":30},{"hubris:CrystalStatue":141,"Runesmith:Locket":255,"HollowMod:VesselMask":0,"Uniform":0,"Whetstone":83,"Bottled Tornado":76,"Replay:Wanted Poster":107,"Replay:Ringing Soul":59,"HornCleat":237,"DollysMirror":278,"Strawberry":153,"Replay:Bottled Flurry":44,"HandDrill":153,"hubris:DuctTape":118,"Happy Flower":153,"ReplayTheSpireMod:CursedCoin":252,"Oddly Smooth Stone":118,"Ring of Chaos":248,"War Paint":266,"hubris:Zylophone":259,"ReplayTheSpireMod:Shallot":266,"Shuriken":159,"Bird Faced Urn":195,"Pandora\u0027s Box":55,"Molten Egg 2":166,"Meat on the Bone":183,"Mango":220,"Juzu Bracelet":252,"Incense Burner":281,"hubris:EmptyBottle":153,"Pet Ghost":83,"Replay:Rubber Ducky":153,"Nunchaku":220,"Ring of Fangs":170,"Shovel":220,"hubris:CuriousFeather":179,"Replay:Bottled Snecko":131,"Guardian:BottledAnomaly":252,"HollowMod:LifeEnderRelic":31,"Replay:Fungal Core":202,"Quantum Egg":98,"Thread and Needle":255,"Omamori":255,"hubris:Towel":112,"Frozen Egg 2":241,"Medical Kit":166,"Anchor":36,"Ornamental Fan":153,"Orrery":166,"Ring of Fury":170,"Garlic":59,"Snack Pack":252,"Membership Card":206,"ReplayTheSpireMod:Lightbulb":223,"hubris:Potato":118,"hubris:NiceRug":153}],"Meat on the Bone":96},"card_choices":[{"not_picked":["HollowMod:NewJinnsSoul","HollowMod:MidwifesHunger+1"],"picked":"HollowMod:GoodIntentions","floor":0.0},{"not_picked":["HollowMod:SiblingsSouls","HollowMod:SharpenedShadows"],"picked":"HollowMod:FallenFury+1","floor":0.0},{"not_picked":["HollowMod:DreamGate","HollowMod:InfectedAttack+1"],"picked":"HollowMod:MothsMistake","floor":0.0},{"not_picked":["HollowMod:HeavyBlow+1","HollowMod:InfectedAttack+1"],"picked":"HollowMod:DashSlash+1","floor":0.0},{"not_picked":["HollowMod:WraithStrike+1","HollowMod:SoulShaman"],"picked":"HollowMod:PerfectDash","floor":0.0},{"not_picked":["HollowMod:SoulShaman","HollowMod:ChannelNail"],"picked":"HollowMod:HornetsHelp+1","floor":1.0},{"not_picked":["HollowMod:DoubleDash","HollowMod:CloakDash"],"picked":"HollowMod:RecoilStrike+1","floor":6.0},{"not_picked":["HollowMod:FallenFury+1","HollowMod:QuirrelsAssistance+1"],"picked":"HollowMod:SiblingsShadow","floor":8.0},{"not_picked":["HollowMod:SiblingsSouls","HollowMod:SiblingsShadow"],"picked":"HollowMod:MantisMark","floor":11.0},{"not_picked":["HollowMod:InfectedAttack+1","HollowMod:SharpenedNail+1"],"picked":"HollowMod:ZotesMagnificence+1","floor":12.0},{"not_picked":["HollowMod:CloakDash","HollowMod:CrystalDash"],"picked":"HollowMod:SharpenedShadows","floor":13.0},{"not_picked":["HollowMod:MothsMistake","HollowMod:HuntersJournal","HollowMod:NewJinnsSoul"],"picked":"SKIP","floor":14.0},{"not_picked":["HollowMod:AwokenDreamNail+1","HollowMod:NewInfectedGuardian"],"picked":"HollowMod:Weaversong","floor":16.0},{"not_picked":["HollowMod:TaintedHusks","HollowMod:GoodIntentions+1","HollowMod:PureNailStrike+1"],"picked":"SKIP","floor":18.0},{"not_picked":["HollowMod:QuirrelsAssistance+1","HollowMod:CycloneSlash+1"],"picked":"HollowMod:SiblingsShadow","floor":21.0},{"not_picked":["HollowMod:NewLittleFool+1","HollowMod:LifebloodCocoon+1","HollowMod:HowlingWraiths+1"],"picked":"SKIP","floor":22.0},{"not_picked":["HollowMod:NewJinnsSoul+1","HollowMod:HeavyBlow+1"],"picked":"HollowMod:RecoilStrike+1","floor":24.0},{"not_picked":["HollowMod:SharpenedShadows","HollowMod:FallenFury+1"],"picked":"HollowMod:VoidDash","floor":27.0},{"not_picked":["HollowMod:MothsMistake","HollowMod:DesolateDive+1","HollowMod:NewGlowingWomb"],"picked":"SKIP","floor":28.0},{"not_picked":["HollowMod:SoulStrike+1","HollowMod:MonarchWings","HollowMod:HeavyBlow+1"],"picked":"SKIP","floor":29.0},{"not_picked":["HollowMod:SharpenedNail+1","HollowMod:InfectionAssault+1"],"picked":"HollowMod:WraithStrike+1","floor":30.0},{"not_picked":["HollowMod:BaldurShell","HollowMod:NewJinnsSoul"],"picked":"HollowMod:DashSlash+1","floor":31.0},{"not_picked":["HollowMod:ZotesMagnificence+1","HollowMod:VoidDash"],"picked":"HollowMod:SlysStrikes+1","floor":33.0},{"not_picked":["HollowMod:SiblingsSouls+1","HollowMod:TaintedHusks+1"],"picked":"HollowMod:DescendingDark+1","floor":35.0},{"not_picked":["Metamorphosis","Discovery"],"picked":"Mayhem+1","floor":38.0},{"not_picked":["Replay:BasicMightCard+1","Purity"],"picked":"Swift Strike+1","floor":38.0},{"not_picked":["HollowMod:VengefulSpirit+1","HollowMod:HowlingWraiths+1"],"picked":"HollowMod:GreatSlash+1","floor":39.0},{"not_picked":["HollowMod:SoulSplash","HollowMod:TaintedHusks+1","HollowMod:VengefulSpirit+1"],"picked":"SKIP","floor":42.0},{"not_picked":["HollowMod:ChannelNail","HollowMod:DescendingDark+1"],"picked":"HollowMod:CloakDash+1","floor":44.0},{"not_picked":["HollowMod:SoulSplash","HollowMod:VengefulVoid+1"],"picked":"HollowMod:SlysStrikes+1","floor":45.0},{"not_picked":["HollowMod:CornifersMapStart+1","HollowMod:WraithStrike+1"],"picked":"HollowMod:PerfectDash","floor":47.0},{"not_picked":["HollowMod:LifebloodCocoon","HollowMod:SoulEater+1","HollowMod:NewLittleFool+1"],"picked":"SKIP","floor":48.0},{"not_picked":["HollowMod:CloakDash+1","HollowMod:SoulSplash"],"picked":"HollowMod:SlysStrikes+1","floor":54}],"player_experience":345335,"relics_obtained":[{"floor":5.0,"key":"Ring of Fangs"},{"floor":5.0,"key":"Ring of Fury"},{"floor":6.0,"key":"hubris:CuriousFeather"},{"floor":9.0,"key":"Meat on the Bone"},{"floor":14.0,"key":"Bird Faced Urn"},{"floor":24.0,"key":"Mango"},{"floor":25.0,"key":"Nunchaku"},{"floor":26.0,"key":"Shovel"},{"floor":27.0,"key":"ReplayTheSpireMod:Lightbulb"},{"floor":30.0,"key":"HornCleat"},{"floor":32.0,"key":"Frozen Egg 2"},{"floor":39.0,"key":"Thread and Needle"},{"floor":40.0,"key":"Omamori"},{"floor":41.0,"key":"Runesmith:Locket"},{"floor":42.0,"key":"hubris:Zylophone"},{"floor":43.0,"key":"Replay:Bottled Flurry"},{"floor":45.0,"key":"War Paint"},{"floor":52,"key":"Ornamental Fan"},{"floor":54,"key":"Incense Burner"}],"event_choices":[{"damage_healed":0.0,"max_hp_gain":0.0,"max_hp_loss":0.0,"gold_gain":0.0,"event_name":"Upgrade Shrine","player_choice":"Upgraded","floor":2.0,"gold_loss":0.0,"damage_taken":0.0,"cards_upgraded":["HollowMod:PerfectDash"]},{"damage_healed":0.0,"max_hp_gain":0.0,"max_hp_loss":0.0,"gold_gain":0.0,"event_name":"The Woman in Blue","player_choice":"Bought 1 Potion","floor":10.0,"gold_loss":0.0,"damage_taken":0.0},{"damage_healed":0.0,"max_hp_gain":0.0,"max_hp_loss":0.0,"gold_gain":0.0,"event_name":"betterNote:BetterNote","player_choice":"Ignored","floor":19.0,"gold_loss":0.0,"damage_taken":0.0,"cards_obtained":["Gatherer:Defend_Gatherer"]},{"damage_healed":0.0,"max_hp_gain":0.0,"max_hp_loss":0.0,"gold_gain":3.0,"event_name":"betterStone:BetterStone","player_choice":"1","floor":38.0,"gold_loss":0.0,"damage_taken":0.0},{"damage_healed":0.0,"max_hp_gain":0.0,"max_hp_loss":0.0,"gold_gain":0.0,"event_name":"Mysterious Sphere","player_choice":"Fight","floor":39.0,"gold_loss":0.0,"damage_taken":0.0}],"is_beta":false,"boss_relics":[{"not_picked":["hubris:ScarierMask","Honey Jar"],"picked":"Replay:Fungal Core"},{"not_picked":["hubris:Stopwatch","Empty Cage"],"picked":"Ring of Chaos"}],"items_purged_floors":[3,20,36],"is_endless":false,"potions_floor_spawned":[8,11,13,18,24,27,28,33,35,45,47,54],"killed_by":"The Heart","ascension_level":0}}