{"host":"l84l8xigz5v5foa2","time":1611666418,"event":{"mods":["2.2 Compatiblity","AchievementEnabler","BaseMod","Better Note","Better Vampires","Card Filter","Colored Map","DeckTracker","Downfall","Gremlin Skip","Highlight Path","Keyboard Shortcuts","Minty Spire (QoL Compilation)","Permanent Neow","Quick Restart","Relic Filter","Relic Stats","StSLib","SuperFastMode","Transform Curses","Unknown Chances"],"gold_per_floor":[0,12,12,0,0,0,78,90,90,90,190,20,39,59,73,151,151,151,165,165,215,233,251,251,251,274,293,313,157,157,172,196,271,271,271,290,304,354,354,254,254,267,267,293,311,211,236,136,146,146,146,172,47,47,47,47,47,47],"floor_reached":56,"language":"ENG","playtime":3457,"items_purged":["Pain","Parasite","hexamod:Strike"],"score":1488,"play_id":"c09edc6f-db91-4332-92e8-a17242235563","local_time":"20210126220658","is_ascension_mode":true,"campfire_choices":[{"data":"hexamod:Float","floor":1.0,"key":"SMITH"},{"data":"hexamod:CatchUp","floor":6.0,"key":"SMITH"},{"data":"hexamod:DynamicBlow","floor":10.0,"key":"SMITH"},{"data":"hexamod:GhostOfSpirePast","floor":18.0,"key":"SMITH"},{"floor":30.0,"key":"REST"},{"floor":35.0,"key":"RECALL"},{"data":"hexamod:HeatCrush","floor":40.0,"key":"SMITH"},{"data":"hexamod:ApocalypseNow","floor":46.0,"key":"SMITH"},{"data":"hexamod:Hexaguard","floor":48.0,"key":"SMITH"},{"floor":54.0,"key":"REST"}],"circlet_count":0,"master_deck":["AscendersBane","hexamod:Strike+1","hexamod:Defend+1","hexamod:Defend+1","hexamod:Defend+1","hexamod:Sear+1","hexamod:Float+1","hexamod:DynamicBlow+1","hexamod:ApocalypseNow+1","hexamod:BacktrackSmack+1","hexamod:HauntingEcho+1","hexamod:CatchUp+1","downfall:Haunted","downfall:Haunted","hexamod:TimeOfNeed+1","hexamod:GhostOfSpirePast+1","hexamod:Hexaguard+1","hexamod:GhostShield+1","hexamod:GiftsFromTheDead+1","hexamod:SwordOfDarkness+1","hexamod:ApocalypseNow+1","hexamod:Rewind+1","hexamod:SixthSeal","hexamod:Rewind+1","hexamod:HeatMetal+1","hexamod:TimeOfNeed+1","hexamod:Haunt+1","hexamod:EtherealExpedition+1","hexamod:FirstSeal","hexamod:StepThrough+1","hexamod:FourthSeal","expansioncontent:Chronoboost+1","hexamod:RadiantFlame+1","hexamod:Hexaguard+1","hexamod:RecurringNightmare+1","hexamod:FourthSeal","hexamod:TimeWarp+1","hexamod:HeatCrush+1","hexamod:GhostOfSpirePast+1","hexamod:GhostOfSpirePast+1","hexamod:RadiantFlame+1","hexamod:HeatShield"],"relics":["hexamod:SpiritBrand","downfall:ShatteredFragment","Shuriken","Du-Vu Doll","sneckomod:SneckoTalon","Guardian:GemstoneGun","Enchiridion","Toy Ornithopter","Frozen Egg 2","hexamod:TheBrokenSeal","SlaversCollar","downfall:HeartBlessingRed","Nunchaku","downfall:HeartBlessingBlue","Blood Vial","downfall:HeartBlessingGreen","Mercury Hourglass"],"acts_visited":["Exordium","TheCity","TheBeyond","TheEnding"],"potions_floor_usage":[56],"damage_taken":[{"damage":0.0,"enemies":"Cultist","floor":2.0,"turns":3.0},{"damage":0.0,"enemies":"downfall:FleeingMerchant","floor":4.0,"turns":4.0},{"damage":2.0,"enemies":"2 Louse","floor":8.0,"turns":2.0},{"damage":16.0,"enemies":"downfall:FleeingMerchant","floor":12.0,"turns":4.0},{"damage":2.0,"enemies":"Jaw Worm","floor":13.0,"turns":2.0},{"damage":0.0,"enemies":"2 Fungi Beasts","floor":14.0,"turns":2.0},{"damage":0.0,"enemies":"Blue Slaver","floor":15.0,"turns":2.0},{"damage":24.0,"enemies":"SI_SHIV_ARCHETYPE","floor":16.0,"turns":5.0},{"damage":6.0,"enemies":"Shell Parasite","floor":19.0,"turns":3.0},{"damage":19.0,"enemies":"Snake Plant","floor":22.0,"turns":4.0},{"damage":22.0,"enemies":"Cultist and Chosen","floor":23.0,"turns":6.0},{"damage":7.0,"enemies":"Chosen and Byrds","floor":27.0,"turns":3.0},{"damage":7.0,"enemies":"Centurion and Healer","floor":28.0,"turns":5.0},{"damage":3.0,"enemies":"downfall:FleeingMerchant","floor":29.0,"turns":3.0},{"damage":9.0,"enemies":"Snecko","floor":31.0,"turns":6.0},{"damage":27.0,"enemies":"Snake Plant","floor":32.0,"turns":4.0},{"damage":6.0,"enemies":"DF_ARCHETYPE_CLAW","floor":33.0,"turns":6.0},{"damage":13.0,"enemies":"3 Shapes","floor":36.0,"turns":4.0},{"damage":10.0,"enemies":"Orb Walker","floor":37.0,"turns":5.0},{"damage":0.0,"enemies":"3 Darklings","floor":42.0,"turns":3.0},{"damage":8.0,"enemies":"Writhing Mass","floor":45.0,"turns":5.0},{"damage":1.0,"enemies":"Nemesis","floor":47.0,"turns":3.0},{"damage":0.0,"enemies":"Maw","floor":49.0,"turns":5.0},{"damage":15.0,"enemies":"IC_BLOCK_ARCHETYPE","floor":50.0,"turns":6.0},{"damage":61.0,"enemies":"downfall:CharBossMerchant","floor":52.0,"turns":6.0},{"damage":21.0,"enemies":"downfall:NeowBoss","floor":55.0,"turns":11.0},{"damage":61,"enemies":"downfall:NeowBossFinal","floor":56,"turns":8}],"seed_played":"3553622049558752601","potions_obtained":[{"floor":2.0,"key":"hexamod:InfernoChargePotion"},{"floor":14.0,"key":"Dexterity Potion"},{"floor":15.0,"key":"Regen Potion"},{"floor":16.0,"key":"FairyPotion"},{"floor":19.0,"key":"Dexterity Potion"},{"floor":28.0,"key":"hexamod:EctoCoolerPotion"},{"floor":31.0,"key":"GamblersBrew"},{"floor":31.0,"key":"LiquidBronze"},{"floor":32.0,"key":"DistilledChaos"},{"floor":33.0,"key":"EntropicBrew"},{"floor":36.0,"key":"Swift Potion"},{"floor":37.0,"key":"hexamod:DoubleChargePotion"},{"floor":42.0,"key":"LiquidMemories"},{"floor":52.0,"key":"Guardian:BlockOnCardUsePotion"},{"floor":52.0,"key":"LiquidBronze"}],"is_trial":false,"path_per_floor":["R","M","?","$","?","R","T","M","?","R","?","$","M","M","M","B",null,"R","M","?","?","M","M","T","?","T","M","M","$","R","M","M","B",null,"R","M","M","?","$","R","T","M","$","T","M","R","E","R","M","B",null,"E","$","R","B","B"],"character_chosen":"THE_SPIRIT","items_purchased":["hexamod:GhostOfSpirePast","Frozen Egg 2","expansioncontent:Chronoboost+1"],"campfire_rested":2,"item_purchase_floors":[12,29,29],"current_hp_per_floor":[57,57,57,57,36,36,36,34,34,34,39,23,21,21,21,11,54,54,48,48,48,36,14,14,20,20,13,13,15,34,39,75,75,75,75,69,71,71,71,71,71,75,75,75,74,84,83,83,85,82,84,36,36,61,54,0,0,0],"gold":47,"neow_bonus":"TRANSFORM_TWO_CARDS","is_daily":false,"chose_seed":false,"campfire_upgraded":7,"win_rate":0.0,"timestamp":1611666418,"path_taken":["R","M","?","$","?","R","T","M","?","R","?","?","M","?","M","BOSS","R","M","?","?","?","M","T","?","?","M","?","?","R","M","M","BOSS","R","M","M","?","$","R","T","?","$","?","M","R","E","R","M","BOSS","E","$","R","BOSS","BOSS"],"items_purchased_type":["Card","Relic","Card"],"build_version":"2020-12-22","purchased_purges":3,"victory":false,"max_hp_per_floor":[63,63,63,63,63,63,63,63,63,63,68,68,68,68,68,68,68,68,68,68,68,68,68,68,68,68,68,68,65,65,65,75,75,75,75,75,75,75,75,75,75,75,75,75,75,85,85,85,85,85,85,85,85,85,85,85,85,85],"relic_stats":{"Blood Vial":7,"Nunchaku":[14],"counters":[27,120],"Shuriken":[57],"obtain_stats":[{"downfall:ShatteredFragment":5,"downfall:HeartBlessingRed":40,"Guardian:GemstoneGun":24,"Enchiridion":25,"hexamod:TheBrokenSeal":32,"downfall:HeartBlessingGreen":48,"Frozen Egg 2":29,"sneckomod:SneckoTalon":17,"Mercury Hourglass":52,"Du-Vu Doll":11,"Blood Vial":47,"SlaversCollar":34,"Nunchaku":44,"Shuriken":7,"downfall:HeartBlessingBlue":46,"hexamod:SpiritBrand":0,"Toy Ornithopter":26},{"downfall:ShatteredFragment":2,"downfall:HeartBlessingRed":19,"Guardian:GemstoneGun":11,"Enchiridion":11,"hexamod:TheBrokenSeal":16,"downfall:HeartBlessingGreen":22,"Frozen Egg 2":14,"sneckomod:SneckoTalon":8,"Mercury Hourglass":25,"Du-Vu Doll":3,"Blood Vial":22,"SlaversCollar":17,"Nunchaku":20,"Shuriken":2,"downfall:HeartBlessingBlue":21,"hexamod:SpiritBrand":0,"Toy Ornithopter":11},{"downfall:ShatteredFragment":7,"downfall:HeartBlessingRed":73,"Guardian:GemstoneGun":37,"Enchiridion":37,"hexamod:TheBrokenSeal":58,"downfall:HeartBlessingGreen":84,"Frozen Egg 2":48,"sneckomod:SneckoTalon":24,"Mercury Hourglass":101,"Du-Vu Doll":9,"Blood Vial":84,"SlaversCollar":64,"Nunchaku":76,"Shuriken":7,"downfall:HeartBlessingBlue":81,"hexamod:SpiritBrand":0,"Toy Ornithopter":37}],"Toy Ornithopter":40,"Mercury Hourglass":[30]},"card_choices":[{"not_picked":["hexamod:NightmareGuise","hexamod:RecurringNightmare"],"picked":"hexamod:BacktrackSmack","floor":2.0},{"not_picked":["hexamod:AdvancingGuard","hexamod:NightmareGuise"],"picked":"hexamod:CatchUp","floor":4.0},{"not_picked":["hexamod:SoulSteal","hexamod:InspiringFlames","hexamod:AdvancingGuard"],"picked":"SKIP","floor":8.0},{"not_picked":["hexamod:VolcanoVisage","hexamod:InspiringFlames","hexamod:EmpoweredFlame"],"picked":"SKIP","floor":12.0},{"not_picked":["hexamod:GhostLash","hexamod:HeatMetal"],"picked":"hexamod:Hexaguard","floor":13.0},{"not_picked":["hexamod:HauntingEcho","hexamod:SecondSeal"],"picked":"hexamod:ThirdSeal","floor":14.0},{"not_picked":["hexamod:DynamicBlow","hexamod:ThermalTransfer"],"picked":"hexamod:GhostShield","floor":15.0},{"not_picked":["hexamod:FifthSeal","hexamod:TimeOfNeed"],"picked":"hexamod:GiftsFromTheDead","floor":16.0},{"not_picked":["hexamod:ParanormalForm","hexamod:UnleashSpirits"],"picked":"hexamod:FifthSeal","floor":16.0},{"not_picked":["hexamod:ThirdSeal","hexamod:SecondSeal"],"picked":"hexamod:FirstSeal","floor":19.0},{"not_picked":["hexamod:InspiringFlames","hexamod:ThermalTransfer"],"picked":"hexamod:SwordOfDarkness+1","floor":19.0},{"not_picked":["hexamod:BurningTouch","hexamod:HauntingEcho"],"picked":"hexamod:ApocalypseNow","floor":19.0},{"not_picked":["hexamod:FirstSeal","hexamod:GhostShield"],"picked":"hexamod:Rewind","floor":22.0},{"not_picked":["hexamod:ThirdSeal","hexamod:FourthSeal"],"picked":"hexamod:SixthSeal","floor":22.0},{"not_picked":["hexamod:BurningTouch","hexamod:BacktrackSmack","hexamod:SwordOfDarkness"],"picked":"SKIP","floor":22.0},{"not_picked":["hexamod:SecondSeal","hexamod:FirstSeal"],"picked":"hexamod:SixthSeal","floor":23.0},{"not_picked":["hexamod:SpectersWail","hexamod:HauntingEcho"],"picked":"hexamod:Rewind","floor":23.0},{"not_picked":["hexamod:InspiringFlames","hexamod:ThermalTransfer"],"picked":"hexamod:HeatMetal+1","floor":23.0},{"not_picked":["hexamod:PhantomFireball+1","hexamod:BacktrackSmack"],"picked":"hexamod:TimeOfNeed","floor":27.0},{"not_picked":["hexamod:NightmareStrike","hexamod:GhostShield"],"picked":"hexamod:Haunt","floor":27.0},{"not_picked":["hexamod:SecondSeal","hexamod:ThirdSeal"],"picked":"hexamod:FourthSeal","floor":28.0},{"not_picked":["hexamod:ShieldOfDarkness","hexamod:AdvancingGuard+1"],"picked":"hexamod:EtherealExpedition+1","floor":28.0},{"not_picked":["hexamod:UnleashSpirits","hexamod:SwordOfDarkness"],"picked":"hexamod:FirstSeal","floor":28.0},{"not_picked":["hexamod:ExtraCrispy","hexamod:RadiantFlame"],"picked":"hexamod:StepThrough","floor":29.0},{"not_picked":["hexamod:SixthSeal","hexamod:FirstSeal"],"picked":"hexamod:FourthSeal","floor":29.0},{"not_picked":["hexamod:FirstSeal","hexamod:FourthSeal"],"picked":"hexamod:SecondSeal","floor":31.0},{"not_picked":["hexamod:ShieldOfDarkness","hexamod:SuperheatedStrike"],"picked":"hexamod:RadiantFlame+1","floor":31.0},{"not_picked":["hexamod:NightmareStrike","hexamod:SpectralSpark","hexamod:Hexaguard"],"picked":"SKIP","floor":31.0},{"not_picked":["hexamod:NightmareStrike","hexamod:SpectralSpark"],"picked":"hexamod:Hexaguard","floor":31.0},{"not_picked":["hexamod:HeatMetal","hexamod:GhostflameBarrier"],"picked":"hexamod:RecurringNightmare+1","floor":32.0},{"not_picked":["hexamod:SixthSeal","hexamod:FirstSeal"],"picked":"hexamod:FourthSeal","floor":32.0},{"not_picked":["hexamod:SixthSeal","hexamod:GiftsFromTheDead+1"],"picked":"hexamod:TimeWarp","floor":33.0},{"not_picked":["hexamod:GhostShield","hexamod:DynamicBlow+1","hexamod:BurningTouch"],"picked":"SKIP","floor":36.0},{"not_picked":["hexamod:GhostShield","hexamod:DynamicBlow+1","hexamod:BurningTouch"],"picked":"SKIP","floor":36.0},{"not_picked":["hexamod:SecondSeal","hexamod:Hexaguard"],"picked":"hexamod:HeatCrush","floor":37.0},{"not_picked":["hexamod:EmpoweredFlame+1","hexamod:SwordOfDarkness"],"picked":"hexamod:GhostOfSpirePast+1","floor":42.0},{"not_picked":["hexamod:ShieldOfDarkness","hexamod:HauntingEcho","hexamod:EtherealExpedition"],"picked":"SKIP","floor":45.0},{"not_picked":["hexamod:FirstSeal","hexamod:PhantomFireball"],"picked":"hexamod:GhostOfSpirePast+1","floor":47.0},{"not_picked":["hexamod:DynamicBlow","hexamod:NightmareGuise+1"],"picked":"hexamod:RadiantFlame+1","floor":49.0},{"not_picked":["hexamod:FastForward+1","hexamod:NightmareStrike+1"],"picked":"hexamod:HeatShield","floor":52.0}],"player_experience":3428353,"relics_obtained":[{"floor":7.0,"key":"Shuriken"},{"floor":24.0,"key":"Guardian:GemstoneGun"},{"floor":25.0,"key":"Enchiridion"},{"floor":26.0,"key":"Toy Ornithopter"},{"floor":44.0,"key":"Nunchaku"},{"floor":47.0,"key":"Blood Vial"},{"floor":52.0,"key":"Mercury Hourglass"}],"event_choices":[],"is_beta":false,"boss_relics":[{"not_picked":["Empty Cage","Busted Crown"],"picked":"sneckomod:SneckoTalon"},{"not_picked":["Coffee Dripper","Sozu"],"picked":"SlaversCollar"}],"items_purged_floors":[12,29,53],"is_endless":false,"potions_floor_spawned":[2,14,15,16,19,28,33,36,37,49],"killed_by":"downfall:NeowBossFinal","ascension_level":20}}