{"host":"1pwde2j81wdvsae3","time":1611634821,"event":{"mods":["BaseMod","Minty Spire (QoL Compilation)","Replay The Spire","Shop Mod","StSLib"],"gold_per_floor":[110,120,137,153,153,182,141,38,84,84,100,100,126,143,143,224,224,248,269,269,283,296,296,296],"floor_reached":23,"language":"ZHS","playtime":715,"items_purged":[],"score":403,"play_id":"34e1a249-7faa-4a36-bb20-2e73be429882","local_time":"20210126122021","is_ascension_mode":true,"campfire_choices":[{"floor":10.0,"key":"REST"},{"data":"Bash","floor":12.0,"key":"SMITH"},{"floor":15.0,"key":"REST"}],"circlet_count":0,"master_deck":["AscendersBane","Strike_R","Strike_R","Strike_R","Strike_R","Strike_R","Defend_R","Defend_R","Defend_R","Defend_R","Bash+1","Feel No Pain","Run Through","Carnage+1","Power Through","Battle Trance","Bludgeon","Fire Breathing","Warcry","Evolve","Cleave","Flex","Barricade","Body Slam","Wild Strike+1","Perfected Strike","Intimidate"],"relics":["Burning Blood","White Beast Statue","Orichalcum","Replay:Grab Bag","Busted Crown","ChewingGum","Mark of Pain","Nloth\u0027s Gift"],"acts_visited":["Exordium","TheCity"],"potions_floor_usage":[19],"damage_taken":[{"damage":14.0,"enemies":"Jaw Worm","floor":1.0,"turns":7.0},{"damage":11.0,"enemies":"Small Slimes","floor":2.0,"turns":3.0},{"damage":5.0,"enemies":"Cultist","floor":3.0,"turns":4.0},{"damage":7.0,"enemies":"3 Louse","floor":4.0,"turns":4.0},{"damage":35.0,"enemies":"Lagavulin","floor":6.0,"turns":5.0},{"damage":8.0,"enemies":"Blue Slaver","floor":11.0,"turns":4.0},{"damage":10.0,"enemies":"Gremlin Nob","floor":13.0,"turns":3.0},{"damage":15.0,"enemies":"Large Slime","floor":14.0,"turns":4.0},{"damage":51.0,"enemies":"Hexaghost","floor":16.0,"turns":11.0},{"damage":16.0,"enemies":"Shell Parasite","floor":18.0,"turns":5.0},{"damage":6,"enemies":"2 Thieves","floor":19,"turns":4},{"damage":30,"enemies":"Snake Plant","floor":21,"turns":5},{"damage":20,"enemies":"Centurion and Healer","floor":22,"turns":4},{"damage":17,"enemies":"Book of Stabbing","floor":23,"turns":2}],"seed_played":"-577457884490576563","potions_obtained":[{"floor":2.0,"key":"Swift Potion"},{"floor":6.0,"key":"Explosive Potion"},{"floor":11.0,"key":"Regen Potion"},{"floor":13.0,"key":"Doom Potion"},{"floor":14.0,"key":"Ancient Potion"},{"floor":16.0,"key":"Block Potion"},{"floor":19,"key":"Strength Potion"},{"floor":22,"key":"Death Potion"}],"is_trial":false,"path_per_floor":["M","M","M","M","?","E","?","$","T","R","M","R","E","M","R","B",null,"M","M","?","M","M","E"],"character_chosen":"IRONCLAD","items_purchased":["Fire Breathing","Warcry"],"campfire_rested":2,"item_purchase_floors":[8,8],"current_hp_per_floor":[60,55,56,55,55,26,26,26,26,48,46,46,51,42,64,19,61,51,51,51,27,13,0,0],"gold":296,"neow_bonus":"THREE_CARDS","is_daily":false,"chose_seed":false,"campfire_upgraded":1,"win_rate":0.0,"timestamp":1611634821,"path_taken":["M","M","M","M","?","E","?","$","T","R","M","R","E","M","R","BOSS","M","M","?","M","M","E"],"items_purchased_type":["Card","Card"],"build_version":"2020-12-22","purchased_purges":0,"victory":false,"max_hp_per_floor":[75,75,75,75,75,75,75,75,75,75,75,75,75,75,75,75,75,75,75,75,75,75,75,75],"card_choices":[{"not_picked":["Flex","Life Link"],"picked":"Feel No Pain","floor":0.0},{"not_picked":["ReplayTheSpireMod:Strike From Hell","Pommel Strike"],"picked":"Run Through","floor":1.0},{"not_picked":["Life Link","Wild Strike"],"picked":"Carnage","floor":2.0},{"not_picked":["Twin Strike","True Grit"],"picked":"Power Through","floor":3.0},{"not_picked":["Thunderclap","Havoc"],"picked":"Battle Trance","floor":4.0},{"not_picked":["Cleave","True Grit"],"picked":"Bludgeon","floor":6.0},{"not_picked":["Sword Boomerang","Inflame"],"picked":"Evolve","floor":11.0},{"not_picked":["Blood for Blood","Fire Breathing"],"picked":"Cleave","floor":13.0},{"not_picked":["Havoc","Twin Strike"],"picked":"Flex","floor":14.0},{"not_picked":["Replay:Many Hands","Exhume"],"picked":"Barricade","floor":16.0},{"not_picked":[],"picked":"Body Slam","floor":18},{"not_picked":[],"picked":"Wild Strike+1","floor":19},{"not_picked":[],"picked":"Perfected Strike","floor":21},{"not_picked":[],"picked":"Intimidate","floor":22}],"player_experience":238809,"relics_obtained":[{"floor":6.0,"key":"White Beast Statue"},{"floor":9.0,"key":"Orichalcum"},{"floor":13.0,"key":"Replay:Bandana"}],"event_choices":[{"damage_healed":0.0,"max_hp_gain":0.0,"max_hp_loss":0.0,"gold_gain":0.0,"event_name":"World of Goop","player_choice":"Left Gold","floor":7.0,"gold_loss":41.0,"damage_taken":0.0},{"damage_healed":0,"gold_gain":0,"player_choice":"Traded Relic","damage_taken":0,"relics_obtained":["Nloth\u0027s Gift"],"max_hp_gain":0,"max_hp_loss":0,"event_name":"N\u0027loth","floor":20,"relics_lost":["Replay:Bandana"],"gold_loss":0}],"is_beta":false,"boss_relics":[{"not_picked":["Coffee Dripper","Runic Dome"],"picked":"Replay:Grab Bag"},{"not_picked":["Ooze Armor","Velvet Choker"],"picked":"Busted Crown"},{"not_picked":["Fusion Hammer","Cursed Key"],"picked":"ChewingGum"},{"not_picked":["Snecko Eye","Empty Cage"],"picked":"Mark of Pain"}],"items_purged_floors":[],"is_endless":false,"potions_floor_spawned":[2,6,11,13,14,16,18,19,21,22],"killed_by":"Book of Stabbing","ascension_level":15}}