{"host":"48dm3tz8j4qwgdv8","time":1611637136,"event":{"mods":["Act Like it!","Aspiration","BaseMod","Bestiary","Better Altar","Better Match","Better Note","Better Sensory Stone","Better Skull","Better Third Choice","Colored Map","Colored Powertips","DeckTracker","Downfall","Energized Spire","Hallownest","Highlight Path","Hubris","Infinite Spire","Mimic Mod","Minty Spire (QoL Compilation)","Permanent Neow","Quick Restart","Relic Sorter","Relic Stats","Replay The Spire","Shop Mod","Spicy Shops","StSLib","SuperFastMode","The Blue Laboratory","Wandering Minibosses"],"gold_per_floor":[99,114,124,136,147,178,203,213,243,243,243,20,37,137,149,149,149,149],"floor_reached":16,"language":"ENG","playtime":918,"items_purged":["bronze:Strike"],"score":114,"play_id":"65b5b5ae-fd3a-4ff7-adaa-780be0add3ca","local_time":"20210126055856","is_ascension_mode":false,"campfire_choices":[{"data":"bronze:RecursiveStrike","floor":1,"key":"SMITH"}],"circlet_count":0,"master_deck":["bronze:Strike+1","bronze:Strike","bronze:Strike","bronze:Defend","bronze:Defend","bronze:Defend","bronze:Defend","bronze:Replicate","bronze:Goto","bronze:RecursiveStrike+1","bronze:Iterate","bronze:ForLoop","bronze:Branch+1","bronze:Iterate","bronze:Deprecate","bronze:Overheat","bronze:BuggyMess","expansioncontent:AwakenDeath","bronze:BronzeArmor"],"relics":["bronze:BronzeCore","Whetstone","Nunchaku","Replay:Baseball"],"acts_visited":["Exordium"],"potions_floor_usage":[8],"damage_taken":[{"damage":1,"enemies":"Jaw Worm","floor":2,"turns":2},{"damage":0,"enemies":"Small Slimes","floor":3,"turns":4},{"damage":0,"enemies":"Cultist","floor":4,"turns":2},{"damage":2,"enemies":"Large Slime","floor":5,"turns":3},{"damage":18,"enemies":"3 Sentries","floor":6,"turns":7},{"damage":0,"enemies":"Gremlin Gang","floor":8,"turns":3},{"damage":13,"enemies":"Lagavulin","floor":9,"turns":5},{"damage":10,"enemies":"downfall:FleeingMerchant","floor":12,"turns":4},{"damage":31,"enemies":"Exordium Thugs","floor":13,"turns":6},{"damage":7,"enemies":"Blue Slaver","floor":15,"turns":2},{"damage":58,"enemies":"SI_SHIV_ARCHETYPE","floor":16,"turns":7}],"seed_played":"8895160285757978906","potions_obtained":[{"floor":2,"key":"bronze:CleanCodePotion"},{"floor":3,"key":"Energy Potion"},{"floor":8,"key":"Elixir"}],"is_trial":false,"path_per_floor":["R","M","M","M","M","E","T","M","E","?","?","$","M","?","M","B"],"character_chosen":"THE_AUTOMATON","items_purchased":["expansioncontent:AwakenDeath"],"campfire_rested":0,"item_purchase_floors":[12],"current_hp_per_floor":[70,69,69,69,67,49,49,49,36,80,80,70,39,39,32,0,0,0],"gold":149,"neow_bonus":"ONE_RANDOM_RARE_CARD","is_daily":false,"chose_seed":false,"campfire_upgraded":1,"win_rate":0.0,"timestamp":1611637136,"path_taken":["R","M","M","M","M","E","T","M","E","?","?","$","M","?","M","BOSS"],"items_purchased_type":["Card"],"build_version":"2020-12-22","purchased_purges":1,"victory":false,"max_hp_per_floor":[70,70,70,70,70,70,70,70,70,80,80,80,80,80,80,80,80,80],"relic_stats":{"Nunchaku":[6],"counters":[11,45],"Whetstone":["bronze:Strike","bronze:Branch"],"obtain_stats":[{"Nunchaku":7,"Replay:Baseball":9,"bronze:BronzeCore":0,"Whetstone":6},{"Nunchaku":5,"Replay:Baseball":7,"bronze:BronzeCore":0,"Whetstone":5},{"Nunchaku":18,"Replay:Baseball":26,"bronze:BronzeCore":0,"Whetstone":18}]},"card_choices":[{"not_picked":["bronze:DelayedSlice","bronze:Backtrace"],"picked":"bronze:Iterate","floor":2},{"not_picked":["bronze:ForceShield","bronze:Overheat"],"picked":"bronze:ForLoop","floor":3},{"not_picked":["bronze:NullPointer","bronze:Shield"],"picked":"bronze:Branch","floor":4},{"not_picked":["bronze:WildBeam","bronze:Return"],"picked":"bronze:Iterate","floor":5},{"not_picked":["bronze:DelayedGuard","bronze:Frontload"],"picked":"bronze:Virus","floor":6},{"not_picked":["bronze:BuggyMess","bronze:WildBeam"],"picked":"bronze:Deprecate","floor":8},{"not_picked":["bronze:Turbo","bronze:Branch"],"picked":"bronze:Overheat","floor":9},{"not_picked":["bronze:ItsAFeature","bronze:DarkDash"],"picked":"bronze:BuggyMess","floor":12},{"not_picked":["bronze:Frontload","bronze:Iterate"],"picked":"bronze:BronzeArmor","floor":13},{"not_picked":["bronze:Shield","bronze:DarkDash","bronze:Invalidate"],"picked":"SKIP","floor":15}],"player_experience":455824,"relics_obtained":[{"floor":6,"key":"Whetstone"},{"floor":7,"key":"Nunchaku"},{"floor":9,"key":"Replay:Baseball"}],"event_choices":[{"damage_healed":0,"gold_gain":100,"player_choice":"Gold","damage_taken":0,"max_hp_gain":0,"max_hp_loss":0,"event_name":"Wheel of Change","floor":14,"gold_loss":0}],"is_beta":false,"boss_relics":[],"items_purged_floors":[12],"is_endless":false,"potions_floor_spawned":[2,3,8],"killed_by":"SI_SHIV_ARCHETYPE","ascension_level":0}}