{"host":"Teixeira","time":1611685389,"event":{"mods":["2.2 Compatiblity","AchievementEnabler","Aspiration","BaseMod","Better Match","Better Note","Better Sensory Stone","Better Skull","Better Third Choice","Colored Map","Colored Powertips","Downfall","Hermit","Hubris","Infinite Spire","Minty Spire (QoL Compilation)","Permanent Neow","Quick Restart","Rare Cards Sparkle","Relic Filter","Replay The Spire","Spicy Shops","StSLib","SuperFastMode","Wide Potions"],"gold_per_floor":[114,114,114,180,25,25,56,81,81,122,122,157,176,201,201,330,330,346,365,28,28,51,51,90,90,170,211,236,249,249,56,56,182,182,195,213,238,238,238,281,281,305,305,319,60,0,16,54,54,54,54,54,6,50,50],"floor_reached":56,"language":"ENG","playtime":3554,"items_purged":["bronze:Strike","bronze:Defend","bronze:Strike","bronze:Strike"],"score":1335,"play_id":"16879965-7816-478f-9745-a73aacba3fa7","local_time":"20210126152309","is_ascension_mode":true,"campfire_choices":[{"floor":6.0,"key":"RECALL"},{"floor":15.0,"key":"REST"},{"data":"infinitespire:FutureSight","floor":23.0,"key":"SMITH"},{"floor":25.0,"key":"REST"},{"data":"bronze:Library","floor":32.0,"key":"SMITH"},{"data":"infinitespire:Gouge","floor":41.0,"key":"SMITH"},{"data":"bronze:Philosophize","floor":49.0,"key":"SMITH"},{"data":"bronze:Break","floor":52.0,"key":"SMITH"}],"circlet_count":0,"master_deck":["bronze:Strike","bronze:Defend","bronze:Defend+1","bronze:Defend","bronze:Replicate","bronze:Goto+1","Apotheosis+1","infinitespire:FutureSight+1","bronze:Overheat","bronze:Branch","bronze:DigitalCarnage","bronze:Break+1","bronze:Philosophize+1","Shockwave+1","infinitespire:Gouge+1","bronze:Library+1","Demon Form","bronze:RecursiveStrike+1"],"relics":["bronze:BronzeCore","Potion Belt","hubris:DeckOfHolding","Golden Idol","infinitespire:Bottled Soul","hubris:PeanutButter","Quantum Egg","Akabeko","War Paint","aspiration:IroncladSkillbook","hubris:EmptyBottle","infinitespire:PuzzleCube","Letter Opener","Lantern","hubris:Zylophone","expansioncontent:StudyCardRelic","Molten Egg 2","bronze:CableSpool","Red Mask","Omamori","HornCleat"],"acts_visited":["Exordium","TheCity","TheBeyond","TheEnding"],"potions_floor_usage":[55,55,55,55,55,55,55,55],"damage_taken":[{"damage":3.0,"enemies":"2 Louse","floor":1.0,"turns":3.0},{"damage":15.0,"enemies":"3 Sentries","floor":7.0,"turns":6.0},{"damage":0.0,"enemies":"Small Slimes","floor":8.0,"turns":2.0},{"damage":16.0,"enemies":"Gremlin Nob","floor":10.0,"turns":4.0},{"damage":0.0,"enemies":"Lagavulin","floor":12.0,"turns":4.0},{"damage":0.0,"enemies":"Jaw Worm","floor":13.0,"turns":2.0},{"damage":0.0,"enemies":"Large Slime","floor":14.0,"turns":3.0},{"damage":0.0,"enemies":"Fading Forest","floor":16.0,"turns":11.0},{"damage":2.0,"enemies":"2 Thieves","floor":18.0,"turns":2.0},{"damage":0.0,"enemies":"Shell Parasite","floor":19.0,"turns":3.0},{"damage":0.0,"enemies":"Centurion and Healer","floor":22.0,"turns":3.0},{"damage":35.0,"enemies":"Slavers","floor":24.0,"turns":4.0},{"damage":0.0,"enemies":"Replay:Snechameleon","floor":27.0,"turns":2.0},{"damage":0.0,"enemies":"Shelled Parasite and Fungi","floor":28.0,"turns":2.0},{"damage":7.0,"enemies":"Snecko","floor":29.0,"turns":3.0},{"damage":0.0,"enemies":"Collector","floor":33.0,"turns":4.0},{"damage":6.0,"enemies":"3 Darklings","floor":35.0,"turns":3.0},{"damage":2.0,"enemies":"Orb Walker","floor":36.0,"turns":2.0},{"damage":0.0,"enemies":"Spire Growth","floor":37.0,"turns":2.0},{"damage":5.0,"enemies":"Giant Head","floor":40.0,"turns":5.0},{"damage":19.0,"enemies":"Sphere and 2 Shapes","floor":42.0,"turns":4.0},{"damage":7.0,"enemies":"Maw","floor":44.0,"turns":4.0},{"damage":2.0,"enemies":"Jaw Worm Horde","floor":47.0,"turns":4.0},{"damage":24.0,"enemies":"Nemesis","floor":48.0,"turns":5.0},{"damage":7.0,"enemies":"Replay:Hell Engine","floor":50.0,"turns":4.0},{"damage":32.0,"enemies":"Shield and Spear","floor":54.0,"turns":5.0},{"damage":41,"enemies":"The Heart","floor":55,"turns":5}],"seed_played":"-585289171066180386","potions_obtained":[{"floor":4.0,"key":"LiquidMemories"},{"floor":10.0,"key":"Adrenaline Potion"},{"floor":13.0,"key":"champ:CounterPotion"},{"floor":18.0,"key":"sneckomod:MuddlingPotion"},{"floor":24.0,"key":"bronze:BuildAFunctionPotion"},{"floor":27.0,"key":"Regen Potion"},{"floor":29.0,"key":"PowerPotion"},{"floor":35.0,"key":"FearPotion"},{"floor":40.0,"key":"Venom Potion"},{"floor":47.0,"key":"DistilledChaos"},{"floor":48.0,"key":"FearPotion"}],"is_trial":false,"path_per_floor":["M","?","?","?","$","R","E","M","T","E","?","E","M","M","R","B",null,"M","M","$","?","M","R","E","R","T","E","M","M","AVR","$","R","B",null,"M","M","M","?","$","E","R","M","T","M","$","?","M","E","R","B",null,"R","$","E","B",null],"character_chosen":"THE_AUTOMATON","items_purchased":["hubris:EmptyBottle","Shockwave+1","bronze:Library","bronze:CableSpool","SkillPotion"],"campfire_rested":2,"item_purchase_floors":[20,20,31,45,53],"current_hp_per_floor":[67,67,49,49,49,49,34,34,34,18,11,11,11,11,32,42,70,70,70,70,70,70,70,39,60,60,64,68,65,65,65,65,69,70,68,70,70,70,70,69,69,54,54,51,51,51,53,47,47,56,70,70,70,42,5],"gold":50,"neow_bonus":"RANDOM_COMMON_RELIC","is_daily":false,"chose_seed":false,"campfire_upgraded":5,"win_rate":0.0,"timestamp":1611685389,"path_taken":["M","?","?","?","?","R","E","M","T","E","?","E","M","?","R","BOSS","M","M","$","?","M","R","E","R","T","E","?","M","AVR","?","R","BOSS","M","M","M","?","?","E","R","M","T","M","$","?","M","E","R","BOSS","R","$","E","BOSS"],"items_purchased_type":["Relic","Card","Card","Relic","Potion"],"build_version":"2020-11-17","purchased_purges":4,"victory":true,"max_hp_per_floor":[70,70,70,70,70,70,70,70,70,70,70,70,70,70,70,70,70,70,70,70,70,70,70,70,70,70,70,70,70,70,70,70,70,70,70,70,70,70,70,70,70,70,70,70,70,70,70,70,70,70,70,70,70,70,70],"card_choices":[{"not_picked":["bronze:ItsAFeature","bronze:MaxOutput","bronze:Philosophize"],"picked":"SKIP","floor":1.0},{"not_picked":["ReplayTheSpireMod:Echoes of Time","infinitespire:Oblivion"],"picked":"infinitespire:FutureSight","floor":3.0},{"not_picked":["bronze:FineTuning","bronze:DelayedGuard"],"picked":"bronze:Overheat","floor":4.0},{"not_picked":["bronze:ItsAFeature","bronze:GetLatest"],"picked":"bronze:Branch","floor":7.0},{"not_picked":["bronze:Constructor","bronze:Shield","bronze:Overheat"],"picked":"SKIP","floor":8.0},{"not_picked":["bronze:Overheat","bronze:Shell"],"picked":"bronze:DigitalCarnage","floor":10.0},{"not_picked":["bronze:Virus","bronze:OilSpill","bronze:Iterate"],"picked":"SKIP","floor":12.0},{"not_picked":["bronze:Shield","bronze:Philosophize","bronze:ItsAFeature"],"picked":"SKIP","floor":13.0},{"not_picked":["bronze:WildBeam","bronze:Shield","bronze:FineTuning"],"picked":"SKIP","floor":14.0},{"not_picked":["bronze:ShipIt","bronze:HardenedForm"],"picked":"bronze:Break","floor":16.0},{"not_picked":["Headbutt+1","bronze:Overheat","bronze:Shield+1"],"picked":"bronze:Philosophize","floor":18.0},{"not_picked":["ReplayTheSpireMod:Strike From Hell","Carnage","Clothesline","Twin Strike"],"picked":"SKIP","floor":19.0},{"not_picked":["ReplayTheSpireMod:Corrosion Curse","Replay:Undeath\u0027s Touch","bronze:Iterate","Pommel Strike+1"],"picked":"SKIP","floor":22.0},{"not_picked":["Combust+1","Seeing Red","Clash","Infernal Blade"],"picked":"SKIP","floor":24.0},{"not_picked":["bronze:Virus","Anger","True Grit","hubris:CleavingFinish"],"picked":"SKIP","floor":27.0},{"not_picked":["bronze:CutThrough","Rampage+1","Sever Soul","Anger+1"],"picked":"SKIP","floor":28.0},{"not_picked":["Rampage","bronze:WildBeam","bronze:BronzeArmor","bronze:BuggyMess+1"],"picked":"SKIP","floor":29.0},{"not_picked":["bronze:Library","Corruption","Bludgeon"],"picked":"Demon Form","floor":33.0},{"not_picked":["bronze:Fortify+1","Sword Boomerang","bronze:BronzeArmor+1","hubris:ReadiedAction"],"picked":"SKIP","floor":35.0},{"not_picked":["Feel No Pain+1","infinitespire:OneForAll","Spot Weakness","ReplayTheSpireMod:Strike From Hell"],"picked":"SKIP","floor":36.0},{"not_picked":["bronze:Fortify+1","bronze:OilSpill+1","bronze:Terminator","bronze:CutThrough+1"],"picked":"SKIP","floor":37.0},{"not_picked":["Havoc+1","Cleave+1","bronze:Iterate+1"],"picked":"bronze:RecursiveStrike+1","floor":40.0},{"not_picked":["bronze:BuggyMess+1","Ghostly Armor+1","hubris:ReadiedAction","Headbutt+1"],"picked":"SKIP","floor":42.0},{"not_picked":["Uppercut+1","Body Slam+1","Evolve","bronze:DelayedSlice+1"],"picked":"SKIP","floor":44.0},{"not_picked":["bronze:Shield+1","Second Wind+1","Cleave+1","Perfected Strike+1"],"picked":"SKIP","floor":47.0},{"not_picked":["bronze:ChildClass+1","hubris:SharpeningStone","bronze:Shield","Dropkick+1"],"picked":"SKIP","floor":48.0},{"not_picked":["bronze:DelayedGuard+1","bronze:WildBeam+1","bronze:ClassDefault+1","bronze:Shell+1"],"picked":"SKIP","floor":54.0}],"player_experience":146513,"relics_obtained":[{"floor":4.0,"key":"hubris:DeckOfHolding"},{"floor":7.0,"key":"infinitespire:Bottled Soul"},{"floor":9.0,"key":"hubris:PeanutButter"},{"floor":10.0,"key":"Quantum Egg"},{"floor":12.0,"key":"War Paint"},{"floor":24.0,"key":"infinitespire:PuzzleCube"},{"floor":26.0,"key":"Letter Opener"},{"floor":27.0,"key":"Lantern"},{"floor":40.0,"key":"Molten Egg 2"},{"floor":48.0,"key":"Omamori"},{"floor":54.0,"key":"HornCleat"}],"event_choices":[{"damage_healed":67.0,"max_hp_gain":0.0,"max_hp_loss":70.0,"gold_gain":0.0,"event_name":"betterThird:BetterShining","player_choice":"Embrace","floor":2.0,"gold_loss":0.0,"damage_taken":0.0},{"damage_healed":0.0,"max_hp_gain":0.0,"max_hp_loss":0.0,"gold_gain":0.0,"event_name":"betterThird:BetterScrap","player_choice":"Relic ","floor":11.0,"gold_loss":0.0,"damage_taken":7.0,"cards_obtained":["Distraction"]},{"damage_healed":0.0,"max_hp_gain":0.0,"max_hp_loss":0.0,"gold_gain":0.0,"event_name":"N\u0027loth","player_choice":"Ignored","floor":21.0,"gold_loss":0.0,"damage_taken":0.0},{"damage_healed":0.0,"max_hp_gain":0.0,"max_hp_loss":0.0,"gold_gain":0.0,"event_name":"Transmorgrifier","player_choice":"Ignored","floor":38.0,"gold_loss":0.0,"damage_taken":0.0},{"damage_healed":0.0,"max_hp_gain":0.0,"max_hp_loss":0.0,"gold_gain":0.0,"event_name":"Tomb of Lord Red Mask","player_choice":"Paid","floor":46.0,"gold_loss":60.0,"damage_taken":0.0,"relics_obtained":["Red Mask"]}],"is_beta":true,"boss_relics":[{"not_picked":["Runic Pyramid","ReplayTheSpireMod:SealedPack"],"picked":"aspiration:IroncladSkillbook"},{"not_picked":["aspiration:FutureDiary","bronze:MakeshiftBattery"],"picked":"expansioncontent:StudyCardRelic"}],"items_purged_floors":[5,5,20,30],"is_endless":false,"potions_floor_spawned":[10,13,18,24,27,29,35,40,47,48,54],"ascension_level":1}}