{"host":"i9wanet4r0ff4t9y","time":1611674532,"event":{"mods":["2.2 Compatiblity","Act Like it!","BaseMod","Bestiary","Better Altar","Better Match","Better Note","Better Sensory Stone","Better Skull","Better Third Choice","Better Vampires","BetterRewards","CapriCore","Curses Come First","Downfall","Minty Spire (QoL Compilation)","Quick Restart","READ ME - Guardian Mod","READ ME - Snecko Mod","Relic Stats","Say the Spire","Spicy Shops","StSLib","The Disciple","The Poker Player","Waifu the Spire"],"gold_per_floor":[126,126,155,174,174,174,201,14,39,73,40,74,108,108,108,207,207,236,261,288,297,297,297,297,297],"floor_reached":24,"language":"POL","playtime":540,"items_purged":[],"score":522,"play_id":"790d9b2b-e97a-4d20-b6fb-175f6a7c08c3","local_time":"20210126162212","is_ascension_mode":true,"campfire_choices":[{"floor":6,"key":"REST"},{"data":"Barricade","floor":15,"key":"SMITH"},{"floor":23,"key":"REST"}],"circlet_count":0,"master_deck":["AscendersBane","Strike_R","Strike_R","Strike_R","Strike_R","Strike_R","Defend_R","Defend_R","Defend_R","Defend_R","Bash","Flame Barrier","Uppercut","Havoc","Exhume","Demon Form+1","Uppercut","Whirlwind","Barricade+1","Anger","Thunderclap","Twin Strike","Rage","Thunderclap","Spot Weakness","Immolate","Feed","Infernal Blade+1","Anger","Bludgeon","J.A.X."],"relics":["Black Blood","HandDrill","Ornamental Fan","CeramicFish","Orrery","Sundial","Gambling Chip","Golden Idol","Membership Card","Lantern","Anchor"],"acts_visited":["Exordium","TheCity"],"potions_floor_usage":[10,12,13,19,20],"damage_taken":[{"damage":0,"enemies":"2 Louse","floor":1,"turns":3},{"damage":11,"enemies":"Jaw Worm","floor":3,"turns":4},{"damage":7,"enemies":"Cultist","floor":4,"turns":4},{"damage":13,"enemies":"Red Slaver","floor":7,"turns":4},{"damage":6,"enemies":"Exordium Thugs","floor":10,"turns":4},{"damage":0,"enemies":"Blue Slaver","floor":12,"turns":3},{"damage":2,"enemies":"2 Fungi Beasts","floor":13,"turns":2},{"damage":29,"enemies":"The Guardian","floor":16,"turns":8},{"damage":24,"enemies":"Spheric Guardian","floor":18,"turns":4},{"damage":18,"enemies":"Shell Parasite","floor":19,"turns":5},{"damage":3,"enemies":"3 Cultists","floor":20,"turns":3},{"damage":72,"enemies":"Shelled Parasite and Fungi","floor":24,"turns":6}],"seed_played":"-6910291728779037701","potions_obtained":[{"floor":4,"key":"Guardian:BlockOnCardUsePotion"},{"floor":7,"key":"SkillPotion"},{"floor":10,"key":"SpeedPotion"},{"floor":12,"key":"AttackPotion"},{"floor":16,"key":"Dexterity Potion"},{"floor":18,"key":"LiquidMemories"}],"is_trial":false,"path_per_floor":["M","?","M","M","?","R","M","$","T","M","$","M","M","T","R","B",null,"M","M","M","?","?","R","M"],"character_chosen":"IRONCLAD","items_purchased":["HandDrill","Ornamental Fan","CeramicFish","Orrery","Sundial","Membership Card","Thunderclap","Rage","Thunderclap"],"campfire_rested":2,"item_purchase_floors":[0,0,0,0,0,8,8,11,11],"current_hp_per_floor":[30,30,25,24,24,44,37,37,37,37,37,43,47,47,47,24,57,45,42,51,51,53,71,0,0],"gold":297,"neow_bonus":"","is_daily":false,"chose_seed":false,"campfire_upgraded":1,"win_rate":0.0,"timestamp":1611674532,"path_taken":["M","?","M","M","?","R","M","?","T","?","?","M","M","?","R","BOSS","M","M","M","?","?","R","M"],"items_purchased_type":["Relic","Relic","Relic","Relic","Relic","Relic","Card","Card","Card"],"build_version":"2020-12-22","purchased_purges":0,"victory":false,"max_hp_per_floor":[75,75,75,75,68,68,68,68,68,68,68,68,68,68,68,68,68,68,71,71,71,71,71,71,71],"relic_stats":{"counters":[593,2656],"Ornamental Fan":[60],"Sundial":[8],"Golden Idol":48,"CeramicFish":486,"Gambling Chip":[11],"Black Blood":3349,"HandDrill":[52],"obtain_stats":[{"Golden Egg":34,"Replay:Accelerometer":0,"Spirit Poop":4,"Ginger":17,"Whetstone":27,"Bottled Tornado":10,"Sling":47,"Old Coin":24,"Ring of Searing":15,"Blood Vial":22,"Replay:Ringing Soul":47,"Sundial":17,"MealTicket":26,"Replay:Bottled Flurry":49,"HandDrill":31,"Necronomicon":19,"Kunai":10,"Replay:Wax Seal":0,"Electric Blood":17,"Replay:Bottled Steam":23,"Pear":0,"betterAltar:BloodRelic":27,"ReplayTheSpireMod:Ring of Addiction":36,"Blue Candle":7,"Eternal Feather":17,"Pen Nib":0,"Replay:Ancient Bell":34,"Akabeko":31,"SlaversCollar":17,"Ooze Armor":34,"Bird Faced Urn":9,"ReplayTheSpireMod:Ring of Collecting":5,"Pandora\u0027s Box":34,"Mark of Pain":17,"StrikeDummy":0,"Unceasing Top":0,"Regal Pillow":24,"Lantern":34,"Torii":47,"Singing Bowl":0,"Magic Flower":0,"StoneCalendar":0,"Blue Doll":43,"King of Hearts":47,"Replay:Multitool":25,"Bag of Preparation":54,"Cursed Key":34,"Smiling Mask":27,"Burning Blood":0,"Pet Ghost":44,"Replay:Rubber Ducky":34,"Shovel":34,"Ring of Peace":5,"Toolbox":0,"WingedGreaves":37,"Chemical X":21,"Replay:Bottled Eggs":0,"InkBottle":34,"Paper Frog":23,"Potion Belt":36,"Lee\u0027s Waffle":44,"Golden Idol":3,"Self Forming Clay":6,"Thread and Needle":20,"PreservedInsect":22,"The Courier":9,"betterThird:NestCultRelic":22,"Omamori":42,"Ring of Greed":10,"Frozen Egg 2":0,"MawBank":27,"Replay:Arrowhead":48,"sneckomod:BabySnecko":20,"Busted Crown":17,"Ornamental Fan":37,"Bloody Idol":22,"Ring of Misfortune":36,"betterThird:SlimedRelic":3,"Orrery":36,"Turnip":23,"Ectoplasm":17,"Art of War":40,"Garlic":12,"Durian":0,"Champion Belt":20,"hexamod:BolsterEngine":11,"ReplayTheSpireMod:Lightbulb":27,"Toy Ornithopter":28,"Ice Cream":6,"Divine Protection":0,"Calipers":6,"Tiny House":36,"Gremlin Horn":10,"Nilry\u0027s Codex":22,"CeramicFish":24,"Vajra":8,"Sozu":34,"Lizard Tail":42,"Centennial Puzzle":2,"HornCleat":52,"downfall:GremlinWheel":0,"FaceOfCleric":13,"DollysMirror":44,"Strawberry":10,"Honey Jar":17,"Prayer Wheel":40,"Philosopher\u0027s Stone":17,"Iron Hammer":9,"Toxic Egg 2":36,"Girya":23,"Happy Flower":14,"Ring of Hypnosis":27,"ReplayTheSpireMod:CursedCoin":19,"Dead Branch":17,"Replay:Grab Bag":34,"Oddly Smooth Stone":41,"Charon\u0027s Ashes":0,"Letter Opener":9,"Replay:Kaleidoscope":37,"War Paint":6,"Question Card":19,"WarpedTongs":29,"Du-Vu Doll":0,"Bottled Flame":26,"Replay:Baseball":38,"ReplayTheSpireMod:Spearhead":31,"ReplayTheSpireMod:Shallot":27,"Shuriken":34,"Bronze Scales":45,"Molten Egg 2":43,"Onion Ring":54,"Simple Rune":27,"ReplayTheSpireMod:TigerMarble":23,"Nloth\u0027s Gift":0,"Black Star":17,"Grinning Jar":6,"Mirror":45,"Pocketwatch":10,"Meat on the Bone":45,"ReplayFunnel":14,"Darkstone Periapt":0,"ReplayTheSpireMod:Ring of Exchange":26,"Replay:PocketPolymizer":34,"Black Blood":34,"Mango":40,"Juzu Bracelet":19,"Incense Burner":0,"Replay:Mystery Machine":26,"Empty Cage":34,"ClockworkSouvenir":44,"Frozen Eye":0,"SsserpentHead":20,"Nunchaku":45,"Dream Catcher":9,"Replay:Bandana":20,"Chameleon Ring":49,"TheAbacus":0,"Mummified Hand":9,"Pantograph":0,"Gambling Chip":0,"Tiny Chest":12,"Red Mask":41,"Replay:Bottled Snecko":0,"Red Skull":17,"Runic Pyramid":34,"Gremlin Food":37,"BargainBundle":19,"hexamod:CandleOfCauterizing":46,"ReplayTheSpireMod:Ninjato":48,"Replay:Towering Pillar of Hats":50,"Quantum Egg":42,"Guide Book":38,"Replay:WaspNest":3,"Odd Mushroom":12,"Orichalcum":43,"White Beast Statue":36,"Mercury Hourglass":43,"Calling Bell":17,"Peace Pipe":0,"Strange Spoon":44,"CaptainsWheel":0,"Anchor":38,"Pondfish Scales":0,"ChewingGum":17,"Another Sword":47,"Snack Pack":28,"Bag of Marbles":0,"Coffee Dripper":0,"Membership Card":24,"FossilizedHelix":12,"TungstenRod":7,"ReplayTheSpireMod:ShopPack":20},{"Golden Egg":146,"Replay:Accelerometer":210,"Spirit Poop":432,"Ginger":226,"Whetstone":417,"Bottled Tornado":235,"Sling":102,"Old Coin":92,"Ring of Searing":340,"Blood Vial":39,"Replay:Ringing Soul":102,"Sundial":11,"MealTicket":14,"Replay:Bottled Flurry":153,"HandDrill":200,"Necronomicon":553,"Kunai":33,"Replay:Wax Seal":28,"Electric Blood":62,"Replay:Bottled Steam":399,"Pear":519,"betterAltar:BloodRelic":171,"ReplayTheSpireMod:Ring of Addiction":47,"Blue Candle":234,"Eternal Feather":480,"Pen Nib":387,"Replay:Ancient Bell":46,"Akabeko":94,"SlaversCollar":369,"Ooze Armor":175,"Bird Faced Urn":7,"ReplayTheSpireMod:Ring of Collecting":186,"Pandora\u0027s Box":420,"Mark of Pain":37,"StrikeDummy":404,"Unceasing Top":429,"Regal Pillow":14,"Lantern":46,"Torii":77,"Singing Bowl":104,"Magic Flower":28,"StoneCalendar":55,"Blue Doll":180,"King of Hearts":102,"Replay:Multitool":117,"Bag of Preparation":155,"Cursed Key":19,"Smiling Mask":281,"Burning Blood":0,"Pet Ghost":75,"Replay:Rubber Ducky":122,"Shovel":46,"Ring of Peace":186,"Toolbox":28,"WingedGreaves":287,"Chemical X":13,"Replay:Bottled Eggs":321,"InkBottle":122,"Paper Frog":40,"Potion Belt":47,"Lee\u0027s Waffle":75,"Golden Idol":186,"Self Forming Clay":272,"Thread and Needle":167,"PreservedInsect":140,"The Courier":324,"betterThird:NestCultRelic":329,"Omamori":100,"Ring of Greed":134,"Frozen Egg 2":156,"MawBank":92,"Replay:Arrowhead":183,"sneckomod:BabySnecko":481,"Busted Crown":112,"Ornamental Fan":177,"Bloody Idol":39,"Ring of Misfortune":47,"betterThird:SlimedRelic":105,"Orrery":421,"Turnip":141,"Ectoplasm":526,"Art of War":49,"Garlic":136,"Durian":156,"Champion Belt":456,"hexamod:BolsterEngine":366,"ReplayTheSpireMod:Lightbulb":92,"Toy Ornithopter":92,"Ice Cream":83,"Divine Protection":243,"Calipers":32,"Tiny House":350,"Gremlin Horn":250,"Nilry\u0027s Codex":13,"CeramicFish":66,"Vajra":7,"Sozu":511,"Lizard Tail":24,"Centennial Puzzle":105,"HornCleat":54,"downfall:GremlinWheel":387,"FaceOfCleric":9,"DollysMirror":151,"Strawberry":85,"Honey Jar":276,"Prayer Wheel":23,"Philosopher\u0027s Stone":253,"Iron Hammer":33,"Toxic Egg 2":20,"Girya":115,"Happy Flower":36,"Ring of Hypnosis":375,"ReplayTheSpireMod:CursedCoin":113,"Dead Branch":11,"Replay:Grab Bag":261,"Oddly Smooth Stone":75,"Charon\u0027s Ashes":184,"Letter Opener":60,"Replay:Kaleidoscope":73,"War Paint":160,"Question Card":396,"WarpedTongs":67,"Du-Vu Doll":519,"Bottled Flame":41,"Replay:Baseball":97,"ReplayTheSpireMod:Spearhead":200,"ReplayTheSpireMod:Shallot":67,"Shuriken":46,"Bronze Scales":127,"Molten Egg 2":24,"Onion Ring":55,"Simple Rune":118,"ReplayTheSpireMod:TigerMarble":66,"Nloth\u0027s Gift":387,"Black Star":439,"Grinning Jar":106,"Mirror":265,"Pocketwatch":217,"Meat on the Bone":290,"ReplayFunnel":137,"Darkstone Periapt":293,"ReplayTheSpireMod:Ring of Exchange":197,"Replay:PocketPolymizer":122,"Black Blood":261,"Mango":99,"Juzu Bracelet":113,"Incense Burner":156,"Replay:Mystery Machine":66,"Empty Cage":201,"ClockworkSouvenir":75,"Frozen Eye":184,"SsserpentHead":441,"Nunchaku":51,"Dream Catcher":249,"Replay:Bandana":254,"Chameleon Ring":53,"TheAbacus":321,"Mummified Hand":216,"Pantograph":55,"Gambling Chip":581,"Tiny Chest":410,"Red Mask":23,"Replay:Bottled Snecko":293,"Red Skull":11,"Runic Pyramid":261,"Gremlin Food":47,"BargainBundle":89,"hexamod:CandleOfCauterizing":469,"ReplayTheSpireMod:Ninjato":129,"Replay:Towering Pillar of Hats":358,"Quantum Egg":50,"Guide Book":379,"Replay:WaspNest":29,"Odd Mushroom":9,"Orichalcum":100,"White Beast Statue":47,"Mercury Hourglass":75,"Calling Bell":11,"Peace Pipe":156,"Strange Spoon":151,"CaptainsWheel":0,"Anchor":123,"Pondfish Scales":130,"ChewingGum":138,"Another Sword":102,"Snack Pack":92,"Bag of Marbles":104,"Coffee Dripper":130,"Membership Card":66,"FossilizedHelix":34,"TungstenRod":59,"ReplayTheSpireMod:ShopPack":194},{"Golden Egg":696,"Replay:Accelerometer":982,"Spirit Poop":2006,"Ginger":1054,"Whetstone":1947,"Bottled Tornado":1090,"Sling":464,"Old Coin":431,"Ring of Searing":1582,"Blood Vial":183,"Replay:Ringing Soul":464,"Sundial":38,"MealTicket":52,"Replay:Bottled Flurry":727,"HandDrill":928,"Necronomicon":2493,"Kunai":146,"Replay:Wax Seal":125,"Electric Blood":319,"Replay:Bottled Steam":1866,"Pear":2358,"betterAltar:BloodRelic":802,"ReplayTheSpireMod:Ring of Addiction":228,"Blue Candle":1086,"Eternal Feather":2208,"Pen Nib":1804,"Replay:Ancient Bell":224,"Akabeko":436,"SlaversCollar":1719,"Ooze Armor":825,"Bird Faced Urn":28,"ReplayTheSpireMod:Ring of Collecting":865,"Pandora\u0027s Box":1961,"Mark of Pain":174,"StrikeDummy":1896,"Unceasing Top":1996,"Regal Pillow":52,"Lantern":224,"Torii":381,"Singing Bowl":473,"Magic Flower":125,"StoneCalendar":286,"Blue Doll":845,"King of Hearts":464,"Replay:Multitool":528,"Bag of Preparation":741,"Cursed Key":81,"Smiling Mask":1297,"Burning Blood":0,"Pet Ghost":375,"Replay:Rubber Ducky":565,"Shovel":224,"Ring of Peace":865,"Toolbox":125,"WingedGreaves":1330,"Chemical X":46,"Replay:Bottled Eggs":1495,"InkBottle":565,"Paper Frog":188,"Potion Belt":228,"Lee\u0027s Waffle":375,"Golden Idol":865,"Self Forming Clay":1254,"Thread and Needle":782,"PreservedInsect":668,"The Courier":1501,"betterThird:NestCultRelic":1532,"Omamori":460,"Ring of Greed":637,"Frozen Egg 2":749,"MawBank":431,"Replay:Arrowhead":853,"sneckomod:BabySnecko":2211,"Busted Crown":501,"Ornamental Fan":833,"Bloody Idol":183,"Ring of Misfortune":228,"betterThird:SlimedRelic":475,"Orrery":1965,"Turnip":671,"Ectoplasm":2380,"Art of War":239,"Garlic":644,"Durian":749,"Champion Belt":2117,"hexamod:BolsterEngine":1700,"ReplayTheSpireMod:Lightbulb":431,"Toy Ornithopter":431,"Ice Cream":404,"Divine Protection":1125,"Calipers":142,"Tiny House":1630,"Gremlin Horn":1157,"Nilry\u0027s Codex":46,"CeramicFish":335,"Vajra":28,"Sozu":2321,"Lizard Tail":102,"Centennial Puzzle":475,"HornCleat":280,"downfall:GremlinWheel":1804,"FaceOfCleric":32,"DollysMirror":718,"Strawberry":409,"Honey Jar":1274,"Prayer Wheel":101,"Philosopher\u0027s Stone":1174,"Iron Hammer":146,"Toxic Egg 2":85,"Girya":519,"Happy Flower":161,"Ring of Hypnosis":1743,"ReplayTheSpireMod:CursedCoin":506,"Dead Branch":38,"Replay:Grab Bag":1209,"Oddly Smooth Stone":375,"Charon\u0027s Ashes":860,"Letter Opener":306,"Replay:Kaleidoscope":363,"War Paint":759,"Question Card":1848,"WarpedTongs":338,"Du-Vu Doll":2358,"Bottled Flame":193,"Replay:Baseball":448,"ReplayTheSpireMod:Spearhead":928,"ReplayTheSpireMod:Shallot":338,"Shuriken":224,"Bronze Scales":593,"Molten Egg 2":102,"Onion Ring":286,"Simple Rune":534,"ReplayTheSpireMod:TigerMarble":335,"Nloth\u0027s Gift":1804,"Black Star":2041,"Grinning Jar":479,"Mirror":1228,"Pocketwatch":1017,"Meat on the Bone":1347,"ReplayFunnel":648,"Darkstone Periapt":1364,"ReplayTheSpireMod:Ring of Exchange":916,"Replay:PocketPolymizer":565,"Black Blood":1209,"Mango":458,"Juzu Bracelet":506,"Incense Burner":749,"Replay:Mystery Machine":335,"Empty Cage":935,"ClockworkSouvenir":375,"Frozen Eye":860,"SsserpentHead":2050,"Nunchaku":256,"Dream Catcher":1150,"Replay:Bandana":1178,"Chameleon Ring":267,"TheAbacus":1495,"Mummified Hand":1010,"Pantograph":286,"Gambling Chip":2606,"Tiny Chest":1920,"Red Mask":101,"Replay:Bottled Snecko":1364,"Red Skull":38,"Runic Pyramid":1209,"Gremlin Food":228,"BargainBundle":422,"hexamod:CandleOfCauterizing":2176,"ReplayTheSpireMod:Ninjato":608,"Replay:Towering Pillar of Hats":1662,"Quantum Egg":245,"Guide Book":1761,"Replay:WaspNest":129,"Odd Mushroom":32,"Orichalcum":460,"White Beast Statue":228,"Mercury Hourglass":375,"Calling Bell":38,"Peace Pipe":749,"Strange Spoon":718,"CaptainsWheel":0,"Anchor":570,"Pondfish Scales":625,"ChewingGum":659,"Another Sword":464,"Snack Pack":431,"Bag of Marbles":473,"Coffee Dripper":625,"Membership Card":335,"FossilizedHelix":150,"TungstenRod":303,"ReplayTheSpireMod:ShopPack":898}]},"card_choices":[{"not_picked":["Cleave","Flex"],"picked":"Flame Barrier","floor":0},{"not_picked":["Power Through","Havoc"],"picked":"Uppercut","floor":0},{"not_picked":["True Grit","Pommel Strike"],"picked":"Havoc","floor":0},{"not_picked":["Clash","Havoc"],"picked":"Exhume","floor":0},{"not_picked":["Anger","Infernal Blade"],"picked":"Demon Form","floor":0},{"not_picked":["Havoc","Flex"],"picked":"Uppercut","floor":1},{"not_picked":["Pommel Strike","Warcry"],"picked":"Whirlwind","floor":3},{"not_picked":["Clothesline","Wild Strike"],"picked":"Barricade","floor":4},{"not_picked":["Clash","Heavy Blade"],"picked":"Anger","floor":7},{"not_picked":["True Grit","Armaments"],"picked":"Twin Strike","floor":10},{"not_picked":["Metallicize","Feel No Pain"],"picked":"Spot Weakness","floor":12},{"not_picked":["Heavy Blade","Clothesline"],"picked":"Immolate","floor":13},{"not_picked":["Corruption","Fiend Fire"],"picked":"Feed","floor":16},{"not_picked":["Pummel","Shrug It Off"],"picked":"Infernal Blade+1","floor":18},{"not_picked":["Twin Strike","Warcry"],"picked":"Anger","floor":19},{"not_picked":["Armaments","Iron Wave+1"],"picked":"Bludgeon","floor":20}],"player_experience":437003,"relics_obtained":[{"floor":9,"key":"Lantern"},{"floor":14,"key":"Anchor"}],"event_choices":[{"damage_healed":0,"gold_gain":0,"player_choice":"Grow","damage_taken":0,"max_hp_gain":0,"max_hp_loss":0,"event_name":"Living Wall","floor":2,"gold_loss":0,"cards_upgraded":["Demon Form"]},{"damage_healed":0,"gold_gain":0,"player_choice":"Lose Max HP","damage_taken":0,"relics_obtained":["Golden Idol"],"max_hp_gain":0,"max_hp_loss":7,"event_name":"Golden Idol","floor":5,"gold_loss":0},{"damage_healed":0,"gold_gain":0,"player_choice":"Obtain J.A.X.","damage_taken":0,"max_hp_gain":0,"max_hp_loss":0,"event_name":"Drug Dealer","floor":21,"gold_loss":0,"cards_obtained":["J.A.X."]},{"damage_healed":2,"gold_gain":0,"player_choice":"LEAVE ","damage_taken":0,"relics_obtained":[],"max_hp_gain":0,"max_hp_loss":0,"event_name":"betterSkull:BetterSkull","floor":22,"gold_loss":0,"cards_upgraded":[]}],"is_beta":false,"boss_relics":[{"not_picked":["Black Star","Runic Dome"],"picked":"Black Blood"}],"items_purged_floors":[],"is_endless":false,"potions_floor_spawned":[4,7,10,12,16,18],"killed_by":"Shelled Parasite and Fungi","ascension_level":16}}