{"host":"onxhedhktkmfihwi","time":1611631479,"event":{"mods":["AchievementEnabler","Aspiration","Bard","BaseMod","Better Altar","Better Match","Better Note","Better Sensory Stone","Better Skull","Better Third Choice","Challenge The Spire","Conspire","Curses Come First","Custom Start","Downfall","Friendly Minions","Hubris","Infinite Spire","Minty Spire (QoL Compilation)","Permanent Neow","Replay The Spire","Robot Space Explorer","Slay the Relics Exporter","Somnambulant","Spikes Relics","StSLib","Synergy Search","The Blue Laboratory","The Cursed","The Jungle","thorton"],"gold_per_floor":[99,99,14,14,30,30,30,44,60,91,103,103,103,137,151,251,251,251,251],"floor_reached":17,"language":"ENG","playtime":3791,"items_purged":[],"score":155,"play_id":"275eb74d-f6e6-4e35-a306-d4dc62bd1a34","local_time":"20210125192439","is_ascension_mode":false,"campfire_choices":[{"data":"bronze:Replicate","floor":1,"key":"SMITH"},{"data":"bronze:Optimize","floor":12,"key":"SMITH"}],"circlet_count":0,"master_deck":["bronze:Strike","bronze:Strike","bronze:Strike","bronze:Strike","bronze:Defend","bronze:Defend","bronze:Defend","bronze:Defend","bronze:Replicate+1","bronze:Goto","bronze:Frontload","bronze:Frontload","bronze:FineTuning","bronze:ForLoop","bronze:CutThrough","bronze:Optimize+1","bronze:Fortify","bronze:Shell","bronze:Branch","bronze:Optimize+1","bronze:Repulsor","bronze:Shell","bronze:Assembly"],"relics":["bronze:BronzeCore","downfall:HeartsMalice","hubris:SphereOfDissonance","aspiration:FetidBarrel","Garlic","hubris:VirtuousBlindfold"],"acts_visited":["Exordium","TheCity"],"potions_floor_usage":[16,16,16],"damage_taken":[{"damage":0,"enemies":"conspire:RoseBush","floor":2,"turns":1},{"damage":0,"enemies":"downfall:FleeingMerchant","floor":3,"turns":1},{"damage":0,"enemies":"Jaw Worm","floor":4,"turns":1},{"damage":0,"enemies":"2 Louse","floor":5,"turns":4},{"damage":2,"enemies":"2 Fungi Beasts","floor":8,"turns":6},{"damage":5,"enemies":"Lots of Slimes","floor":9,"turns":7},{"damage":3,"enemies":"conspire:MimicChest","floor":10,"turns":9},{"damage":8,"enemies":"Red Slaver","floor":11,"turns":4},{"damage":2,"enemies":"3 Sentries","floor":14,"turns":7},{"damage":1,"enemies":"2 Fungi Beasts","floor":15,"turns":4},{"damage":33,"enemies":"DF_ARCHETYPE_STREAMLINE","floor":16,"turns":11}],"seed_played":"-2962201212640236400","potions_obtained":[{"floor":5,"key":"hexamod:SoulburnPotion"},{"floor":10,"key":"Guardian:BlockOnCardUsePotion"},{"floor":14,"key":"champ:CounterPotion"},{"floor":15,"key":"CultistPotion"}],"is_trial":false,"path_per_floor":["R","M","$","M","M","?","T","M","M","?","M","R","?","E","M","B",null],"character_chosen":"THE_AUTOMATON","items_purchased":["bronze:FineTuning","bronze:ForLoop"],"campfire_rested":0,"item_purchase_floors":[3,3],"current_hp_per_floor":[70,70,70,70,70,70,70,68,63,60,52,52,52,50,49,16,70,70,70],"gold":251,"neow_bonus":"THREE_ENEMY_KILL","is_daily":false,"chose_seed":false,"campfire_upgraded":2,"win_rate":0.0,"timestamp":1611631479,"path_taken":["R","M","$","?","M","?","T","M","M","?","M","R","?","E","M","BOSS"],"items_purchased_type":["Card","Card"],"build_version":"2020-12-22","purchased_purges":0,"victory":false,"max_hp_per_floor":[70,70,70,70,70,70,70,70,70,70,70,70,70,70,70,70,70,70,70],"card_choices":[{"not_picked":["bronze:BitShift","bronze:Turbo"],"picked":"bronze:Frontload","floor":2},{"not_picked":["bronze:Repulsor","bronze:Overheat"],"picked":"bronze:Frontload","floor":3},{"not_picked":["bronze:MaxOutput","bronze:CleanCode"],"picked":"bronze:CutThrough","floor":4},{"not_picked":["bronze:Branch","bronze:Allocate"],"picked":"bronze:Optimize","floor":5},{"not_picked":["bronze:WildBeam","bronze:BitShift"],"picked":"bronze:Fortify","floor":8},{"not_picked":["bronze:Branch","bronze:MaxOutput"],"picked":"bronze:Shell","floor":9},{"not_picked":["bronze:Virus","bronze:BugBarrage"],"picked":"bronze:Branch","floor":11},{"not_picked":["bronze:DelayedSlice","bronze:Safeguard"],"picked":"bronze:Repulsor","floor":14},{"not_picked":["bronze:Backtrace","bronze:Shield"],"picked":"bronze:Shell","floor":15},{"not_picked":["bronze:SpaghettiCode","bronze:HyperBeam"],"picked":"bronze:Assembly","floor":16}],"player_experience":265772,"relics_obtained":[{"floor":7,"key":"hubris:SphereOfDissonance"},{"floor":10,"key":"aspiration:FetidBarrel"},{"floor":14,"key":"Garlic"}],"event_choices":[],"is_beta":false,"boss_relics":[{"not_picked":["hubris:Stopwatch","hubris:HollowSoul"],"picked":"hubris:VirtuousBlindfold"}],"items_purged_floors":[],"is_endless":false,"potions_floor_spawned":[5,10,14,15],"ascension_level":0}}