{"host":"jlw4slqoq862puwo","time":1611700612,"event":{"mods":["BaseMod","DeckTracker","Dota2Spire","Highlight Path","Minty Spire (QoL Compilation)","Quick Restart","StSLib","SuperFastMode"],"gold_per_floor":[117,117,117,133,233,233,266,282,305,305,334,349,367,367,384,417,417,515,515,533,533,547,557,575,575,600,600,600,600,600,201,231,246,246,246,346,346,365,365,384,402,402,402,431,441,441,490,509,509,204,237,237,256,256,256,256,256,100,129,129,129],"floor_reached":60,"language":"ENG","playtime":1435,"items_purged":["Decay"],"score":828,"play_id":"9d14be03-125c-40aa-80c2-000a2e177b31","local_time":"20210126233652","is_ascension_mode":true,"campfire_choices":[{"floor":6,"key":"RECALL"},{"floor":10,"key":"REST"},{"floor":14,"key":"REST"},{"floor":17,"key":"REST"},{"floor":25,"key":"REST"},{"floor":27,"key":"REST"},{"floor":30,"key":"REST"},{"floor":35,"key":"REST"},{"floor":43,"key":"REST"},{"floor":49,"key":"REST"},{"floor":52,"key":"REST"},{"floor":54,"key":"REST"},{"floor":57,"key":"REST"}],"circlet_count":0,"master_deck":["Defend_B+1","Defend_B","Defend_B","Defend_B","Zap+1","Dualcast","White Noise","Loop","Doom and Gloom","Cold Snap","Ball Lightning","Defragment","Electrodynamics","Rainbow+1","Genetic Algorithm+1","Conserve Battery+1","Echo Form","Self Repair","Chill","BootSequence","Creative AI","Storm+1","Cold Snap+1","Heatsinks+1","Buffer","White Noise+1"],"relics":["Fusion Hammer","Dota2Spire:UrnOfShadows","Bag of Preparation","War Paint","Dota2Spire:MantaStyle","Astrolabe","Ornamental Fan","Meat on the Bone","Dota2Spire:EyeOfSkadi","InkBottle","Dota2Spire:LotusOrb","Dota2Spire:RefresherOrb","Dota2Spire:CrimsonGuard","Pocketwatch","OrangePellets","Dota2Spire:Vanguard","Oddly Smooth Stone","ClockworkSouvenir","Dota2Spire:OrchidMalevolence"],"acts_visited":["Exordium","TheCity","TheBeyond","TheEnding"],"potions_floor_usage":[26,26,26,59],"damage_taken":[{"damage":3,"enemies":"Small Slimes","floor":1,"turns":3},{"damage":6,"enemies":"Jaw Worm","floor":4,"turns":4},{"damage":21,"enemies":"Lagavulin","floor":7,"turns":5},{"damage":0,"enemies":"Cultist","floor":8,"turns":4},{"damage":14,"enemies":"Gremlin Nob","floor":11,"turns":3},{"damage":8,"enemies":"Exordium Wildlife","floor":12,"turns":4},{"damage":10,"enemies":"Lots of Slimes","floor":13,"turns":2},{"damage":2,"enemies":"Blue Slaver","floor":15,"turns":3},{"damage":3,"enemies":"Lagavulin","floor":16,"turns":4},{"damage":6,"enemies":"The Guardian","floor":18,"turns":10},{"damage":6,"enemies":"Chosen","floor":20,"turns":4},{"damage":15,"enemies":"2 Thieves","floor":22,"turns":2},{"damage":28,"enemies":"Shelled Parasite and Fungi","floor":23,"turns":4},{"damage":11,"enemies":"Centurion and Healer","floor":24,"turns":5},{"damage":19,"enemies":"Book of Stabbing","floor":26,"turns":7},{"damage":36,"enemies":"Slavers","floor":32,"turns":4},{"damage":9,"enemies":"Snecko","floor":33,"turns":4},{"damage":11,"enemies":"Champ","floor":36,"turns":11},{"damage":19,"enemies":"Orb Walker","floor":38,"turns":4},{"damage":2,"enemies":"3 Darklings","floor":40,"turns":3},{"damage":0,"enemies":"Transient","floor":41,"turns":5},{"damage":0,"enemies":"Giant Head","floor":44,"turns":6},{"damage":0,"enemies":"Writhing Mass","floor":45,"turns":5},{"damage":43,"enemies":"3 Darklings","floor":48,"turns":4},{"damage":29,"enemies":"Nemesis","floor":51,"turns":7},{"damage":0,"enemies":"Sphere and 2 Shapes","floor":53,"turns":4},{"damage":5,"enemies":"Donu and Deca","floor":55,"turns":7},{"damage":77,"enemies":"Shield and Spear","floor":59,"turns":6},{"damage":41,"enemies":"The Heart","floor":60,"turns":8}],"seed_played":"-7579781782146458580","potions_obtained":[{"floor":4,"key":"PowerPotion"},{"floor":8,"key":"Block Potion"},{"floor":12,"key":"EssenceOfSteel"},{"floor":26,"key":"FearPotion"},{"floor":32,"key":"BlessingOfTheForge"},{"floor":33,"key":"FearPotion"}],"is_trial":false,"path_per_floor":["M","?","?","M","?","R","E","M","T","R","E","M","M","R","M","E","R","B",null,"M","?","M","M","M","R","E","R","T","T","R","$","E","M","?","R","B",null,"M","$","M","M","?","R","E","M","T","T","M","R","$","E","R","M","R","B",null,"R","$","E","B"],"character_chosen":"DEFECT","items_purchased":["Self Repair","InkBottle","OrangePellets","Dota2Spire:Vanguard","ClockworkSouvenir"],"campfire_rested":12,"item_purchase_floors":[31,31,50,50,58],"current_hp_per_floor":[72,77,77,71,71,71,50,50,50,74,60,52,42,66,64,61,80,74,80,74,74,59,31,20,44,25,49,49,54,79,79,57,55,55,80,76,85,73,73,78,85,85,85,85,85,85,85,61,85,85,63,85,85,85,85,85,85,85,30,0,0],"gold":129,"neow_bonus":"BOSS_RELIC","is_daily":false,"chose_seed":false,"campfire_upgraded":0,"win_rate":0.0,"timestamp":1611700612,"path_taken":["M","?","?","?","?","R","E","M","T","R","E","M","?","R","M","E","R","BOSS","M","?","?","M","M","R","E","R","T","T","R","$","E","M","?","R","BOSS","M","$","?","M","?","R","E","M","T","T","M","R","$","E","R","M","R","BOSS","R","$","E","BOSS"],"items_purchased_type":["Card","Relic","Relic","Relic","Relic"],"build_version":"2020-12-22","purchased_purges":1,"victory":false,"max_hp_per_floor":[75,80,80,80,80,80,80,80,80,80,80,80,80,80,80,80,80,80,80,80,80,80,80,80,80,80,80,80,85,85,85,85,85,85,85,85,85,85,85,85,85,85,85,85,85,85,85,85,85,85,85,85,85,85,85,85,85,85,85,85,85],"card_choices":[{"not_picked":["Beam Cell","Steam"],"picked":"White Noise","floor":1},{"not_picked":["Go for the Eyes","Darkness"],"picked":"Doom and Gloom","floor":4},{"not_picked":["Compile Driver","Rebound"],"picked":"Cold Snap","floor":7},{"not_picked":["Cold Snap","Fission"],"picked":"Ball Lightning","floor":8},{"not_picked":["Streamline","Redo"],"picked":"Defragment","floor":11},{"not_picked":["Auto Shields","Hologram","Compile Driver"],"picked":"SKIP","floor":12},{"not_picked":["Darkness","Barrage","Go for the Eyes"],"picked":"SKIP","floor":13},{"not_picked":["Conserve Battery","Defragment","Sweeping Beam"],"picked":"SKIP","floor":15},{"not_picked":["Cold Snap","Leap","Rip and Tear"],"picked":"SKIP","floor":16},{"not_picked":["Amplify","Machine Learning"],"picked":"Electrodynamics","floor":18},{"not_picked":["Steam Power","Barrage","Ball Lightning"],"picked":"SKIP","floor":20},{"not_picked":["Rebound","Sweeping Beam"],"picked":"Conserve Battery+1","floor":22},{"not_picked":["Gash","Rip and Tear+1","Rebound"],"picked":"SKIP","floor":23},{"not_picked":["Cold Snap","Reinforced Body","Stack"],"picked":"SKIP","floor":24},{"not_picked":["Rebound","Defragment"],"picked":"Echo Form","floor":26},{"not_picked":["Compile Driver","Skim+1"],"picked":"Chill","floor":32},{"not_picked":["Melter","Force Field+1"],"picked":"BootSequence","floor":33},{"not_picked":["Thunder Strike","Reboot"],"picked":"Creative AI","floor":36},{"not_picked":["Hello World","Hologram"],"picked":"Storm+1","floor":38},{"not_picked":["Static Discharge","Go for the Eyes","Gash"],"picked":"SKIP","floor":40},{"not_picked":["Ball Lightning+1","Go for the Eyes+1","Rebound+1"],"picked":"SKIP","floor":41},{"not_picked":["Skim+1","Go for the Eyes+1"],"picked":"Cold Snap+1","floor":44},{"not_picked":["Tempest+1","Rebound+1","Beam Cell"],"picked":"SKIP","floor":45},{"not_picked":["Hologram","Skim+1"],"picked":"Heatsinks+1","floor":48},{"not_picked":["Redo+1","Barrage+1"],"picked":"Buffer","floor":51},{"not_picked":["Leap","Lockon+1"],"picked":"White Noise+1","floor":53},{"not_picked":["Streamline+1","Stack","Hologram+1"],"picked":"SKIP","floor":59}],"player_experience":7600,"relics_obtained":[{"floor":7,"key":"Dota2Spire:UrnOfShadows"},{"floor":9,"key":"Bag of Preparation"},{"floor":11,"key":"War Paint"},{"floor":16,"key":"Dota2Spire:MantaStyle"},{"floor":26,"key":"Ornamental Fan"},{"floor":28,"key":"Meat on the Bone"},{"floor":29,"key":"Dota2Spire:EyeOfSkadi"},{"floor":32,"key":"Dota2Spire:LotusOrb"},{"floor":44,"key":"Dota2Spire:CrimsonGuard"},{"floor":46,"key":"Pocketwatch"},{"floor":51,"key":"Oddly Smooth Stone"},{"floor":59,"key":"Dota2Spire:OrchidMalevolence"}],"event_choices":[{"damage_healed":0,"gold_gain":0,"player_choice":"Donut","damage_taken":0,"max_hp_gain":5,"max_hp_loss":0,"event_name":"Big Fish","floor":2,"gold_loss":0},{"damage_healed":0,"gold_gain":0,"cards_transformed":["Strike_B"],"player_choice":"Transformed","damage_taken":0,"max_hp_gain":0,"max_hp_loss":0,"event_name":"Transmorgrifier","floor":3,"gold_loss":0,"cards_obtained":["Loop"]},{"damage_healed":0,"gold_gain":100,"player_choice":"Pray","damage_taken":0,"max_hp_gain":0,"max_hp_loss":0,"event_name":"Golden Shrine","floor":5,"gold_loss":0},{"damage_healed":0,"gold_gain":0,"player_choice":"Cursed","damage_taken":0,"max_hp_gain":0,"max_hp_loss":0,"event_name":"Wheel of Change","floor":21,"gold_loss":0,"cards_obtained":["Decay"]},{"damage_healed":0,"gold_gain":0,"player_choice":"Bought 0 Potions","damage_taken":0,"max_hp_gain":0,"max_hp_loss":0,"event_name":"The Woman in Blue","floor":34,"gold_loss":0},{"cards_removed":["Melter"],"damage_healed":0,"gold_gain":0,"player_choice":"Removed Attack","damage_taken":0,"max_hp_gain":0,"max_hp_loss":0,"event_name":"Falling","floor":42,"gold_loss":0}],"is_beta":false,"boss_relics":[{"not_picked":["SacredBark","Velvet Choker"],"picked":"Astrolabe"},{"not_picked":["SlaversCollar","Nuclear Battery"],"picked":"Dota2Spire:RefresherOrb"}],"items_purged_floors":[31],"is_endless":false,"potions_floor_spawned":[4,8,12,15,26,32,33,44,48,53],"killed_by":"The Heart","ascension_level":1}}