{"host":"a5lz0e76zb3fcwkm","time":1611638006,"event":{"mods":["AchievementEnabler","BaseMod","Colored Map","Colored Powertips","Minty Spire (QoL Compilation)","StSLib","SuperFastMode"],"gold_per_floor":[119,139,139,139,139,164,182,193,193,221,239,239,252,267,267,344,344,361,361,376,30,43,68,68,78,78,78,109,124,124,136,136,207,207,223,223,239,252,252,252,282,282,305,305,16,16,27,14,14,14,14,14,14,14,14,14],"floor_reached":55,"language":"KOR","playtime":1571,"items_purged":["Strike_G"],"score":1948,"play_id":"50db093f-c75c-4fe9-9dbb-94bacba4b2ae","local_time":"20210126141326","is_ascension_mode":true,"campfire_choices":[{"data":"Cloak And Dagger","floor":12.0,"key":"SMITH"},{"data":"Accuracy","floor":15.0,"key":"SMITH"},{"data":"Terror","floor":24.0,"key":"SMITH"},{"data":"Adrenaline","floor":32.0,"key":"SMITH"},{"data":"Calculated Gamble","floor":40.0,"key":"SMITH"},{"data":"After Image","floor":42.0,"key":"SMITH"},{"data":"Venomology","floor":44.0,"key":"SMITH"},{"data":"Accuracy","floor":46.0,"key":"SMITH"},{"floor":49,"key":"RECALL"},{"data":"Outmaneuver","floor":53,"key":"SMITH"}],"circlet_count":0,"master_deck":["AscendersBane","Strike_G+1","Strike_G","Strike_G","Defend_G+1","Defend_G","Defend_G","Defend_G","Defend_G","Survivor","Neutralize","Infinite Blades","Terror+1","Cloak And Dagger+1","PiercingWail","Acrobatics","Accuracy+1","Adrenaline+1","Blade Dance","Calculated Gamble+1","Escape Plan","Finisher","Venomology+1","After Image+1","Blade Dance+1","Caltrops+1","Accuracy+1","Outmaneuver+1"],"relics":["Ring of the Snake","NeowsBlessing","Gremlin Horn","Ginger","Torii","Coffee Dripper","Pantograph","Mummified Hand","Matryoshka","Runic Pyramid","Unceasing Top","Juzu Bracelet","Bottled Lightning","Membership Card","Potion Belt"],"acts_visited":["Exordium","TheCity","TheBeyond","TheEnding"],"potions_floor_usage":[50,51,51,51,51],"damage_taken":[{"damage":0.0,"enemies":"Small Slimes","floor":1.0,"turns":1.0},{"damage":0.0,"enemies":"2 Louse","floor":2.0,"turns":1.0},{"damage":0.0,"enemies":"Gremlin Nob","floor":6.0,"turns":1.0},{"damage":5.0,"enemies":"Jaw Worm","floor":7.0,"turns":4.0},{"damage":0.0,"enemies":"Looter","floor":8.0,"turns":3.0},{"damage":7.0,"enemies":"3 Sentries","floor":10.0,"turns":7.0},{"damage":10.0,"enemies":"Large Slime","floor":11.0,"turns":5.0},{"damage":0.0,"enemies":"Lots of Slimes","floor":13.0,"turns":3.0},{"damage":0.0,"enemies":"Exordium Wildlife","floor":14.0,"turns":4.0},{"damage":20.0,"enemies":"Slime Boss","floor":16.0,"turns":9.0},{"damage":0.0,"enemies":"3 Byrds","floor":18.0,"turns":5.0},{"damage":7.0,"enemies":"Shell Parasite","floor":20.0,"turns":5.0},{"damage":0.0,"enemies":"Snake Plant","floor":22.0,"turns":3.0},{"damage":0.0,"enemies":"Gremlin Leader","floor":23.0,"turns":4.0},{"damage":0.0,"enemies":"Centurion and Healer","floor":25.0,"turns":5.0},{"damage":17.0,"enemies":"Slavers","floor":28.0,"turns":5.0},{"damage":6.0,"enemies":"Cultist and Chosen","floor":29.0,"turns":5.0},{"damage":0.0,"enemies":"3 Cultists","floor":31.0,"turns":4.0},{"damage":24.0,"enemies":"Champ","floor":33.0,"turns":6.0},{"damage":17.0,"enemies":"3 Darklings","floor":35.0,"turns":6.0},{"damage":4.0,"enemies":"3 Shapes","floor":37.0,"turns":5.0},{"damage":1.0,"enemies":"Sphere and 2 Shapes","floor":38.0,"turns":5.0},{"damage":0.0,"enemies":"Giant Head","floor":41.0,"turns":4.0},{"damage":14,"enemies":"Spire Growth","floor":47,"turns":3},{"damage":12,"enemies":"Donu and Deca","floor":50,"turns":6},{"damage":61,"enemies":"Awakened One","floor":51,"turns":8},{"damage":72,"enemies":"Shield and Spear","floor":55,"turns":3}],"seed_played":"-1107573574148423874","potions_obtained":[{"floor":1.0,"key":"Regen Potion"},{"floor":2.0,"key":"DistilledChaos"},{"floor":10.0,"key":"SteroidPotion"},{"floor":11.0,"key":"DistilledChaos"},{"floor":20.0,"key":"Strength Potion"},{"floor":22.0,"key":"Poison Potion"},{"floor":23.0,"key":"CultistPotion"},{"floor":29.0,"key":"GamblersBrew"},{"floor":38.0,"key":"PowerPotion"},{"floor":47,"key":"Strength Potion"}],"is_trial":false,"path_per_floor":["M","M","?","?","?","E","M","M","T","E","M","R","M","M","R","B",null,"M","?","M","$","M","E","R","M","T","?","E","M","?","M","R","B",null,"M","?","M","M","?","R","E","R","T","R","$","R","M","$","R","B","B",null,"R","$","E"],"character_chosen":"THE_SILENT","items_purchased":["Pantograph","Membership Card","Potion Belt","Accuracy","Outmaneuver"],"campfire_rested":0,"item_purchase_floors":[21,45,45,45,48],"current_hp_per_floor":[59,59,39,44,37,37,32,32,32,40,30,30,30,30,30,10,56,56,36,29,29,29,29,29,29,29,29,12,6,6,6,6,7,59,42,42,38,37,37,37,37,37,37,37,37,37,23,23,23,36,15,61,61,61,0,0],"gold":14,"neow_bonus":"THREE_ENEMY_KILL","is_daily":false,"chose_seed":false,"campfire_upgraded":9,"win_rate":0.0,"timestamp":1611638006,"path_taken":["M","M","?","?","?","E","M","M","T","E","M","R","M","M","R","BOSS","M","?","M","$","M","E","R","M","T","?","E","M","?","?","R","BOSS","M","?","M","M","?","R","E","R","T","R","$","R","M","?","R","BOSS","BOSS","R","$","E"],"items_purchased_type":["Relic","Relic","Relic","Card","Card"],"build_version":"2020-12-22","purchased_purges":1,"victory":false,"max_hp_per_floor":[66,66,66,71,71,71,71,71,71,71,71,71,71,71,71,71,71,71,76,76,76,76,76,76,76,76,76,76,76,76,76,76,76,76,76,76,76,76,76,76,76,76,76,76,76,76,76,76,76,76,76,76,76,76,76,76],"card_choices":[{"not_picked":["Predator","Catalyst"],"picked":"Infinite Blades","floor":1.0},{"not_picked":["Dodge and Roll","Deadly Poison","Dash"],"picked":"SKIP","floor":2.0},{"not_picked":["Caltrops","Blade Dance"],"picked":"Terror","floor":6.0},{"not_picked":["Sucker Punch","Masterful Stab","Poisoned Stab"],"picked":"SKIP","floor":7.0},{"not_picked":["Sucker Punch","Poisoned Stab"],"picked":"Masterful Stab","floor":7.0},{"not_picked":["Bane","Dagger Throw","Deadly Poison"],"picked":"SKIP","floor":8.0},{"not_picked":["Tools of the Trade","Die Die Die"],"picked":"Cloak And Dagger","floor":10.0},{"not_picked":["Slice","Dagger Spray"],"picked":"PiercingWail","floor":11.0},{"not_picked":["Poisoned Stab","Riddle With Holes"],"picked":"Acrobatics","floor":13.0},{"not_picked":["Caltrops","Acrobatics"],"picked":"Accuracy","floor":14.0},{"not_picked":["Venomology","Corpse Explosion"],"picked":"Adrenaline","floor":16.0},{"not_picked":["Choke","Dodge and Roll","Deflect"],"picked":"SKIP","floor":18.0},{"not_picked":["Prepared","Slice"],"picked":"Blade Dance","floor":20.0},{"not_picked":["Deadly Poison","Dagger Throw","Flechettes"],"picked":"SKIP","floor":22.0},{"not_picked":["Dagger Spray","Underhanded Strike","Terror"],"picked":"SKIP","floor":23.0},{"not_picked":["Concentrate","Dagger Spray"],"picked":"Calculated Gamble","floor":25.0},{"not_picked":["Masterful Stab","Underhanded Strike"],"picked":"Escape Plan","floor":28.0},{"not_picked":["PiercingWail","Bane"],"picked":"Finisher","floor":29.0},{"not_picked":["Slice","Dagger Throw"],"picked":"Venomology","floor":31.0},{"not_picked":["Tools of the Trade","Doppelganger"],"picked":"After Image","floor":33.0},{"not_picked":["Flying Knee","Quick Slash","Leg Sweep"],"picked":"SKIP","floor":35.0},{"not_picked":["Slice","Underhanded Strike"],"picked":"Blade Dance+1","floor":37.0},{"not_picked":["Terror","Quick Slash","Bane"],"picked":"SKIP","floor":38.0},{"not_picked":["Expertise","Dash"],"picked":"Caltrops+1","floor":41.0},{"not_picked":["Quick Slash+1","Bane","Tools of the Trade"],"picked":"SKIP","floor":47}],"player_experience":1807034,"relics_obtained":[{"floor":6.0,"key":"Gremlin Horn"},{"floor":9.0,"key":"Ginger"},{"floor":10.0,"key":"Torii"},{"floor":23.0,"key":"Mummified Hand"},{"floor":28.0,"key":"Matryoshka"},{"floor":41.0,"key":"Unceasing Top"},{"floor":43.0,"key":"Juzu Bracelet"},{"floor":43.0,"key":"Bottled Lightning"}],"event_choices":[{"damage_healed":0.0,"max_hp_gain":0.0,"max_hp_loss":0.0,"gold_gain":0.0,"event_name":"Shining Light","player_choice":"Entered Light","floor":3.0,"gold_loss":0.0,"damage_taken":20.0,"cards_upgraded":["Strike_G","Defend_G"]},{"damage_healed":0.0,"max_hp_gain":5.0,"max_hp_loss":0.0,"gold_gain":0.0,"event_name":"Big Fish","player_choice":"Donut","floor":4.0,"gold_loss":0.0,"damage_taken":0.0},{"cards_removed":["Strike_G"],"damage_healed":0.0,"max_hp_gain":0.0,"max_hp_loss":0.0,"gold_gain":0.0,"event_name":"Golden Wing","player_choice":"Card Removal","floor":5.0,"gold_loss":0.0,"damage_taken":7.0},{"damage_healed":0.0,"max_hp_gain":5.0,"max_hp_loss":0.0,"gold_gain":0.0,"event_name":"Forgotten Altar","player_choice":"Shed Blood","floor":19.0,"gold_loss":0.0,"damage_taken":25.0},{"damage_healed":0.0,"max_hp_gain":0.0,"max_hp_loss":0.0,"gold_gain":0.0,"event_name":"FaceTrader","player_choice":"Leave","floor":30.0,"gold_loss":0.0,"damage_taken":0.0},{"damage_healed":0.0,"max_hp_gain":0.0,"max_hp_loss":0.0,"gold_gain":0.0,"event_name":"Mysterious Sphere","player_choice":"Ignored","floor":36.0,"gold_loss":0.0,"damage_taken":0.0},{"cards_removed":["Masterful Stab"],"damage_healed":0.0,"max_hp_gain":0.0,"max_hp_loss":0.0,"gold_gain":0.0,"event_name":"Falling","player_choice":"Removed Attack","floor":39.0,"gold_loss":0.0,"damage_taken":0.0}],"is_beta":false,"boss_relics":[{"not_picked":["Runic Dome","Ectoplasm"],"picked":"Coffee Dripper"},{"not_picked":["Velvet Choker","Busted Crown"],"picked":"Runic Pyramid"}],"items_purged_floors":[21],"is_endless":false,"potions_floor_spawned":[1,2,10,11,13,20,22,23,29,38,47],"killed_by":"Shield and Spear","ascension_level":20}}