{"host":"xmrw7jl1ir2912vf","time":1611664619,"event":{"mods":["BaseMod","Minty Spire (QoL Compilation)","Relic Stats"],"gold_per_floor":[117,117,192,192,192,219,219,248,248,173,198,217,217,237,237,237,237],"floor_reached":16,"language":"ENG","playtime":493,"items_purged":["Strike_R"],"score":324,"play_id":"5408ae96-d5b3-410c-b271-05933cf24a07","local_time":"20210126073659","is_ascension_mode":true,"campfire_choices":[{"data":"Armaments","floor":7,"key":"SMITH"},{"data":"Searing Blow","floor":13,"key":"SMITH"},{"data":"Searing Blow+1","floor":15,"key":"SMITH"}],"circlet_count":0,"master_deck":["AscendersBane","Strike_R","Strike_R","Strike_R","Strike_R","Defend_R","Defend_R","Defend_R","Bash","Armaments+1","Seeing Red","Searing Blow+2","Corruption+1","Sentinel"],"relics":["Burning Blood","NeowsBlessing","Letter Opener","Girya","Bottled Lightning","Frozen Egg 2","The Courier"],"acts_visited":["Exordium"],"potions_floor_usage":[11,16],"damage_taken":[{"damage":0,"enemies":"2 Louse","floor":1,"turns":1},{"damage":0,"enemies":"Gremlin Nob","floor":6,"turns":1},{"damage":0,"enemies":"3 Sentries","floor":8,"turns":2},{"damage":35,"enemies":"Gremlin Nob","floor":11,"turns":4},{"damage":7,"enemies":"Jaw Worm","floor":12,"turns":3},{"damage":8,"enemies":"Small Slimes","floor":14,"turns":4},{"damage":46,"enemies":"Slime Boss","floor":16,"turns":7}],"seed_played":"4140112091891846839","potions_obtained":[{"floor":6,"key":"DuplicationPotion"},{"floor":8,"key":"GamblersBrew"},{"floor":14,"key":"SteroidPotion"}],"is_trial":false,"path_per_floor":["M","?","?","?","T","E","R","E","T","$","E","M","R","M","R","B"],"character_chosen":"IRONCLAD","items_purchased":[],"campfire_rested":0,"item_purchase_floors":[],"current_hp_per_floor":[74,67,56,61,61,67,67,73,73,73,44,43,43,41,41,0,0],"gold":237,"neow_bonus":"THREE_ENEMY_KILL","is_daily":false,"chose_seed":false,"campfire_upgraded":3,"win_rate":0.0,"timestamp":1611664619,"path_taken":["M","?","?","?","?","E","R","E","T","?","E","?","R","M","R","BOSS"],"items_purchased_type":[],"build_version":"2020-12-22","purchased_purges":1,"victory":false,"max_hp_per_floor":[75,75,75,80,80,80,80,80,80,80,80,80,80,80,80,80,80],"relic_stats":{"counters":[7,22],"Letter Opener":[5],"obtain_stats":[{"Girya":6,"NeowsBlessing":0,"The Courier":11,"Letter Opener":5,"Bottled Lightning":8,"Frozen Egg 2":9,"Burning Blood":0},{"Girya":2,"NeowsBlessing":0,"The Courier":4,"Letter Opener":1,"Bottled Lightning":3,"Frozen Egg 2":3,"Burning Blood":0},{"Girya":2,"NeowsBlessing":0,"The Courier":8,"Letter Opener":1,"Bottled Lightning":4,"Frozen Egg 2":4,"Burning Blood":0}],"Burning Blood":36},"card_choices":[{"not_picked":["Shrug It Off","Seeing Red"],"picked":"Armaments","floor":1},{"not_picked":["Thunderclap","Armaments"],"picked":"Seeing Red","floor":6},{"not_picked":["Carnage","Infernal Blade"],"picked":"Searing Blow","floor":8},{"not_picked":["Reaper","Battle Trance"],"picked":"Corruption+1","floor":11},{"not_picked":["Carnage","True Grit"],"picked":"Sentinel","floor":12},{"not_picked":["Body Slam","True Grit","Clothesline"],"picked":"SKIP","floor":14}],"player_experience":497616,"relics_obtained":[{"floor":5,"key":"Letter Opener"},{"floor":6,"key":"Girya"},{"floor":8,"key":"Bottled Lightning"},{"floor":9,"key":"Frozen Egg 2"},{"floor":11,"key":"The Courier"}],"event_choices":[{"cards_removed":["Defend_R"],"damage_healed":0,"gold_gain":0,"player_choice":"Card Removal","damage_taken":7,"max_hp_gain":0,"max_hp_loss":0,"event_name":"Golden Wing","floor":2,"gold_loss":0},{"damage_healed":0,"gold_gain":75,"player_choice":"Gather Gold","damage_taken":11,"max_hp_gain":0,"max_hp_loss":0,"event_name":"World of Goop","floor":3,"gold_loss":0},{"damage_healed":0,"gold_gain":0,"player_choice":"Donut","damage_taken":0,"max_hp_gain":5,"max_hp_loss":0,"event_name":"Big Fish","floor":4,"gold_loss":0}],"is_beta":false,"boss_relics":[],"items_purged_floors":[10],"is_endless":false,"potions_floor_spawned":[6,8,14],"killed_by":"Slime Boss","ascension_level":19}}