{"host":"48dm3tz8j4qwgdv8","time":1611636174,"event":{"mods":["Act Like it!","Aspiration","BaseMod","Bestiary","Better Altar","Better Match","Better Note","Better Sensory Stone","Better Skull","Better Third Choice","Colored Map","Colored Powertips","DeckTracker","Downfall","Energized Spire","Hallownest","Highlight Path","Hubris","Infinite Spire","Mimic Mod","Minty Spire (QoL Compilation)","Permanent Neow","Quick Restart","Relic Sorter","Relic Stats","Replay The Spire","Shop Mod","Spicy Shops","StSLib","SuperFastMode","The Blue Laboratory","Wandering Minibosses"],"gold_per_floor":[99,116,175,175,450,450,526,526,546,546,576,606,606,634,653,653,653,653],"floor_reached":16,"language":"ENG","playtime":842,"items_purged":[],"score":106,"play_id":"8973b81c-562b-42d4-9394-9a03dacb2bac","local_time":"20210126054254","is_ascension_mode":false,"campfire_choices":[{"data":"bronze:Replicate","floor":1,"key":"SMITH"},{"data":"bronze:Frontload","floor":6,"key":"SMITH"},{"data":"bronze:Frontload","floor":8,"key":"SMITH"},{"floor":13,"key":"RECALL"}],"circlet_count":0,"master_deck":["bronze:Strike","bronze:Strike","bronze:Strike","bronze:Strike","bronze:Defend","bronze:Defend","bronze:Defend","bronze:Defend","bronze:Replicate+1","bronze:Goto","bronze:Frontload+1","ReplayTheSpireMod:Splinters","bronze:Frontload+1","Injury","bronze:WhirlingStrike","bronze:CutThrough","downfall:Aged","bronze:WildBeam"],"relics":["bronze:BronzeCore","Ancient Tea Set","infinitespire:PuzzleCube","Toxic Egg 2","Replay:Bottled Steam","bronze:BottledCode","Anchor","Replay:PocketPolymizer","InkBottle"],"acts_visited":["Exordium"],"potions_floor_usage":[16,16],"damage_taken":[{"damage":1,"enemies":"Jaw Worm","floor":2,"turns":4},{"damage":0,"enemies":"2 Louse","floor":9,"turns":2},{"damage":29,"enemies":"3 Sentries","floor":12,"turns":9},{"damage":29,"enemies":"Gremlin Nob","floor":14,"turns":6},{"damage":0,"enemies":"Cultist","floor":15,"turns":3},{"damage":2,"enemies":"WA_ARCHETYPE_RETAIN","floor":16,"turns":5}],"seed_played":"2077500185275698375","potions_obtained":[{"floor":3,"key":"blueLaboratory:ForbiddenFruitJuice"},{"floor":3,"key":"blueLaboratory:ExaltedPotion"},{"floor":9,"key":"DuplicationPotion"},{"floor":12,"key":"Fire Potion"}],"is_trial":false,"path_per_floor":["R","M","?","?","?","R","T","R","M","?","?","E","R","E","M","B"],"character_chosen":"THE_AUTOMATON","items_purchased":[],"campfire_rested":0,"item_purchase_floors":[],"current_hp_per_floor":[70,69,69,69,69,69,69,69,69,60,60,31,31,2,2,0,0,0],"gold":653,"neow_bonus":"RANDOM_COMMON_RELIC","is_daily":false,"chose_seed":false,"campfire_upgraded":3,"win_rate":0.0,"timestamp":1611636174,"path_taken":["R","M","?","?","?","R","T","R","?","?","?","E","R","E","M","BOSS"],"items_purchased_type":[],"build_version":"2020-12-22","purchased_purges":0,"victory":false,"max_hp_per_floor":[70,70,70,70,70,70,70,70,70,60,60,60,60,60,60,60,60,60],"relic_stats":{"counters":[6,29],"obtain_stats":[{"bronze:BottledCode":10,"Anchor":11,"bronze:BronzeCore":0,"Replay:PocketPolymizer":12,"Toxic Egg 2":4,"Ancient Tea Set":0,"infinitespire:PuzzleCube":3,"InkBottle":14,"Replay:Bottled Steam":7},{"bronze:BottledCode":2,"Anchor":2,"bronze:BronzeCore":0,"Replay:PocketPolymizer":3,"Toxic Egg 2":1,"Ancient Tea Set":0,"infinitespire:PuzzleCube":1,"InkBottle":4,"Replay:Bottled Steam":1},{"bronze:BottledCode":6,"Anchor":6,"bronze:BronzeCore":0,"Replay:PocketPolymizer":15,"Toxic Egg 2":4,"Ancient Tea Set":0,"infinitespire:PuzzleCube":4,"InkBottle":21,"Replay:Bottled Steam":4}],"InkBottle":[2]},"card_choices":[{"not_picked":["bronze:CutThrough","bronze:BuggyMess"],"picked":"bronze:Frontload","floor":2},{"not_picked":["bronze:NullPointer","bronze:WildBeam"],"picked":"bronze:Frontload","floor":3},{"not_picked":["bronze:FollowUp","bronze:Allocate+1"],"picked":"bronze:WhirlingStrike","floor":9},{"not_picked":["bronze:ShipIt","bronze:Turbo+1"],"picked":"bronze:CutThrough","floor":12},{"not_picked":["bronze:NullPointer","bronze:Safeguard+1","bronze:Branch"],"picked":"SKIP","floor":14},{"not_picked":["bronze:Overheat","bronze:DarkDash"],"picked":"bronze:WildBeam","floor":15}],"player_experience":455824,"relics_obtained":[{"floor":3,"key":"infinitespire:PuzzleCube"},{"floor":7,"key":"Replay:Bottled Steam"},{"floor":12,"key":"Replay:PocketPolymizer"},{"floor":14,"key":"InkBottle"}],"event_choices":[],"is_beta":false,"boss_relics":[],"items_purged_floors":[],"is_endless":false,"potions_floor_spawned":[9,12],"killed_by":"WA_ARCHETYPE_RETAIN","ascension_level":0}}