{"host":"hfxp6ue4pvwo3fit","time":1611634104,"event":{"mods":["AchievementEnabler","BaseMod","Colored Map","Colored Powertips","Highlight Path","Minty Spire (QoL Compilation)","Relic Stats","StSLib","SuperFastMode"],"gold_per_floor":[117,137,47,47,47,81,81,81,81],"floor_reached":8,"language":"ENG","playtime":212,"items_purged":[],"score":108,"play_id":"12e97350-88ee-4c7b-a33f-ace6937c22fa","local_time":"20210125220824","is_ascension_mode":true,"campfire_choices":[{"floor":7,"key":"REST"}],"circlet_count":0,"master_deck":["AscendersBane","Strike_R","Strike_R","Strike_R","Strike_R","Defend_R","Defend_R","Bash","Shrug It Off","Whirlwind","Bandage Up"],"relics":["Empty Cage","Akabeko"],"acts_visited":["Exordium"],"potions_floor_usage":[6,8],"damage_taken":[{"damage":9,"enemies":"Jaw Worm","floor":1,"turns":5},{"damage":9,"enemies":"Small Slimes","floor":2,"turns":4},{"damage":42,"enemies":"Gremlin Nob","floor":6,"turns":5},{"damage":72,"enemies":"Lagavulin","floor":8,"turns":9}],"seed_played":"-7507216983887279370","potions_obtained":[{"floor":2,"key":"Weak Potion"},{"floor":6,"key":"BloodPotion"}],"is_trial":false,"path_per_floor":["M","M","$","?","?","E","R","E"],"character_chosen":"IRONCLAD","items_purchased":["Bandage Up"],"campfire_rested":1,"item_purchase_floors":[3],"current_hp_per_floor":[59,50,50,55,48,10,34,0,0],"gold":81,"neow_bonus":"BOSS_RELIC","is_daily":false,"chose_seed":false,"campfire_upgraded":0,"win_rate":0.0,"timestamp":1611634104,"path_taken":["M","M","$","?","?","E","R","E"],"items_purchased_type":["Card"],"build_version":"2020-12-22","purchased_purges":0,"victory":false,"max_hp_per_floor":[75,75,75,80,80,80,80,80,80],"relic_stats":{"counters":[4,23],"obtain_stats":[{"Empty Cage":0,"Burning Blood":0,"Akabeko":6},{"Empty Cage":0,"Burning Blood":0,"Akabeko":3},{"Empty Cage":0,"Burning Blood":0,"Akabeko":14}]},"card_choices":[{"not_picked":["Rage","Warcry"],"picked":"Shrug It Off","floor":1},{"not_picked":["Twin Strike","Thunderclap"],"picked":"Whirlwind","floor":2},{"not_picked":["Rupture","Havoc","Hemokinesis"],"picked":"SKIP","floor":6}],"player_experience":510716,"relics_obtained":[{"floor":6,"key":"Akabeko"}],"event_choices":[{"damage_healed":0,"gold_gain":0,"player_choice":"Donut","damage_taken":0,"max_hp_gain":5,"max_hp_loss":0,"event_name":"Big Fish","floor":4,"gold_loss":0},{"cards_removed":["Defend_R"],"damage_healed":0,"gold_gain":0,"player_choice":"Card Removal","damage_taken":7,"max_hp_gain":0,"max_hp_loss":0,"event_name":"Golden Wing","floor":5,"gold_loss":0}],"is_beta":false,"boss_relics":[],"items_purged_floors":[],"is_endless":false,"potions_floor_spawned":[2,6],"killed_by":"Lagavulin","ascension_level":20}}