{"host":"8srk5r1dwtmjotwd","time":1611627025,"event":{"mods":["AchievementEnabler","Act Like it!","BaseMod","Beaked The Cultist","Bestiary","Better Note","Better Third Choice","Colored Map","Colored Powertips","Friendly Minions","GifTheSpireLib","Halation","Hallownest","Hermit","Hubris","Minty Spire (QoL Compilation)","Quick Restart","Rare Cards Sparkle","Replay The Spire","Robot Space Explorer","Shop Mod","StSLib","SuperFastMode","Synergy Search","The Bug Knight","The Construct","The Cursed","The Jungle","The Servant 0.9.4","Thieving Mod","Yohane!","everything is the same but u backflip on backflip","slay the spire mod where everything is the same but ironclad has a cowboy hat"],"gold_per_floor":[116,134,134,134,17,47,47,59,59,78,78,93,93,122,122,219,219,234,234,246,45,45,45,56,56,56,68,68,81,6,6,6,101,101,112,123,63,14,14,26,26,26,26,36,36,36,36],"floor_reached":46,"language":"ENG","playtime":2586,"items_purged":[],"score":468,"play_id":"bba232de-83e4-4277-a554-c2bb603185f4","local_time":"20210125211025","is_ascension_mode":false,"campfire_choices":[{"data":"Rage","floor":7.0,"key":"SMITH"},{"data":"Inflame","floor":13.0,"key":"SMITH"},{"data":"Twin Strike","floor":15.0,"key":"SMITH"},{"data":"Demon Form","floor":23.0,"key":"SMITH"},{"data":"Massacre","floor":28,"key":"SMITH"},{"data":"hubris:StunningStrike","floor":32,"key":"SMITH"},{"data":"Flex","floor":41,"key":"SMITH"}],"circlet_count":0,"master_deck":["Strike_R","Strike_R","Strike_R","Strike_R","Strike_R","Bash","Twin Strike+1","Clothesline","Inflame+1","Rage+1","Cleave","Heavy Blade","Iron Wave","Run Through","Twin Strike+1","Demon Form+1","Flame Barrier","Flex+1","Massacre+1","Intimidate","Dark Shackles","Demonic Infusion","hubris:StunningStrike+1","Berserk","Perfected Strike+1","ReplayTheSpireMod:Corrosion Curse+1","Dark Embrace","Life Link","Parasite"],"relics":["Burning Blood","NeowsBlessing","Smiling Mask","Gremlin Horn","hubris:Towel","Odd Mushroom","Ooze Armor","Enchiridion","beaked:ShinyBauble","construct:WeddingRing","Molten Egg 2"],"acts_visited":["Exordium","TheCity","TheBeyond"],"potions_floor_usage":[27,29,33,40,44,46],"damage_taken":[{"damage":0.0,"enemies":"2 Louse","floor":1.0,"turns":1.0},{"damage":0.0,"enemies":"Jaw Worm","floor":2.0,"turns":1.0},{"damage":0.0,"enemies":"Lagavulin","floor":6.0,"turns":1.0},{"damage":0.0,"enemies":"Cultist","floor":8.0,"turns":3.0},{"damage":0.0,"enemies":"Large Slime","floor":10.0,"turns":4.0},{"damage":0.0,"enemies":"2 Fungi Beasts","floor":12.0,"turns":2.0},{"damage":16.0,"enemies":"The Mushroom Lair","floor":14.0,"turns":3.0},{"damage":20.0,"enemies":"Slime Boss","floor":16.0,"turns":9.0},{"damage":14.0,"enemies":"3 Byrds","floor":18.0,"turns":5.0},{"damage":11.0,"enemies":"2 Thieves","floor":20.0,"turns":2.0},{"damage":12.0,"enemies":"Snake Plant","floor":24.0,"turns":3.0},{"damage":15,"enemies":"Snecko","floor":27,"turns":4},{"damage":4,"enemies":"Shelled Parasite and Fungi","floor":29,"turns":3},{"damage":66,"enemies":"Collector","floor":33,"turns":7},{"damage":20,"enemies":"3 Shapes","floor":35,"turns":4},{"damage":10,"enemies":"Orb Walker","floor":36,"turns":3},{"damage":9,"enemies":"Writhing Mass","floor":40,"turns":5},{"damage":13,"enemies":"4 Shapes","floor":44,"turns":3},{"damage":60,"enemies":"beaked:SuperParasite","floor":46,"turns":7}],"seed_played":"1138225206935777629","potions_obtained":[{"floor":1.0,"key":"BloodPotion"},{"floor":4.0,"key":"BloodPotion"},{"floor":4.0,"key":"Energy Potion"},{"floor":10.0,"key":"Swift Potion"},{"floor":18.0,"key":"Toxic Potion"},{"floor":27,"key":"Energy Potion"},{"floor":29,"key":"DistilledChaos"},{"floor":36,"key":"FearPotion"},{"floor":40,"key":"LiquidMemories"},{"floor":44,"key":"Elixir"}],"is_trial":false,"path_per_floor":["M","M","?","?","$","E","R","M","T","M","?","M","R","?","R","B",null,"M","?","M","$","?","R","M","?","T","M","R","M","?","$","R","B",null,"M","M","?","$","$","M","R","?","T","M","?","E"],"character_chosen":"IRONCLAD","items_purchased":["Inflame","Rage","Massacre","Intimidate","Dark Shackles","PowerPotion"],"campfire_rested":0,"item_purchase_floors":[5,5,21,21,21,38],"current_hp_per_floor":[80,80,80,80,80,80,80,80,80,80,80,80,80,70,70,56,80,72,72,67,67,67,67,61,61,61,68,68,70,70,70,70,10,80,66,62,62,62,62,59,59,59,59,52,52,0,0],"gold":36,"neow_bonus":"THREE_ENEMY_KILL","is_daily":false,"chose_seed":false,"campfire_upgraded":7,"win_rate":0.0,"timestamp":1611627025,"path_taken":["M","M","?","?","$","E","R","?","T","M","?","M","R","?","R","BOSS","M","?","?","?","?","R","?","?","T","M","R","M","?","$","R","BOSS","M","M","?","?","$","M","R","?","T","M","?","E"],"items_purchased_type":["Card","Card","Card","Card","Card","Potion"],"build_version":"2020-12-22","purchased_purges":0,"victory":false,"max_hp_per_floor":[80,80,80,80,80,80,80,80,80,80,80,80,80,80,80,80,80,80,80,80,80,80,80,80,80,80,80,80,80,80,80,80,80,80,80,80,80,80,80,80,80,80,80,80,80,80,80],"card_choices":[{"not_picked":["Ghostly Armor","Clothesline"],"picked":"Twin Strike","floor":1.0},{"not_picked":["Power Through","Abandon"],"picked":"Clothesline","floor":2.0},{"not_picked":["Wild Strike","Impervious"],"picked":"Cleave","floor":6.0},{"not_picked":["Flex","Rupture"],"picked":"Heavy Blade","floor":8.0},{"not_picked":["Warcry","hubris:SharpeningStone"],"picked":"Iron Wave","floor":10.0},{"not_picked":["Shockwave","Armaments"],"picked":"Run Through","floor":12.0},{"not_picked":["Havoc","Second Wind"],"picked":"Twin Strike","floor":14.0},{"not_picked":["Feed","Immolate"],"picked":"Demon Form","floor":16.0},{"not_picked":["True Grit","Feel No Pain+1"],"picked":"Flame Barrier","floor":18.0},{"not_picked":["hubris:CleavingFinish","True Grit"],"picked":"Flex","floor":20.0},{"not_picked":["Evolve","Clothesline"],"picked":"Demonic Infusion","floor":24.0},{"not_picked":["Twin Strike","Thunderclap+1"],"picked":"hubris:StunningStrike","floor":27},{"not_picked":["Thunderclap","Whirlwind","Headbutt"],"picked":"SKIP","floor":29},{"not_picked":["Impervious","Offering"],"picked":"Berserk","floor":33},{"not_picked":["Pommel Strike+1","Dark Embrace"],"picked":"Perfected Strike+1","floor":35},{"not_picked":["Shrug It Off","Abandon+1"],"picked":"ReplayTheSpireMod:Corrosion Curse+1","floor":36},{"not_picked":["Hemokinesis+1","Whirlwind","Heavy Blade+1"],"picked":"SKIP","floor":40},{"not_picked":["True Grit+1","Headbutt+1","Wild Strike+1"],"picked":"SKIP","floor":44}],"player_experience":61199,"relics_obtained":[{"floor":6.0,"key":"Smiling Mask"},{"floor":9.0,"key":"Gremlin Horn"},{"floor":14.0,"key":"Odd Mushroom"},{"floor":25.0,"key":"Enchiridion"},{"floor":26.0,"key":"beaked:ShinyBauble"},{"floor":43,"key":"Molten Egg 2"}],"event_choices":[{"damage_healed":0.0,"max_hp_gain":0.0,"max_hp_loss":0.0,"gold_gain":0.0,"event_name":"Lab","player_choice":"Got Potions","floor":4.0,"gold_loss":0.0,"damage_taken":0.0},{"damage_healed":0.0,"max_hp_gain":0.0,"max_hp_loss":0.0,"gold_gain":0.0,"event_name":"Mushrooms","player_choice":"Fought Mushrooms","floor":14.0,"gold_loss":0.0,"damage_taken":0.0},{"cards_removed":["Demon Form"],"damage_healed":0.0,"max_hp_gain":0.0,"max_hp_loss":0.0,"gold_gain":0.0,"event_name":"betterNote:BetterNote","player_choice":"Take \u0026 Give","floor":19.0,"gold_loss":0.0,"damage_taken":0.0,"cards_obtained":["FlyingSleeves"]},{"cards_removed":["Defend_R"],"damage_healed":0.0,"max_hp_gain":0.0,"max_hp_loss":0.0,"gold_gain":0.0,"event_name":"Purifier","player_choice":"Purged","floor":22.0,"gold_loss":0.0,"damage_taken":0.0},{"damage_healed":0.0,"max_hp_gain":0.0,"max_hp_loss":0.0,"gold_gain":0.0,"event_name":"Cursed Tome","player_choice":"Obtained Book","floor":25.0,"gold_loss":0.0,"damage_taken":16.0},{"cards_removed":["Defend_R"],"damage_healed":0,"gold_gain":0,"player_choice":"Gave Gold","damage_taken":0,"max_hp_gain":0,"max_hp_loss":0,"event_name":"Beggar","floor":30,"gold_loss":75},{"damage_healed":0,"gold_gain":0,"cards_transformed":["Defend_R","Defend_R"],"player_choice":"Transformed Cards","damage_taken":0,"max_hp_gain":0,"max_hp_loss":0,"event_name":"Designer","floor":37,"gold_loss":60,"cards_obtained":["Dark Embrace","Life Link"]},{"damage_healed":0,"gold_gain":0,"player_choice":"Ignored","damage_taken":0,"max_hp_gain":0,"max_hp_loss":0,"event_name":"Mysterious Sphere","floor":42,"gold_loss":0},{"cards_removed":["FlyingSleeves"],"damage_healed":0,"gold_gain":0,"player_choice":"Removed Attack","damage_taken":0,"max_hp_gain":0,"max_hp_loss":0,"event_name":"Falling","floor":45,"gold_loss":0}],"is_beta":false,"boss_relics":[{"not_picked":["hubris:HollowSoul","Cursed Key"],"picked":"Ooze Armor"},{"not_picked":["halation:Yufonium","Sozu"],"picked":"construct:WeddingRing"}],"items_purged_floors":[],"is_endless":false,"potions_floor_spawned":[1,6,10,12,18,27,29,36,40,44],"killed_by":"beaked:SuperParasite","ascension_level":0}}