{"host":"5nrsd95zehlinljn","time":1611674452,"event":{"mods":["2.2 Compatiblity","BaseMod","Beaked The Cultist","Better Note","Friendly Minions","GifTheSpireLib","GungeonMod","Minty Spire (QoL Compilation)","StS++","StSLib","everything is the same but u backflip on backflip","thorton"],"gold_per_floor":[18,18,39,59,83,110,1,47,47,47,47,73,100,130,130,276,276,333,37,104,177,207,207,207],"floor_reached":22,"language":"ENG","playtime":2511,"items_purged":["Normality","thethorton:Defend"],"score":190,"play_id":"46a63915-92cd-4cd7-8611-49af03bdfe15","local_time":"20210126152052","is_ascension_mode":false,"campfire_choices":[{"floor":11,"key":"REST"},{"floor":15,"key":"REST"}],"circlet_count":0,"master_deck":["thethorton:Strike","thethorton:Strike","thethorton:Strike","thethorton:Strike","thethorton:Defend","thethorton:Defend","thethorton:Defend","thethorton:Heckle+1","thethorton:CreditCard","thethorton:PocketChange","thethorton:SnowDay","thethorton:BusinessCard","thethorton:CashBash","thethorton:PowerUp","thethorton:BigBreak","thethorton:GoldBuffer","thethorton:CoinShield","thethorton:Demotion","thethorton:BusinessCard","thethorton:MomentaryBreak","thethorton:WhirlingBriefcase"],"relics":["thethorton:CouragePotion","DemoMod:AgedBell","Golden Idol","Nunchaku","thethorton:GreedFountain","ClockworkSouvenir","Bag of Marbles"],"acts_visited":["Exordium","TheCity"],"potions_floor_usage":[8,12,16,18,21],"damage_taken":[{"damage":0,"enemies":"2 Louse","floor":1,"turns":5},{"damage":16,"enemies":"Cultist","floor":3,"turns":6},{"damage":4,"enemies":"Jaw Worm","floor":4,"turns":9},{"damage":3,"enemies":"Blue Slaver","floor":5,"turns":7},{"damage":13,"enemies":"Lots of Slimes","floor":6,"turns":7},{"damage":17,"enemies":"3 Sentries","floor":8,"turns":4},{"damage":11,"enemies":"Gremlin Gang","floor":12,"turns":4},{"damage":0,"enemies":"2 Fungi Beasts","floor":14,"turns":5},{"damage":52,"enemies":"Slime Boss","floor":16,"turns":15},{"damage":2,"enemies":"2 Thieves","floor":18,"turns":5},{"damage":24,"enemies":"Chosen","floor":20,"turns":6},{"damage":23,"enemies":"Centurion and Healer","floor":21,"turns":9},{"damage":38,"enemies":"3 Cultists","floor":22,"turns":3}],"seed_played":"1176875222670231886","potions_obtained":[{"floor":5,"key":"SkillPotion"},{"floor":8,"key":"SkillPotion"},{"floor":12,"key":"StSpp:SecondWindPotion"},{"floor":14,"key":"DemoMod:LeadSkinPotion"},{"floor":18,"key":"GamblersBrew"}],"is_trial":false,"path_per_floor":["M","?","M","M","M","M","$","E","T","?","R","M","T","M","R","B",null,"M","$","M","M","M"],"character_chosen":"THE_THORT","items_purchased":["thethorton:PowerUp","thethorton:MomentaryBreak","ClockworkSouvenir"],"campfire_rested":2,"item_purchase_floors":[7,19,19],"current_hp_per_floor":[80,80,64,60,57,44,44,27,27,27,49,38,38,38,60,8,74,72,72,50,30,0,0,0],"gold":207,"neow_bonus":"TWENTY_PERCENT_HP_BONUS","is_daily":false,"chose_seed":false,"campfire_upgraded":0,"win_rate":0.0,"timestamp":1611674452,"path_taken":["M","?","M","?","M","M","$","E","T","?","R","M","?","?","R","BOSS","M","$","M","?","M"],"items_purchased_type":["Card","Card","Relic"],"build_version":"2020-12-22","purchased_purges":2,"victory":false,"max_hp_per_floor":[80,80,80,80,80,80,80,80,80,74,74,74,74,74,74,74,74,74,74,74,74,74,74,74],"card_choices":[{"not_picked":["thethorton:DualBap","thethorton:WhirlingBriefcase"],"picked":"thethorton:PocketChange","floor":1},{"not_picked":["thethorton:GoldBuffer","thethorton:StumblingSlap"],"picked":"thethorton:SnowDay","floor":3},{"not_picked":["thethorton:DoubleRun","thethorton:CoinShield"],"picked":"thethorton:BusinessCard","floor":4},{"not_picked":["thethorton:HedgeFund","thethorton:GemGun"],"picked":"thethorton:CashBash","floor":5},{"not_picked":["thethorton:TakeAccounts","thethorton:ShoutAndRun","thethorton:AngerMoment"],"picked":"SKIP","floor":6},{"not_picked":["thethorton:StumblingSlap","thethorton:RunningKick"],"picked":"thethorton:BigBreak","floor":8},{"not_picked":["thethorton:DualBap","thethorton:FearfulRun"],"picked":"thethorton:GoldBuffer","floor":12},{"not_picked":["thethorton:SicklyRun","thethorton:RunningKick"],"picked":"thethorton:CoinShield","floor":14},{"not_picked":["thethorton:CowardiceForm","thethorton:Fatigue"],"picked":"thethorton:Demotion","floor":16},{"not_picked":["thethorton:StumblingSlap+1","thethorton:CashBash+1"],"picked":"thethorton:BusinessCard","floor":18},{"not_picked":["thethorton:StumblingSlap","thethorton:HitAhead"],"picked":"thethorton:WhirlingBriefcase","floor":20},{"not_picked":["thethorton:CrashingStocks","thethorton:ElbowSmash","thethorton:HitAhead"],"picked":"SKIP","floor":21}],"player_experience":2721759,"relics_obtained":[{"floor":8,"key":"DemoMod:AgedBell"},{"floor":13,"key":"Nunchaku"}],"event_choices":[{"damage_healed":0,"gold_gain":0,"player_choice":"Upgraded","damage_taken":0,"max_hp_gain":0,"max_hp_loss":0,"event_name":"Upgrade Shrine","floor":2,"gold_loss":0,"cards_upgraded":["thethorton:Heckle"]},{"damage_healed":0,"gold_gain":0,"player_choice":"Lose Max HP","damage_taken":0,"relics_obtained":["Golden Idol"],"max_hp_gain":0,"max_hp_loss":6,"event_name":"Golden Idol","floor":10,"gold_loss":0}],"is_beta":false,"boss_relics":[{"not_picked":["SacredBark","Coffee Dripper"],"picked":"thethorton:GreedFountain"}],"items_purged_floors":[7,19],"is_endless":false,"potions_floor_spawned":[5,8,12,14,18],"killed_by":"3 Cultists","ascension_level":0}}