{"host":"n9oz7eo077gsfu2d","time":1611701006,"event":{"mods":["2.2 Compatiblity","BaseMod","Colored Map","Custom Start","DeckTracker","KOR Keyword Fix","Minty Spire (QoL Compilation)","StSLib","SuperFastMode"],"gold_per_floor":[113,34,209,16,35,35,68,68,94,94,94,112,112,46,46,46,46],"floor_reached":16,"language":"KOR","playtime":467,"items_purged":["Doubt"],"score":131,"play_id":"8ff92599-9e10-4d61-9faf-6c9954ea92ea","local_time":"20210127074326","is_ascension_mode":true,"campfire_choices":[{"data":"Catalyst","floor":6,"key":"SMITH"},{"data":"Neutralize","floor":8,"key":"SMITH"},{"floor":10,"key":"REST"},{"data":"Survivor","floor":15,"key":"SMITH"}],"circlet_count":0,"master_deck":["Strike_G","Strike_G","Strike_G","Strike_G","Defend_G","Defend_G","Defend_G","Defend_G","Defend_G","Survivor+1","Neutralize+1","Catalyst+1","Bane","Parasite","Dagger Spray"],"relics":["Ring of the Snake","Membership Card","Mango","Juzu Bracelet","Pear","Potion Belt"],"acts_visited":["Exordium"],"potions_floor_usage":[7],"damage_taken":[{"damage":7.0,"enemies":"2 Louse","floor":1.0,"turns":4.0},{"damage":0,"enemies":"Small Slimes","floor":5,"turns":5},{"damage":47,"enemies":"Gremlin Nob","floor":7,"turns":7},{"damage":2,"enemies":"Cultist","floor":12,"turns":4},{"damage":80,"enemies":"Hexaghost","floor":16,"turns":16}],"seed_played":"-4550256167500917187","potions_obtained":[{"floor":5,"key":"DistilledChaos"}],"is_trial":false,"path_per_floor":["M","$","?","$","M","R","E","R","T","R","?","M","?","?","R","B"],"character_chosen":"THE_SILENT","items_purchased":["Catalyst","Membership Card"],"campfire_rested":1,"item_purchase_floors":[2,4],"current_hp_per_floor":[63,63,63,63,63,63,30,30,30,55,76,74,77,77,77,0,0],"gold":46,"neow_bonus":"REMOVE_CARD","is_daily":false,"chose_seed":false,"campfire_upgraded":3,"win_rate":0.0,"timestamp":1611701006,"path_taken":["M","$","?","$","M","R","E","R","T","R","?","M","?","?","R","BOSS"],"items_purchased_type":["Card","Relic"],"build_version":"2020-12-22","purchased_purges":1,"victory":false,"max_hp_per_floor":[70,70,70,70,70,70,84,84,84,84,84,84,94,94,94,94,94],"card_choices":[{"not_picked":["Underhanded Strike","Reflex","Riddle With Holes"],"picked":"SKIP","floor":1.0},{"not_picked":["Dagger Throw","Acrobatics","Slice"],"picked":"SKIP","floor":5},{"not_picked":["Acrobatics","Tactician"],"picked":"Bane","floor":7},{"not_picked":["Expertise","Finisher"],"picked":"Dagger Spray","floor":12}],"player_experience":110946,"relics_obtained":[{"floor":7,"key":"Mango"},{"floor":9,"key":"Juzu Bracelet"}],"event_choices":[{"damage_healed":0.0,"max_hp_gain":0.0,"max_hp_loss":0.0,"gold_gain":175.0,"event_name":"Liars Game","player_choice":"AGREE","floor":3.0,"gold_loss":0.0,"damage_taken":0.0,"cards_obtained":["Doubt"]},{"damage_healed":21,"gold_gain":0,"player_choice":"Healed and dodged fight","damage_taken":0,"max_hp_gain":0,"max_hp_loss":0,"event_name":"Mushrooms","floor":11,"gold_loss":0,"cards_obtained":["Parasite"]},{"damage_healed":0,"gold_gain":0,"player_choice":"Success","damage_taken":7,"relics_obtained":["Pear"],"max_hp_gain":0,"max_hp_loss":0,"event_name":"Scrap Ooze","floor":13,"gold_loss":0},{"damage_healed":0,"gold_gain":0,"player_choice":"Paid Gold","damage_taken":0,"relics_obtained":["Potion Belt"],"max_hp_gain":0,"max_hp_loss":0,"event_name":"WeMeetAgain","floor":14,"gold_loss":66}],"is_beta":false,"boss_relics":[],"items_purged_floors":[4],"is_endless":false,"potions_floor_spawned":[5],"killed_by":"Hexaghost","ascension_level":2}}