{"host":"xmr2g8b7eju0288o","time":1611643418,"event":{"mods":["AchievementEnabler","BaseMod","Colored Map","Colored Powertips","Minty Spire (QoL Compilation)","Quick Restart","StSLib","SuperFastMode"],"gold_per_floor":[110,35,45,59,59,59,59],"floor_reached":6,"language":"KOR","playtime":151,"items_purged":[],"score":172,"play_id":"f137ab08-cf88-47e4-a070-ad6f978d3996","local_time":"20210126154338","daily_mods":["Heirloom","DeadlyEvents","Elite Swarm"],"is_ascension_mode":true,"campfire_choices":[],"circlet_count":0,"master_deck":["AscendersBane","Strike_R","Strike_R","Strike_R","Strike_R","Defend_R","Defend_R","Defend_R","Defend_R","Bash","Clash","Cleave"],"relics":["Burning Blood","Prayer Wheel","Shovel"],"acts_visited":["Exordium"],"potions_floor_usage":[],"damage_taken":[{"damage":4.0,"enemies":"Small Slimes","floor":1.0,"turns":4.0},{"damage":7.0,"enemies":"Jaw Worm","floor":3.0,"turns":3.0},{"damage":1.0,"enemies":"Cultist","floor":4.0,"turns":4.0},{"damage":30,"enemies":"Lagavulin","floor":6,"turns":5}],"seed_played":"7129659198947432130","potions_obtained":[{"floor":3.0,"key":"ColorlessPotion"}],"is_trial":true,"path_per_floor":["M","?","M","M","?","E"],"character_chosen":"IRONCLAD","items_purchased":[],"campfire_rested":0,"item_purchase_floors":[],"current_hp_per_floor":[70,70,69,74,48,18,18],"gold":59,"neow_bonus":"","is_daily":false,"chose_seed":false,"campfire_upgraded":0,"win_rate":0.0,"timestamp":1611643418,"path_taken":["M","?","M","M","?","E"],"items_purchased_type":[],"build_version":"2020-12-22","purchased_purges":0,"victory":false,"max_hp_per_floor":[75,75,75,75,75,75,75],"card_choices":[{"not_picked":["Warcry","True Grit"],"picked":"Clash","floor":1.0},{"not_picked":["Flex","Uppercut","Shockwave"],"picked":"SKIP","floor":1.0},{"not_picked":["Warcry","Hemokinesis","Dark Embrace"],"picked":"SKIP","floor":3.0},{"not_picked":["Feel No Pain","Armaments","Disarm"],"picked":"SKIP","floor":3.0},{"not_picked":["Rupture","Heavy Blade"],"picked":"Cleave","floor":4.0},{"not_picked":["Perfected Strike","Armaments","Twin Strike"],"picked":"SKIP","floor":4.0}],"player_experience":109535,"relics_obtained":[],"event_choices":[{"cards_removed":["Strike_R"],"damage_healed":0.0,"max_hp_gain":0.0,"max_hp_loss":0.0,"gold_gain":0.0,"event_name":"The Cleric","player_choice":"Card Removal","floor":2.0,"gold_loss":75.0,"damage_taken":0.0},{"damage_healed":0.0,"max_hp_gain":0.0,"max_hp_loss":0.0,"gold_gain":0.0,"event_name":"Scrap Ooze","player_choice":"Success","floor":5.0,"gold_loss":0.0,"damage_taken":26.0,"relics_obtained":["Shovel"]}],"is_beta":false,"boss_relics":[],"items_purged_floors":[],"is_endless":true,"potions_floor_spawned":[3],"killed_by":"Lagavulin","ascension_level":20}}