{"host":"l4am8ae7vj09bp0g","time":1611663233,"event":{"mods":["Act Like it!","BaseMod","Colored Powertips","Conspire","LagranYue(¿≠∏Ò¿ °§‘¬)","Minty Spire (QoL Compilation)","Quick Restart","Relic Filter","Replay The Spire","Shop Mod","StSLib","SuperFastMode","TestMod"],"gold_per_floor":[109,135,135,135,135,135,146,156,156,182,182,207,217,243,243,338,338,353,363,378,388,423,457,457,3,3,33,43,54,89,100,100,200,200,214,62,77,77,91,91,119,153,201,227,227],"floor_reached":44,"language":"ZHS","playtime":2261,"items_purged":[],"score":1072,"play_id":"cb4d780d-42e3-4c13-b715-29de2edcaed3","local_time":"20210126201353","daily_mods":["SealedDeck","Heirloom","Time Dilation","DeadlyEvents","Elite Swarm","Uncertain Future"],"is_ascension_mode":true,"campfire_choices":[{"data":"Dark Embrace","floor":6,"key":"SMITH"},{"data":"Feed","floor":11,"key":"SMITH"},{"data":"conspire:Purge","floor":15,"key":"SMITH"},{"data":"Feed","floor":24,"key":"SMITH"},{"data":"Rampage","floor":32,"key":"SMITH"},{"data":"Double Tap","floor":40,"key":"SMITH"}],"circlet_count":0,"master_deck":["Rampage+1","Shrug It Off+1","Dark Embrace+1","Feed+1","conspire:Purge+1","Battle Trance+1","Feed+1","Double Tap+1"],"relics":["Burning Blood","testmod-TestBox","LagranYue:RandomDrawCardRelic","testmod-Alchemist","Blood Vial","Replay:WaspNest","testmod-CrystalShield","testmod-IntensifyImprint","Painkiller Herb","ReplayFunnel","MerchantsRug","HandDrill","testmod-Justice","Bottled Tornado","Ornamental Fan","LagranYue:SoulBurningRelic","Akabeko","Pocketwatch","Whetstone","Kunai"],"acts_visited":["Exordium","TheCity","TheBeyond"],"potions_floor_usage":[14,14,27],"damage_taken":[{"damage":14,"enemies":"2 Louse","floor":1,"turns":3},{"damage":0,"enemies":"conspire:MimicChest","floor":2,"turns":1},{"damage":1,"enemies":"Jaw Worm","floor":7,"turns":2},{"damage":0,"enemies":"Cultist","floor":8,"turns":2},{"damage":0,"enemies":"Lagavulin","floor":10,"turns":4},{"damage":24,"enemies":"Gremlin Nob","floor":12,"turns":4},{"damage":9,"enemies":"Gremlin Gang","floor":13,"turns":3},{"damage":6,"enemies":"3 Sentries","floor":14,"turns":4},{"damage":18,"enemies":"Hexaghost","floor":16,"turns":5},{"damage":5,"enemies":"conspire:FuzzyDice","floor":18,"turns":3},{"damage":5,"enemies":"Shell Parasite","floor":19,"turns":3},{"damage":5,"enemies":"conspire:HollyBat","floor":20,"turns":4},{"damage":6,"enemies":"Cultist and Chosen","floor":21,"turns":4},{"damage":5,"enemies":"conspire:Head Lice","floor":22,"turns":4},{"damage":7,"enemies":"Book of Stabbing","floor":23,"turns":4},{"damage":12,"enemies":"Slavers","floor":27,"turns":3},{"damage":0,"enemies":"Snecko","floor":28,"turns":6},{"damage":0,"enemies":"Centurion and Healer","floor":29,"turns":5},{"damage":5,"enemies":"Gremlin Leader","floor":30,"turns":9},{"damage":0,"enemies":"Snake Plant","floor":31,"turns":3},{"damage":0,"enemies":"conspire:MysteriousRune","floor":33,"turns":7},{"damage":5,"enemies":"3 Darklings","floor":35,"turns":4},{"damage":0,"enemies":"Orb Walker","floor":37,"turns":2},{"damage":0,"enemies":"Maw","floor":39,"turns":4},{"damage":1,"enemies":"R_Hoarder","floor":41,"turns":5},{"damage":0,"enemies":"Nemesis","floor":42,"turns":3},{"damage":5,"enemies":"Giant Head","floor":44,"turns":3}],"seed_played":"-1838190322023495152","potions_obtained":[{"floor":1,"key":"Strength Potion"},{"floor":7,"key":"Milkshake"},{"floor":10,"key":"Toxic Potion"},{"floor":14,"key":"Fire Potion"},{"floor":21,"key":"ColorlessPotion"},{"floor":23,"key":"DistilledChaos"},{"floor":27,"key":"FairyPotion"},{"floor":29,"key":"Strength Potion"},{"floor":31,"key":"Swift Potion"},{"floor":39,"key":"Fire Potion"},{"floor":41,"key":"LiquidMemories"}],"is_trial":true,"path_per_floor":["M","?","$","?","$","R","M","M","T","E","R","E","M","E","R","B",null,"?","?","?","?","E","E","T","T","T","E","?","?","E","?","T","B",null,"?","T","?","?","?","T","E","E","T","E"],"character_chosen":"IRONCLAD","items_purchased":["MerchantsRug","HandDrill","testmod-Justice","Akabeko"],"campfire_rested":0,"item_purchase_floors":[25,25,25,36],"current_hp_per_floor":[72,78,78,62,62,62,69,77,77,80,80,66,69,75,75,69,96,100,104,108,112,116,115,115,115,115,118,128,136,140,144,144,144,144,147,147,152,152,156,156,156,156,156,156,156],"gold":227,"neow_bonus":"","is_daily":false,"chose_seed":false,"campfire_upgraded":6,"win_rate":0.0,"timestamp":1611663233,"path_taken":["M","?","$","?","?","R","M","M","T","E","R","E","M","E","R","BOSS","?","?","?","?","?","E","T","T","T","E","?","?","E","?","T","BOSS","?","T","?","?","?","T","E","?","T","E"],"items_purchased_type":["Relic","Relic","Relic","Relic"],"build_version":"2020-12-22","purchased_purges":0,"victory":false,"max_hp_per_floor":[80,80,80,80,80,80,80,80,80,80,80,84,88,92,92,96,96,100,104,108,112,116,116,116,116,116,124,128,136,140,144,144,144,144,148,148,152,152,156,156,156,156,156,156,156],"card_choices":[{"not_picked":["Disarm","Body Slam"],"picked":"Shockwave","floor":1},{"not_picked":["Pummel","ReplayTheSpireMod:Strike From Hell","Abandon"],"picked":"SKIP","floor":7},{"not_picked":["Shrug It Off","Pommel Strike","Bloodletting"],"picked":"SKIP","floor":8},{"not_picked":["Bludgeon","Double Tap"],"picked":"Feed","floor":10},{"not_picked":["Fiend Fire","Double Tap"],"picked":"conspire:Purge","floor":12},{"not_picked":["Dual Wield","Havoc","ReplayTheSpireMod:Strike From Hell"],"picked":"SKIP","floor":13},{"not_picked":["Juggernaut","Brutality","Exhume"],"picked":"SKIP","floor":14},{"not_picked":["Fire Breathing","ReplayTheSpireMod:Limb From Limb"],"picked":"Shrug It Off+1","floor":18},{"not_picked":["Sword Boomerang","Heavy Blade"],"picked":"Battle Trance+1","floor":19},{"not_picked":["Infernal Blade","Rage","Headbutt"],"picked":"SKIP","floor":20},{"not_picked":["ReplayReversal+1","Warcry","Armaments"],"picked":"SKIP","floor":21},{"not_picked":["Immolate","Bludgeon","Hemogenesis"],"picked":"SKIP","floor":22},{"not_picked":["Exhume","Replay:Many Hands"],"picked":"Feed","floor":23},{"not_picked":["conspire:Purge","Barricade","Demonic Infusion"],"picked":"SKIP","floor":27},{"not_picked":["Anger+1","Havoc","Sword Boomerang"],"picked":"SKIP","floor":28},{"not_picked":["Pummel","Dual Wield","ReplayTheSpireMod:Strike From Hell"],"picked":"SKIP","floor":29},{"not_picked":["Hemogenesis","Fiend Fire","Bludgeon"],"picked":"SKIP","floor":30},{"not_picked":["ReplayTheSpireMod:Strike From Hell","Cleave+1","Flame Barrier+1"],"picked":"SKIP","floor":31},{"not_picked":["Hemogenesis","Reaper"],"picked":"Double Tap","floor":33},{"not_picked":["Flame Barrier","Clash+1","Twin Strike+1"],"picked":"SKIP","floor":35},{"not_picked":["Perfected Strike+1","Dropkick","Intimidate"],"picked":"SKIP","floor":37},{"not_picked":["Inflame","Anger","ReplayReversal+1"],"picked":"SKIP","floor":39},{"not_picked":["Demon Form","Corruption","Double Tap"],"picked":"SKIP","floor":41},{"not_picked":["Fiend Fire","Feed","Double Tap"],"picked":"SKIP","floor":42}],"player_experience":52671,"relics_obtained":[{"floor":2,"key":"Blood Vial"},{"floor":9,"key":"Replay:WaspNest"},{"floor":12,"key":"testmod-CrystalShield"},{"floor":14,"key":"testmod-IntensifyImprint"},{"floor":22,"key":"ReplayFunnel"},{"floor":23,"key":"Dream Catcher"},{"floor":27,"key":"Bottled Tornado"},{"floor":30,"key":"Ornamental Fan"},{"floor":42,"key":"Pocketwatch"},{"floor":43,"key":"Whetstone"},{"floor":44,"key":"Kunai"}],"event_choices":[{"damage_healed":0,"gold_gain":0,"player_choice":"Entered Light","damage_taken":16,"max_hp_gain":0,"max_hp_loss":0,"event_name":"Shining Light","floor":4,"gold_loss":0,"cards_upgraded":["Shrug It Off","Clash"]},{"cards_removed":["Second Wind"],"damage_healed":0,"gold_gain":0,"player_choice":"Offered Uncommon","damage_taken":0,"max_hp_gain":0,"max_hp_loss":0,"event_name":"Bonfire Elementals","floor":38,"gold_loss":0}],"is_beta":false,"boss_relics":[{"not_picked":["Runic Dome","testmod-Fanaticism"],"picked":"Painkiller Herb"},{"not_picked":["Sozu","testmod-DeterminationOfClimber"],"picked":"LagranYue:SoulBurningRelic"}],"items_purged_floors":[],"is_endless":true,"potions_floor_spawned":[1,7,10,14,21,23,27,29,31,39,41,44],"killed_by":"Giant Head","ascension_level":1}}