{"host":"d7fiu2yjkssjxoz6","time":1611644220,"event":{"mods":["AchievementEnabler","BaseMod","Duelist Mod","Minty Spire (QoL Compilation)","StSLib"],"gold_per_floor":[137,199,164,178,33,33,61,73,99,99,131,148,148,167,167,167,167],"floor_reached":16,"language":"ENG","playtime":735,"items_purged":[],"score":223,"play_id":"48632043-2864-4667-a153-6b47798c710c","local_time":"20210125225700","is_ascension_mode":true,"campfire_choices":[{"data":"theDuelist:RainbowRuins","floor":10,"key":"SMITH"},{"data":"theDuelist:StatueAnguishPattern","floor":15,"key":"SMITH"}],"circlet_count":0,"master_deck":["theDuelist:Pumpking","theDuelist:Hayate","theDuelist:RainbowRuins+1","theDuelist:HeartUnderdog","AscendersBane","theDuelist:DunamesDarkWitch","theDuelist:Eva","theDuelist:RainbowKuribohBasic","theDuelist:GateGuardian","theDuelist:GravityBlaster","theDuelist:StatueAnguishPattern+1","theDuelist:RainbowNeos","theDuelist:RainbowFlower","theDuelist:SuperSolarNutrient","theDuelist:CastleWalls","theDuelist:CastleWalls","theDuelist:MaleficRainbowDragon","Chrysalis","Regret","theDuelist:AncientRules"],"relics":["theDuelist:MillenniumPuzzle","theDuelist:CardPoolRelic","theDuelist:CardPoolBasicRelic","theDuelist:BoosterPackPoolRelic","theDuelist:CardPoolAddRelic","theDuelist:CardPoolMinusRelic","theDuelist:CardPoolSaveRelic","theDuelist:CardPoolOptionsRelic","Oddly Smooth Stone","Orichalcum","theDuelist:SpellMaxHPRelic"],"acts_visited":["Exordium"],"potions_floor_usage":[],"damage_taken":[{"damage":0,"enemies":"2 Louse","floor":1,"turns":2},{"damage":0,"enemies":"Jaw Worm","floor":4,"turns":5},{"damage":15,"enemies":"3 Sentries","floor":7,"turns":6},{"damage":0,"enemies":"Small Slimes","floor":8,"turns":4},{"damage":0,"enemies":"Gremlin Nob","floor":11,"turns":4},{"damage":8,"enemies":"Red Slaver","floor":12,"turns":2},{"damage":21,"enemies":"Large Slime","floor":14,"turns":7},{"damage":32,"enemies":"Slime Boss","floor":16,"turns":4}],"seed_played":"5006545846868484424","potions_obtained":[{"floor":7,"key":"Energy Potion"},{"floor":11,"key":"theDuelist:TokenPotion"}],"is_trial":false,"path_per_floor":["M","?","?","M","$","?","E","M","T","R","E","M","?","M","R","B"],"character_chosen":"THE_DUELIST","items_purchased":["theDuelist:GateGuardian"],"campfire_rested":0,"item_purchase_floors":[5],"current_hp_per_floor":[51,51,71,71,71,71,56,56,56,56,56,48,48,28,28,0,0],"gold":167,"neow_bonus":"TRANSFORM_TWO_CARDS","is_daily":false,"chose_seed":false,"campfire_upgraded":2,"win_rate":0.0,"timestamp":1611644220,"path_taken":["M","?","?","M","?","?","E","M","T","R","E","?","?","M","R","BOSS"],"items_purchased_type":["Card"],"build_version":"2020-12-22","purchased_purges":0,"victory":false,"max_hp_per_floor":[80,80,80,80,80,80,80,80,80,80,80,80,80,81,81,81,81],"card_choices":[{"not_picked":["theDuelist:OhFish","theDuelist:TyrantWing","theDuelist:CrystalRaigeki","theDuelist:RainbowGravity"],"picked":"theDuelist:StatueAnguishPattern","floor":1},{"not_picked":["theDuelist:OniGamiCombo","theDuelist:CardSafeReturn","theDuelist:TyrantWing","theDuelist:RainbowRefraction"],"picked":"theDuelist:RainbowRuins","floor":4},{"not_picked":["theDuelist:BeastTalwar","theDuelist:SuperSolarNutrient","theDuelist:Eva","theDuelist:VioletCrystal"],"picked":"theDuelist:Pumpking","floor":7},{"not_picked":["theDuelist:PatricianDarkness","theDuelist:MysticalElf","theDuelist:SummonedSkull","theDuelist:CrystalRaigeki"],"picked":"theDuelist:SuperSolarNutrient","floor":8},{"not_picked":["theDuelist:DunamesDarkWitch","theDuelist:RainbowMagician","theDuelist:RainbowOverdragon","theDuelist:KamionTimelord"],"picked":"theDuelist:MaleficRainbowDragon","floor":11},{"not_picked":["Deep Breath","Impatience","Panacea"],"picked":"Chrysalis","floor":12},{"not_picked":["theDuelist:DarkEnergy","theDuelist:IronCall","theDuelist:CardSafeReturn","theDuelist:Mountain"],"picked":"theDuelist:AncientRules","floor":14}],"player_experience":304896,"relics_obtained":[{"floor":7,"key":"Oddly Smooth Stone"},{"floor":11,"key":"Orichalcum"}],"event_choices":[{"damage_healed":0,"gold_gain":62,"player_choice":"Gained Gold","damage_taken":0,"max_hp_gain":0,"max_hp_loss":0,"event_name":"Golden Wing","floor":2,"gold_loss":0},{"damage_healed":20,"gold_gain":0,"player_choice":"Healed","damage_taken":0,"max_hp_gain":0,"max_hp_loss":0,"event_name":"The Cleric","floor":3,"gold_loss":35},{"damage_healed":0,"gold_gain":0,"player_choice":"0 cards matched","damage_taken":0,"max_hp_gain":0,"max_hp_loss":0,"event_name":"Match and Keep!","floor":6,"gold_loss":0,"cards_obtained":[]},{"damage_healed":0,"gold_gain":0,"player_choice":"Box","damage_taken":0,"relics_obtained":["theDuelist:SpellMaxHPRelic"],"max_hp_gain":0,"max_hp_loss":0,"event_name":"Big Fish","floor":13,"gold_loss":0,"cards_obtained":["Regret"]}],"is_beta":false,"boss_relics":[],"items_purged_floors":[],"is_endless":false,"potions_floor_spawned":[7,11,12],"killed_by":"Slime Boss","ascension_level":13}}