{"host":"q8mjpf3krl0t4p3x","time":1611651798,"event":{"mods":["BaseMod","Colored Map","Colored Powertips","Googly Eyes","Minty Spire (QoL Compilation)","Quick Restart","StSLib","everything is the same but u backflip on backflip","slay the spire mod where everything is the same but ironclad has a cowboy hat"],"gold_per_floor":[113,113,132,146,221,221,240,255,278,126,157,157,157,177,177,177,177],"floor_reached":16,"language":"ENG","playtime":495,"items_purged":["Strike_R"],"score":153,"play_id":"985846f0-b010-4bae-84dd-6b67df9e7e03","local_time":"20210126010318","is_ascension_mode":true,"campfire_choices":[{"data":"Sword Boomerang","floor":6.0,"key":"SMITH"},{"floor":13.0,"key":"REST"},{"data":"Rampage","floor":15,"key":"SMITH"}],"circlet_count":0,"master_deck":["AscendersBane","Strike_R","Strike_R","Strike_R","Strike_R","Defend_R","Defend_R","Defend_R","Defend_R","Bash","Battle Trance","Rampage+1","Sword Boomerang+1","Shrug It Off","Infernal Blade","Power Through","Cleave"],"relics":["Burning Blood","Art of War","Nunchaku"],"acts_visited":["Exordium"],"potions_floor_usage":[14],"damage_taken":[{"damage":19.0,"enemies":"Jaw Worm","floor":1.0,"turns":6.0},{"damage":1.0,"enemies":"Cultist","floor":3.0,"turns":3.0},{"damage":8.0,"enemies":"2 Louse","floor":4.0,"turns":3.0},{"damage":6.0,"enemies":"2 Fungi Beasts","floor":7.0,"turns":4.0},{"damage":24.0,"enemies":"Large Slime","floor":8.0,"turns":6.0},{"damage":17.0,"enemies":"Lagavulin","floor":11.0,"turns":5.0},{"damage":20,"enemies":"Gremlin Gang","floor":14,"turns":5},{"damage":45,"enemies":"Hexaghost","floor":16,"turns":9}],"seed_played":"-8730196349076073651","potions_obtained":[{"floor":1.0,"key":"SteroidPotion"},{"floor":4.0,"key":"EntropicBrew"}],"is_trial":false,"path_per_floor":["M","?","M","M","?","R","M","M","T","$","E","?","R","M","R","B"],"character_chosen":"IRONCLAD","items_purchased":["Infernal Blade"],"campfire_rested":1,"item_purchase_floors":[10],"current_hp_per_floor":[67,67,72,70,62,62,62,44,44,44,33,33,59,45,45,0,0],"gold":177,"neow_bonus":"TEN_PERCENT_HP_BONUS","is_daily":false,"chose_seed":false,"campfire_upgraded":2,"win_rate":0.0,"timestamp":1611651798,"path_taken":["M","?","M","M","?","R","?","M","T","$","E","?","R","M","R","BOSS"],"items_purchased_type":["Card"],"build_version":"2020-12-22","purchased_purges":1,"victory":false,"max_hp_per_floor":[88,88,88,88,88,88,88,88,88,88,88,88,88,88,88,88,88],"card_choices":[{"not_picked":["Fire Breathing","Clothesline"],"picked":"Battle Trance","floor":1.0},{"not_picked":["Perfected Strike","Clash"],"picked":"Rampage","floor":3.0},{"not_picked":["Burning Pact","Headbutt"],"picked":"Sword Boomerang","floor":4.0},{"not_picked":["Havoc","Searing Blow","Headbutt"],"picked":"SKIP","floor":7.0},{"not_picked":["Anger","Seeing Red"],"picked":"Shrug It Off","floor":8.0},{"not_picked":["Second Wind","Carnage"],"picked":"Power Through","floor":11.0},{"not_picked":["Clash","Sentinel"],"picked":"Cleave","floor":14}],"player_experience":310266,"relics_obtained":[{"floor":9.0,"key":"Art of War"},{"floor":11.0,"key":"Nunchaku"}],"event_choices":[{"damage_healed":0.0,"max_hp_gain":0.0,"max_hp_loss":0.0,"gold_gain":0.0,"event_name":"Liars Game","player_choice":"Ignored","floor":2.0,"gold_loss":0.0,"damage_taken":0.0},{"damage_healed":0.0,"max_hp_gain":0.0,"max_hp_loss":0.0,"gold_gain":75.0,"event_name":"FaceTrader","player_choice":"Touch","floor":5.0,"gold_loss":0.0,"damage_taken":8.0},{"damage_healed":0.0,"max_hp_gain":0.0,"max_hp_loss":0.0,"gold_gain":0.0,"event_name":"Golden Idol","player_choice":"Ignored","floor":12.0,"gold_loss":0.0,"damage_taken":0.0}],"is_beta":false,"boss_relics":[],"items_purged_floors":[10],"is_endless":false,"potions_floor_spawned":[1,4],"killed_by":"Hexaghost","ascension_level":10}}