{"host":"vhvubw4jk4f204qs","time":1611681094,"event":{"mods":["AchievementEnabler","BaseMod","DeckTracker","GifTheSpireLib","Minty Spire (QoL Compilation)","Permanent Neow","Quick Restart","StSLib","SuperFastMode","The IronCluck","slay the spire mod where everything is the same but ironclad has a cowboy hat"],"gold_per_floor":[361,376,392,392,41,73,73,73,73],"floor_reached":8,"language":"ENG","playtime":473,"items_purged":["Shame"],"score":112,"play_id":"584fd466-e975-4481-b4b3-3860510e901f","local_time":"20210126121134","is_ascension_mode":true,"campfire_choices":[{"data":"Dark Embrace","floor":7,"key":"SMITH"}],"circlet_count":0,"master_deck":["AscendersBane","Strike_R","Strike_R","Strike_R","Strike_R","Strike_R","Defend_R","Defend_R","Defend_R","Defend_R","Bash","Wild Strike","Flame Barrier","Armaments+1","Cleave","Dark Embrace+1"],"relics":["Burning Blood","Medical Kit","Boot"],"acts_visited":["Exordium"],"potions_floor_usage":[6],"damage_taken":[{"damage":19.0,"enemies":"Small Slimes","floor":1.0,"turns":4.0},{"damage":4.0,"enemies":"Jaw Worm","floor":2.0,"turns":5.0},{"damage":5.0,"enemies":"2 Louse","floor":3.0,"turns":4.0},{"damage":20,"enemies":"3 Sentries","floor":6,"turns":9},{"damage":32,"enemies":"Gremlin Nob","floor":8,"turns":4}],"seed_played":"-4837048190201173043","potions_obtained":[{"floor":3.0,"key":"LiquidMemories"}],"is_trial":false,"path_per_floor":["M","M","M","?","$","E","R","E"],"character_chosen":"IRONCLAD","items_purchased":["Medical Kit","Cleave","Dark Embrace"],"campfire_rested":0,"item_purchase_floors":[5,5,5],"current_hp_per_floor":[55,57,58,58,58,44,44,12,12],"gold":73,"neow_bonus":"TWO_FIFTY_GOLD","is_daily":false,"chose_seed":false,"campfire_upgraded":1,"win_rate":0.0,"timestamp":1611681094,"path_taken":["M","M","M","?","$","E","R","E"],"items_purchased_type":["Relic","Card","Card"],"build_version":"2020-12-22","purchased_purges":1,"victory":false,"max_hp_per_floor":[75,75,75,75,75,75,75,75,75],"card_choices":[{"not_picked":["Perfected Strike","True Grit"],"picked":"Wild Strike","floor":1.0},{"not_picked":["Thunderclap","Barricade"],"picked":"Flame Barrier","floor":2.0},{"not_picked":["Flex","Perfected Strike"],"picked":"Armaments","floor":3.0},{"not_picked":["Inflame","Perfected Strike","Armaments"],"picked":"SKIP","floor":6}],"player_experience":973664,"relics_obtained":[{"floor":6,"key":"Boot"}],"event_choices":[{"damage_healed":0.0,"max_hp_gain":0.0,"max_hp_loss":0.0,"gold_gain":0.0,"event_name":"Living Wall","player_choice":"Grow","floor":4.0,"gold_loss":0.0,"damage_taken":0.0,"cards_upgraded":["Armaments"]}],"is_beta":false,"boss_relics":[],"items_purged_floors":[5],"is_endless":false,"potions_floor_spawned":[3],"killed_by":"Gremlin Nob","ascension_level":20}}