{"host":"yvb207ks1sg3cxef","time":1611688463,"event":{"mods":["2.2 Compatiblity","BaseMod","Bestiary","Colored Powertips","Minty Spire (QoL Compilation)","Permanent Neow","Quick Restart","Relic Stats","StSLib"],"gold_per_floor":[117,127,145,145,161,171,201,201],"floor_reached":7,"language":"ENG","playtime":263,"items_purged":[],"score":69,"play_id":"70381c7a-2eef-4466-bd4e-9518f007e850","local_time":"20210127004423","is_ascension_mode":true,"campfire_choices":[],"circlet_count":0,"master_deck":["Strike_B","Strike_B","Strike_B","Defend_B","Defend_B","Defend_B","Defend_B","Zap","Dualcast","Electrodynamics","BootSequence","Conserve Battery","Cold Snap","Glacier"],"relics":["Cracked Core","Bottled Flame"],"acts_visited":["Exordium"],"potions_floor_usage":[7],"damage_taken":[{"damage":2.0,"enemies":"Jaw Worm","floor":1.0,"turns":3.0},{"damage":0.0,"enemies":"2 Louse","floor":2.0,"turns":1.0},{"damage":0.0,"enemies":"Small Slimes","floor":3.0,"turns":3.0},{"damage":13.0,"enemies":"Exordium Wildlife","floor":5.0,"turns":3.0},{"damage":2.0,"enemies":"Exordium Thugs","floor":6.0,"turns":3.0},{"damage":31,"enemies":"Gremlin Nob","floor":7,"turns":4}],"seed_played":"-14208852623494260","potions_obtained":[{"floor":3.0,"key":"FearPotion"}],"is_trial":false,"path_per_floor":["M","M","M","?","M","M","E"],"character_chosen":"DEFECT","items_purchased":[],"campfire_rested":0,"item_purchase_floors":[],"current_hp_per_floor":[66,66,66,59,46,44,13,13],"gold":201,"neow_bonus":"THREE_RARE_CARDS","is_daily":false,"chose_seed":false,"campfire_upgraded":0,"win_rate":0.0,"timestamp":1611688463,"path_taken":["M","M","M","?","M","M","E"],"items_purchased_type":[],"build_version":"2020-12-22","purchased_purges":0,"victory":false,"max_hp_per_floor":[68,68,68,68,68,68,68,68],"relic_stats":{"counters":[6,17],"obtain_stats":[{"Bottled Flame":7,"Cracked Core":0},{"Bottled Flame":6,"Cracked Core":0},{"Bottled Flame":17,"Cracked Core":0}]},"card_choices":[{"not_picked":["Creative AI","Rainbow"],"picked":"Electrodynamics","floor":0.0},{"not_picked":["Coolheaded","Ball Lightning"],"picked":"BootSequence","floor":1.0},{"not_picked":["Double Energy","Go for the Eyes"],"picked":"Conserve Battery","floor":2.0},{"not_picked":["Barrage","Ball Lightning","Go for the Eyes"],"picked":"SKIP","floor":3.0},{"not_picked":["Hologram","Aggregate"],"picked":"Cold Snap","floor":5.0},{"not_picked":["Stack","Static Discharge"],"picked":"Glacier","floor":6.0}],"player_experience":481518,"relics_obtained":[{"floor":7,"key":"Bottled Flame"}],"event_choices":[{"cards_removed":["Strike_B"],"damage_healed":0.0,"max_hp_gain":0.0,"max_hp_loss":0.0,"gold_gain":0.0,"event_name":"Golden Wing","player_choice":"Card Removal","floor":4.0,"gold_loss":0.0,"damage_taken":7.0}],"is_beta":false,"boss_relics":[],"items_purged_floors":[],"is_endless":false,"potions_floor_spawned":[3],"killed_by":"Gremlin Nob","ascension_level":5}}