{"host":"vucub2jtaeo9vgh1","time":1611676304,"event":{"mods":["BaseMod","BetterRewards","GungeonMod","Minty Spire (QoL Compilation)","Quick Restart","Rare Cards Sparkle","Replay The Spire","Robot Space Explorer","StSLib","The Marked","The Necromancer"],"gold_per_floor":[212,287,302,302,318,349,349,367,412,412,412,425,425,452,452,555,555,575,575,590,600,620,620,636,649,649,663,663,694,584,615,615,717,717,731,746,761,761,779,779,799,836,895,795,728,539,557,577,577,577],"floor_reached":51,"language":"ENG","playtime":2186,"items_purged":["Normality","ReplayTheSpireMod:Restless Dread"],"score":863,"play_id":"69830ffa-4c6a-4971-94c7-6ab48331cfcf","local_time":"20210126165144","is_ascension_mode":false,"campfire_choices":[{"data":"Death_Knell","floor":7.0,"key":"SMITH"},{"floor":15,"key":"REST"},{"data":"Summon_Vampire_Lady","floor":23,"key":"SMITH"},{"data":"Summon_Vampire_Lady","floor":28,"key":"SMITH"},{"floor":32,"key":"REST"},{"data":"Summon_Death_Knight","floor":40,"key":"SMITH"},{"data":"Summon_Undead_Army","floor":49,"key":"SMITH"}],"circlet_count":0,"master_deck":["Strike_W+1","Strike_W","Strike_W","Strike_W+1","Defend_W","Defend_W","Defend_W","Defend_W","Negative_Energy_Arrows+1","Bone_Wall+1","Blood_Curse","Exploit","Death_Knell+1","Vampiric_Strike","Blood_Whip","Bones_to_Steel","Summon_Vampire_Lady+1","Bone_Armor","Summon_Vampire_Lady+1","Grasp_Heart","Bone_Bullets+1","Bone_Armor","Detonate_Bones","Summon_Undead_Army+1","Bone_Armor","Summon_Death_Knight+1","Bone_Armor+1","Thousand_Bone_Knives+1","ReplayTheSpireMod:Faulty Equipment","Summon_Lich","Blood_Curse"],"relics":["Replay:Wanted Poster","Replay:PocketPolymizer","Gremlin Food","Unceasing Top","Cursed Key","ReplayTheSpireMod:Ninjato","Bronze Scales","Replay:Ringing Soul","DemoMod:RiddleOfLead","CeramicFish","DemoMod:MonsterBlood","Replay:Accelerometer","ReplayTheSpireMod:CursedCoin","Gremlin Horn"],"acts_visited":["Exordium","TheCity","TheBeyond"],"potions_floor_usage":[16,29,31,39,39,50,50],"damage_taken":[{"damage":0.0,"enemies":"Jaw Worm","floor":1.0,"turns":4.0},{"damage":3.0,"enemies":"Cultist","floor":3.0,"turns":4.0},{"damage":6.0,"enemies":"Small Slimes","floor":5.0,"turns":4.0},{"damage":17.0,"enemies":"Replay:BlueRogue","floor":6.0,"turns":7.0},{"damage":0,"enemies":"2 Fungi Beasts","floor":8,"turns":3},{"damage":15,"enemies":"Gremlin Gang","floor":12,"turns":4},{"damage":20,"enemies":"3 Sentries","floor":14,"turns":7},{"damage":23,"enemies":"The Guardian","floor":16,"turns":14},{"damage":3,"enemies":"3 Byrds","floor":18,"turns":4},{"damage":7,"enemies":"Chosen","floor":20,"turns":4},{"damage":2,"enemies":"Snecko","floor":21,"turns":4},{"damage":30,"enemies":"3 Cultists","floor":22,"turns":5},{"damage":13,"enemies":"Sentry and Sphere","floor":24,"turns":5},{"damage":12,"enemies":"Centurion and Healer","floor":25,"turns":6},{"damage":43,"enemies":"Snake Plant","floor":27,"turns":4},{"damage":33,"enemies":"Gremlin Leader","floor":29,"turns":8},{"damage":37,"enemies":"Book of Stabbing","floor":31,"turns":5},{"damage":84,"enemies":"Champ","floor":33,"turns":12},{"damage":7,"enemies":"3 Shapes","floor":35,"turns":4},{"damage":2,"enemies":"Orb Walker","floor":36,"turns":3},{"damage":12,"enemies":"Spire Growth","floor":37,"turns":5},{"damage":23,"enemies":"Jaw Worm Horde","floor":39,"turns":4},{"damage":18,"enemies":"3 Darklings","floor":41,"turns":4},{"damage":43,"enemies":"Giant Head","floor":42,"turns":10},{"damage":88,"enemies":"Reptomancer","floor":45,"turns":5},{"damage":2,"enemies":"4 Shapes","floor":47,"turns":6},{"damage":2,"enemies":"Jaw Worm Horde","floor":48,"turns":3},{"damage":121,"enemies":"Awakened One","floor":50,"turns":13}],"seed_played":"-7644263904357696049","potions_obtained":[{"floor":4.0,"key":"Elixir"},{"floor":4.0,"key":"FairyPotion"},{"floor":4.0,"key":"Dexterity Potion"},{"floor":16,"key":"SkillPotion"},{"floor":22,"key":"DemoMod:LeadSkinPotion"},{"floor":31,"key":"SteroidPotion"},{"floor":33,"key":"Fire Potion"},{"floor":37,"key":"AttackPotion"},{"floor":42,"key":"Regen Potion"},{"floor":48,"key":"SkillPotion"}],"is_trial":false,"path_per_floor":["M","?","M","?","M","E","R","M","T","$","?","M","?","E","R","B",null,"M","?","M","M","M","R","M","M","T","M","R","E","$","E","R","B",null,"M","M","M","T","M","R","M","E","T","$","E","$","M","M","R","B",null],"character_chosen":"NECROMANCER","items_purchased":["Summon_Undead_Army","ReplayTheSpireMod:CursedCoin","Summon_Lich","Gremlin Horn","Blood_Curse"],"campfire_rested":2,"item_purchase_floors":[30,46,46,46,46],"current_hp_per_floor":[75,64,61,61,55,38,38,38,38,38,63,50,35,17,39,20,75,74,74,75,75,59,59,61,67,67,40,40,42,42,17,40,31,91,90,91,87,90,70,70,69,84,94,94,15,18,49,50,50,6],"gold":577,"neow_bonus":"BOSS_RELIC","is_daily":false,"chose_seed":false,"campfire_upgraded":5,"win_rate":0.0,"timestamp":1611676304,"path_taken":["M","?","M","?","?","E","R","M","T","$","?","M","?","E","R","BOSS","M","?","M","M","?","R","M","M","T","M","R","E","$","E","R","BOSS","M","M","M","?","M","R","M","E","T","$","E","$","M","M","R","BOSS"],"items_purchased_type":["Card","Relic","Card","Relic","Card"],"build_version":"2020-12-22","purchased_purges":2,"victory":true,"max_hp_per_floor":[75,75,75,75,75,75,75,75,75,75,75,75,75,75,75,75,75,75,75,75,75,75,75,75,75,75,75,75,75,75,78,78,81,91,91,91,91,94,94,94,97,100,110,110,110,113,113,113,113,113],"card_choices":[{"not_picked":["Vampiric_Strike","Consume_Illness"],"picked":"Blood_Curse","floor":1.0},{"not_picked":["Blood_Whip","Spectral_Armor","Death_Coil"],"picked":"SKIP","floor":3.0},{"not_picked":["Consume_Illness","Necromantic_Selection"],"picked":"Exploit","floor":5.0},{"not_picked":["Necrotic_Claws","Blood_for_Blood"],"picked":"Death_Knell","floor":6.0},{"not_picked":["Life_Drain","Toxic_Smoke_Screen"],"picked":"Vampiric_Strike","floor":8},{"not_picked":["Flesh_Made_Foul","Consume_Illness"],"picked":"Blood_Whip","floor":12},{"not_picked":["Bone_Armor","Bone_Armory"],"picked":"Bones_to_Steel","floor":14},{"not_picked":["Blood_Wake","Hellfire"],"picked":"Summon_Vampire_Lady","floor":16},{"not_picked":["Bones_to_Steel","Blood_Is_Power"],"picked":"Bone_Armor","floor":18},{"not_picked":["Spectral_Walk","Necrotic_Claws"],"picked":"Grasp_Heart","floor":20},{"not_picked":["Necrotic_Claws","Negative_Energy_Javelin"],"picked":"Bone_Bullets+1","floor":21},{"not_picked":["Scare","Vampiric_Strike","Necrotic_Claws"],"picked":"SKIP","floor":22},{"not_picked":["Death_March_Dance+1","Negative_Energy_Mist"],"picked":"Bone_Armor","floor":24},{"not_picked":["Blood_Curse","Toxic_Smoke_Screen+1","Negative_Energy_Shield"],"picked":"SKIP","floor":25},{"not_picked":["Shackles_Of_Pain","Toxic_Smoke_Screen","Finger_Of_Death+1"],"picked":"SKIP","floor":27},{"not_picked":["Bone_Shift+1","Vampiric_Strike"],"picked":"Detonate_Bones","floor":29},{"not_picked":["Spectral_Walk+1","Death_Coil+1"],"picked":"Bone_Armor","floor":31},{"not_picked":["Blood_Wake","Cloudkill"],"picked":"Summon_Death_Knight","floor":33},{"not_picked":["Life_Drain","Vampiric_Strike+1","Bone_Shift"],"picked":"SKIP","floor":35},{"not_picked":["Bone_Spikes+1","Bone_Armor","Spectral_Walk"],"picked":"SKIP","floor":36},{"not_picked":["Death_Coil+1","Life_Drain+1","Violent_Necrosis"],"picked":"SKIP","floor":37},{"not_picked":["Blood_Whip","Bone_Spikes","Shackles_Of_Pain"],"picked":"SKIP","floor":39},{"not_picked":["Shade_Step+1","Violent_Necrosis+1"],"picked":"Bone_Armor+1","floor":41},{"not_picked":["Vampiric_Strike+1","Strike_from_Beyond+1"],"picked":"Thousand_Bone_Knives+1","floor":42},{"not_picked":["Negative_Energy_Sphere+1","Plague_Bolt+1","Death_Knell+1"],"picked":"SKIP","floor":45},{"not_picked":["Bone_Bullets+1","Exploit+1","Blood_Curse"],"picked":"SKIP","floor":47},{"not_picked":["Negative_Energy_Mist+1","Exploit+1","Blood_Curse+1"],"picked":"SKIP","floor":48}],"player_experience":314685,"relics_obtained":[{"floor":6.0,"key":"Replay:PocketPolymizer"},{"floor":9,"key":"Gremlin Food"},{"floor":14,"key":"Unceasing Top"},{"floor":26,"key":"ReplayTheSpireMod:Ninjato"},{"floor":29,"key":"Bronze Scales"},{"floor":31,"key":"Replay:Ringing Soul"},{"floor":42,"key":"CeramicFish"},{"floor":43,"key":"DemoMod:MonsterBlood"},{"floor":45,"key":"Replay:Accelerometer"}],"event_choices":[{"damage_healed":0.0,"max_hp_gain":0.0,"max_hp_loss":0.0,"gold_gain":75.0,"event_name":"World of Goop","player_choice":"Gather Gold","floor":2.0,"gold_loss":0.0,"damage_taken":11.0},{"damage_healed":0.0,"max_hp_gain":0.0,"max_hp_loss":0.0,"gold_gain":0.0,"event_name":"Lab","player_choice":"Got Potions","floor":4.0,"gold_loss":0.0,"damage_taken":0.0},{"damage_healed":25,"gold_gain":0,"player_choice":"Banana","damage_taken":0,"max_hp_gain":0,"max_hp_loss":0,"event_name":"Big Fish","floor":11,"gold_loss":0},{"damage_healed":0,"gold_gain":0,"player_choice":"Entered Light","damage_taken":15,"max_hp_gain":0,"max_hp_loss":0,"event_name":"Shining Light","floor":13,"gold_loss":0,"cards_upgraded":["Negative_Energy_Arrows","Bone_Wall"]},{"damage_healed":0,"gold_gain":0,"player_choice":"Copied","damage_taken":0,"max_hp_gain":0,"max_hp_loss":0,"event_name":"Duplicator","floor":19,"gold_loss":0,"cards_obtained":["Summon_Vampire_Lady"]}],"is_beta":false,"boss_relics":[{"not_picked":["Busted Crown","Kintsugi"],"picked":"Cursed Key"},{"not_picked":["Coffee Dripper","Tiny House"],"picked":"DemoMod:RiddleOfLead"}],"items_purged_floors":[30,44],"is_endless":false,"potions_floor_spawned":[8,16,22,25,27,31,33,37,42,48],"ascension_level":0}}