{"host":"Mute","time":1611633811,"event":{"mods":["BaseMod","Colored Map","Downfall","Minty Spire (QoL Compilation)","StSLib"],"gold_per_floor":[99,113,132,144,157,192,192,192,206,306,318,350,350,366,385,385,385,385],"floor_reached":16,"language":"ENG","playtime":1185,"items_purged":[],"score":116,"play_id":"9ecef8f8-fa4a-4459-a860-24d07e7d7f44","local_time":"20210125230331","is_ascension_mode":false,"campfire_choices":[{"data":"Secret Weapon","floor":1,"key":"SMITH"},{"data":"hexamod:FastForward","floor":8,"key":"SMITH"},{"data":"hexamod:FastForward","floor":13,"key":"SMITH"}],"circlet_count":0,"master_deck":["hexamod:Strike","hexamod:Strike","hexamod:Strike","hexamod:Strike","hexamod:Defend","hexamod:Defend","hexamod:Defend","hexamod:Defend","hexamod:Sear","hexamod:Float","Shame","Secret Weapon+1","hexamod:FastForward+1","hexamod:ThermalTransfer","hexamod:RainOfEmbers","hexamod:FlamesFromBeyond","hexamod:AdvancingGuard","hexamod:SkipABeat","hexamod:WildfireWeapon","hexamod:FastForward+1","hexamod:ExtraCrispy","hexamod:EmpoweredFlame"],"relics":["hexamod:SpiritBrand","Toy Ornithopter","Lantern","Blue Candle"],"acts_visited":["Exordium"],"potions_floor_usage":[],"damage_taken":[{"damage":6,"enemies":"Jaw Worm","floor":2,"turns":4},{"damage":1,"enemies":"Cultist","floor":3,"turns":4},{"damage":0,"enemies":"2 Louse","floor":4,"turns":2},{"damage":0,"enemies":"Large Slime","floor":5,"turns":5},{"damage":18,"enemies":"3 Sentries","floor":6,"turns":6},{"damage":4,"enemies":"2 Fungi Beasts","floor":9,"turns":3},{"damage":1,"enemies":"Exordium Wildlife","floor":11,"turns":4},{"damage":8,"enemies":"Gremlin Nob","floor":12,"turns":3},{"damage":14,"enemies":"Large Slime","floor":14,"turns":3},{"damage":2,"enemies":"Blue Slaver","floor":15,"turns":3},{"damage":16,"enemies":"SI_SHIV_ARCHETYPE","floor":16,"turns":7}],"seed_played":"5721402628221676653","potions_obtained":[{"floor":6,"key":"PowerPotion"},{"floor":9,"key":"Dexterity Potion"},{"floor":12,"key":"ColorlessPotion"}],"is_trial":false,"path_per_floor":["R","M","M","M","M","E","T","R","M","?","M","E","R","M","M","B"],"character_chosen":"THE_SPIRIT","items_purchased":[],"campfire_rested":0,"item_purchase_floors":[],"current_hp_per_floor":[70,64,63,63,63,45,45,45,41,41,40,32,32,18,16,0,0,0],"gold":385,"neow_bonus":"RANDOM_COLORLESS_2","is_daily":false,"chose_seed":false,"campfire_upgraded":3,"win_rate":0.0,"timestamp":1611633811,"path_taken":["R","M","M","M","M","E","T","R","M","?","M","E","R","M","M","BOSS"],"items_purchased_type":[],"build_version":"2020-12-18","purchased_purges":0,"victory":false,"max_hp_per_floor":[70,70,70,70,70,70,70,70,70,70,70,70,70,70,70,70,70,70],"card_choices":[{"not_picked":["Violence","Chrysalis"],"picked":"Secret Weapon","floor":0},{"not_picked":["hexamod:GhostShield","hexamod:BacktrackSmack"],"picked":"hexamod:FastForward","floor":2},{"not_picked":["hexamod:HauntingEcho","hexamod:Hexaguard"],"picked":"hexamod:ThermalTransfer","floor":3},{"not_picked":["hexamod:GhostLash","hexamod:SpectersWail"],"picked":"hexamod:RainOfEmbers","floor":4},{"not_picked":["hexamod:SwordOfDarkness","hexamod:HauntingEcho"],"picked":"hexamod:FlamesFromBeyond","floor":5},{"not_picked":["hexamod:GhostLash","hexamod:ShieldOfDarkness"],"picked":"hexamod:AdvancingGuard","floor":6},{"not_picked":["hexamod:Hexaguard","hexamod:RecurringNightmare"],"picked":"hexamod:SkipABeat","floor":9},{"not_picked":["hexamod:GhostLash","hexamod:GhostShield"],"picked":"hexamod:WildfireWeapon","floor":11},{"not_picked":["hexamod:SwordOfDarkness","hexamod:BacktrackSmack"],"picked":"hexamod:FastForward","floor":12},{"not_picked":["hexamod:GhostShield","hexamod:FastForward"],"picked":"hexamod:ExtraCrispy","floor":14},{"not_picked":["hexamod:SpectersWail","hexamod:InspiringFlames"],"picked":"hexamod:EmpoweredFlame","floor":15}],"player_experience":453422,"relics_obtained":[{"floor":6,"key":"Toy Ornithopter"},{"floor":7,"key":"Lantern"},{"floor":12,"key":"Blue Candle"}],"event_choices":[],"is_beta":true,"boss_relics":[],"items_purged_floors":[],"is_endless":false,"potions_floor_spawned":[6,9,12,14,15],"killed_by":"SI_SHIV_ARCHETYPE","ascension_level":0}}