{"host":"lr515x7bpk6b6t09","time":1611686648,"event":{"mods":["Act Like it!","BaseMod","Better Third Choice","CapriCore","Downfall","Gensokyo","Marisa£®ÏF”Í°°ƒß¿Ì…≥£©","Minty Spire (QoL Compilation)","Prisma Mod","Quick Restart","Relic Stats","Shop Mod","Spire Birthday Party","StSLib","The Cursed","The Jungle","The Marked","Waifu the Spire","Youmu£®ªÍ∆«—˝√Œ£©","[IsaacMod]“‘»ˆº‚À˛","°æ“≈ŒÔø®≈∆°øREMEMod"],"gold_per_floor":[109,109,109,123,48,75,91,91,91,125,135,167,342,372,372,476,476,496,213,213,213,495,508,526,555,555,565,21,21,80,133,133,270,282,312,324,360,388,63,63,75,75,122,122,33,56,73,118,118,118,118,118,16,16,16],"floor_reached":54,"language":"ZHS","playtime":3461,"items_purged":["Pain","Doubt","Strike_P","Defend_P","Defend_P","Strike_P"],"score":893,"play_id":"da91bc9c-14fa-4e6f-9c45-637f0f950c50","local_time":"20210127024408","is_ascension_mode":false,"campfire_choices":[{"data":"Eruption","floor":8,"key":"SMITH"},{"data":"PathToVictory","floor":15,"key":"SMITH"},{"floor":29,"key":"DIG"},{"floor":32,"key":"DIG"},{"floor":40,"key":"RECALL"},{"data":"Madness","floor":49,"key":"SMITH"},{"data":"Magnetism","floor":52,"key":"SMITH"}],"circlet_count":0,"master_deck":["Strike_P","Defend_P","Eruption+1","Vigilance+1","REME_AllRoundStrike+1","Consecrate","ClearTheMind+1","PathToVictory","PathToVictory+1","Halt","EmptyFist+1","Judgement+1","LessonLearned","REME_Repentance","Finesse","Consecrate+1","FlurryOfBlows","PathToVictory","SandsOfTime+1","DeusExMachina","Madness","Madness+1","Magnetism+1","Adaptation","REME_PuzzleBox","FollowUp"],"relics":["HolyWater","REME_ComplimentaryCards","HushsDoor","NeowsBlessing","WarpedTongs","Odd Mushroom","Busted Crown","MerchantsRug","REME_CardOfGreed","theJungle:BirthdayCakeSlice","InkBottle","REME_HandOfSuture","Nunchaku","Vajra","Shuriken","CatCart","Gambling Chip"],"acts_visited":["Exordium","theJungle:Jungle","TheBeyond","TheEnding"],"potions_floor_usage":[16],"damage_taken":[{"damage":0.0,"enemies":"Jaw Worm","floor":1.0,"turns":1.0},{"damage":0.0,"enemies":"Cultist","floor":4.0,"turns":1.0},{"damage":0,"enemies":"3 Sentries","floor":6,"turns":1},{"damage":4,"enemies":"2 Louse","floor":7,"turns":3},{"damage":13,"enemies":"Lagavulin","floor":10,"turns":4},{"damage":0,"enemies":"2 Fungi Beasts","floor":11,"turns":3},{"damage":16,"enemies":"Gremlin Nob","floor":12,"turns":3},{"damage":11,"enemies":"The Mushroom Lair","floor":14,"turns":3},{"damage":0,"enemies":"Slime Boss","floor":16,"turns":3},{"damage":0,"enemies":"theJungle:5_Spyders","floor":18,"turns":4},{"damage":0,"enemies":"theJungle:GiantWrat","floor":23,"turns":2},{"damage":16,"enemies":"theJungle:SlimyTreeVines","floor":24,"turns":6},{"damage":12,"enemies":"theJungle:2_Phrogs","floor":25,"turns":4},{"damage":0,"enemies":"theJungle:Lyon","floor":27,"turns":2},{"damage":0,"enemies":"theJungle:2_Snecko_Cultists","floor":30,"turns":2},{"damage":1,"enemies":"theJungle:Cassacara","floor":31,"turns":3},{"damage":0,"enemies":"theJungle:FunGuy","floor":33,"turns":5},{"damage":0,"enemies":"Orb Walker","floor":35,"turns":1},{"damage":0,"enemies":"3 Darklings","floor":37,"turns":2},{"damage":0,"enemies":"Transient","floor":38,"turns":5},{"damage":0,"enemies":"Spire Growth","floor":41,"turns":1},{"damage":21,"enemies":"Writhing Mass","floor":47,"turns":3},{"damage":17,"enemies":"Orin","floor":48,"turns":4},{"damage":19,"enemies":"Donu and Deca","floor":50,"turns":5},{"damage":0,"enemies":"Shield and Spear","floor":54,"turns":2}],"seed_played":"2738698649446957506","potions_obtained":[{"floor":11,"key":"Energy Potion"},{"floor":12,"key":"Block Potion"},{"floor":14,"key":"SteroidPotion"},{"floor":16,"key":"Regen Potion"},{"floor":25,"key":"PowerPotion"},{"floor":31,"key":"GamblersBrew"},{"floor":33,"key":"AttackPotion"},{"floor":35,"key":"Fire Potion"},{"floor":41,"key":"LiquidMemories"}],"is_trial":false,"path_per_floor":["M","?","T","M","$","E","M","R","T","E","M","E","?","?","R","B",null,"M","$","?","?","$","M","M","E","T","M","$","R","M","E","R","B",null,"M","?","M","M","$","R","M","?","T","?","$","T","M","?","R","B",null,"R","$","E"],"character_chosen":"WATCHER","items_purchased":["LessonLearned","MerchantsRug","Finesse","REME_CardOfGreed","Strange Spoon","InkBottle","REME_HandOfSuture","PreservedInsect","Nunchaku","OrangePellets","FlurryOfBlows","Magnetism","Shuriken","REME_PuzzleBox","PowerPotion","Gambling Chip"],"campfire_rested":0,"item_purchase_floors":[17,19,19,19,22,22,22,28,28,28,28,39,39,45,53,53],"current_hp_per_floor":[72,72,72,72,72,72,68,68,68,57,59,43,43,32,32,32,72,72,72,64,69,69,71,63,63,63,63,63,63,63,62,62,64,90,92,80,82,84,84,84,86,86,86,86,86,86,65,53,53,34,98,98,98,98,98],"gold":16,"neow_bonus":"THREE_ENEMY_KILL","is_daily":false,"chose_seed":false,"campfire_upgraded":4,"win_rate":0.0,"timestamp":1611686648,"path_taken":["M","?","?","M","$","E","M","R","T","E","M","E","?","?","R","BOSS","M","$","?","?","?","M","?","E","T","M","$","R","M","E","R","BOSS","M","?","M","M","$","R","M","?","T","?","$","?","?","?","R","BOSS","R","$","E"],"items_purchased_type":["Card","Relic","Card","Relic","Relic","Relic","Relic","Relic","Relic","Relic","Card","Card","Relic","Card","Potion","Relic"],"build_version":"2020-12-22","purchased_purges":6,"victory":false,"max_hp_per_floor":[72,72,72,72,72,72,72,72,72,74,76,76,76,76,76,76,72,72,72,72,77,77,79,81,93,93,93,93,93,93,93,93,95,90,92,92,94,96,96,96,98,98,98,98,98,98,93,98,98,98,98,98,98,98,98],"relic_stats":{"Nunchaku":[15],"Busted Crown":34,"counters":[25,73],"Shuriken":[18],"Gambling Chip":[2],"obtain_stats":[{"Singing Bowl":6,"Vajra":31,"REME_IWantAll":10,"Nunchaku":28,"Centennial Puzzle":43,"Shovel":26,"theJungle:BirthdayCakeSlice":21,"PillsDrop":46,"Gambling Chip":53,"REME_ArchaeologicalTools":29,"InkBottle":22,"KeepersGift":0,"MerchantsRug":19,"Pear":25,"NeowsBlessing":0,"BookOfRevelations":0,"PreservedInsect":28,"Odd Mushroom":14,"MawBank":32,"WarpedTongs":2,"Mercury Hourglass":9,"Strange Spoon":22,"OrangePellets":28,"Busted Crown":17,"Shuriken":39,"HolyWater":34,"REME_HandOfSuture":22,"REME_CardOfGreed":19,"PureWater":0,"CatCart":48,"HushsDoor":0,"TungstenRod":12,"REME_ComplimentaryCards":0},{"Singing Bowl":3,"Vajra":16,"REME_IWantAll":5,"Nunchaku":14,"Centennial Puzzle":21,"Shovel":13,"theJungle:BirthdayCakeSlice":10,"PillsDrop":21,"Gambling Chip":24,"REME_ArchaeologicalTools":14,"InkBottle":10,"KeepersGift":0,"MerchantsRug":10,"Pear":13,"NeowsBlessing":0,"BookOfRevelations":0,"PreservedInsect":14,"Odd Mushroom":8,"MawBank":16,"WarpedTongs":1,"Mercury Hourglass":4,"Strange Spoon":10,"OrangePellets":14,"Busted Crown":9,"Shuriken":20,"HolyWater":17,"REME_HandOfSuture":10,"REME_CardOfGreed":10,"PureWater":0,"CatCart":23,"HushsDoor":0,"TungstenRod":7,"REME_ComplimentaryCards":0},{"Singing Bowl":3,"Vajra":45,"REME_IWantAll":10,"Nunchaku":40,"Centennial Puzzle":59,"Shovel":38,"theJungle:BirthdayCakeSlice":26,"PillsDrop":59,"Gambling Chip":71,"REME_ArchaeologicalTools":40,"InkBottle":26,"KeepersGift":0,"MerchantsRug":26,"Pear":38,"NeowsBlessing":0,"BookOfRevelations":0,"PreservedInsect":40,"Odd Mushroom":19,"MawBank":45,"WarpedTongs":1,"Mercury Hourglass":6,"Strange Spoon":26,"OrangePellets":40,"Busted Crown":22,"Shuriken":58,"HolyWater":50,"REME_HandOfSuture":26,"REME_CardOfGreed":26,"PureWater":0,"CatCart":66,"HushsDoor":0,"TungstenRod":16,"REME_ComplimentaryCards":0}],"InkBottle":[40],"WarpedTongs":[72]},"card_choices":[{"not_picked":["MasterReality","JustLucky"],"picked":"Consecrate","floor":1.0},{"not_picked":["Fasting2","Meditate"],"picked":"ClearTheMind","floor":4.0},{"not_picked":["ClearTheMind","Perseverance"],"picked":"PathToVictory","floor":6},{"not_picked":["FollowUp","Perseverance"],"picked":"PathToVictory","floor":7},{"not_picked":["Wallop","CarveReality","TalkToTheHand"],"picked":"Singing Bowl","floor":10},{"not_picked":["ClearTheMind","CrushJoints","Collect"],"picked":"Singing Bowl","floor":11},{"not_picked":["Pray","Adaptation"],"picked":"Halt","floor":12},{"not_picked":["Brilliance","Tantrum"],"picked":"EmptyFist","floor":14},{"not_picked":["Vault","Omniscience"],"picked":"Judgement","floor":16},{"not_picked":[],"picked":"REME_Repentance","floor":18},{"not_picked":["Perseverance+1"],"picked":"Singing Bowl","floor":23},{"not_picked":["BowlingBash"],"picked":"Singing Bowl","floor":24},{"not_picked":["JustLucky"],"picked":"Singing Bowl","floor":25},{"not_picked":[],"picked":"Consecrate+1","floor":27},{"not_picked":[],"picked":"PathToVictory","floor":30},{"not_picked":[],"picked":"SandsOfTime+1","floor":31},{"not_picked":["Guardian:Gem_Cyan","Guardian:Gem_Red","Guardian:Gem_Lightblue"],"picked":"Singing Bowl","floor":33},{"not_picked":[],"picked":"DeusExMachina","floor":33},{"not_picked":["EmptyBody"],"picked":"Singing Bowl","floor":35},{"not_picked":["Nirvana+1"],"picked":"Singing Bowl","floor":37},{"not_picked":["Crescendo"],"picked":"Singing Bowl","floor":38},{"not_picked":["EmptyBody+1"],"picked":"Singing Bowl","floor":41},{"not_picked":[],"picked":"FollowUp","floor":47},{"not_picked":["REME_Repentance+1"],"picked":"Singing Bowl","floor":48}],"player_experience":175780,"relics_obtained":[{"floor":6,"key":"Singing Bowl"},{"floor":9,"key":"Mercury Hourglass"},{"floor":10,"key":"REME_IWantAll"},{"floor":12,"key":"TungstenRod"},{"floor":14,"key":"Odd Mushroom"},{"floor":25,"key":"Pear"},{"floor":26,"key":"Shovel"},{"floor":29,"key":"REME_ArchaeologicalTools"},{"floor":31,"key":"Vajra"},{"floor":32,"key":"MawBank"},{"floor":43,"key":"Centennial Puzzle"},{"floor":46,"key":"PillsDrop"},{"floor":48,"key":"CatCart"}],"event_choices":[{"damage_healed":0.0,"max_hp_gain":0.0,"max_hp_loss":0.0,"gold_gain":0.0,"event_name":"Accursed Blacksmith","player_choice":"Rummage","floor":2.0,"gold_loss":0.0,"damage_taken":0.0,"relics_obtained":["WarpedTongs"],"cards_obtained":["Pain"]},{"damage_healed":0,"gold_gain":175,"player_choice":"AGREE","damage_taken":167,"max_hp_gain":0,"max_hp_loss":0,"event_name":"betterThird:BetterSerpent","floor":13,"gold_loss":0},{"damage_healed":0,"gold_gain":0,"player_choice":"Fought Mushrooms","damage_taken":0,"max_hp_gain":0,"max_hp_loss":0,"event_name":"Mushrooms","floor":14,"gold_loss":0},{"damage_healed":0,"gold_gain":0,"player_choice":"Embrace Madness","damage_taken":12,"max_hp_gain":0,"max_hp_loss":0,"event_name":"Winding Halls","floor":36,"gold_loss":0,"cards_obtained":["Madness","Madness"]},{"damage_healed":0,"gold_gain":0,"cards_transformed":["Strike_P"],"player_choice":"Transformed","damage_taken":0,"max_hp_gain":0,"max_hp_loss":0,"event_name":"Transmorgrifier","floor":42,"gold_loss":0,"cards_obtained":["Adaptation"]},{"cards_removed":["Defend_P"],"damage_healed":0,"gold_gain":0,"player_choice":"Removed Skill","damage_taken":0,"max_hp_gain":0,"max_hp_loss":0,"event_name":"Falling","floor":44,"gold_loss":0},{"damage_healed":0,"gold_gain":0,"player_choice":"Fight","damage_taken":0,"max_hp_gain":0,"max_hp_loss":0,"event_name":"OrinTheCat","floor":48,"gold_loss":0}],"is_beta":false,"boss_relics":[{"not_picked":["Runic Dome","Tiny House"],"picked":"Busted Crown"},{"not_picked":[]},{"not_picked":["REME_DuelDisc","Fusion Hammer"],"picked":"HolyWater"},{"not_picked":[]}],"items_purged_floors":[5,19,22,28,34,39],"is_endless":false,"potions_floor_spawned":[11,12,14,16,18,25,31,33,35,38,41],"killed_by":"Shield and Spear","ascension_level":0}}