{"host":"rj1j8apb2x4vafcu","time":1611683986,"event":{"mods":["AchievementEnabler","Act Like it!","BaseMod","Colored Map","Colored Powertips","Minty Spire (QoL Compilation)","Rare Cards Sparkle","StSLib"],"gold_per_floor":[115,134,134,409,424,424,438,473,541,541,243,271,291,291,291,394,394,412,19,35,61,78,78,89,89,116,147,147,147,147,165,165,266,266,278,288,60,74,92,92,92],"floor_reached":40,"language":"ENG","playtime":3116,"items_purged":["Regret","Strike_R+1"],"score":485,"play_id":"d2399d4a-daf0-4ae3-8eb2-cf4a1f7a5df1","local_time":"20210126155946","is_ascension_mode":true,"campfire_choices":[{"data":"Armaments","floor":6,"key":"SMITH"},{"data":"Metallicize","floor":10,"key":"SMITH"},{"floor":15,"key":"REST"},{"floor":23,"key":"REST"},{"floor":25,"key":"REST"},{"data":"Rupture","floor":28,"key":"SMITH"},{"data":"Seeing Red","floor":30,"key":"SMITH"},{"floor":32,"key":"REST"}],"circlet_count":0,"master_deck":["Strike_R+1","Strike_R+1","Defend_R","Defend_R","Defend_R","Bash","Hemokinesis","Armaments+1","Pommel Strike","Metallicize+1","Seeing Red+1","Rupture+1","Disarm","Brutality","Warcry","Rage","Feed","Rage","Rupture+1","Armaments","Sword Boomerang+1","Offering","Infernal Blade","Shrug It Off","Hemokinesis","Battle Trance","Double Tap"],"relics":["Burning Blood","Mango","Mercury Hourglass","Whetstone","Red Skull","Philosopher\u0027s Stone","MealTicket","Red Mask","Bag of Marbles","Blue Candle","Mummified Hand","Sozu"],"acts_visited":["Exordium","TheCity","TheBeyond"],"potions_floor_usage":[12,13,16,22,33],"damage_taken":[{"damage":9,"enemies":"2 Louse","floor":1,"turns":3},{"damage":3,"enemies":"Cultist","floor":2,"turns":3},{"damage":12,"enemies":"Jaw Worm","floor":5,"turns":2},{"damage":24,"enemies":"Gremlin Gang","floor":7,"turns":4},{"damage":7,"enemies":"Gremlin Nob","floor":8,"turns":3},{"damage":12,"enemies":"3 Sentries","floor":12,"turns":5},{"damage":13,"enemies":"Exordium Thugs","floor":13,"turns":3},{"damage":38,"enemies":"The Guardian","floor":16,"turns":9},{"damage":8,"enemies":"Shell Parasite","floor":18,"turns":5},{"damage":16,"enemies":"Spheric Guardian","floor":20,"turns":4},{"damage":50,"enemies":"Masked Bandits","floor":21,"turns":4},{"damage":7,"enemies":"Snecko","floor":22,"turns":4},{"damage":24,"enemies":"Sentry and Sphere","floor":24,"turns":5},{"damage":27,"enemies":"Book of Stabbing","floor":27,"turns":5},{"damage":11,"enemies":"Chosen and Byrds","floor":31,"turns":6},{"damage":22,"enemies":"Champ","floor":33,"turns":8},{"damage":7,"enemies":"Orb Walker","floor":35,"turns":3},{"damage":26,"enemies":"3 Shapes","floor":36,"turns":4},{"damage":54,"enemies":"Spire Growth","floor":38,"turns":6},{"damage":27,"enemies":"Jaw Worm Horde","floor":39,"turns":4},{"damage":31,"enemies":"Nemesis","floor":40,"turns":2}],"seed_played":"4506781523700825959","potions_obtained":[{"floor":1,"key":"Energy Potion"},{"floor":2,"key":"Strength Potion"},{"floor":8,"key":"Regen Potion"},{"floor":12,"key":"AttackPotion"},{"floor":21,"key":"Swift Potion"},{"floor":31,"key":"Fire Potion"}],"is_trial":false,"path_per_floor":["M","M","?","?","M","R","M","E","T","R","$","E","M","?","R","B",null,"M","$","M","?","M","R","M","R","T","E","R","T","R","M","R","B",null,"M","M","$","M","M","E"],"character_chosen":"IRONCLAD","items_purchased":["Seeing Red","Whetstone","MealTicket","Rage","Feed","Shrug It Off","Hemokinesis"],"campfire_rested":4,"item_purchase_floors":[11,11,19,19,19,37,37],"current_hp_per_floor":[69,72,58,58,52,52,34,47,47,47,47,41,43,36,61,29,86,84,84,74,30,29,54,39,65,65,44,44,44,44,39,65,49,89,88,71,86,38,20,0,0],"gold":92,"neow_bonus":"REMOVE_TWO","is_daily":false,"chose_seed":false,"campfire_upgraded":4,"win_rate":0.0,"timestamp":1611683986,"path_taken":["M","M","?","?","M","R","M","E","T","R","$","E","?","?","R","BOSS","M","$","M","?","M","R","M","R","T","E","R","?","R","M","R","BOSS","M","M","$","M","?","E"],"items_purchased_type":["Card","Relic","Relic","Card","Card","Card","Card"],"build_version":"2020-12-22","purchased_purges":2,"victory":false,"max_hp_per_floor":[72,72,72,72,72,72,72,86,86,86,86,86,86,86,86,86,86,86,86,86,86,86,86,89,89,89,89,89,89,89,89,89,89,89,89,92,92,92,95,95,95],"card_choices":[{"not_picked":["Inflame","Blood for Blood"],"picked":"Hemokinesis","floor":1},{"not_picked":["Perfected Strike","Feel No Pain"],"picked":"Armaments","floor":2},{"not_picked":["Anger","Shockwave"],"picked":"Pommel Strike","floor":5},{"not_picked":["Havoc","Exhume","Perfected Strike"],"picked":"SKIP","floor":7},{"not_picked":["Armaments","Clothesline"],"picked":"Metallicize","floor":8},{"not_picked":["Heavy Blade","Clash"],"picked":"Rupture","floor":12},{"not_picked":["Flex","Blood for Blood"],"picked":"Disarm","floor":13},{"not_picked":["Offering","Fiend Fire"],"picked":"Brutality","floor":16},{"not_picked":["Metallicize","Perfected Strike"],"picked":"Warcry","floor":18},{"not_picked":["Searing Blow","Thunderclap","Anger"],"picked":"SKIP","floor":20},{"not_picked":["Flex+1","Bludgeon"],"picked":"Rage","floor":21},{"not_picked":["Havoc","Dual Wield+1"],"picked":"Rupture+1","floor":22},{"not_picked":["Clothesline","Twin Strike"],"picked":"Armaments","floor":24},{"not_picked":["Second Wind+1","Shockwave+1","Wild Strike+1"],"picked":"SKIP","floor":27},{"not_picked":["Cleave+1","Pommel Strike+1"],"picked":"Sword Boomerang+1","floor":31},{"not_picked":["Immolate","Brutality"],"picked":"Offering","floor":33},{"not_picked":["Disarm+1","Dark Embrace"],"picked":"Infernal Blade","floor":35},{"not_picked":["Anger+1","Perfected Strike","Sword Boomerang"],"picked":"SKIP","floor":36},{"not_picked":["Armaments","Intimidate"],"picked":"Battle Trance","floor":38},{"not_picked":["True Grit+1","Carnage"],"picked":"Double Tap","floor":39}],"player_experience":126704,"relics_obtained":[{"floor":8,"key":"Mango"},{"floor":9,"key":"Mercury Hourglass"},{"floor":12,"key":"Red Skull"},{"floor":21,"key":"Red Mask"},{"floor":26,"key":"Bag of Marbles"},{"floor":27,"key":"Blue Candle"},{"floor":29,"key":"Mummified Hand"}],"event_choices":[{"damage_healed":0,"gold_gain":0,"player_choice":"Entered Light","damage_taken":14,"max_hp_gain":0,"max_hp_loss":0,"event_name":"Shining Light","floor":3,"gold_loss":0,"cards_upgraded":["Strike_R","Strike_R"]},{"damage_healed":0,"gold_gain":275,"player_choice":"Desecrate","damage_taken":0,"max_hp_gain":0,"max_hp_loss":0,"event_name":"Golden Shrine","floor":4,"gold_loss":0,"cards_obtained":["Regret"]},{"cards_removed":["Strike_R"],"damage_healed":0,"gold_gain":0,"player_choice":"Card Removal","damage_taken":7,"max_hp_gain":0,"max_hp_loss":0,"event_name":"Golden Wing","floor":14,"gold_loss":0},{"damage_healed":0,"gold_gain":0,"player_choice":"Fought Bandits","damage_taken":0,"max_hp_gain":0,"max_hp_loss":0,"event_name":"Masked Bandits","floor":21,"gold_loss":0}],"is_beta":false,"boss_relics":[{"not_picked":["Calling Bell","Pandora\u0027s Box"],"picked":"Philosopher\u0027s Stone"},{"not_picked":["Empty Cage","Fusion Hammer"],"picked":"Sozu"}],"items_purged_floors":[11,37],"is_endless":false,"potions_floor_spawned":[1,2,8,12,21,31,36,38],"killed_by":"Nemesis","ascension_level":2}}