{"host":"i6fsgsx2qwsg1do0","time":1611632239,"event":{"mods":["BaseMod","Colored Powertips","Conspire","Downfall","Hubris","Infinite Spire","Minty Spire (QoL Compilation)","Replay The Spire","StSLib","vexMod"],"gold_per_floor":[118,118,130,130,90,90,100,116,116,116,132,132,132,142,142,239,239,257,274,32,42,52,52,52,67,145,18,18,18],"floor_reached":28,"language":"ENG","playtime":1864,"items_purged":["downfall:Bewildered"],"score":297,"play_id":"0ed81682-8904-4644-81b6-376807e9e990","local_time":"20210125223719","is_ascension_mode":true,"campfire_choices":[{"data":"Setup","floor":6,"key":"SMITH"},{"data":"Bane","floor":10,"key":"SMITH"},{"data":"Heel Hook","floor":13,"key":"SMITH"},{"data":"Accuracy","floor":15,"key":"SMITH"},{"floor":23,"key":"REST"}],"circlet_count":0,"master_deck":["Strike_G","Strike_G","Strike_G","Strike_G","Strike_G","Defend_G","Defend_G","Defend_G","Defend_G","Defend_G","Survivor","Neutralize","Setup+1","PiercingWail","Sucker Punch+1","Heel Hook+1","Bane+1","ReplayTheSpireMod:From All Sides","Dagger Spray","Quick Slash+1","hubris:DuctTapeCard","Dagger Throw","Acrobatics","conspire:DoublingDagger","Dagger Throw"],"relics":["Ring of the Snake","NeowsBlessing","ReplayTheSpireMod:Ring of Addiction","Ring of Peace","Toy Ornithopter","hubris:EmptyBottle","Unceasing Top","WristBlade","hubris:DuctTape","sneckomod:BabySnecko"],"acts_visited":["Exordium","TheCity"],"potions_floor_usage":[11,14,16,18,19,19,19,21,22,25,28],"damage_taken":[{"damage":0,"enemies":"Small Slimes","floor":1,"turns":1},{"damage":0,"enemies":"2 Louse","floor":3,"turns":1},{"damage":0,"enemies":"Cultist","floor":7,"turns":1},{"damage":0,"enemies":"3 Louse","floor":8,"turns":5},{"damage":0,"enemies":"Blue Slaver","floor":11,"turns":3},{"damage":0,"enemies":"Large Slime","floor":14,"turns":5},{"damage":9,"enemies":"Slime Boss","floor":16,"turns":13},{"damage":23,"enemies":"Chosen","floor":18,"turns":5},{"damage":0,"enemies":"Shell Parasite","floor":19,"turns":4},{"damage":4,"enemies":"Centurion and Healer","floor":21,"turns":9},{"damage":35,"enemies":"Sentry and Sphere","floor":22,"turns":6},{"damage":31,"enemies":"3 Cultists","floor":25,"turns":6},{"damage":30,"enemies":"Slavers","floor":28,"turns":2}],"seed_played":"-4934648531773374849","potions_obtained":[{"floor":2,"key":"Venom Potion"},{"floor":2,"key":"hexamod:SoulburnPotion"},{"floor":2,"key":"Guardian:BlockOnCardUsePotion"},{"floor":16,"key":"Energy Potion"},{"floor":18,"key":"Energy Potion"},{"floor":21,"key":"BlessingOfTheForge"}],"is_trial":false,"path_per_floor":["M","?","M","?","$","R","M","M","T","R","M","?","R","M","R","B",null,"M","M","$","M","M","R","?","M","T","$","E"],"character_chosen":"THE_SILENT","items_purchased":["Sucker Punch+1","hubris:DuctTape","Dagger Throw"],"campfire_rested":1,"item_purchase_floors":[5,20,27],"current_hp_per_floor":[63,63,63,63,63,63,63,63,63,63,66,66,66,66,66,57,64,43,58,58,59,29,48,48,22,22,22,0,0],"gold":18,"neow_bonus":"THREE_ENEMY_KILL","is_daily":false,"chose_seed":false,"campfire_upgraded":4,"win_rate":0.0,"timestamp":1611632239,"path_taken":["M","?","M","?","$","R","M","M","T","R","M","?","R","M","R","BOSS","M","M","$","M","M","R","?","M","T","$","E"],"items_purchased_type":["Card","Relic","Card"],"build_version":"2020-12-22","purchased_purges":1,"victory":false,"max_hp_per_floor":[70,70,70,70,70,68,68,68,66,66,66,66,66,66,66,66,66,66,66,66,66,66,66,66,66,66,66,66,66],"card_choices":[{"not_picked":["Slice","hubris:SlightOfHand"],"picked":"Setup","floor":1},{"not_picked":["Deflect","Flying Knee"],"picked":"PiercingWail","floor":3},{"not_picked":["Accuracy","Endless Agony"],"picked":"Heel Hook","floor":7},{"not_picked":["Predator","Concentrate"],"picked":"Bane","floor":8},{"not_picked":["Fluid Movement","Flying Knee"],"picked":"Blade Dance","floor":11},{"not_picked":["Flying Knee","Well Laid Plans"],"picked":"Accuracy","floor":14},{"not_picked":["Malaise","Atom Bomb"],"picked":"ReplayTheSpireMod:From All Sides","floor":16},{"not_picked":["hubris:SlightOfHand","All Out Attack"],"picked":"Dagger Spray","floor":18},{"not_picked":["Sucker Punch","Dagger Spray+1"],"picked":"Quick Slash+1","floor":19},{"not_picked":["Escape Plan","Prepared"],"picked":"Dagger Throw","floor":21},{"not_picked":["Backstab","Flying Knee+1"],"picked":"Acrobatics","floor":22},{"not_picked":["Concentrate","Flying Knee"],"picked":"conspire:DoublingDagger","floor":25}],"player_experience":333537,"relics_obtained":[{"floor":2,"key":"ReplayTheSpireMod:Ring of Addiction"},{"floor":2,"key":"Ring of Peace"},{"floor":2,"key":"Toy Ornithopter"},{"floor":2,"key":"hubris:EmptyBottle"},{"floor":9,"key":"Unceasing Top"}],"event_choices":[{"damage_healed":0,"gold_gain":0,"player_choice":"Leave","damage_taken":0,"max_hp_gain":0,"max_hp_loss":0,"event_name":"conspire:Investor","floor":4,"gold_loss":0},{"damage_healed":0,"gold_gain":0,"player_choice":"Upgraded","damage_taken":0,"max_hp_gain":0,"max_hp_loss":0,"event_name":"Upgrade Shrine","floor":12,"gold_loss":0,"cards_upgraded":["Blade Dance"]}],"is_beta":false,"boss_relics":[{"not_picked":["Replay:Grab Bag","vexMod:CursedCompass"],"picked":"WristBlade"}],"items_purged_floors":[27],"is_endless":false,"potions_floor_spawned":[3,11,16,18,21],"killed_by":"Slavers","ascension_level":8}}