{"host":"58njlu7hme3ojrlz","time":1611675667,"event":{"mods":["BaseMod","Block Reminder","Colored Map","Colored Powertips","DeckTracker","Highlight Path","Minty Spire (QoL Compilation)","Relic Sorter"],"gold_per_floor":[116,116,134,88,88,128,128,151,151,185,185,204,204,224,224,350,350,375,300,300,325,340,340,363,387,387,387,460,478,63,63,63],"floor_reached":31,"language":"ENG","playtime":1543,"items_purged":[],"score":286,"play_id":"f202c981-3a6e-4ea8-b6de-067b87592c6a","local_time":"20210126224107","is_ascension_mode":true,"campfire_choices":[{"data":"Seeing Red","floor":7.0,"key":"SMITH"},{"data":"Whirlwind","floor":11.0,"key":"SMITH"},{"floor":15.0,"key":"REST"},{"floor":23.0,"key":"REST"},{"floor":27.0,"key":"REST"}],"circlet_count":0,"master_deck":["Strike_R","Strike_R","Strike_R","Strike_R","Defend_R","Defend_R","Defend_R","Bash","Heavy Blade","Seeing Red+1","Cleave","Injury","Disarm","Flex","Whirlwind+1","Impervious","Reaper","Dark Embrace+1","Metallicize+1"],"relics":["Burning Blood","Sundial","Golden Idol","NeowsBlessing","White Beast Statue","Blood Vial","Runic Cube","Potion Belt","Paper Frog","Molten Egg 2"],"acts_visited":["Exordium","TheCity"],"potions_floor_usage":[31],"damage_taken":[{"damage":0.0,"enemies":"2 Louse","floor":1.0,"turns":1.0},{"damage":0.0,"enemies":"Cultist","floor":3.0,"turns":1.0},{"damage":0.0,"enemies":"Lagavulin","floor":6.0,"turns":1.0},{"damage":0.0,"enemies":"Small Slimes","floor":8.0,"turns":2.0},{"damage":54.0,"enemies":"Gremlin Nob","floor":10.0,"turns":5.0},{"damage":0.0,"enemies":"3 Louse","floor":12.0,"turns":1.0},{"damage":32.0,"enemies":"Exordium Thugs","floor":14.0,"turns":4.0},{"damage":50.0,"enemies":"The Guardian","floor":16.0,"turns":10.0},{"damage":5.0,"enemies":"3 Byrds","floor":18.0,"turns":4.0},{"damage":32.0,"enemies":"2 Thieves","floor":21.0,"turns":4.0},{"damage":51.0,"enemies":"Centurion and Healer","floor":22.0,"turns":6.0},{"damage":36.0,"enemies":"Shelled Parasite and Fungi","floor":24.0,"turns":4.0},{"damage":10.0,"enemies":"Snake Plant","floor":25.0,"turns":6.0},{"damage":22,"enemies":"Centurion and Healer","floor":29,"turns":5},{"damage":49,"enemies":"Slavers","floor":31,"turns":3}],"seed_played":"4093361382616540152","potions_obtained":[{"floor":3.0,"key":"SteroidPotion"},{"floor":8.0,"key":"SmokeBomb"},{"floor":10.0,"key":"ColorlessPotion"},{"floor":12.0,"key":"AttackPotion"},{"floor":13.0,"key":"BlessingOfTheForge"},{"floor":13.0,"key":"BloodPotion"},{"floor":16.0,"key":"Swift Potion"},{"floor":22.0,"key":"EssenceOfSteel"},{"floor":24.0,"key":"FearPotion"},{"floor":25.0,"key":"LiquidMemories"},{"floor":29,"key":"SkillPotion"}],"is_trial":false,"path_per_floor":["M","?","M","$","?","E","R","M","T","E","R","M","?","M","R","B",null,"M","?","?","M","M","R","M","M","T","R","T","M","$","E"],"character_chosen":"IRONCLAD","items_purchased":["Cleave","Molten Egg 2","LiquidMemories","CultistPotion"],"campfire_rested":3,"item_purchase_floors":[4,30,30,30],"current_hp_per_floor":[80,80,80,80,80,80,80,80,80,32,32,40,40,16,40,14,80,80,80,80,54,11,35,7,9,9,33,33,19,19,0,0],"gold":63,"neow_bonus":"THREE_ENEMY_KILL","is_daily":false,"chose_seed":false,"campfire_upgraded":2,"win_rate":0.0,"timestamp":1611675667,"path_taken":["M","?","?","$","?","E","R","M","T","E","R","M","?","M","R","BOSS","M","?","?","M","M","R","M","M","T","R","?","M","$","E"],"items_purchased_type":["Card","Relic","Potion","Potion"],"build_version":"2020-12-22","purchased_purges":0,"victory":false,"max_hp_per_floor":[80,80,80,80,80,80,80,80,80,80,80,80,80,80,80,80,80,80,80,80,80,80,80,80,80,80,80,80,80,80,80,80],"card_choices":[{"not_picked":["Perfected Strike","Havoc"],"picked":"Heavy Blade","floor":1.0},{"not_picked":["Feel No Pain","Second Wind"],"picked":"Seeing Red","floor":3.0},{"not_picked":["Dual Wield","Brutality"],"picked":"Disarm","floor":6.0},{"not_picked":["Headbutt","Sword Boomerang"],"picked":"Flex","floor":8.0},{"not_picked":["Power Through","Evolve"],"picked":"Whirlwind","floor":10.0},{"not_picked":["Entrench","Thunderclap","Evolve"],"picked":"SKIP","floor":12.0},{"not_picked":["Anger","Wild Strike","Warcry"],"picked":"SKIP","floor":14.0},{"not_picked":["Corruption","Brutality"],"picked":"Impervious","floor":16.0},{"not_picked":["Sword Boomerang","Sever Soul","Warcry"],"picked":"SKIP","floor":18.0},{"not_picked":["Fire Breathing+1","Heavy Blade","Anger"],"picked":"SKIP","floor":21.0},{"not_picked":["Warcry","Burning Pact","Hemokinesis"],"picked":"SKIP","floor":22.0},{"not_picked":["Dark Embrace","Sword Boomerang"],"picked":"Reaper","floor":24.0},{"not_picked":["Metallicize+1","Cleave"],"picked":"Dark Embrace+1","floor":25.0},{"not_picked":["Pommel Strike","Rage"],"picked":"Metallicize+1","floor":29}],"player_experience":96494,"relics_obtained":[{"floor":6.0,"key":"Sundial"},{"floor":9.0,"key":"White Beast Statue"},{"floor":10.0,"key":"Blood Vial"},{"floor":26.0,"key":"Potion Belt"},{"floor":28.0,"key":"Paper Frog"}],"event_choices":[{"cards_removed":["Defend_R"],"damage_healed":0.0,"max_hp_gain":0.0,"max_hp_loss":0.0,"gold_gain":0.0,"event_name":"Wheel of Change","player_choice":"Card Removal","floor":2.0,"gold_loss":0.0,"damage_taken":0.0},{"damage_healed":0.0,"max_hp_gain":0.0,"max_hp_loss":0.0,"gold_gain":0.0,"event_name":"Golden Idol","player_choice":"Take Wound","floor":5.0,"gold_loss":0.0,"damage_taken":0.0,"relics_obtained":["Golden Idol"],"cards_obtained":["Injury"]},{"damage_healed":0.0,"max_hp_gain":0.0,"max_hp_loss":0.0,"gold_gain":0.0,"event_name":"Lab","player_choice":"Got Potions","floor":13.0,"gold_loss":0.0,"damage_taken":0.0},{"cards_removed":["Strike_R"],"damage_healed":0.0,"max_hp_gain":0.0,"max_hp_loss":0.0,"gold_gain":0.0,"event_name":"Beggar","player_choice":"Gave Gold","floor":19.0,"gold_loss":75.0,"damage_taken":0.0},{"damage_healed":0.0,"max_hp_gain":0.0,"max_hp_loss":0.0,"gold_gain":0.0,"event_name":"Ghosts","player_choice":"Ignored","floor":20.0,"gold_loss":0.0,"damage_taken":0.0}],"is_beta":false,"boss_relics":[{"not_picked":["Sozu","Ectoplasm"],"picked":"Runic Cube"}],"items_purged_floors":[],"is_endless":false,"potions_floor_spawned":[3,8,10,12,14,16,18,21,22,24,25,29],"killed_by":"Slavers","ascension_level":1}}