{"host":"1q3j0ei39r3fhrcd","time":1611640629,"event":{"mods":["2.2 Compatiblity","Astrologer","Bard","Bartender","BaseMod","Beaked The Cultist","Better Note","Better Skull","Better Third Choice","BetterRewards","Challenge The Spire","Clockwork Mod","Conspire","Dio Mod","Downfall","Duelist Mod","Gremlin Mod","GungeonMod","Hermit","Hubris","Infinite Spire","Jorbs\u0027s Wanderer Trilogy","Marisa????????","Minty Spire (QoL Compilation)","Replay The Spire","Robot Space Explorer","SIMod","Shop Mod","Somnambulant","Spicy Shops","Spire Arcade","StSLib","The Blackbeard","The Bug Knight","The Clintock","The Construct","The Cursed","The Death Knight","The Disciple","The Dragon Tamer","The Druid","The Elementalist","The Forsaken","The Hierophant","The Judge","The Mystic","The Necromancer","The Runesmith","The Sage","The Servant 0.9.4","The Showman","The Valiant","The Vixen","The Wild Card","The Witch","TheFirefly","Yuri Mod","[IsaacMod]????","thorton"],"gold_per_floor":[115,168,168,184,210,210,224,284,311,311,336,336,45,84,84,209,209,230,230,230,230,270,270,317,317,317,317,359,88,88,118,118,264,264,291,335,335,90,128,197,225,225,252,252,276,331,331,370,370,414],"floor_reached":51,"language":"ENG","playtime":3100,"items_purged":["Strike_Witch","Defend_Witch","Defend_Witch","Strike_Witch"],"score":853,"play_id":"1f3625c7-e856-4ce6-9a77-2ea3ad31e8b6","local_time":"20210126065709","is_ascension_mode":false,"campfire_choices":[{"data":"Puncture","floor":6,"key":"SMITH"},{"floor":10,"key":"REST"},{"data":"Strike_Witch","floor":15,"key":"PURGE"},{"data":"hubris:EnhanceAbility","floor":23,"key":"SMITH"},{"data":"SummonCatFamiliar","floor":25,"key":"SMITH"},{"data":"BoneCarving","floor":27,"key":"SMITH"},{"data":"ChosenOfTheMoon","floor":30,"key":"SMITH"},{"data":"Schadenfreude","floor":32,"key":"SMITH"},{"floor":42,"key":"REST"},{"data":"DeliriumForm","floor":44,"key":"SMITH"},{"data":"Thinking Ahead","floor":47,"key":"SMITH"},{"floor":49,"key":"REST"}],"circlet_count":0,"master_deck":["Hexguard","ZombieSpit","Schadenfreude+1","Puncture+1","BoneCarving+1","SummonCatFamiliar+1","Atonement","RiteOfWinter","Injury","hubris:EnhanceAbility+1","ChosenOfTheMoon+1","Harmlessness","SoulBarrier+1","DeliriumForm+1","VileEgg+1","Thundercloud+1","Broomstick+1","Thinking Ahead+1"],"relics":["BlackCat","HushsDoor","DeadEye","Pondfish Scales","Sling","ClockworkSouvenir","Akabeko","Pen Nib","PunchingBag","Golden Idol","Omamori","Philosopher\u0027s Stone","Replay:Bandana","conspire:SpecialSausage","TheAbacus","Tiny Chest","DemoMod:RingOfEthereal","Lee\u0027s Waffle","Astrolabe","Pet Ghost","Membership Card","DemoMod:WhiteGuonStone","infinitespire:Beetle Shell","MealTicket"],"acts_visited":["Exordium","TheCity","TheBeyond"],"potions_floor_usage":[8,11,16,33,33,35,40,50,50],"damage_taken":[{"damage":0,"enemies":"Cultist","floor":1,"turns":3},{"damage":2,"enemies":"Small Slimes","floor":4,"turns":3},{"damage":0,"enemies":"2 Louse","floor":7,"turns":1},{"damage":4,"enemies":"Exordium Thugs","floor":8,"turns":5},{"damage":0,"enemies":"Replay:BlueRogue","floor":11,"turns":4},{"damage":0,"enemies":"Gremlin Nob","floor":14,"turns":2},{"damage":11,"enemies":"The Guardian","floor":16,"turns":9},{"damage":0,"enemies":"Spheric Guardian","floor":18,"turns":3},{"damage":5,"enemies":"Shell Parasite","floor":22,"turns":3},{"damage":6,"enemies":"theDuelist:KaibaA2","floor":24,"turns":4},{"damage":7,"enemies":"Snake Plant","floor":28,"turns":3},{"damage":10,"enemies":"Chosen and Byrds","floor":31,"turns":4},{"damage":17,"enemies":"StardustCrusaders","floor":33,"turns":8},{"damage":15,"enemies":"3 Shapes","floor":35,"turns":6},{"damage":0,"enemies":"Orb Walker","floor":36,"turns":2},{"damage":13,"enemies":"Spire Growth","floor":39,"turns":4},{"damage":24,"enemies":"Reptomancer","floor":40,"turns":4},{"damage":10,"enemies":"Transient","floor":41,"turns":5},{"damage":1,"enemies":"Jaw Worm Horde","floor":46,"turns":3},{"damage":19,"enemies":"4 Shapes","floor":48,"turns":4},{"damage":18,"enemies":"Donu and Deca","floor":50,"turns":5}],"seed_played":"2916716711911854308","potions_obtained":[{"floor":1,"key":"Guardian:BlockOnCardUsePotion"},{"floor":7,"key":"ColorlessPotion"},{"floor":11,"key":"SpeedPotion"},{"floor":14,"key":"Slimebound:ThreeZeroPotion"},{"floor":22,"key":"DemoMod:LeadSkinPotion"},{"floor":28,"key":"hexamod:SoulburnPotion"},{"floor":36,"key":"SpeedPotion"},{"floor":40,"key":"Elixir"},{"floor":46,"key":"Explosive Potion"}],"is_trial":false,"path_per_floor":["M","?","?","M","T","R","M","M","T","R","E","?","$","E","R","B",null,"M","?","?","AVR","M","R","E","R","T","R","M","$","R","M","R","B",null,"M","M","?","$","M","E","M","R","T","R","T","M","R","M","R","B",null],"character_chosen":"WITCH","items_purchased":["Schadenfreude","Puncture","Sling","ClockworkSouvenir","hubris:EnhanceAbility","Lee\u0027s Waffle","Membership Card","Thinking Ahead"],"campfire_rested":3,"item_purchase_floors":[0,0,0,0,13,29,38,38],"current_hp_per_floor":[36,21,21,19,19,19,19,15,15,35,35,35,35,35,35,24,67,67,67,67,67,62,62,56,56,56,56,49,74,74,64,64,47,74,64,69,54,54,46,27,22,44,44,44,44,48,48,34,56,43],"gold":414,"neow_bonus":"","is_daily":false,"chose_seed":false,"campfire_upgraded":8,"win_rate":0.0,"timestamp":1611640629,"path_taken":["M","?","?","?","?","R","M","M","T","R","E","?","?","E","R","BOSS","M","?","?","AVR","M","R","E","R","T","R","M","$","R","M","R","BOSS","M","?","?","?","M","E","M","R","T","R","?","M","R","M","R","BOSS"],"items_purchased_type":["Card","Card","Relic","Relic","Card","Relic","Relic","Card"],"build_version":"2020-12-22","purchased_purges":4,"victory":true,"max_hp_per_floor":[67,67,67,67,67,67,67,67,67,67,67,67,67,67,67,67,67,67,67,67,67,67,67,67,67,67,67,67,74,74,74,74,74,74,74,74,74,74,74,74,74,74,74,74,74,74,74,74,74,74],"card_choices":[{"not_picked":["Demonfyre","Bomb"],"picked":"BoneCarving","floor":1},{"not_picked":["PlagueSpreader","RiteOfAutumn"],"picked":"SummonCatFamiliar","floor":4},{"not_picked":["IllOmen","Demonfyre","RiteOfAutumn"],"picked":"SKIP","floor":7},{"not_picked":["Broomstick","Shrooms"],"picked":"Atonement","floor":8},{"not_picked":["DarkProcession","WretchedNails"],"picked":"RiteOfWinter","floor":11},{"not_picked":["BalefulWard","Demonfyre","GnarledBody"],"picked":"SKIP","floor":14},{"not_picked":["SummonToadFamiliar","BloodSabbath"],"picked":"ChosenOfTheMoon","floor":16},{"not_picked":["WretchedNails","BoneCarving","BleedOut"],"picked":"SKIP","floor":18},{"not_picked":["MercuryWand","SoulBarrier"],"picked":"Harmlessness","floor":22},{"not_picked":["BleedOut+1","UnluckySeven","MagicFang"],"picked":"SKIP","floor":24},{"not_picked":["Harmlessness","Broomstick","SummonBatFamiliar"],"picked":"SKIP","floor":28},{"not_picked":["GnarledBody","WickedThoughts"],"picked":"SoulBarrier+1","floor":31},{"not_picked":["UnnaturalEnergy","FatalRay"],"picked":"DeliriumForm","floor":33},{"not_picked":["Thundercloud","CursedBlade+1","Demonfyre"],"picked":"SKIP","floor":35},{"not_picked":["MercuryWand","GrimVengeance","WretchedNails+1"],"picked":"SKIP","floor":36},{"not_picked":["Thundercloud","SaltCircle","Foresight+1"],"picked":"SKIP","floor":39},{"not_picked":["EvilEye","RoilingBarrier+1","Broomstick+1"],"picked":"SKIP","floor":40},{"not_picked":["Harmlessness","SoulBarrier","SummonCatFamiliar+1"],"picked":"SKIP","floor":41},{"not_picked":["Broomstick","BlackShield","BleedOut+1"],"picked":"SKIP","floor":46},{"not_picked":["DeliriumForm","Puncture","Harmlessness"],"picked":"SKIP","floor":48}],"player_experience":1779777,"relics_obtained":[{"floor":5,"key":"Akabeko"},{"floor":9,"key":"Pen Nib"},{"floor":11,"key":"PunchingBag"},{"floor":14,"key":"Omamori"},{"floor":24,"key":"Tiny Chest"},{"floor":26,"key":"DemoMod:RingOfEthereal"},{"floor":40,"key":"DemoMod:WhiteGuonStone"},{"floor":43,"key":"infinitespire:Beetle Shell"},{"floor":45,"key":"MealTicket"}],"event_choices":[{"damage_healed":0,"gold_gain":0,"player_choice":"Take Wound","damage_taken":0,"relics_obtained":["Golden Idol"],"max_hp_gain":0,"max_hp_loss":0,"event_name":"Golden Idol","floor":12,"gold_loss":0,"cards_obtained":["Injury"]},{"damage_healed":0,"gold_gain":0,"player_choice":"Ignored","damage_taken":0,"max_hp_gain":0,"max_hp_loss":0,"event_name":"betterNote:BetterNote","floor":19,"gold_loss":0,"cards_obtained":["DemoMod:FinishedGun"]},{"damage_healed":0,"gold_gain":0,"player_choice":"Stole Relic","damage_taken":0,"relics_obtained":["Replay:Bandana"],"max_hp_gain":0,"max_hp_loss":0,"event_name":"Addict","floor":20,"gold_loss":0,"cards_obtained":["Shame"]}],"is_beta":false,"boss_relics":[{"not_picked":["Tiny House","hubris:VirtuousBlindfold"],"picked":"Philosopher\u0027s Stone"},{"not_picked":[]},{"not_picked":["Snecko Eye","Runic Dome"],"picked":"Astrolabe"},{"not_picked":[]}],"items_purged_floors":[0,13,21,29],"is_endless":false,"potions_floor_spawned":[1,7,11,14,22,28,36,40,46,48],"ascension_level":0}}