{"host":"xmr2g8b7eju0288o","time":1611671437,"event":{"mods":["AchievementEnabler","BaseMod","Colored Map","Colored Powertips","Minty Spire (QoL Compilation)","Quick Restart","StSLib","SuperFastMode"],"gold_per_floor":[111,36,36,53,53,53,78,78,78,103,120,148,148,177,177,250,300,312,312,66,66,66,66,66,91,91,121,121,150,168,168,168],"floor_reached":31,"language":"KOR","playtime":903,"items_purged":["Strike_R"],"score":830,"play_id":"60319661-c057-48b4-8008-e920b52ec278","local_time":"20210126233037","daily_mods":["Heirloom","DeadlyEvents","Elite Swarm"],"is_ascension_mode":true,"campfire_choices":[{"data":"Clash","floor":6.0,"key":"SMITH"},{"data":"Juggernaut","floor":8.0,"key":"SMITH"},{"data":"Barricade","floor":13.0,"key":"SMITH"},{"floor":15.0,"key":"REST"},{"data":"Seeing Red","floor":23.0,"key":"SMITH"},{"data":"Feed","floor":28,"key":"SMITH"}],"circlet_count":0,"master_deck":["AscendersBane","Strike_R","Strike_R","Defend_R","Defend_R","Defend_R+1","Bash","Twin Strike","Clash+1","Carnage","Juggernaut+1","Clash","Fire Breathing","Barricade+1","Juggernaut","Impervious","Iron Wave","Ghostly Armor","Seeing Red+1","Impervious","Feed+1","Reaper"],"relics":["Burning Blood","Prayer Wheel","Bottled Flame","Lizard Tail","CaptainsWheel","Question Card","Bronze Scales","Tiny House","Oddly Smooth Stone","MutagenicStrength","Anchor","Unceasing Top","Girya","Shovel"],"acts_visited":["Exordium","TheCity"],"potions_floor_usage":[],"damage_taken":[{"damage":6.0,"enemies":"2 Louse","floor":1.0,"turns":3.0},{"damage":2.0,"enemies":"Jaw Worm","floor":4.0,"turns":3.0},{"damage":65.0,"enemies":"3 Sentries","floor":7.0,"turns":12.0},{"damage":25.0,"enemies":"Lagavulin","floor":10.0,"turns":5.0},{"damage":1.0,"enemies":"Cultist","floor":11.0,"turns":3.0},{"damage":14.0,"enemies":"Gremlin Nob","floor":12.0,"turns":4.0},{"damage":25.0,"enemies":"3 Sentries","floor":14.0,"turns":5.0},{"damage":16.0,"enemies":"Hexaghost","floor":16.0,"turns":8.0},{"damage":8.0,"enemies":"Shell Parasite","floor":18.0,"turns":5.0},{"damage":50.0,"enemies":"Book of Stabbing","floor":25.0,"turns":6.0},{"damage":13,"enemies":"Slavers","floor":27,"turns":7},{"damage":4,"enemies":"Book of Stabbing","floor":29,"turns":5},{"damage":0,"enemies":"Chosen","floor":30,"turns":1},{"damage":37,"enemies":"3 Cultists","floor":31,"turns":4}],"seed_played":"-8770014093764055625","potions_obtained":[{"floor":1.0,"key":"Energy Potion"},{"floor":10.0,"key":"PowerPotion"},{"floor":12.0,"key":"BloodPotion"},{"floor":17.0,"key":"HeartOfIron"},{"floor":18.0,"key":"SkillPotion"}],"is_trial":true,"path_per_floor":["M","?","?","M","$","R","E","R","T","E","M","E","R","E","R","B",null,"M","?","$","?","$","R","?","E","T","E","R","E","M","M"],"character_chosen":"IRONCLAD","items_purchased":["Oddly Smooth Stone"],"campfire_rested":1,"item_purchase_floors":[20],"current_hp_per_floor":[68,68,68,72,72,72,13,13,13,33,38,30,30,11,33,23,67,65,65,65,65,65,65,65,21,21,14,14,20,26,0,0],"gold":168,"neow_bonus":"","is_daily":false,"chose_seed":false,"campfire_upgraded":5,"win_rate":0.0,"timestamp":1611671437,"path_taken":["M","?","?","?","?","R","E","R","T","E","M","E","R","E","R","BOSS","M","?","$","?","$","R","?","E","T","E","R","?","M","?"],"items_purchased_type":["Relic"],"build_version":"2020-12-22","purchased_purges":1,"victory":false,"max_hp_per_floor":[75,75,75,75,75,75,75,75,75,75,75,75,75,75,75,75,80,80,80,80,80,80,80,80,80,80,80,80,84,84,84,84],"card_choices":[{"not_picked":["Rage","Bloodletting"],"picked":"Twin Strike","floor":1.0},{"not_picked":["Rampage","Flex"],"picked":"Clash","floor":1.0},{"not_picked":["Iron Wave","Headbutt"],"picked":"Carnage","floor":4.0},{"not_picked":["Dark Embrace","Sword Boomerang","Reckless Charge"],"picked":"SKIP","floor":4.0},{"not_picked":["Limit Break","Immolate"],"picked":"Juggernaut","floor":7.0},{"not_picked":["Exhume","Berserk","Limit Break"],"picked":"SKIP","floor":10.0},{"not_picked":["Body Slam","Shrug It Off"],"picked":"Clash","floor":11.0},{"not_picked":["Anger","Twin Strike"],"picked":"Fire Breathing","floor":11.0},{"not_picked":["Demon Form","Impervious"],"picked":"Barricade","floor":12.0},{"not_picked":["Brutality","Impervious","Exhume"],"picked":"Juggernaut","floor":14.0},{"not_picked":["Bludgeon","Demon Form","Feed"],"picked":"Impervious","floor":16.0},{"not_picked":["Clothesline","Shrug It Off","Havoc"],"picked":"Iron Wave","floor":17.0},{"not_picked":["Inflame","Cleave","Carnage+1"],"picked":"Ghostly Armor","floor":18.0},{"not_picked":["Clash","Double Tap","Thunderclap","Burning Pact"],"picked":"SKIP","floor":18.0},{"not_picked":["Reaper","Immolate","Double Tap"],"picked":"Impervious","floor":25.0},{"not_picked":["Juggernaut","Brutality","Fiend Fire"],"picked":"Feed","floor":27},{"not_picked":["Juggernaut","Double Tap","Immolate"],"picked":"Reaper","floor":29},{"not_picked":["True Grit","Clash","Dual Wield","Clothesline+1"],"picked":"SKIP","floor":30},{"not_picked":["Armaments","Cleave","Rupture","Clothesline+1"],"picked":"SKIP","floor":30}],"player_experience":76266,"relics_obtained":[{"floor":7.0,"key":"Bottled Flame"},{"floor":9.0,"key":"Lizard Tail"},{"floor":10.0,"key":"CaptainsWheel"},{"floor":12.0,"key":"Question Card"},{"floor":14.0,"key":"Bronze Scales"},{"floor":25.0,"key":"Anchor"},{"floor":26.0,"key":"Unceasing Top"},{"floor":27,"key":"Girya"},{"floor":29,"key":"Shovel"}],"event_choices":[{"cards_removed":["Defend_R"],"damage_healed":0.0,"max_hp_gain":0.0,"max_hp_loss":0.0,"gold_gain":0.0,"event_name":"The Cleric","player_choice":"Card Removal","floor":2.0,"gold_loss":75.0,"damage_taken":0.0},{"cards_removed":["Strike_R"],"damage_healed":0.0,"max_hp_gain":0.0,"max_hp_loss":0.0,"gold_gain":0.0,"event_name":"Living Wall","player_choice":"Forget","floor":3.0,"gold_loss":0.0,"damage_taken":0.0},{"cards_removed":["Strike_R"],"damage_healed":0.0,"max_hp_gain":0.0,"max_hp_loss":0.0,"gold_gain":0.0,"event_name":"Back to Basics","player_choice":"Elegance","floor":19.0,"gold_loss":0.0,"damage_taken":0.0},{"damage_healed":0.0,"max_hp_gain":0.0,"max_hp_loss":0.0,"gold_gain":0.0,"event_name":"The Library","player_choice":"Read","floor":21.0,"gold_loss":0.0,"damage_taken":0.0,"cards_obtained":["Seeing Red"]},{"damage_healed":0.0,"max_hp_gain":0.0,"max_hp_loss":0.0,"gold_gain":0.0,"event_name":"Drug Dealer","player_choice":"Inject Mutagens","floor":24.0,"gold_loss":0.0,"damage_taken":0.0,"relics_obtained":["MutagenicStrength"]}],"is_beta":false,"boss_relics":[{"not_picked":["Astrolabe","Coffee Dripper"],"picked":"Tiny House"}],"items_purged_floors":[20],"is_endless":true,"potions_floor_spawned":[1,10,12,18],"killed_by":"3 Cultists","ascension_level":20}}