{"host":"gqcohn9v5baj3dmw","time":1611680667,"event":{"mods":["BaseMod","Better Note","Better Sensory Stone","Better Skull","Colored Map","Downfall","Marked Mod","Minty Spire (QoL Compilation)","Rare Cards Sparkle","Relic Stats","StSLib"],"gold_per_floor":[99,116,134,134,284,297,297,311,38,50,69,69,88,100,113,211,211,211,223,242,342,191,211,237,267,267,294,86,101,101,112,125,222,222,222,237,247,264,60,76,100,117,117,117,133,148,148,148,158,158],"floor_reached":51,"language":"ENG","playtime":3117,"items_purged":["downfall:Icky","bronze:Strike","bronze:Strike"],"score":773,"play_id":"6ac2c7c1-0f2b-4e12-92f8-60103efaa1cb","local_time":"20210126180427","is_ascension_mode":true,"campfire_choices":[{"data":"bronze:Replicate","floor":1.0,"key":"SMITH"},{"data":"bronze:AlphaBuild","floor":12.0,"key":"SMITH"},{"data":"bronze:AlphaBuild","floor":18.0,"key":"SMITH"},{"floor":26,"key":"REST"},{"data":"bronze:Mutator","floor":35,"key":"SMITH"},{"data":"bronze:Repulsor","floor":47,"key":"SMITH"}],"circlet_count":0,"master_deck":["bronze:Strike","bronze:Defend","bronze:Defend","bronze:Defend","bronze:Goto","bronze:BronzeOrb","bronze:BronzeOrb","bronze:Shield","bronze:AlphaBuild+1","bronze:ItsAFeature","bronze:Branch","bronze:BugBarrage","bronze:Frontload","bronze:WildBeam","bronze:FollowUp","bronze:AlphaBuild+1","bronze:Return","bronze:Shield","bronze:BugBarrage+1","bronze:InfiniteLoop","bronze:BugBarrage+1","bronze:FollowUp+1","bronze:Repulsor+1","bronze:Frontload","bronze:ClassDefault","bronze:Mutator+1","bronze:ForLoop","bronze:BugBarrage+1"],"relics":["bronze:BronzeCore","Matryoshka","Sozu","MutagenicStrength","White Beast Statue","DollysMirror","Dream Catcher","Bronze Scales","Mummified Hand","Ornamental Fan","HandDrill","Black Star","Chemical X","Pantograph","bronze:SilverBullet","Blood Vial"],"acts_visited":["Exordium","TheCity","TheBeyond"],"potions_floor_usage":[25],"damage_taken":[{"damage":1.0,"enemies":"Jaw Worm","floor":2.0,"turns":4.0},{"damage":1.0,"enemies":"2 Louse","floor":3.0,"turns":2.0},{"damage":5.0,"enemies":"Small Slimes","floor":6.0,"turns":3.0},{"damage":7.0,"enemies":"3 Louse","floor":8.0,"turns":4.0},{"damage":0.0,"enemies":"downfall:FleeingMerchant","floor":9.0,"turns":4.0},{"damage":1.0,"enemies":"Exordium Thugs","floor":10.0,"turns":4.0},{"damage":0.0,"enemies":"Exordium Wildlife","floor":11.0,"turns":3.0},{"damage":0.0,"enemies":"Blue Slaver","floor":13.0,"turns":2.0},{"damage":0.0,"enemies":"2 Fungi Beasts","floor":14.0,"turns":2.0},{"damage":0.0,"enemies":"Exordium Wildlife","floor":15.0,"turns":3.0},{"damage":33.0,"enemies":"DF_ARCHETYPE_STREAMLINE","floor":16.0,"turns":12.0},{"damage":8.0,"enemies":"Shell Parasite","floor":19.0,"turns":4.0},{"damage":0.0,"enemies":"Chosen","floor":20.0,"turns":4.0},{"damage":14.0,"enemies":"downfall:Augmenter","floor":21.0,"turns":7.0},{"damage":11.0,"enemies":"downfall:LadyInBlue","floor":22.0,"turns":15.0},{"damage":4,"enemies":"Snake Plant","floor":23,"turns":3},{"damage":2,"enemies":"Slavers","floor":25,"turns":4},{"damage":11,"enemies":"Gremlin Leader","floor":27,"turns":4},{"damage":3,"enemies":"downfall:FleeingMerchant","floor":28,"turns":4},{"damage":0,"enemies":"Snecko","floor":29,"turns":3},{"damage":0,"enemies":"Chosen and Byrds","floor":31,"turns":4},{"damage":0,"enemies":"Snake Plant","floor":32,"turns":1},{"damage":10,"enemies":"WA_ARCHETYPE_CALM","floor":33,"turns":7},{"damage":0,"enemies":"Orb Walker","floor":36,"turns":2},{"damage":3,"enemies":"3 Darklings","floor":37,"turns":7},{"damage":6,"enemies":"Sphere and 2 Shapes","floor":38,"turns":4},{"damage":7,"enemies":"downfall:FleeingMerchant","floor":39,"turns":3},{"damage":1,"enemies":"Maw","floor":40,"turns":6},{"damage":19,"enemies":"Spire Growth","floor":42,"turns":5},{"damage":0,"enemies":"4 Shapes","floor":45,"turns":2},{"damage":0,"enemies":"Jaw Worm Horde","floor":46,"turns":3},{"damage":9,"enemies":"Transient","floor":49,"turns":5},{"damage":63,"enemies":"SI_POISON_ARCHETYPE","floor":50,"turns":14}],"seed_played":"-3295751760173512953","potions_obtained":[{"floor":3.0,"key":"Ancient Potion"},{"floor":11.0,"key":"ColorlessPotion"},{"floor":13.0,"key":"SkillPotion"}],"is_trial":false,"path_per_floor":["R","M","M","?","?","M","T","M","$","M","M","R","M","M","M","B",null,"R","M","M","?","?","M","T","E","R","E","$","M","?","M","M","B",null,"R","M","M","M","$","M","T","M","?","$","M","M","R","?","M","B",null],"character_chosen":"THE_AUTOMATON","items_purchased":["bronze:ItsAFeature","bronze:Branch","Fire Potion","DollysMirror","bronze:Frontload","HandDrill","Chemical X","Pantograph"],"campfire_rested":1,"item_purchase_floors":[9,9,9,22,28,28,39,39],"current_hp_per_floor":[70,69,68,73,73,68,68,61,61,60,60,60,60,60,60,27,75,75,67,67,53,42,38,38,36,58,47,44,44,85,85,85,75,85,85,85,82,76,69,68,68,51,51,51,53,55,55,55,48,12],"gold":158,"neow_bonus":"REMOVE_CARD","is_daily":false,"chose_seed":false,"campfire_upgraded":5,"win_rate":0.0,"timestamp":1611680667,"path_taken":["R","M","M","?","?","M","T","M","$","M","M","R","M","M","M","BOSS","R","M","M","?","?","M","T","E","R","E","$","?","?","M","M","BOSS","R","M","M","M","$","M","T","M","?","$","M","M","R","?","M","BOSS"],"items_purchased_type":["Card","Card","Potion","Relic","Card","Relic","Relic","Relic"],"build_version":"2020-12-22","purchased_purges":3,"victory":true,"max_hp_per_floor":[70,70,70,75,75,75,75,75,75,75,75,75,75,75,75,75,75,75,75,75,75,75,75,75,75,75,75,75,75,85,85,85,85,85,85,85,85,85,85,85,85,85,85,85,85,85,85,85,85,85],"relic_stats":{"Sozu":19,"Blood Vial":10,"Dream Catcher":1,"counters":[33,154],"Mummified Hand":[46],"Ornamental Fan":[152],"Bronze Scales":[144],"Pantograph":25,"HandDrill":[60],"Black Star":0,"Chemical X":[8],"obtain_stats":[{"bronze:BronzeCore":0,"White Beast Statue":22,"Sozu":17,"Blood Vial":41,"Dream Catcher":24,"Matryoshka":7,"DollysMirror":22,"Mummified Hand":25,"Ornamental Fan":27,"MutagenicStrength":21,"Bronze Scales":24,"Pantograph":39,"HandDrill":28,"Black Star":34,"Chemical X":39,"bronze:SilverBullet":41},{"bronze:BronzeCore":0,"White Beast Statue":15,"Sozu":11,"Blood Vial":28,"Dream Catcher":16,"Matryoshka":3,"DollysMirror":15,"Mummified Hand":17,"Ornamental Fan":18,"MutagenicStrength":14,"Bronze Scales":16,"Pantograph":27,"HandDrill":19,"Black Star":23,"Chemical X":27,"bronze:SilverBullet":28},{"bronze:BronzeCore":0,"White Beast Statue":73,"Sozu":43,"Blood Vial":125,"Dream Catcher":76,"Matryoshka":9,"DollysMirror":73,"Mummified Hand":80,"Ornamental Fan":84,"MutagenicStrength":58,"Bronze Scales":76,"Pantograph":119,"HandDrill":88,"Black Star":103,"Chemical X":119,"bronze:SilverBullet":125}]},"card_choices":[{"not_picked":["bronze:BuggyMess","bronze:OilSpill"],"picked":"bronze:BronzeOrb","floor":2.0},{"not_picked":["bronze:WildBeam","bronze:BuggyMess","bronze:GetLatest"],"picked":"SKIP","floor":3.0},{"not_picked":["bronze:ForLoop","bronze:Shield"],"picked":"bronze:BronzeOrb","floor":6.0},{"not_picked":["bronze:Refactor","bronze:Separator"],"picked":"bronze:Shield","floor":8.0},{"not_picked":["bronze:Repair","bronze:ChildClass"],"picked":"bronze:AlphaBuild","floor":9.0},{"not_picked":["bronze:ChosenStrike","bronze:FineTuning"],"picked":"bronze:BugBarrage","floor":10.0},{"not_picked":["bronze:FineTuning","bronze:DelayedGuard"],"picked":"bronze:Frontload","floor":11.0},{"not_picked":["bronze:Deprecate","bronze:FineTuning"],"picked":"bronze:WildBeam","floor":13.0},{"not_picked":["bronze:Virus","bronze:Invalidate"],"picked":"bronze:FollowUp","floor":14.0},{"not_picked":["bronze:Overload","bronze:Allocate","bronze:BitShift"],"picked":"SKIP","floor":15.0},{"not_picked":["bronze:ShipIt","bronze:ThunderWave"],"picked":"bronze:AlphaBuild","floor":16.0},{"not_picked":["bronze:ItsAFeature","bronze:Repair"],"picked":"bronze:Return","floor":19.0},{"not_picked":["bronze:Deprecate","bronze:WhirlingStrike"],"picked":"bronze:Shield","floor":20.0},{"not_picked":["bronze:InfiniteBeams","bronze:ClassDefault+1"],"picked":"bronze:BugBarrage+1","floor":21.0},{"not_picked":["bronze:BuggyMess+1","bronze:Overload"],"picked":"bronze:InfiniteLoop","floor":22},{"not_picked":["bronze:Branch","bronze:CutThrough"],"picked":"bronze:FollowUp+1","floor":23},{"not_picked":["bronze:BronzeArmor","bronze:ChosenStrike"],"picked":"bronze:Repulsor","floor":25},{"not_picked":["bronze:BuggyMess","bronze:CutThrough+1","bronze:BitShift"],"picked":"SKIP","floor":27},{"not_picked":["bronze:InfiniteLoop","bronze:Allocate","bronze:Turbo"],"picked":"SKIP","floor":28},{"not_picked":["bronze:WildBeam+1","bronze:Turbo","bronze:Allocate"],"picked":"SKIP","floor":29},{"not_picked":["bronze:WildBeam","bronze:BugBarrage"],"picked":"bronze:ClassDefault","floor":31},{"not_picked":["bronze:CloningBeam","bronze:Backtrace","bronze:DelayedSlice"],"picked":"SKIP","floor":32},{"not_picked":["bronze:SpaghettiCode","bronze:HardenedForm"],"picked":"bronze:Mutator","floor":33},{"not_picked":["bronze:Separator","bronze:Shell+1","bronze:Branch"],"picked":"SKIP","floor":36},{"not_picked":["bronze:FollowUp+1","bronze:OilSpill","bronze:CutThrough"],"picked":"SKIP","floor":37},{"not_picked":["bronze:Overheat+1","bronze:ItsAFeature","bronze:Branch"],"picked":"SKIP","floor":38},{"not_picked":["bronze:Shell+1","bronze:Branch","bronze:ChildClass+1"],"picked":"SKIP","floor":39},{"not_picked":["bronze:BronzeArmor","bronze:Flail+1","bronze:DelayedGuard+1"],"picked":"SKIP","floor":40},{"not_picked":["bronze:Constructor","bronze:FineTuning+1","bronze:DelayedSlice+1"],"picked":"SKIP","floor":42},{"not_picked":["bronze:CutThrough","bronze:FineTuning","bronze:Flail"],"picked":"SKIP","floor":45},{"not_picked":["bronze:BronzeOrb","bronze:InfiniteBeams+1"],"picked":"bronze:ForLoop","floor":46},{"not_picked":["bronze:ClassDefault+1","bronze:BronzeArmor+1"],"picked":"bronze:BugBarrage+1","floor":49}],"player_experience":528256,"relics_obtained":[{"floor":7.0,"key":"Matryoshka"},{"floor":21.0,"key":"MutagenicStrength"},{"floor":22,"key":"White Beast Statue"},{"floor":24,"key":"Dream Catcher"},{"floor":24,"key":"Bronze Scales"},{"floor":25,"key":"Mummified Hand"},{"floor":27,"key":"Ornamental Fan"},{"floor":41,"key":"bronze:SilverBullet"},{"floor":41,"key":"Blood Vial"}],"event_choices":[{"damage_healed":0.0,"max_hp_gain":5.0,"max_hp_loss":0.0,"gold_gain":0.0,"event_name":"Big Fish","player_choice":"Donut","floor":4.0,"gold_loss":0.0,"damage_taken":0.0},{"damage_healed":0,"gold_gain":3,"player_choice":"1","damage_taken":0,"max_hp_gain":0,"max_hp_loss":0,"event_name":"betterStone:BetterStone","floor":43,"gold_loss":0},{"cards_removed":["bronze:Replicate"],"damage_healed":0,"gold_gain":0,"player_choice":"Removed Attack","damage_taken":0,"max_hp_gain":0,"max_hp_loss":0,"event_name":"Falling","floor":48,"gold_loss":0}],"is_beta":false,"boss_relics":[{"not_picked":["Coffee Dripper","Astrolabe"],"picked":"Sozu"},{"not_picked":["SacredBark","Cursed Key"],"picked":"Black Star"}],"items_purged_floors":[9,22,39],"is_endless":false,"potions_floor_spawned":[3,11,13,14,15,16,19,23,25,27,28,29,31,32,33,36,37,38,39,40,42,45,46,49],"ascension_level":1}}