{"host":"5yoj846f700ld8qy","time":1611698382,"event":{"mods":["AchievementEnabler","Aspiration","BaseMod","Better Altar","Better Match","Better Note","Better Sensory Stone","Better Skull","Better Third Choice","Colored Map","Colored Powertips","Minty Spire (QoL Compilation)","StSLib"],"gold_per_floor":[119,19,0,0,14,46,46,59,59,73,104,104,104,104,104,181,181,199,19,19,31,31,66,66,16,43,70,115,127,153,183,195,284,296,322,334,346,385,397,409,6,21,21,21,21,90,115,142,142,142],"floor_reached":51,"language":"ENG","playtime":1835,"items_purged":["Strike_R"],"score":1619,"play_id":"a64a00c3-fa01-421d-a120-18cf5ccfe648","local_time":"20210126235942","is_ascension_mode":true,"campfire_choices":[{"data":"Enlightenment","floor":7,"key":"SMITH"},{"data":"Battle Trance","floor":12,"key":"SMITH"},{"data":"Metallicize","floor":15,"key":"SMITH"},{"data":"Apotheosis","floor":24,"key":"SMITH"},{"data":"Barricade","floor":29,"key":"SMITH"},{"data":"Impervious","floor":32,"key":"SMITH"},{"data":"Offering","floor":40,"key":"SMITH"},{"data":"True Grit","floor":45,"key":"SMITH"},{"floor":49,"key":"REST"}],"circlet_count":0,"master_deck":["AscendersBane","Strike_R","Strike_R","Defend_R","Defend_R","Defend_R","Defend_R","Bash","Dramatic Entrance","Enlightenment+1","Metallicize+1","Reaper","Ghostly Armor","Clothesline","Battle Trance+1","Barricade+1","Apotheosis+1","Metallicize","Flex","Thunderclap","Spot Weakness","Impervious+1","Offering+1","Hemokinesis+1","Sentinel+1","Rampage+1","Entrench+1","Metallicize","True Grit+1","Body Slam+1","Twin Strike+1","Demon Form"],"relics":["Burning Blood","NeowsBlessing","Bag of Marbles","aspiration:HummingbirdHeart","Tiny Chest","aspiration:SecretTechniqueScroll","Champion Belt","Meat on the Bone","StrikeDummy","MawBank","Self Forming Clay","Astrolabe","Juzu Bracelet","Omamori","Ornamental Fan","Singing Bowl","Happy Flower","aspiration:ChemicalBlood"],"acts_visited":["Exordium","TheCity","TheBeyond"],"potions_floor_usage":[11,16,23,23,23,23,27,33,33,47,47,50,50],"damage_taken":[{"damage":0,"enemies":"Cultist","floor":1,"turns":1},{"damage":0,"enemies":"2 Louse","floor":5,"turns":1},{"damage":0,"enemies":"Gremlin Nob","floor":6,"turns":1},{"damage":12,"enemies":"Jaw Worm","floor":8,"turns":2},{"damage":0,"enemies":"Blue Slaver","floor":10,"turns":4},{"damage":16,"enemies":"3 Sentries","floor":11,"turns":6},{"damage":49,"enemies":"The Guardian","floor":16,"turns":14},{"damage":15,"enemies":"2 Thieves","floor":18,"turns":4},{"damage":9,"enemies":"Spheric Guardian","floor":21,"turns":6},{"damage":0,"enemies":"Gremlin Leader","floor":23,"turns":8},{"damage":8,"enemies":"Centurion and Healer","floor":27,"turns":7},{"damage":37,"enemies":"Slavers","floor":28,"turns":6},{"damage":4,"enemies":"Snake Plant","floor":30,"turns":5},{"damage":28,"enemies":"Snecko","floor":31,"turns":5},{"damage":0,"enemies":"Champ","floor":33,"turns":11},{"damage":6,"enemies":"Orb Walker","floor":35,"turns":3},{"damage":27,"enemies":"3 Shapes","floor":42,"turns":5},{"damage":51,"enemies":"Giant Head","floor":47,"turns":11},{"damage":50,"enemies":"Awakened One","floor":50,"turns":13}],"seed_played":"2398897025859119581","potions_obtained":[{"floor":5,"key":"Weak Potion"},{"floor":6,"key":"PowerPotion"},{"floor":16,"key":"CultistPotion"},{"floor":18,"key":"EntropicBrew"},{"floor":23,"key":"Weak Potion"},{"floor":30,"key":"LiquidBronze"},{"floor":31,"key":"AttackPotion"},{"floor":33,"key":"Weak Potion"},{"floor":35,"key":"HeartOfIron"},{"floor":37,"key":"SkillPotion"},{"floor":42,"key":"BloodPotion"}],"is_trial":false,"path_per_floor":["M","$","?","?","M","E","R","M","T","M","E","R","?","?","R","B",null,"M","$","?","M","T","E","R","?","T","M","E","R","M","M","R","B",null,"M","$","?","T","?","R","$","M","T","?","R","T","E","T","R","B",null],"character_chosen":"IRONCLAD","items_purchased":["Dramatic Entrance","Apotheosis","Metallicize","True Grit","Omamori","Body Slam"],"campfire_rested":1,"item_purchase_floors":[2,19,41,41,41,41],"current_hp_per_floor":[74,74,80,81,81,81,81,75,75,81,75,75,81,74,74,37,68,59,59,59,56,56,78,78,78,78,76,51,51,53,50,50,61,74,74,74,74,74,74,74,74,71,71,71,71,71,47,47,70,66],"gold":142,"neow_bonus":"THREE_ENEMY_KILL","is_daily":false,"chose_seed":false,"campfire_upgraded":8,"win_rate":0.0,"timestamp":1611698382,"path_taken":["M","$","?","?","?","E","R","M","T","M","E","R","?","?","R","BOSS","M","$","?","M","?","E","R","?","T","M","E","R","?","M","R","BOSS","M","$","?","?","?","R","$","M","T","?","R","?","E","?","R","BOSS"],"items_purchased_type":["Card","Card","Card","Card","Relic","Card"],"build_version":"2020-12-22","purchased_purges":1,"victory":true,"max_hp_per_floor":[75,75,81,81,81,81,81,81,81,81,81,81,81,78,78,78,78,78,78,78,78,78,78,78,78,78,78,78,78,78,78,78,78,78,78,78,78,78,78,78,78,78,78,78,78,78,78,78,78,78],"card_choices":[{"not_picked":["Anger","Flex"],"picked":"Perfected Strike","floor":1},{"not_picked":["Pommel Strike","Clash"],"picked":"Metallicize","floor":5},{"not_picked":["Battle Trance","Cleave"],"picked":"Reaper","floor":6},{"not_picked":["Flex","Twin Strike"],"picked":"Ghostly Armor","floor":8},{"not_picked":["Body Slam","Perfected Strike"],"picked":"Clothesline","floor":10},{"not_picked":["Fire Breathing","Shrug It Off"],"picked":"Battle Trance","floor":11},{"not_picked":["Bludgeon","Reaper"],"picked":"Barricade","floor":16},{"not_picked":["Iron Wave","Twin Strike","Perfected Strike"],"picked":"SKIP","floor":18},{"not_picked":["Twin Strike","Clothesline","Headbutt"],"picked":"SKIP","floor":21},{"not_picked":["Iron Wave","Clash"],"picked":"Metallicize","floor":23},{"not_picked":["True Grit","Cleave"],"picked":"Flex","floor":27},{"not_picked":["Headbutt","Reckless Charge"],"picked":"Thunderclap","floor":28},{"not_picked":["Blood for Blood","Rampage"],"picked":"Spot Weakness","floor":30},{"not_picked":["Armaments","Dark Embrace"],"picked":"Impervious","floor":31},{"not_picked":["Impervious","Brutality"],"picked":"Offering","floor":33},{"not_picked":["Perfected Strike+1","Heavy Blade+1"],"picked":"Entrench+1","floor":35},{"not_picked":["Perfected Strike","Clothesline"],"picked":"Twin Strike+1","floor":42},{"not_picked":["Shrug It Off","Entrench"],"picked":"Demon Form","floor":47}],"player_experience":415195,"relics_obtained":[{"floor":6,"key":"Bag of Marbles"},{"floor":9,"key":"aspiration:HummingbirdHeart"},{"floor":11,"key":"Tiny Chest"},{"floor":20,"key":"Champion Belt"},{"floor":22,"key":"Meat on the Bone"},{"floor":23,"key":"StrikeDummy"},{"floor":26,"key":"MawBank"},{"floor":28,"key":"Self Forming Clay"},{"floor":38,"key":"Juzu Bracelet"},{"floor":43,"key":"Ornamental Fan"},{"floor":46,"key":"Singing Bowl"},{"floor":47,"key":"Happy Flower"},{"floor":48,"key":"aspiration:ChemicalBlood"}],"event_choices":[{"damage_healed":0,"gold_gain":0,"player_choice":"RENOUNCE","damage_taken":19,"max_hp_gain":0,"max_hp_loss":0,"event_name":"betterThird:BetterSerpent","floor":3,"gold_loss":19,"cards_obtained":["Enlightenment"]},{"damage_healed":1,"gold_gain":0,"player_choice":"Full Heal","damage_taken":0,"max_hp_gain":0,"max_hp_loss":0,"event_name":"Wheel of Change","floor":4,"gold_loss":0},{"damage_healed":20,"gold_gain":0,"player_choice":"Healed and dodged fight","damage_taken":0,"max_hp_gain":0,"max_hp_loss":0,"event_name":"Mushrooms","floor":13,"gold_loss":0,"cards_obtained":["Parasite"]},{"cards_removed":["Parasite"],"damage_healed":0,"gold_gain":0,"player_choice":"Card Removal","damage_taken":7,"max_hp_gain":0,"max_hp_loss":0,"event_name":"Golden Wing","floor":14,"gold_loss":0},{"damage_healed":0,"gold_gain":0,"player_choice":"Relic","damage_taken":0,"max_hp_gain":0,"max_hp_loss":0,"event_name":"Wheel of Change","floor":20,"gold_loss":0},{"damage_healed":0,"gold_gain":0,"player_choice":"Bet on Owner","damage_taken":0,"max_hp_gain":0,"max_hp_loss":0,"event_name":"The Joust","floor":25,"gold_loss":50},{"damage_healed":0,"gold_gain":0,"player_choice":"Got Potions","damage_taken":0,"max_hp_gain":0,"max_hp_loss":0,"event_name":"Lab","floor":37,"gold_loss":0},{"damage_healed":0,"gold_gain":0,"player_choice":"Ignored","damage_taken":0,"max_hp_gain":0,"max_hp_loss":0,"event_name":"betterThird:BetterPortal","floor":39,"gold_loss":0},{"damage_healed":0,"gold_gain":0,"player_choice":"Upgraded","damage_taken":0,"max_hp_gain":0,"max_hp_loss":0,"event_name":"Upgrade Shrine","floor":44,"gold_loss":0,"cards_upgraded":["Body Slam"]}],"is_beta":false,"boss_relics":[{"not_picked":["SacredBark","Busted Crown"],"picked":"aspiration:SecretTechniqueScroll"},{"not_picked":["aspiration:PoetsPen_weak","Velvet Choker"],"picked":"Astrolabe"}],"items_purged_floors":[41],"is_endless":false,"potions_floor_spawned":[5,6,16,18,23,30,31,33,35,42],"ascension_level":19}}