{"host":"6xsbn6ynqlzwllfm","time":1611685083,"event":{"mods":["2.2 Compatiblity","BaseMod","Bestiary","Colored Map","Colored Powertips","Curses Come First","Highlight Path","Keyboard Shortcuts","Minty Spire (QoL Compilation)","Relic Stats","Slay the Relics Exporter","StSLib","SuperFastMode"],"gold_per_floor":[119,3,3,3,3,3,41,41,66,106,106,147,163,207,207,297,297,317,332,332,355,355,355,355],"floor_reached":23,"language":"ENG","playtime":925,"items_purged":["Defend_B"],"score":515,"play_id":"13deea0f-3502-4606-a893-5fb6102c4eac","local_time":"20210126131803","is_ascension_mode":true,"campfire_choices":[{"data":"Zap","floor":6.0,"key":"SMITH"},{"data":"Strike_B","floor":8.0,"key":"PURGE"},{"data":"Defend_B","floor":11.0,"key":"PURGE"},{"data":"Barrage","floor":15.0,"key":"SMITH"}],"circlet_count":0,"master_deck":["AscendersBane","Defend_B","Defend_B","Zap+1","Dualcast+1","Genetic Algorithm+1","Capacitor","Cold Snap","Reinforced Body","All For One","Barrage+1","Sweeping Beam","Biased Cognition","FTL+1","Steam Power","Bite","Bite","Bite","Bite","Bite","RitualDagger"],"relics":["Cracked Core","NeowsBlessing","Golden Idol","Peace Pipe","Toy Ornithopter","Regal Pillow","Torii","Gremlin Horn","Inserter"],"acts_visited":["Exordium","TheCity"],"potions_floor_usage":[19,19,23],"damage_taken":[{"damage":0.0,"enemies":"Cultist","floor":1.0,"turns":1.0},{"damage":0.0,"enemies":"Lagavulin","floor":7.0,"turns":1.0},{"damage":0.0,"enemies":"Gremlin Nob","floor":10.0,"turns":1.0},{"damage":12.0,"enemies":"Lagavulin","floor":12.0,"turns":9.0},{"damage":1.0,"enemies":"2 Louse","floor":13.0,"turns":3.0},{"damage":17.0,"enemies":"Gremlin Nob","floor":14.0,"turns":5.0},{"damage":10.0,"enemies":"Hexaghost","floor":16.0,"turns":9.0},{"damage":8.0,"enemies":"Shell Parasite","floor":18.0,"turns":5.0},{"damage":2,"enemies":"2 Thieves","floor":19,"turns":3},{"damage":35,"enemies":"Snake Plant","floor":21,"turns":7},{"damage":34,"enemies":"Slavers","floor":23,"turns":1}],"seed_played":"3989584397301735650","potions_obtained":[{"floor":13.0,"key":"FocusPotion"},{"floor":14.0,"key":"FocusPotion"},{"floor":18.0,"key":"LiquidMemories"},{"floor":19,"key":"Fruit Juice"}],"is_trial":false,"path_per_floor":["M","$","$","?","?","R","E","R","T","E","R","E","M","E","R","B",null,"M","M","?","M","?","E"],"character_chosen":"DEFECT","items_purchased":["Capacitor"],"campfire_rested":0,"item_purchase_floors":[2],"current_hp_per_floor":[64,64,64,64,45,45,45,45,45,45,45,33,32,15,15,10,51,43,51,44,18,12,0,0],"gold":355,"neow_bonus":"THREE_ENEMY_KILL","is_daily":false,"chose_seed":false,"campfire_upgraded":2,"win_rate":0.0,"timestamp":1611685083,"path_taken":["M","?","$","?","?","R","E","R","T","E","R","E","M","E","R","BOSS","M","M","?","M","?","E"],"items_purchased_type":["Card"],"build_version":"2020-12-22","purchased_purges":1,"victory":false,"max_hp_per_floor":[71,71,71,64,64,64,64,64,64,64,64,64,64,64,64,64,64,64,64,44,44,44,49,49],"relic_stats":{"Peace Pipe":2,"Regal Pillow":0,"Inserter":[8],"Torii":28,"Gremlin Horn":[1,1],"counters":[11,45],"Golden Idol":66,"obtain_stats":[{"Peace Pipe":7,"Regal Pillow":10,"Inserter":17,"NeowsBlessing":0,"Torii":12,"Gremlin Horn":14,"Golden Idol":4,"Cracked Core":0,"Toy Ornithopter":9},{"Peace Pipe":2,"Regal Pillow":3,"Inserter":7,"NeowsBlessing":0,"Torii":4,"Gremlin Horn":6,"Golden Idol":1,"Cracked Core":0,"Toy Ornithopter":2},{"Peace Pipe":2,"Regal Pillow":3,"Inserter":29,"NeowsBlessing":0,"Torii":12,"Gremlin Horn":20,"Golden Idol":1,"Cracked Core":0,"Toy Ornithopter":2}],"Toy Ornithopter":20},"card_choices":[{"not_picked":["Cold Snap","Melter"],"picked":"Genetic Algorithm","floor":1.0},{"not_picked":["Blizzard","Chaos"],"picked":"Cold Snap","floor":7.0},{"not_picked":["Beam Cell","Thunder Strike"],"picked":"Reinforced Body","floor":10.0},{"not_picked":["Beam Cell","Force Field"],"picked":"All For One","floor":12.0},{"not_picked":["Steam Power","Self Repair"],"picked":"Barrage","floor":13.0},{"not_picked":["Rebound","Lockon"],"picked":"Sweeping Beam","floor":14.0},{"not_picked":["All For One","Electrodynamics"],"picked":"Biased Cognition","floor":16.0},{"not_picked":["Darkness","Steam"],"picked":"FTL+1","floor":18.0},{"not_picked":["Genetic Algorithm","Reprogram+1"],"picked":"Steam Power","floor":19},{"not_picked":["Hello World","Compile Driver","Storm"],"picked":"SKIP","floor":21}],"player_experience":1131507,"relics_obtained":[{"floor":7.0,"key":"Peace Pipe"},{"floor":9.0,"key":"Toy Ornithopter"},{"floor":10.0,"key":"Regal Pillow"},{"floor":12.0,"key":"Torii"},{"floor":14.0,"key":"Gremlin Horn"}],"event_choices":[{"damage_healed":0.0,"max_hp_gain":0.0,"max_hp_loss":7.0,"gold_gain":0.0,"event_name":"Golden Idol","player_choice":"Lose Max HP","floor":4.0,"gold_loss":0.0,"damage_taken":0.0,"relics_obtained":["Golden Idol"]},{"damage_healed":0.0,"max_hp_gain":0.0,"max_hp_loss":0.0,"gold_gain":0.0,"event_name":"Shining Light","player_choice":"Entered Light","floor":5.0,"gold_loss":0.0,"damage_taken":19.0,"cards_upgraded":["Dualcast","Genetic Algorithm"]},{"damage_healed":0,"gold_gain":0,"player_choice":"Became a vampire","damage_taken":0,"max_hp_gain":0,"max_hp_loss":20,"event_name":"Vampires","floor":20,"gold_loss":0,"cards_obtained":["Bite","Bite","Bite","Bite","Bite"]},{"damage_healed":0,"gold_gain":0,"player_choice":"Joined the Cult","damage_taken":6,"max_hp_gain":0,"max_hp_loss":0,"event_name":"Nest","floor":22,"gold_loss":0,"cards_obtained":["RitualDagger"]}],"is_beta":false,"boss_relics":[{"not_picked":["Busted Crown","Coffee Dripper"],"picked":"Inserter"}],"items_purged_floors":[2],"is_endless":false,"potions_floor_spawned":[13,14,18,19],"killed_by":"Slavers","ascension_level":17}}