{"host":"zzf13dk0jcen0ncv","time":1611655007,"event":{"mods":["AchievementEnabler","BaseMod","BetterRewards","Colored Map","Keyboard Shortcuts","Minty Spire (QoL Compilation)","Quick Restart","Shop Mod","StSLib","SuperFastMode","Waifu the Spire"],"gold_per_floor":[118,137,156,206,224,249,249,264,264,290,303,318,349,361,361,434,434,444,457,140,140,160,160,22,39,62,92,92,92,106,133,145,234,296,326,392,404,434,89,116,192,207,260,295,155,155,174,189,189,189,189,189,189,17,50,50],"floor_reached":57,"language":"KOR","playtime":4289,"items_purged":["Strike_G","Poisoned Stab"],"score":3552,"play_id":"42e39573-b9f0-41aa-8576-7cc3cfc89803","local_time":"20210126185647","is_ascension_mode":true,"campfire_choices":[{"data":"Catalyst","floor":7,"key":"SMITH"},{"data":"Footwork","floor":15,"key":"SMITH"},{"data":"Panacea","floor":23,"key":"SMITH"},{"data":"Acrobatics","floor":28,"key":"SMITH"},{"floor":32,"key":"RECALL"},{"data":"After Image","floor":49,"key":"SMITH"},{"data":"Caltrops","floor":53,"key":"SMITH"}],"circlet_count":0,"master_deck":["AscendersBane","Defend_G+1","Defend_G","Defend_G","Defend_G","Defend_G","Survivor+1","Neutralize","Bandage Up","Panacea+1","PiercingWail","Catalyst+1","Bouncing Flask+1","Footwork+1","Acrobatics+1","Backflip","Deadly Poison","Poisoned Stab","All Out Attack","Deflect+1","Distraction+1","Terror+1","Escape Plan+1","Calculated Gamble+1","Malaise+1","Tools of the Trade+1","Predator+1","Blur+1","Outmaneuver+1","Tactician+1","Backflip+1","Trip+1","Concentrate+1","Doppelganger+1","Crippling Poison+1","Adrenaline+1","Distraction+1","Prepared+1","Caltrops+1","Wraith Form v2+1","Tactician+1","Backflip+1","Adrenaline+1","Outmaneuver+1","Reflex+1","After Image+1","Tactician+1","A Thousand Cuts"],"relics":["Ring of the Snake","Omamori","Unceasing Top","Boot","ClockworkSouvenir","Happy Flower","Ancient Tea Set","Mercury Hourglass","TwistedFunnel","Gambling Chip","Toxic Egg 2","The Courier","Question Card","Bottled Tornado","Astrolabe","MealTicket","Art of War","Tiny Chest","MawBank","Tiny House","Bird Faced Urn","HornCleat","War Paint","StoneCalendar","Dream Catcher","Blue Candle","Chemical X","Bag of Preparation"],"acts_visited":["Exordium","TheCity","TheBeyond","TheEnding"],"potions_floor_usage":[56,56],"damage_taken":[{"damage":0,"enemies":"Small Slimes","floor":1,"turns":2},{"damage":0,"enemies":"Cultist","floor":2,"turns":3},{"damage":0,"enemies":"Jaw Worm","floor":3,"turns":2},{"damage":0,"enemies":"Blue Slaver","floor":5,"turns":2},{"damage":22,"enemies":"Lagavulin","floor":6,"turns":5},{"damage":0,"enemies":"2 Fungi Beasts","floor":8,"turns":1},{"damage":6,"enemies":"Gremlin Nob","floor":10,"turns":3},{"damage":11,"enemies":"Looter","floor":11,"turns":2},{"damage":4,"enemies":"Gremlin Gang","floor":12,"turns":3},{"damage":29,"enemies":"Lagavulin","floor":13,"turns":4},{"damage":0,"enemies":"2 Fungi Beasts","floor":14,"turns":2},{"damage":0,"enemies":"Hexaghost","floor":16,"turns":5},{"damage":1,"enemies":"Spheric Guardian","floor":18,"turns":3},{"damage":0,"enemies":"Chosen","floor":19,"turns":3},{"damage":4,"enemies":"Centurion and Healer","floor":22,"turns":7},{"damage":0,"enemies":"Sentry and Sphere","floor":25,"turns":3},{"damage":9,"enemies":"Book of Stabbing","floor":27,"turns":7},{"damage":0,"enemies":"Snake Plant","floor":30,"turns":3},{"damage":2,"enemies":"Gremlin Leader","floor":31,"turns":4},{"damage":1,"enemies":"Champ","floor":33,"turns":4},{"damage":0,"enemies":"Orb Walker","floor":35,"turns":2},{"damage":0,"enemies":"2 Orb Walkers","floor":36,"turns":4},{"damage":1,"enemies":"3 Shapes","floor":38,"turns":3},{"damage":1,"enemies":"Giant Head","floor":40,"turns":8},{"damage":0,"enemies":"Maw","floor":42,"turns":6},{"damage":3,"enemies":"Nemesis","floor":44,"turns":5},{"damage":0,"enemies":"3 Darklings","floor":47,"turns":4},{"damage":0,"enemies":"Sphere and 2 Shapes","floor":48,"turns":3},{"damage":6,"enemies":"Awakened One","floor":50,"turns":14},{"damage":102,"enemies":"Time Eater","floor":51,"turns":16},{"damage":37,"enemies":"Shield and Spear","floor":55,"turns":6},{"damage":25,"enemies":"The Heart","floor":56,"turns":9}],"seed_played":"7983695518135651271","potions_obtained":[{"floor":1,"key":"AttackPotion"},{"floor":3,"key":"DuplicationPotion"},{"floor":22,"key":"Energy Potion"},{"floor":27,"key":"Ancient Potion"},{"floor":33,"key":"FairyPotion"},{"floor":38,"key":"Regen Potion"},{"floor":55,"key":"Regen Potion"}],"is_trial":false,"path_per_floor":["M","M","M","?","M","E","R","M","T","E","M","M","E","M","R","B",null,"M","M","$","?","M","R","$","M","T","E","R","?","M","E","R","B",null,"M","?","?","M","$","E","T","M","T","E","$","?","M","M","R","B","B",null,"R","$","E","B",null],"character_chosen":"THE_SILENT","items_purchased":["Omamori","Bandage Up","Unceasing Top","Boot","ClockworkSouvenir","Panacea","PiercingWail","Catalyst","Bouncing Flask","Footwork","Acrobatics","Happy Flower","Ancient Tea Set","Mercury Hourglass","TwistedFunnel","Gambling Chip","Tactician+1","Backflip+1","Trip+1","Concentrate+1","Doppelganger+1","HornCleat","War Paint","Tactician+1","Chemical X","Dexterity Potion"],"campfire_rested":0,"item_purchase_floors":[0,0,0,0,0,0,0,0,0,0,0,0,0,0,0,0,20,20,20,20,24,39,39,45,54,54],"current_hp_per_floor":[63,66,66,66,66,48,48,52,52,46,39,39,14,18,18,22,55,58,62,62,62,62,62,66,66,66,61,61,61,65,66,66,65,71,71,71,71,71,71,70,70,71,71,71,71,71,71,71,71,71,21,59,59,71,42,62],"gold":50,"neow_bonus":"","is_daily":false,"chose_seed":false,"campfire_upgraded":6,"win_rate":0.0,"timestamp":1611655007,"path_taken":["M","M","M","?","M","E","R","?","T","E","M","M","E","M","R","BOSS","M","M","$","?","M","R","$","M","T","E","R","?","M","E","R","BOSS","M","?","?","M","$","E","?","M","T","E","$","?","?","M","R","BOSS","BOSS","R","$","E","BOSS"],"items_purchased_type":["Relic","Card","Relic","Relic","Relic","Card","Card","Card","Card","Card","Card","Relic","Relic","Relic","Relic","Relic","Card","Card","Card","Card","Card","Relic","Relic","Card","Relic","Potion"],"build_version":"2020-12-22","purchased_purges":2,"victory":true,"max_hp_per_floor":[66,66,66,66,66,66,66,66,66,66,66,66,66,66,66,66,66,66,66,66,66,66,66,66,66,66,66,66,66,66,66,66,66,71,71,71,71,71,71,71,71,71,71,71,71,71,71,71,71,71,71,71,71,71,71,71],"card_choices":[{"not_picked":["Bouncing Flask","Leg Sweep"],"picked":"Backflip","floor":1},{"not_picked":["Distraction","Prepared"],"picked":"Deadly Poison","floor":2},{"not_picked":["Dodge and Roll","Infinite Blades"],"picked":"Poisoned Stab","floor":3},{"not_picked":["Backstab","Dagger Throw"],"picked":"All Out Attack","floor":5},{"not_picked":["Flying Knee","Skewer","Dodge and Roll+1"],"picked":"SKIP","floor":6},{"not_picked":["Dagger Throw","Blade Dance+1"],"picked":"Deflect+1","floor":8},{"not_picked":["Leg Sweep+1","Sucker Punch"],"picked":"Distraction+1","floor":10},{"not_picked":["Prepared+1","Caltrops","Bane"],"picked":"Terror+1","floor":11},{"not_picked":["Caltrops","Distraction+1","Riddle With Holes"],"picked":"Escape Plan+1","floor":12},{"not_picked":["Die Die Die","Sucker Punch","Blade Dance+1"],"picked":"Calculated Gamble+1","floor":13},{"not_picked":["Riddle With Holes","Accuracy","Dagger Throw","Flechettes"],"picked":"SKIP","floor":14},{"not_picked":["Tools of the Trade","Doppelganger+1","After Image"],"picked":"Malaise+1","floor":16},{"not_picked":["Sucker Punch","Masterful Stab","Well Laid Plans"],"picked":"Blur+1","floor":18},{"not_picked":["Deadly Poison+1","Bane","Acrobatics+1"],"picked":"Outmaneuver+1","floor":19},{"not_picked":["Calculated Gamble+1","Heel Hook","Dodge and Roll+1","Blade Dance+1"],"picked":"SKIP","floor":22},{"not_picked":["Underhanded Strike","Endless Agony","Die Die Die"],"picked":"Crippling Poison+1","floor":25},{"not_picked":["All Out Attack","Distraction+1","Deadly Poison+1"],"picked":"Adrenaline+1","floor":27},{"not_picked":["Heel Hook","Quick Slash+1","Sucker Punch"],"picked":"Prepared+1","floor":30},{"not_picked":["Setup+1","Prepared+1","Underhanded Strike"],"picked":"Caltrops","floor":31},{"not_picked":["After Image","Glass Knife","Tools of the Trade"],"picked":"Wraith Form v2","floor":33},{"not_picked":["Outmaneuver+1","Well Laid Plans","Leg Sweep+1"],"picked":"Tactician+1","floor":34},{"not_picked":["Poisoned Stab","Flying Knee+1","Blade Dance+1"],"picked":"Backflip+1","floor":35},{"not_picked":["PiercingWail+1","Flying Knee+1","Quick Slash"],"picked":"Adrenaline+1","floor":36},{"not_picked":["Slice","Deflect+1","Dagger Throw+1"],"picked":"Outmaneuver+1","floor":38},{"not_picked":["Predator","Dagger Throw","Flying Knee","Endless Agony"],"picked":"SKIP","floor":40},{"not_picked":["Blade Dance+1","Distraction+1","Finisher"],"picked":"Reflex+1","floor":42},{"not_picked":["Blade Dance+1","Backstab+1","Underhanded Strike"],"picked":"After Image","floor":44},{"not_picked":["PiercingWail+1","Poisoned Stab+1","Flechettes","Flying Knee"],"picked":"SKIP","floor":47},{"not_picked":["Sucker Punch","Backstab","Blade Dance+1","Prepared+1"],"picked":"SKIP","floor":48},{"not_picked":["Escape Plan+1","Choke","Outmaneuver+1"],"picked":"A Thousand Cuts","floor":55}],"player_experience":928925,"relics_obtained":[{"floor":6,"key":"Toxic Egg 2"},{"floor":9,"key":"The Courier"},{"floor":10,"key":"Question Card"},{"floor":13,"key":"Bottled Tornado"},{"floor":26,"key":"Art of War"},{"floor":27,"key":"Tiny Chest"},{"floor":31,"key":"MawBank"},{"floor":36,"key":"Bird Faced Urn"},{"floor":40,"key":"StoneCalendar"},{"floor":43,"key":"Dream Catcher"},{"floor":44,"key":"Blue Candle"},{"floor":55,"key":"Bag of Preparation"}],"event_choices":[{"damage_healed":0,"gold_gain":50,"player_choice":"Pray","damage_taken":0,"max_hp_gain":0,"max_hp_loss":0,"event_name":"Golden Shrine","floor":4,"gold_loss":0},{"damage_healed":0,"gold_gain":0,"player_choice":"Opened","damage_taken":0,"relics_obtained":["MealTicket"],"max_hp_gain":0,"max_hp_loss":0,"event_name":"The Mausoleum","floor":21,"gold_loss":0,"cards_obtained":["Writhe"]},{"damage_healed":0,"gold_gain":0,"cards_transformed":["Strike_G","All Out Attack"],"player_choice":"Became Test Subject","damage_taken":0,"max_hp_gain":0,"max_hp_loss":0,"event_name":"Drug Dealer","floor":29,"gold_loss":0,"cards_obtained":["Poisoned Stab","Distraction"]},{"damage_healed":0,"gold_gain":0,"player_choice":"Fight","damage_taken":0,"max_hp_gain":0,"max_hp_loss":0,"event_name":"Mysterious Sphere","floor":36,"gold_loss":0},{"damage_healed":0,"gold_gain":0,"player_choice":"Upgraded","damage_taken":0,"max_hp_gain":0,"max_hp_loss":0,"event_name":"Upgrade Shrine","floor":37,"gold_loss":0,"cards_upgraded":["Wraith Form v2"]},{"damage_healed":0,"gold_gain":0,"player_choice":"Ignored","damage_taken":0,"max_hp_gain":0,"max_hp_loss":0,"event_name":"SecretPortal","floor":46,"gold_loss":0}],"is_beta":false,"boss_relics":[{"not_picked":["Ring of the Serpent","Runic Dome"],"picked":"Astrolabe"},{"not_picked":["Runic Pyramid","Sozu"],"picked":"Tiny House"}],"items_purged_floors":[20,45],"is_endless":false,"potions_floor_spawned":[1,3,5,10,22,27,31,33,36,38,40,44,55],"ascension_level":20}}