{"host":"8a3jzv7qxg3y7b6t","time":1611651705,"event":{"mods":["BaseMod","Better Third Choice","Downfall","Hermit","Minty Spire (QoL Compilation)","Relic Stats","StSLib","The Bug Knight","The Cursed"],"gold_per_floor":[118,118,138,213,213,254,254,269,269,27,68,68,102,116,116,236,236,249,249,269,287,287,331,331,369,418,433,89,89,104,154,154,280,280,298,681,731,781,531,556,556,581,881,881,914,378,395,406,406,406,406,406,107,142,142,142],"floor_reached":55,"language":"ENG","playtime":4348,"items_purged":[],"score":926,"play_id":"85388307-55af-4f93-95dd-ac5a258a3bb1","local_time":"20210126010145","is_ascension_mode":true,"campfire_choices":[{"floor":7.0,"key":"RECALL"},{"floor":12.0,"key":"REST"},{"data":"Panacea","floor":15.0,"key":"SMITH"},{"floor":24.0,"key":"REST"},{"data":"HollowMod:PureNailStrike","floor":29.0,"key":"SMITH"},{"floor":32.0,"key":"REST"},{"floor":41.0,"key":"REST"},{"floor":44.0,"key":"REST"},{"floor":49.0,"key":"REST"},{"floor":52.0,"key":"REST"}],"circlet_count":0,"master_deck":["HollowMod:NailStrikeStart","HollowMod:NailStrikeStart","HollowMod:NailStrikeStart","HollowMod:NailStrikeStart","HollowMod:QuickDashStart","HollowMod:QuickDashStart","HollowMod:QuickDashStart","HollowMod:QuickDashStart+1","HollowMod:FocusHealStart","HollowMod:PogoStrike","Panacea+1","HollowMod:DoubleDash","HollowMod:MonarchWings+1","HollowMod:SharpenedNail","HollowMod:CycloneSlash","HollowMod:SoulSplash","HollowMod:MonarchWings","HollowMod:SoulMaster","HollowMod:SoulSplash+1","HollowMod:HeavyBlow","HollowMod:HeavyBlow","HollowMod:LifebloodCocoon","HollowMod:PureNailStrike+1","HollowMod:HeavyBlow","HollowMod:SlysStrikes","HollowMod:DashSlash+1","Finesse","HollowMod:NewLastStag","HollowMod:CoiledNail","HollowMod:BaldurShell+1","HollowMod:GoodIntentions+1","Panache","HollowMod:SoulEater+1","HollowMod:CycloneSlash","HollowMod:CloakDash+1"],"relics":["HollowMod:VesselMask","PreservedInsect","Bottled Lightning","White Beast Statue","Omamori","StrikeDummy","Calling Bell","HollowMod:PaleOreRelic","HollowMod:StagPassRelic","Pocketwatch","SsserpentHead","HollowMod:LifeEnderRelic","Centennial Puzzle","HollowMod:JonisBlessing","Mummified Hand","Fusion Hammer","War Paint","Nunchaku","Old Coin","Bottled Flame","Kunai","Toolbox","HollowMod:QueensCombRelic","Happy Flower"],"acts_visited":["Exordium","TheCity","TheBeyond","TheEnding"],"potions_floor_usage":[55],"damage_taken":[{"damage":0.0,"enemies":"Cultist","floor":1.0,"turns":4.0},{"damage":6.0,"enemies":"2 Louse","floor":3.0,"turns":2.0},{"damage":38.0,"enemies":"3 Sentries","floor":6.0,"turns":13.0},{"damage":5.0,"enemies":"Small Slimes","floor":8.0,"turns":4.0},{"damage":3.0,"enemies":"Lagavulin","floor":11.0,"turns":6.0},{"damage":24.0,"enemies":"Gremlin Nob","floor":13.0,"turns":5.0},{"damage":0.0,"enemies":"Looter","floor":14.0,"turns":3.0},{"damage":53.0,"enemies":"Slime Boss","floor":16.0,"turns":13.0},{"damage":2.0,"enemies":"Shell Parasite","floor":18.0,"turns":8.0},{"damage":18.0,"enemies":"2 Thieves","floor":20.0,"turns":5.0},{"damage":16.0,"enemies":"Chosen and Byrds","floor":21.0,"turns":6.0},{"damage":16.0,"enemies":"Slavers","floor":23.0,"turns":4.0},{"damage":16.0,"enemies":"HollowMod:Nosk","floor":25.0,"turns":7.0},{"damage":1.0,"enemies":"Snecko","floor":27.0,"turns":5.0},{"damage":9.0,"enemies":"Sentry and Sphere","floor":30.0,"turns":6.0},{"damage":40.0,"enemies":"Collector","floor":33.0,"turns":10.0},{"damage":0.0,"enemies":"Orb Walker","floor":35.0,"turns":3.0},{"damage":37.0,"enemies":"Reptomancer","floor":40.0,"turns":6.0},{"damage":0.0,"enemies":"Giant Head","floor":42.0,"turns":5.0},{"damage":5.0,"enemies":"HollowMod:StalkingDevout","floor":45.0,"turns":5.0},{"damage":0.0,"enemies":"3 Darklings","floor":47.0,"turns":5.0},{"damage":0.0,"enemies":"Jaw Worm Horde","floor":48.0,"turns":3.0},{"damage":0.0,"enemies":"HollowMod:Radiance","floor":50.0,"turns":14.0},{"damage":21.0,"enemies":"Shield and Spear","floor":54.0,"turns":5.0},{"damage":29,"enemies":"The Heart","floor":55,"turns":8}],"seed_played":"7680765650811302231","potions_obtained":[{"floor":3.0,"key":"Strength Potion"},{"floor":6.0,"key":"LiquidMemories"},{"floor":8.0,"key":"CultistPotion"},{"floor":11.0,"key":"Regen Potion"},{"floor":13.0,"key":"GamblersBrew"},{"floor":14.0,"key":"SkillPotion"},{"floor":16.0,"key":"Dexterity Potion"},{"floor":18.0,"key":"Weak Potion"},{"floor":20.0,"key":"PowerPotion"},{"floor":21.0,"key":"Fire Potion"},{"floor":23.0,"key":"BlessingOfTheForge"},{"floor":25.0,"key":"Block Potion"},{"floor":27.0,"key":"CultistPotion"},{"floor":30.0,"key":"DuplicationPotion"},{"floor":33.0,"key":"champ:CounterPotion"},{"floor":35.0,"key":"hexamod:SoulburnPotion"},{"floor":40.0,"key":"EntropicBrew"},{"floor":42.0,"key":"EssenceOfSteel"},{"floor":45.0,"key":"SkillPotion"},{"floor":47.0,"key":"LiquidMemories"},{"floor":48.0,"key":"Dexterity Potion"},{"floor":54.0,"key":"FearPotion"}],"is_trial":false,"path_per_floor":["M","$","M","?","?","E","R","M","T","$","E","R","E","M","R","B",null,"M","?","M","M","?","E","R","E","T","M","$","R","M","?","R","B",null,"M","?","?","?","?","E","R","E","T","R","E","$","M","M","R","B",null,"R","$","E","B"],"character_chosen":"THE_BUGKNIGHT","items_purchased":["White Beast Statue","HollowMod:JonisBlessing","Mummified Hand","Kunai","Panache","Toolbox","HollowMod:QueensCombRelic"],"campfire_rested":7,"item_purchase_floors":[10,28,28,46,46,46,53],"current_hp_per_floor":[75,75,75,64,64,36,36,37,37,37,34,56,47,47,47,6,75,73,75,57,41,41,25,47,31,31,30,30,30,21,21,43,3,75,75,75,75,75,75,38,60,60,60,75,70,70,70,70,75,75,75,75,50,29,0,0],"gold":142,"neow_bonus":"RANDOM_COLORLESS","is_daily":false,"chose_seed":false,"campfire_upgraded":2,"win_rate":0.0,"timestamp":1611651705,"path_taken":["M","$","M","?","?","E","R","M","T","$","E","R","E","M","R","BOSS","M","?","?","M","?","E","R","E","T","M","?","R","M","?","R","BOSS","M","?","?","?","?","E","R","E","T","R","E","?","M","M","R","BOSS","R","$","E","BOSS"],"items_purchased_type":["Relic","Relic","Relic","Relic","Card","Relic","Relic"],"build_version":"2020-12-22","purchased_purges":0,"victory":false,"max_hp_per_floor":[75,75,75,75,75,75,75,75,75,75,75,75,75,75,75,75,75,75,75,75,75,75,75,75,75,75,75,75,75,75,75,75,75,75,75,75,75,75,75,75,75,75,75,75,75,75,75,75,75,75,75,75,50,50,50,50],"relic_stats":{"SsserpentHead":350,"Centennial Puzzle":[21],"Nunchaku":[9],"Happy Flower":[2],"counters":[25,155],"Mummified Hand":[39],"PreservedInsect":410,"Kunai":[16],"War Paint":["HollowMod:MonarchWings","HollowMod:QuickDashStart"],"obtain_stats":[{"HollowMod:VesselMask":0,"HollowMod:StagPassRelic":17,"Old Coin":43,"SsserpentHead":22,"Centennial Puzzle":25,"Nunchaku":42,"Mummified Hand":28,"Toolbox":46,"Fusion Hammer":34,"HollowMod:PaleOreRelic":17,"Kunai":46,"HollowMod:QueensCombRelic":53,"HollowMod:LifeEnderRelic":23,"Happy Flower":54,"Golden Idol":5,"HollowMod:JonisBlessing":28,"PreservedInsect":6,"Omamori":11,"War Paint":40,"White Beast Statue":10,"Calling Bell":17,"Bottled Flame":45,"Bottled Lightning":9,"StrikeDummy":13,"Pocketwatch":17},{"HollowMod:VesselMask":0,"HollowMod:StagPassRelic":8,"Old Coin":19,"SsserpentHead":11,"Centennial Puzzle":13,"Nunchaku":19,"Mummified Hand":14,"Toolbox":20,"Fusion Hammer":16,"HollowMod:PaleOreRelic":8,"Kunai":20,"HollowMod:QueensCombRelic":23,"HollowMod:LifeEnderRelic":12,"Happy Flower":24,"Golden Idol":2,"HollowMod:JonisBlessing":14,"PreservedInsect":3,"Omamori":5,"War Paint":18,"White Beast Statue":4,"Calling Bell":8,"Bottled Flame":20,"Bottled Lightning":4,"StrikeDummy":6,"Pocketwatch":8},{"HollowMod:VesselMask":0,"HollowMod:StagPassRelic":50,"Old Coin":115,"SsserpentHead":69,"Centennial Puzzle":80,"Nunchaku":115,"Mummified Hand":85,"Toolbox":120,"Fusion Hammer":101,"HollowMod:PaleOreRelic":50,"Kunai":120,"HollowMod:QueensCombRelic":142,"HollowMod:LifeEnderRelic":73,"Happy Flower":147,"Golden Idol":6,"HollowMod:JonisBlessing":85,"PreservedInsect":19,"Omamori":29,"War Paint":110,"White Beast Statue":23,"Calling Bell":50,"Bottled Flame":120,"Bottled Lightning":23,"StrikeDummy":34,"Pocketwatch":50}],"Pocketwatch":[62]},"card_choices":[{"not_picked":["Madness","Discovery"],"picked":"Panacea","floor":0.0},{"not_picked":["HollowMod:DescendingDark","HollowMod:InfectedAttack"],"picked":"HollowMod:DoubleDash","floor":1.0},{"not_picked":["HollowMod:HowlingWraiths","HollowMod:WraithStrike"],"picked":"HollowMod:MonarchWings","floor":3.0},{"not_picked":["HollowMod:DescendingDark","HollowMod:MothsMistake"],"picked":"HollowMod:SharpenedNail","floor":6.0},{"not_picked":["HollowMod:NewGlowingWomb","HollowMod:BlackTendrils"],"picked":"HollowMod:CycloneSlash","floor":8.0},{"not_picked":["HollowMod:SiblingsShadow","HollowMod:CrystalDash","HollowMod:LifebloodCore"],"picked":"SKIP","floor":11.0},{"not_picked":["HollowMod:AwokenDreamNail","HollowMod:ElderbugsWisdom"],"picked":"HollowMod:SoulSplash","floor":13.0},{"not_picked":["HollowMod:ChannelNail","HollowMod:SoulSplash"],"picked":"HollowMod:MonarchWings","floor":14.0},{"not_picked":["HollowMod:theNailsmith","HollowMod:ZotesMagnificence"],"picked":"HollowMod:SoulMaster","floor":16.0},{"not_picked":["HollowMod:RecoilStrike","HollowMod:InfectedAttack"],"picked":"HollowMod:NewLittleFool+1","floor":18.0},{"not_picked":["HollowMod:SharpenedNail","HollowMod:InfectedAttack"],"picked":"HollowMod:SoulSplash+1","floor":20.0},{"not_picked":["HollowMod:BrokenVessel+1","HollowMod:VengefulVoid"],"picked":"HollowMod:HeavyBlow","floor":21.0},{"not_picked":["HollowMod:PaleKingsBlessing","HollowMod:LifebloodCocoon"],"picked":"HollowMod:HeavyBlow","floor":23.0},{"not_picked":["HollowMod:SoulEater","HollowMod:BrokenVessel+1"],"picked":"HollowMod:LifebloodCocoon","floor":25.0},{"not_picked":["HollowMod:LifebloodCocoon","HollowMod:FallenFury"],"picked":"HollowMod:PureNailStrike","floor":27.0},{"not_picked":["HollowMod:CloakDash","HollowMod:ChannelNail+1"],"picked":"HollowMod:HeavyBlow","floor":30.0},{"not_picked":["HollowMod:LifebloodCore","HollowMod:LordofShades"],"picked":"HollowMod:SlysStrikes","floor":33.0},{"not_picked":["HollowMod:BrokenVessel+1","HollowMod:GoodIntentions"],"picked":"HollowMod:DashSlash+1","floor":35.0},{"not_picked":["Jack Of All Trades","Violence"],"picked":"Finesse","floor":37.0},{"not_picked":["HollowMod:WraithStrike","HollowMod:HowlingWraiths"],"picked":"HollowMod:CoiledNail","floor":40.0},{"not_picked":["HollowMod:MidwifesHunger","HollowMod:ChannelNail+1"],"picked":"HollowMod:BaldurShell+1","floor":42.0},{"not_picked":["HollowMod:FastStrike+1","HollowMod:SoulEater"],"picked":"HollowMod:GoodIntentions+1","floor":45.0},{"not_picked":["HollowMod:InfectedAttack+1","HollowMod:NewGlowingWomb"],"picked":"HollowMod:SoulEater+1","floor":47.0},{"not_picked":["HollowMod:BlackTendrils","HollowMod:DoubleDash+1"],"picked":"HollowMod:CycloneSlash","floor":48.0},{"not_picked":["HollowMod:NewLittleFool+1","HollowMod:LifebloodCocoon+1"],"picked":"HollowMod:CloakDash+1","floor":54.0}],"player_experience":632072,"relics_obtained":[{"floor":6.0,"key":"PreservedInsect"},{"floor":9.0,"key":"Bottled Lightning"},{"floor":11.0,"key":"Omamori"},{"floor":13.0,"key":"StrikeDummy"},{"floor":17.0,"key":"HollowMod:PaleOreRelic"},{"floor":17.0,"key":"HollowMod:StagPassRelic"},{"floor":17.0,"key":"Pocketwatch"},{"floor":23.0,"key":"HollowMod:LifeEnderRelic"},{"floor":25.0,"key":"Centennial Puzzle"},{"floor":40.0,"key":"War Paint"},{"floor":42.0,"key":"Nunchaku"},{"floor":43.0,"key":"Old Coin"},{"floor":45.0,"key":"Bottled Flame"},{"floor":54.0,"key":"Happy Flower"}],"event_choices":[{"damage_healed":0.0,"max_hp_gain":0.0,"max_hp_loss":0.0,"gold_gain":75.0,"event_name":"betterThird:BetterGoop","player_choice":"Gold","floor":4.0,"gold_loss":0.0,"damage_taken":11.0},{"damage_healed":0.0,"max_hp_gain":0.0,"max_hp_loss":0.0,"gold_gain":0.0,"event_name":"Golden Idol","player_choice":"Take Wound","floor":5.0,"gold_loss":0.0,"damage_taken":0.0,"relics_obtained":["Golden Idol"],"cards_obtained":["Injury"]},{"cards_removed":["HollowMod:NewLittleFool"],"damage_healed":5.0,"max_hp_gain":0.0,"max_hp_loss":0.0,"gold_gain":0.0,"event_name":"Bonfire Elementals","player_choice":"Offered Common","floor":19.0,"gold_loss":0.0,"damage_taken":0.0},{"cards_removed":["HollowMod:NewLittleFool"],"damage_healed":5.0,"max_hp_gain":0.0,"max_hp_loss":0.0,"gold_gain":0.0,"event_name":"Bonfire Elementals","player_choice":"Offered Special","floor":19.0,"gold_loss":0.0,"damage_taken":0.0},{"damage_healed":0.0,"max_hp_gain":0.0,"max_hp_loss":0.0,"gold_gain":0.0,"event_name":"FaceTrader","player_choice":"Trade","floor":22.0,"gold_loss":0.0,"damage_taken":0.0,"relics_obtained":["SsserpentHead"]},{"damage_healed":0.0,"max_hp_gain":0.0,"max_hp_loss":0.0,"gold_gain":0.0,"event_name":"Ghosts","player_choice":"Ignored","floor":31.0,"gold_loss":0.0,"damage_taken":0.0},{"damage_healed":0.0,"max_hp_gain":0.0,"max_hp_loss":0.0,"gold_gain":333.0,"event_name":"The Moai Head","player_choice":"Gave Idol","floor":36.0,"relics_lost":["Golden Idol"],"gold_loss":0.0,"damage_taken":0.0},{"damage_healed":0.0,"max_hp_gain":0.0,"max_hp_loss":0.0,"gold_gain":0.0,"event_name":"SensoryStone","player_choice":"Memory 1","floor":37.0,"gold_loss":0.0,"damage_taken":0.0}],"is_beta":false,"boss_relics":[{"not_picked":["Astrolabe","bronze:MakeshiftBattery"],"picked":"Calling Bell"},{"not_picked":["Pandora\u0027s Box","Runic Pyramid"],"picked":"Fusion Hammer"}],"items_purged_floors":[],"is_endless":false,"potions_floor_spawned":[3,6,8,11,13,14,16,18,20,21,23,25,27,30,33,35,40,42,45,47,48,54],"killed_by":"The Heart","ascension_level":1}}