{"host":"o7j6aatxjwpw1421","time":1611676232,"event":{"mods":["2.2 Compatiblity","AchievementEnabler","BaseMod","Colored Map","DeckTracker","Highlight Path","Keyboard Shortcuts","Minty Spire (QoL Compilation)","Permanent Neow","Quick Restart","StSLib","SuperFastMode","everything is the same but u backflip on backflip"],"gold_per_floor":[111,111,127,8,8,8,20,20,88,88,114,125,153,168,168,240,240,256,181,196,207,207,237,237,250,250,250,525,308,325,354,354,354,354],"floor_reached":33,"language":"KOR","playtime":1618,"items_purged":["Strike_P","Regret"],"score":690,"play_id":"4d946a24-9b06-400d-8a0b-b07aa2bcc104","local_time":"20210127005032","is_ascension_mode":true,"campfire_choices":[{"data":"Eruption","floor":6.0,"key":"SMITH"},{"data":"Vault","floor":8.0,"key":"SMITH"},{"data":"Tantrum","floor":10.0,"key":"SMITH"},{"data":"MentalFortress","floor":15.0,"key":"SMITH"},{"data":"Vault","floor":24.0,"key":"SMITH"},{"floor":32,"key":"REST"}],"circlet_count":0,"master_deck":["AscendersBane","Strike_P","Strike_P","Strike_P","Defend_P","Defend_P","Defend_P","Defend_P","Eruption+1","Vigilance","Vault+1","FlurryOfBlows","Tantrum+1","MentalFortress+1","FearNoEvil+1","EmptyFist+1","InnerPeace","Vault+1"],"relics":["PureWater","HornCleat","Letter Opener","Boot","VioletLotus","Oddly Smooth Stone","Juzu Bracelet","Membership Card","Meat on the Bone"],"acts_visited":["Exordium","TheCity"],"potions_floor_usage":[31,33,33],"damage_taken":[{"damage":0.0,"enemies":"Cultist","floor":1.0,"turns":2.0},{"damage":0.0,"enemies":"Jaw Worm","floor":3.0,"turns":3.0},{"damage":0.0,"enemies":"2 Louse","floor":7.0,"turns":3.0},{"damage":0.0,"enemies":"Lagavulin","floor":11.0,"turns":5.0},{"damage":0.0,"enemies":"Lots of Slimes","floor":12.0,"turns":2.0},{"damage":0.0,"enemies":"Gremlin Nob","floor":13.0,"turns":3.0},{"damage":0.0,"enemies":"Exordium Thugs","floor":14.0,"turns":2.0},{"damage":45.0,"enemies":"The Guardian","floor":16.0,"turns":17.0},{"damage":12.0,"enemies":"3 Byrds","floor":18.0,"turns":3.0},{"damage":0.0,"enemies":"Chosen","floor":20.0,"turns":3.0},{"damage":0.0,"enemies":"Snake Plant","floor":21.0,"turns":4.0},{"damage":28.0,"enemies":"Book of Stabbing","floor":23.0,"turns":6.0},{"damage":0.0,"enemies":"Sentry and Sphere","floor":25.0,"turns":5.0},{"damage":0.0,"enemies":"Centurion and Healer","floor":30.0,"turns":4.0},{"damage":20,"enemies":"Gremlin Leader","floor":31,"turns":5},{"damage":31,"enemies":"Champ","floor":33,"turns":12}],"seed_played":"-6634033052545207771","potions_obtained":[{"floor":5.0,"key":"CultistPotion"},{"floor":5.0,"key":"AttackPotion"},{"floor":13.0,"key":"Regen Potion"},{"floor":23.0,"key":"PowerPotion"},{"floor":31,"key":"Swift Potion"}],"is_trial":false,"path_per_floor":["M","?","M","$","?","R","M","R","T","R","E","M","E","M","R","B",null,"M","$","M","M","?","E","R","M","T","?","?","$","M","E","R","B"],"character_chosen":"WATCHER","items_purchased":["MentalFortress","FearNoEvil","Membership Card"],"campfire_rested":1,"item_purchase_floors":[4,4,29],"current_hp_per_floor":[61,66,66,66,66,66,66,66,66,66,66,66,66,66,66,21,56,44,44,44,44,44,30,30,30,30,30,30,30,30,10,30,0,0],"gold":354,"neow_bonus":"THREE_RARE_CARDS","is_daily":false,"chose_seed":false,"campfire_upgraded":5,"win_rate":0.0,"timestamp":1611676232,"path_taken":["M","?","M","$","?","R","?","R","T","R","E","M","E","M","R","BOSS","M","$","M","?","?","E","R","M","T","?","?","$","M","E","R","BOSS"],"items_purchased_type":["Card","Card","Relic"],"build_version":"2020-12-22","purchased_purges":2,"victory":false,"max_hp_per_floor":[62,67,67,67,67,67,67,67,67,67,67,67,67,67,67,67,67,67,67,67,67,67,67,67,67,67,67,67,67,67,67,67,67,67],"card_choices":[{"not_picked":["Devotion","MasterReality"],"picked":"Vault","floor":0.0},{"not_picked":["Wireheading","Halt"],"picked":"FlurryOfBlows","floor":1.0},{"not_picked":["PathToVictory","Worship"],"picked":"Tantrum","floor":3.0},{"not_picked":["TalkToTheHand","Collect","WindmillStrike"],"picked":"SKIP","floor":7.0},{"not_picked":["Alpha","Evaluate"],"picked":"EmptyFist","floor":11.0},{"not_picked":["FollowUp","Evaluate","PathToVictory"],"picked":"SKIP","floor":12.0},{"not_picked":["TalkToTheHand","Worship","Study"],"picked":"SKIP","floor":13.0},{"not_picked":["ThirdEye","Worship","BowlingBash"],"picked":"SKIP","floor":14.0},{"not_picked":["FollowUp","Meditate"],"picked":"InnerPeace","floor":18.0},{"not_picked":["CutThroughFate","Perseverance","Crescendo"],"picked":"SKIP","floor":20.0},{"not_picked":["CutThroughFate","Perseverance","Crescendo"],"picked":"SKIP","floor":20.0},{"not_picked":["Weave","Sanctity","PathToVictory"],"picked":"SKIP","floor":21.0},{"not_picked":["ClearTheMind","Crescendo"],"picked":"Vault","floor":23.0},{"not_picked":["Perseverance","EmptyBody","SashWhip+1"],"picked":"SKIP","floor":25.0},{"not_picked":["Study","Tantrum","Halt"],"picked":"SKIP","floor":30.0},{"not_picked":["InnerPeace","BowlingBash","BattleHymn"],"picked":"SKIP","floor":31}],"player_experience":622230,"relics_obtained":[{"floor":9.0,"key":"HornCleat"},{"floor":11.0,"key":"Letter Opener"},{"floor":13.0,"key":"Boot"},{"floor":23.0,"key":"Oddly Smooth Stone"},{"floor":26.0,"key":"Juzu Bracelet"},{"floor":31,"key":"Meat on the Bone"}],"event_choices":[{"damage_healed":0.0,"max_hp_gain":5.0,"max_hp_loss":0.0,"gold_gain":0.0,"event_name":"Big Fish","player_choice":"Donut","floor":2.0,"gold_loss":0.0,"damage_taken":0.0},{"damage_healed":0.0,"max_hp_gain":0.0,"max_hp_loss":0.0,"gold_gain":0.0,"event_name":"Lab","player_choice":"Got Potions","floor":5.0,"gold_loss":0.0,"damage_taken":0.0},{"damage_healed":0.0,"max_hp_gain":0.0,"max_hp_loss":0.0,"gold_gain":0.0,"event_name":"Accursed Blacksmith","player_choice":"Forge","floor":22.0,"gold_loss":0.0,"damage_taken":0.0,"cards_upgraded":["FearNoEvil"]},{"damage_healed":0.0,"max_hp_gain":0.0,"max_hp_loss":0.0,"gold_gain":0.0,"event_name":"Upgrade Shrine","player_choice":"Upgraded","floor":27.0,"gold_loss":0.0,"damage_taken":0.0,"cards_upgraded":["EmptyFist"]},{"damage_healed":0.0,"max_hp_gain":0.0,"max_hp_loss":0.0,"gold_gain":275.0,"event_name":"Golden Shrine","player_choice":"Desecrate","floor":28.0,"gold_loss":0.0,"damage_taken":0.0,"cards_obtained":["Regret"]}],"is_beta":false,"boss_relics":[{"not_picked":["Runic Pyramid","SacredBark"],"picked":"VioletLotus"}],"items_purged_floors":[19,29],"is_endless":false,"potions_floor_spawned":[7,13,14,23,30,31],"killed_by":"Champ","ascension_level":20}}