{"host":"vucub2jtaeo9vgh1","time":1611637127,"event":{"mods":["BaseMod","BetterRewards","GungeonMod","Minty Spire (QoL Compilation)","Quick Restart","Rare Cards Sparkle","Replay The Spire","StSLib"],"gold_per_floor":[137,168,202,249,343,377,0,0,0,0,0,12,12,87,87,211,511,521,341,360,360,394,394,24,39,39,39,53,73,83,111,129,129,129,139,139],"floor_reached":35,"language":"ENG","playtime":1398,"items_purged":["DemoMod:Strike_Huntress","DemoMod:Strike_Huntress","Writhe","DemoMod:Strike_Huntress","Languid","Normality"],"score":521,"play_id":"25b80c0e-56bd-42b4-8265-c5baf8c41ed8","local_time":"20210126055847","is_ascension_mode":false,"campfire_choices":[{"floor":8,"key":"REST"},{"floor":11,"key":"DIG"},{"data":"DemoMod:ShadowBullets","floor":13,"key":"SMITH"},{"floor":15,"key":"DIG"},{"data":"DemoMod:ShadowBullets","floor":23,"key":"SMITH"},{"data":"DemoMod:ShadowBullets","floor":27,"key":"SMITH"},{"floor":33,"key":"DIG"}],"circlet_count":0,"master_deck":["DemoMod:Defend_Huntress","DemoMod:Defend_Huntress","DemoMod:Defend_Huntress","DemoMod:Defend_Huntress+1","DemoMod:Roll","DemoMod:ManualReload","DemoMod:RustySidearm","DemoMod:CrossBow","HandOfGreed","DemoMod:TableSutra","DemoMod:HardPowerCard","DemoMod:HardPowerCard+1","DemoMod:HuntsMan","DemoMod:HungryBullets","DemoMod:SniperShot+1","DemoMod:DirectionalPad","DemoMod:FortunesFavor+1","ReplayTheSpireMod:Splinters","DemoMod:HardPowerCard+1","DemoMod:SpreadAmmo+1","DemoMod:PotionOfGunFriendShip+1","Metamorphosis+1","DemoMod:CombinedRifle","DemoMod:ShadowBullets+1","DemoMod:FullFirepower+1","DemoMod:MachoBrace+1","DemoMod:BlankBullets","AbeCurse","DemoMod:ShadowBullets+1","DemoMod:PracticeMakesPerfect+1","DemoMod:GunShield+1","DemoMod:Elimentaler","DemoMod:HuntsMan","DemoMod:ShadowBullets+1","DemoMod:StickyCrossBow","DemoMod:MachoBrace+1","DemoMod:HuntsMan+1"],"relics":["DemoMod:Dog","DemoMod:SevenLeafClover","Membership Card","Anchor","Du-Vu Doll","DemoMod:AgedBell","DemoMod:VorpalBullet","TungstenRod","ReplayTheSpireMod:CursedCoin","Toxic Egg 2","Dream Catcher","Shovel","Bird Faced Urn","Replay:Kaleidoscope","DemoMod:WhiteGuonStone","InkBottle","Replay:Mystery Machine","Replay:Ancient Bell","DemoMod:WeirdEgg","Iron Hammer","Old Coin","Akabeko","Red Mask","DemoMod:PartiallyEatenCheese","Pear","War Paint"],"acts_visited":["Exordium","TheCity","TheCity"],"potions_floor_usage":[16,18,20],"damage_taken":[{"damage":4,"enemies":"Cultist","floor":1,"turns":5},{"damage":0,"enemies":"Small Slimes","floor":2,"turns":1},{"damage":0,"enemies":"2 Louse","floor":3,"turns":2},{"damage":0,"enemies":"Large Slime","floor":5,"turns":6},{"damage":0,"enemies":"3 Sentries","floor":6,"turns":6},{"damage":2,"enemies":"Exordium Wildlife","floor":12,"turns":4},{"damage":2,"enemies":"Gremlin Nob","floor":14,"turns":3},{"damage":10,"enemies":"The Guardian","floor":16,"turns":12},{"damage":0,"enemies":"Spheric Guardian","floor":18,"turns":2},{"damage":0,"enemies":"3 Byrds","floor":20,"turns":2},{"damage":31,"enemies":"Masked Bandits","floor":22,"turns":4},{"damage":0,"enemies":"Centurion and Healer","floor":25,"turns":5},{"damage":0,"enemies":"DemoMod:4_Bullet_Kins_with_one_veteran","floor":28,"turns":1},{"damage":0,"enemies":"DemoMod:Veteran_shot_gun_kin_and_red_shotgun_kin","floor":29,"turns":1},{"damage":0,"enemies":"DemoMod:Red_and_blue_shotgun_kin_with_gunsinger","floor":30,"turns":2},{"damage":0,"enemies":"DemoMod:Veteran_shot_gun_kin_and_blue_shotgun_kin","floor":31,"turns":1},{"damage":0,"enemies":"DemoMod:Veteran_shot_gun_kin_and_blue_shotgun_kin_with_gunsinger","floor":32,"turns":2},{"damage":169,"enemies":"DemoMod:ResourcefulRat","floor":35,"turns":12}],"seed_played":"-8162740704575210709","potions_obtained":[{"floor":3,"key":"Adrenaline Potion"},{"floor":4,"key":"LifebloodPotion"},{"floor":6,"key":"Weak Potion"},{"floor":16,"key":"Explosive Potion"},{"floor":18,"key":"SpeedPotion"}],"is_trial":false,"path_per_floor":["M","M","M","?","M","E","$","R","T","$","R","M","R","E","R","B",null,"M","$","M","?","?","R","$","M","T","R","M","M","M","M","M","R","B","B"],"character_chosen":"HUNTRESS","items_purchased":["DemoMod:SevenLeafClover","Membership Card","Anchor","DemoMod:GnawedKey","HandOfGreed","DemoMod:TableSutra","DemoMod:AgedBell","DemoMod:HardPowerCard","DemoMod:HuntsMan","ReplayTheSpireMod:CursedCoin","DemoMod:HungryBullets","Toxic Egg 2","DemoMod:SniperShot+1","Bird Faced Urn","PowerPotion","Metamorphosis+1","DemoMod:CombinedRifle","DemoMod:ShadowBullets","DemoMod:PracticeMakesPerfect+1","DemoMod:GunShield+1","DemoMod:PartiallyEatenCheese","Pear"],"campfire_rested":1,"item_purchase_floors":[0,0,0,0,0,0,0,0,0,0,0,0,0,7,7,7,7,19,19,19,24,24],"current_hp_per_floor":[24,24,24,24,24,24,24,45,45,45,45,47,47,47,47,45,70,70,70,70,70,39,39,49,59,80,80,80,80,80,80,80,80,78,0,0],"gold":139,"neow_bonus":"","is_daily":false,"chose_seed":false,"campfire_upgraded":3,"win_rate":0.0,"timestamp":1611637127,"path_taken":["M","?","M","?","M","E","$","R","T","?","R","M","R","E","R","BOSS","M","$","M","?","?","R","$","M","T","R","M","M","M","M","M","R","BOSS","BOSS"],"items_purchased_type":["Relic","Relic","Relic","Relic","Card","Card","Relic","Card","Card","Relic","Card","Relic","Card","Relic","Potion","Card","Card","Card","Card","Card","Relic","Relic"],"build_version":"2020-12-22","purchased_purges":6,"victory":false,"max_hp_per_floor":[70,70,70,70,70,70,70,70,70,70,70,70,70,70,70,70,70,70,70,70,70,70,70,80,80,80,80,80,80,80,80,80,80,80,80,80],"card_choices":[{"not_picked":["DemoMod:Replace+1","DemoMod:AC15","DemoMod:JK47"],"picked":"SKIP","floor":1},{"not_picked":["DemoMod:ProbeStrike","DemoMod:AC15"],"picked":"DemoMod:DirectionalPad","floor":2},{"not_picked":["DemoMod:BoxingGlove","DemoMod:Replace+1"],"picked":"DemoMod:FortunesFavor+1","floor":3},{"not_picked":["DemoMod:HighKaliber","DemoMod:Polaris"],"picked":"DemoMod:HardPowerCard+1","floor":4},{"not_picked":["DemoMod:Replace+1","DemoMod:GunstockTap"],"picked":"DemoMod:SpreadAmmo+1","floor":4},{"not_picked":["DemoMod:EasyReloadBullets","DemoMod:BattleInHaste+1","DemoMod:SAA"],"picked":"SKIP","floor":5},{"not_picked":["DemoMod:GunstockTap","DemoMod:ProbeStrike"],"picked":"DemoMod:PotionOfGunFriendShip+1","floor":6},{"not_picked":["DemoMod:TeaPot","DemoMod:HuntsMan"],"picked":"DemoMod:ShadowBullets","floor":8},{"not_picked":["DemoMod:DoubleVision","DemoMod:BulletBore"],"picked":"DemoMod:FullFirepower","floor":9},{"not_picked":["DemoMod:ShadowBullets","DemoMod:AC15"],"picked":"DemoMod:MachoBrace+1","floor":12},{"not_picked":["DemoMod:Slinger","DemoMod:GunstockTap","DemoMod:Unity"],"picked":"SKIP","floor":14},{"not_picked":["DemoMod:FightSabre","DemoMod:BlackHoleGun"],"picked":"DemoMod:BlankBullets","floor":16},{"not_picked":["ReplayTheSpireMod:Faulty Equipment","ReplayTheSpireMod:Restless Dread"],"picked":"AbeCurse","floor":17},{"not_picked":["Decay","Hallucinations"],"picked":"ReplayTheSpireMod:Doomed","floor":17},{"not_picked":["Delirium","ReplayTheSpireMod:Restless Dread"],"picked":"Languid","floor":17},{"not_picked":["DemoMod:FeignSurrender+1","DemoMod:MegaHand","DemoMod:GunstockTap"],"picked":"SKIP","floor":18},{"not_picked":["DemoMod:AC15+1","DemoMod:ConditionalReflex+1"],"picked":"DemoMod:Elimentaler","floor":20},{"not_picked":["DemoMod:CombinedRifle","DemoMod:BattleInHaste+1"],"picked":"DemoMod:HuntsMan","floor":20},{"not_picked":["DemoMod:StickyCrossBow","DemoMod:HardPowerCard+1"],"picked":"DemoMod:ShadowBullets","floor":22},{"not_picked":["DemoMod:JK47","DemoMod:SAA"],"picked":"DemoMod:StickyCrossBow","floor":25},{"not_picked":["DemoMod:SkilledReload+1","DemoMod:ChanceBullets+1"],"picked":"DemoMod:MachoBrace+1","floor":28},{"not_picked":["DemoMod:HardPowerCard+1","DemoMod:DoubleSwitch+1","DemoMod:JK47"],"picked":"SKIP","floor":29},{"not_picked":["DemoMod:ProbeStrike+1","DemoMod:PotionOfGunFriendShip+1"],"picked":"DemoMod:HuntsMan+1","floor":30},{"not_picked":["DemoMod:TeaPot","DemoMod:BoxingGlove+1","DemoMod:BattleInHaste+1"],"picked":"SKIP","floor":31},{"not_picked":["DemoMod:MachoBrace+1","DemoMod:SniperShot+1","DemoMod:HuntsMan"],"picked":"SKIP","floor":32}],"player_experience":300819,"relics_obtained":[{"floor":4,"key":"Dream Catcher"},{"floor":6,"key":"Shovel"},{"floor":9,"key":"Replay:Kaleidoscope"},{"floor":9,"key":"DemoMod:WhiteGuonStone"},{"floor":11,"key":"InkBottle"},{"floor":14,"key":"Replay:Mystery Machine"},{"floor":22,"key":"Red Mask"},{"floor":33,"key":"War Paint"}],"event_choices":[{"damage_healed":0,"gold_gain":0,"player_choice":"Fought Bandits","damage_taken":0,"max_hp_gain":0,"max_hp_loss":0,"event_name":"Masked Bandits","floor":22,"gold_loss":0}],"is_beta":false,"boss_relics":[{"not_picked":["Painkiller Herb","Sozu"],"picked":"Replay:Ancient Bell"},{"not_picked":["Bronze Scales","Blue Doll"],"picked":"DemoMod:WeirdEgg"},{"not_picked":["White Beast Statue","Chameleon Ring"],"picked":"Iron Hammer"},{"not_picked":["Torii","Prayer Wheel"],"picked":"Old Coin"}],"items_purged_floors":[0,0,0,7,19,24],"is_endless":false,"potions_floor_spawned":[3,6,12,14,16,18,31],"killed_by":"DemoMod:ResourcefulRat","ascension_level":0}}