{"host":"kabf61oc9jgfwufg","time":1611633712,"event":{"mods":["AchievementEnabler","Aspiration","BaseMod","Conspire","Defuse TimeMaze Blight","Energized Spire","GifTheSpireLib","Halation","HexUI Lib","Hubris","Hyrulean Relics","Infinite Spire","Melee Mod","Minty Spire (QoL Compilation)","Poor People Problems","Quick Restart","Rare Cards Sparkle","Replay The Spire","Shop Mod","Small Relic Pack","StSLib","Transform Curses"],"gold_per_floor":[111,111,111,126,151,187,208,228,254,70,109,109,127,143,143,143,143],"floor_reached":16,"language":"ENG","playtime":419,"items_purged":[],"score":120,"play_id":"aa7ab1b5-9674-443b-a26c-832a7ea0a613","local_time":"20210126040152","is_ascension_mode":true,"campfire_choices":[{"floor":15.0,"key":"REST"}],"circlet_count":0,"master_deck":["Strike_R","Strike_R","Strike_R","Strike_R","Defend_R","Defend_R","Defend_R","Defend_R","Bash","hubris:CleavingFinish","Power Through","Body Slam","Fiend Fire","ReplayTheSpireMod:Necrogeddon+1","conspire:Purge","ReplayTheSpireMod:Strike From Hell","Infernal Blade"],"relics":["Burning Blood","NeowsBlessing","Golden Idol","Bag of Marbles","hubris:SlimyHat","Anchor"],"acts_visited":["Exordium"],"potions_floor_usage":[],"damage_taken":[{"damage":0.0,"enemies":"2 Louse","floor":1.0,"turns":1.0},{"damage":0.0,"enemies":"Jaw Worm","floor":4.0,"turns":1.0},{"damage":0.0,"enemies":"Cultist","floor":5.0,"turns":1.0},{"damage":36.0,"enemies":"Gremlin Nob","floor":6.0,"turns":5.0},{"damage":10.0,"enemies":"Gremlin Gang","floor":7.0,"turns":8.0},{"damage":19.0,"enemies":"Blue Slaver","floor":8.0,"turns":3.0},{"damage":8.0,"enemies":"3 Sentries","floor":11.0,"turns":5.0},{"damage":10.0,"enemies":"Looter","floor":13.0,"turns":3.0},{"damage":0.0,"enemies":"Exordium Wildlife","floor":14.0,"turns":4.0},{"damage":0,"enemies":"Hexaghost","floor":16,"turns":1}],"seed_played":"8485361012923622555","potions_obtained":[{"floor":4.0,"key":"Toxic Potion"},{"floor":6.0,"key":"Fire Potion"},{"floor":8.0,"key":"Explosive Potion"}],"is_trial":false,"path_per_floor":["M","?","?","M","M","E","M","M","T","$","E","?","M","M","R","B"],"character_chosen":"IRONCLAD","items_purchased":["ReplayTheSpireMod:Necrogeddon"],"campfire_rested":1,"item_purchase_floors":[10],"current_hp_per_floor":[80,74,74,74,74,44,40,27,27,27,25,25,21,27,49,49,49],"gold":143,"neow_bonus":"THREE_ENEMY_KILL","is_daily":false,"chose_seed":false,"campfire_upgraded":0,"win_rate":0.0,"timestamp":1611633712,"path_taken":["M","?","?","M","?","E","?","M","T","$","E","?","M","M","R","BOSS"],"items_purchased_type":["Card"],"build_version":"2020-12-22","purchased_purges":0,"victory":false,"max_hp_per_floor":[80,74,74,74,74,74,74,74,74,74,74,74,74,74,74,74,74],"card_choices":[{"not_picked":["Feel No Pain","True Grit"],"picked":"hubris:CleavingFinish","floor":1.0},{"not_picked":["True Grit","hubris:SharpeningStone"],"picked":"Power Through","floor":4.0},{"not_picked":["Iron Wave","Seeing Red"],"picked":"Body Slam","floor":5.0},{"not_picked":["Clash","Run Through"],"picked":"Fiend Fire","floor":6.0},{"not_picked":["Seeing Red","Heavy Blade","Intimidate"],"picked":"SKIP","floor":7.0},{"not_picked":["Thunderclap","Rupture","Armaments"],"picked":"SKIP","floor":8.0},{"not_picked":["Shockwave","Wild Strike"],"picked":"conspire:Purge","floor":11.0},{"not_picked":["Cleave","conspire:ExplosiveBarrier"],"picked":"ReplayTheSpireMod:Strike From Hell","floor":13.0},{"not_picked":["Twin Strike","Shrug It Off"],"picked":"Infernal Blade","floor":14.0}],"player_experience":182875,"relics_obtained":[{"floor":6.0,"key":"Bag of Marbles"},{"floor":9.0,"key":"hubris:SlimyHat"},{"floor":11.0,"key":"Anchor"}],"event_choices":[{"damage_healed":0.0,"max_hp_gain":0.0,"max_hp_loss":6.0,"gold_gain":0.0,"event_name":"Golden Idol","player_choice":"Lose Max HP","floor":2.0,"gold_loss":0.0,"damage_taken":0.0,"relics_obtained":["Golden Idol"]},{"damage_healed":0.0,"max_hp_gain":0.0,"max_hp_loss":0.0,"gold_gain":0.0,"event_name":"NoteForYourself","player_choice":"Ignored","floor":3.0,"gold_loss":0.0,"damage_taken":0.0},{"damage_healed":0.0,"max_hp_gain":0.0,"max_hp_loss":0.0,"gold_gain":0.0,"event_name":"Living Wall","player_choice":"Grow","floor":12.0,"gold_loss":0.0,"damage_taken":0.0,"cards_upgraded":["ReplayTheSpireMod:Necrogeddon"]}],"is_beta":false,"boss_relics":[],"items_purged_floors":[],"is_endless":false,"potions_floor_spawned":[4,6,8],"killed_by":"Hexaghost","ascension_level":1}}