{"host":"1ekl8hlbnopmdapi","time":1611633728,"event":{"mods":["AchievementEnabler","BaseMod","Colored Map","Colored Powertips","DeckTracker","Googly Eyes","Highlight Path","Minty Spire (QoL Compilation)","Relic Sorter","StSLib","Synergy Search"],"gold_per_floor":[117,117,129,129,129,129,156,156,205,235,247,261,232,252,252,357,407,425,42,56,56,56,56,84,84,84,84,102,102,0,30,30,30,30],"floor_reached":33,"language":"ENG","playtime":771,"items_purged":[],"score":474,"play_id":"d01469b0-753c-4209-b8b7-02924ed6f412","local_time":"20210125230208","is_ascension_mode":true,"campfire_choices":[{"floor":6,"key":"RECALL"},{"data":"Reprogram","floor":8,"key":"SMITH"},{"floor":15,"key":"REST"},{"data":"Zap","floor":23,"key":"SMITH"},{"floor":25,"key":"REST"},{"floor":27,"key":"REST"},{"floor":29,"key":"REST"},{"floor":32,"key":"REST"}],"circlet_count":0,"master_deck":["AscendersBane","Strike_B","Strike_B","Strike_B","Defend_B","Defend_B","Defend_B","Defend_B","Zap+1","Dualcast","Melter+1","Reprogram+1","Leap","Sweeping Beam+1","Leap+1","Steam","FTL","Core Surge","Leap","Barrage","Loop"],"relics":["Cracked Core","NeowsBlessing","Happy Flower","Vajra","Whetstone","Tiny House","Membership Card","Strawberry","Unceasing Top","Enchiridion","Juzu Bracelet","Shuriken","WingedGreaves"],"acts_visited":["Exordium","TheCity"],"potions_floor_usage":[16,16,16,33],"damage_taken":[{"damage":0,"enemies":"Small Slimes","floor":1,"turns":1},{"damage":0,"enemies":"Cultist","floor":3,"turns":1},{"damage":0,"enemies":"Gremlin Nob","floor":7,"turns":1},{"damage":23,"enemies":"3 Sentries","floor":10,"turns":7},{"damage":1,"enemies":"Jaw Worm","floor":11,"turns":3},{"damage":10,"enemies":"Exordium Wildlife","floor":12,"turns":5},{"damage":14,"enemies":"Looter","floor":14,"turns":4},{"damage":39,"enemies":"Slime Boss","floor":16,"turns":12},{"damage":7,"enemies":"Chosen","floor":18,"turns":6},{"damage":21,"enemies":"Shell Parasite","floor":20,"turns":4},{"damage":45,"enemies":"Slavers","floor":24,"turns":7},{"damage":35,"enemies":"Snecko","floor":28,"turns":5},{"damage":34,"enemies":"Book of Stabbing","floor":31,"turns":6},{"damage":152,"enemies":"Champ","floor":33,"turns":12}],"seed_played":"5690644939562615090","potions_obtained":[{"floor":1,"key":"EssenceOfDarkness"},{"floor":5,"key":"DistilledChaos"},{"floor":5,"key":"DistilledChaos"},{"floor":5,"key":"CultistPotion"},{"floor":7,"key":"EntropicBrew"},{"floor":17,"key":"FairyPotion"}],"is_trial":false,"path_per_floor":["M","?","M","$","?","R","E","R","T","E","M","M","?","M","R","B",null,"M","$","M","?","?","R","E","R","T","R","M","R","?","E","R","B"],"character_chosen":"DEFECT","items_purchased":["Membership Card","Strawberry","Unceasing Top"],"campfire_rested":5,"item_purchase_floors":[19,19,19],"current_hp_per_floor":[68,68,68,68,68,68,68,68,68,45,44,34,34,20,42,3,62,55,62,41,25,87,87,42,68,68,87,52,78,78,44,70,0,0],"gold":30,"neow_bonus":"THREE_ENEMY_KILL","is_daily":false,"chose_seed":false,"campfire_upgraded":2,"win_rate":0.0,"timestamp":1611633728,"path_taken":["M","?","?","$","?","R","E","R","T","E","M","?","?","M","R","BOSS","M","$","M","?","?","R","E","R","T","R","M","R","?","E","R","BOSS"],"items_purchased_type":["Relic","Relic","Relic"],"build_version":"2020-12-22","purchased_purges":0,"victory":false,"max_hp_per_floor":[75,75,75,75,75,75,75,75,75,75,75,75,75,75,75,75,80,80,87,87,87,87,87,87,87,87,87,87,87,87,87,87,87,87],"card_choices":[{"not_picked":["Leap","Loop"],"picked":"Melter","floor":1},{"not_picked":["Streamline","Hologram"],"picked":"Leap","floor":3},{"not_picked":["Aggregate","Recycle"],"picked":"Sweeping Beam","floor":7},{"not_picked":["Rebound","Beam Cell"],"picked":"Leap","floor":10},{"not_picked":["Rip and Tear","Hyperbeam"],"picked":"Steam","floor":11},{"not_picked":["Heatsinks","Sweeping Beam","Chill"],"picked":"SKIP","floor":12},{"not_picked":["Beam Cell","Steam"],"picked":"FTL","floor":14},{"not_picked":["Hyperbeam","Machine Learning"],"picked":"Core Surge","floor":16},{"not_picked":["Compile Driver","Double Energy"],"picked":"Leap","floor":17},{"not_picked":["Hologram","Sweeping Beam+1"],"picked":"Barrage","floor":18},{"not_picked":["Cold Snap","Sweeping Beam"],"picked":"Static Discharge","floor":20},{"not_picked":["Force Field","Double Energy","Gash"],"picked":"SKIP","floor":24},{"not_picked":["Gash","Reprogram"],"picked":"Loop","floor":28},{"not_picked":["Creative AI","Heatsinks","Beam Cell"],"picked":"SKIP","floor":31}],"player_experience":497830,"relics_obtained":[{"floor":7,"key":"Happy Flower"},{"floor":9,"key":"Vajra"},{"floor":10,"key":"Whetstone"},{"floor":21,"key":"Enchiridion"},{"floor":24,"key":"Juzu Bracelet"},{"floor":26,"key":"Shuriken"},{"floor":31,"key":"WingedGreaves"}],"event_choices":[{"damage_healed":0,"gold_gain":0,"cards_transformed":["Strike_B"],"player_choice":"Transformed","damage_taken":0,"max_hp_gain":0,"max_hp_loss":0,"event_name":"Transmorgrifier","floor":2,"gold_loss":0,"cards_obtained":["Reprogram"]},{"damage_healed":0,"gold_gain":0,"player_choice":"Got Potions","damage_taken":0,"max_hp_gain":0,"max_hp_loss":0,"event_name":"Lab","floor":5,"gold_loss":0},{"damage_healed":0,"gold_gain":0,"player_choice":"Left Gold","damage_taken":0,"max_hp_gain":0,"max_hp_loss":0,"event_name":"World of Goop","floor":13,"gold_loss":29},{"damage_healed":0,"gold_gain":0,"player_choice":"Obtained Book","damage_taken":16,"max_hp_gain":0,"max_hp_loss":0,"event_name":"Cursed Tome","floor":21,"gold_loss":0},{"cards_removed":["Static Discharge"],"damage_healed":62,"gold_gain":0,"player_choice":"Offered Uncommon","damage_taken":0,"max_hp_gain":0,"max_hp_loss":0,"event_name":"Bonfire Elementals","floor":22,"gold_loss":0},{"damage_healed":0,"gold_gain":0,"player_choice":"Paid Fearfully","damage_taken":0,"max_hp_gain":0,"max_hp_loss":0,"event_name":"Masked Bandits","floor":30,"gold_loss":102}],"is_beta":false,"boss_relics":[{"not_picked":["Cursed Key","Empty Cage"],"picked":"Tiny House"}],"items_purged_floors":[],"is_endless":false,"potions_floor_spawned":[1,7,11,12,18,20,24],"killed_by":"Champ","ascension_level":10}}