{"host":"njo8qgvy2a57fcny","time":1611638417,"event":{"mods":["Aspiration","BaseMod","BetterRewards","CCEM","Colored Map","Colored Powertips","Conspire","Custom Start","Downfall","Energized Spire","GifTheSpireLib","Halation","Hermit","Hubris","Infinite Spire","Jedi Mod","Jorbs\u0027s Wanderer Trilogy","Mimic Mod","Minty Spire (QoL Compilation)","Quick Restart","Random Character Button","Random Character Mod","Rare Cards Sparkle","Relic Sorter","Replay The Spire","Shop Mod","StSLib","Stuff the Spire","The Animator","The Jungle","The Runesmith","The Servant 0.9.4","Unceasing Turn Reminder","thorton"],"gold_per_floor":[99,119,129,12,26,43,43,43,43,43,43],"floor_reached":9,"language":"ENG","playtime":529,"items_purged":[],"score":106,"play_id":"991e3050-80af-496e-afff-71d0a96d14c9","local_time":"20210126162017","is_ascension_mode":true,"campfire_choices":[{"floor":1,"key":"DIG"}],"circlet_count":0,"master_deck":["AscendersBane","Slimebound:Strike_Slimebound","Slimebound:Strike_Slimebound+1","Slimebound:Strike_Slimebound+1","Slimebound:Tackle","Slimebound:Defend_Slimebound","Slimebound:Defend_Slimebound","Slimebound:Defend_Slimebound","Slimebound:Defend_Slimebound","Slimebound:Split","Slimebound:CorrosiveSpit","Slimebound:LivingWall","Slimebound:LevelUp","Slimebound:Schlurp","Slimebound:LeechingTouch","Slimebound:Equalize","Slimebound:GrowthPunch","Slimebound:SlimeSpikes"],"relics":["Slimebound:AbsorbEndCombat","Whetstone","Pet Ghost"],"acts_visited":["Exordium"],"potions_floor_usage":[4,9,9],"damage_taken":[{"damage":12,"enemies":"Jaw Worm","floor":2,"turns":4},{"damage":13,"enemies":"Small Slimes","floor":3,"turns":4},{"damage":16,"enemies":"downfall:FleeingMerchant","floor":4,"turns":4},{"damage":12,"enemies":"Cultist","floor":5,"turns":4},{"damage":19,"enemies":"3 Louse","floor":6,"turns":3},{"damage":32,"enemies":"Lagavulin","floor":9,"turns":8}],"seed_played":"-7734578856061701080","potions_obtained":[{"floor":2,"key":"Elixir"},{"floor":3,"key":"SpeedPotion"},{"floor":5,"key":"FearPotion"}],"is_trial":false,"path_per_floor":["R_BF","M","M","$","M","M","T","?","E"],"character_chosen":"SLIMEBOUND","items_purchased":["Slimebound:LeechingTouch","Slimebound:Equalize"],"campfire_rested":0,"item_purchase_floors":[4,4],"current_hp_per_floor":[58,52,45,35,27,18,18,18,0,0,0],"gold":43,"neow_bonus":"TEN_PERCENT_HP_BONUS","is_daily":false,"chose_seed":false,"campfire_upgraded":0,"win_rate":0.0,"timestamp":1611638417,"path_taken":["R_BF","M","M","$","M","M","T","?","E"],"items_purchased_type":["Card","Card"],"build_version":"2020-12-22","purchased_purges":0,"victory":false,"max_hp_per_floor":[64,64,64,64,64,64,64,64,64,64,64],"card_choices":[{"not_picked":["Slimebound:Repurpose","Slimebound:Prepare"],"picked":"Slimebound:LivingWall","floor":2},{"not_picked":["Slimebound:ProtectTheBoss","Slimebound:Replication"],"picked":"Slimebound:LevelUp","floor":3},{"not_picked":["Slimebound:TongueLash","Slimebound:WasteNot"],"picked":"Slimebound:Schlurp","floor":4},{"not_picked":["Slimebound:Equalize","Slimebound:LeechingTouch"],"picked":"Slimebound:GrowthPunch","floor":5},{"not_picked":["Slimebound:HauntingLick","Slimebound:SlimeTap"],"picked":"Slimebound:SlimeSpikes","floor":6}],"player_experience":703687,"relics_obtained":[{"floor":1,"key":"Whetstone"},{"floor":7,"key":"Pet Ghost"}],"event_choices":[],"is_beta":false,"boss_relics":[],"items_purged_floors":[],"is_endless":false,"potions_floor_spawned":[2,3,5],"killed_by":"Lagavulin","ascension_level":20}}