{"host":"vumwfieg2b2mnrfl","time":1611625634,"event":{"mods":["AchievementEnabler","BaseMod","Minty Spire (QoL Compilation)","Rare Cards Sparkle","Relic Stats"],"gold_per_floor":[110,260,260,20,20,20,51,51,75,75,101,111,55,20,20,20,20],"floor_reached":16,"language":"ENG","playtime":298,"items_purged":["Doubt"],"score":198,"play_id":"22aad41e-9448-47b7-b7a9-13a83dc3de57","local_time":"20210125194714","is_ascension_mode":true,"campfire_choices":[{"data":"Bash","floor":6,"key":"SMITH"},{"floor":8,"key":"REST"},{"floor":15,"key":"REST"}],"circlet_count":0,"master_deck":["AscendersBane","Strike_R","Strike_R","Strike_R","Strike_R","Defend_R","Defend_R","Defend_R","Defend_R","Bash+1","Berserk","Ghostly Armor","Clothesline","Shrug It Off"],"relics":["Burning Blood","ClockworkSouvenir","PreservedInsect","Pen Nib","Blue Candle"],"acts_visited":["Exordium"],"potions_floor_usage":[11],"damage_taken":[{"damage":15.0,"enemies":"Small Slimes","floor":1.0,"turns":3.0},{"damage":38,"enemies":"Gremlin Nob","floor":7,"turns":5},{"damage":30,"enemies":"3 Sentries","floor":11,"turns":8},{"damage":7,"enemies":"Jaw Worm","floor":12,"turns":3},{"damage":63,"enemies":"Slime Boss","floor":16,"turns":10}],"seed_played":"7156557948325391825","potions_obtained":[{"floor":1.0,"key":"Dexterity Potion"},{"floor":7,"key":"SkillPotion"}],"is_trial":false,"path_per_floor":["M","?","?","$","?","R","E","R","T","?","E","M","$","?","R","B"],"character_chosen":"IRONCLAD","items_purchased":["ClockworkSouvenir","Shrug It Off"],"campfire_rested":2,"item_purchase_floors":[4,13],"current_hp_per_floor":[59,59,52,52,52,52,20,42,42,42,18,17,17,35,57,0,0],"gold":20,"neow_bonus":"ONE_RANDOM_RARE_CARD","is_daily":false,"chose_seed":false,"campfire_upgraded":1,"win_rate":0.0,"timestamp":1611625634,"path_taken":["M","?","?","$","?","R","E","R","T","?","E","?","?","?","R","BOSS"],"items_purchased_type":["Relic","Card"],"build_version":"2020-12-22","purchased_purges":1,"victory":false,"max_hp_per_floor":[75,75,75,75,75,75,75,75,75,75,75,75,75,75,75,75,75],"relic_stats":{"counters":[5,29],"Blue Candle":[0],"PreservedInsect":31,"Pen Nib":[2],"obtain_stats":[{"Blue Candle":11,"PreservedInsect":7,"Pen Nib":9,"Burning Blood":0,"ClockworkSouvenir":4},{"Blue Candle":3,"PreservedInsect":2,"Pen Nib":2,"Burning Blood":0,"ClockworkSouvenir":1},{"Blue Candle":16,"PreservedInsect":8,"Pen Nib":8,"Burning Blood":0,"ClockworkSouvenir":3}],"Burning Blood":24},"card_choices":[{"not_picked":["Dark Embrace","Intimidate","Seeing Red"],"picked":"SKIP","floor":1.0},{"not_picked":["Sentinel","Flex","True Grit"],"picked":"SKIP","floor":7},{"not_picked":["Iron Wave","Dark Embrace"],"picked":"Ghostly Armor","floor":11},{"not_picked":["Warcry","Sentinel"],"picked":"Clothesline","floor":12}],"player_experience":465931,"relics_obtained":[{"floor":7,"key":"PreservedInsect"},{"floor":9,"key":"Pen Nib"},{"floor":11,"key":"Blue Candle"}],"event_choices":[{"damage_healed":0.0,"max_hp_gain":0.0,"max_hp_loss":0.0,"gold_gain":150.0,"event_name":"Liars Game","player_choice":"AGREE","floor":2.0,"gold_loss":0.0,"damage_taken":0.0,"cards_obtained":["Doubt"]},{"cards_removed":["Strike_R"],"damage_healed":0.0,"max_hp_gain":0.0,"max_hp_loss":0.0,"gold_gain":0.0,"event_name":"Golden Wing","player_choice":"Card Removal","floor":3.0,"gold_loss":0.0,"damage_taken":7.0},{"damage_healed":0,"gold_gain":0,"player_choice":"Fled","damage_taken":0,"max_hp_gain":0,"max_hp_loss":0,"event_name":"Scrap Ooze","floor":5,"gold_loss":0},{"damage_healed":0,"gold_gain":0,"player_choice":"Ignored","damage_taken":0,"max_hp_gain":0,"max_hp_loss":0,"event_name":"Shining Light","floor":10,"gold_loss":0},{"damage_healed":18,"gold_gain":0,"player_choice":"Healed","damage_taken":0,"max_hp_gain":0,"max_hp_loss":0,"event_name":"The Cleric","floor":14,"gold_loss":35}],"is_beta":false,"boss_relics":[],"items_purged_floors":[4],"is_endless":false,"potions_floor_spawned":[1,7],"killed_by":"Slime Boss","ascension_level":18}}