{"host":"bxn2em57qlx5u4i0","time":1611626022,"event":{"mods":["BaseMod","Colored Map","Colored Powertips","Highlight Path","Minty Spire (QoL Compilation)","Random Character Button","Relic Sorter","Relic Stats","StSLib","SuperFastMode"],"gold_per_floor":[112,112,131,149,224,250,276,307,307,333,360,360,387,419,419,517,517,532,216,216,234,234,262,290,316,316,344,354,354,354,380,380,483,483,495,770,805,467,188,213,213,243,243,254,254,288,288,317,317,317,317,317,3,31,31],"floor_reached":56,"language":"ENG","playtime":1672,"items_purged":["Deflect","Regret","Cloak And Dagger"],"score":2357,"play_id":"18f4960f-4a23-4d45-9667-b073e0c8b66a","local_time":"20210125205342","daily_mods":["SealedDeck","Heirloom","Time Dilation","Flight","DeadlyEvents","Elite Swarm","Lethality"],"is_ascension_mode":true,"campfire_choices":[{"data":"Adrenaline","floor":12,"key":"SMITH"},{"data":"Burst","floor":15,"key":"SMITH"},{"data":"Burst","floor":29,"key":"SMITH"},{"data":"Night Terror","floor":30,"key":"SMITH"},{"data":"Accuracy","floor":32,"key":"SMITH"},{"floor":45,"key":"RECALL"},{"data":"Blade Dance","floor":47,"key":"SMITH"},{"data":"Cloak And Dagger","floor":49,"key":"SMITH"},{"data":"Leg Sweep","floor":52,"key":"PURGE"}],"circlet_count":0,"master_deck":["Blade Dance+1","PiercingWail","Cloak And Dagger+1","Accuracy+1","Deflect","Cloak And Dagger","Acrobatics","Backflip","Night Terror+1","After Image","Malaise","Adrenaline+1","Adrenaline","Adrenaline","Burst+1","Finesse","Escape Plan","Blade Dance+1","After Image","Burst+1","After Image","Adrenaline","After Image","Flash of Steel","Master of Strategy","Flash of Steel","After Image","Blur","Adrenaline"],"relics":["Ring of the Serpent","Thread and Needle","Letter Opener","Akabeko","Matryoshka","Tough Bandages","Lantern","Blood Vial","Bottled Lightning","Shovel","FossilizedHelix","Centennial Puzzle","TheAbacus","Peace Pipe","Tingsha","Question Card","Pen Nib","Eternal Feather","Singing Bowl","Philosopher\u0027s Stone","Bag of Marbles","Chemical X","OrangePellets","The Courier","Pear","StoneCalendar","Kunai","Membership Card","Anchor","Turnip","Calipers"],"acts_visited":["Exordium","TheCity","TheBeyond","TheEnding"],"potions_floor_usage":[24,55,55,55],"damage_taken":[{"damage":0,"enemies":"Small Slimes","floor":1,"turns":1},{"damage":0,"enemies":"2 Louse","floor":3,"turns":1},{"damage":0,"enemies":"Cultist","floor":4,"turns":1},{"damage":0,"enemies":"3 Sentries","floor":6,"turns":4},{"damage":0,"enemies":"Gremlin Nob","floor":7,"turns":2},{"damage":0,"enemies":"Lagavulin","floor":8,"turns":4},{"damage":0,"enemies":"3 Sentries","floor":10,"turns":3},{"damage":0,"enemies":"Lagavulin","floor":11,"turns":4},{"damage":0,"enemies":"3 Sentries","floor":13,"turns":4},{"damage":0,"enemies":"Lagavulin","floor":14,"turns":2},{"damage":0,"enemies":"Slime Boss","floor":16,"turns":1},{"damage":0,"enemies":"Spheric Guardian","floor":18,"turns":2},{"damage":0,"enemies":"Chosen","floor":21,"turns":3},{"damage":0,"enemies":"Gremlin Leader","floor":23,"turns":1},{"damage":0,"enemies":"Slavers","floor":24,"turns":1},{"damage":0,"enemies":"Book of Stabbing","floor":25,"turns":5},{"damage":0,"enemies":"Slavers","floor":27,"turns":2},{"damage":0,"enemies":"Sentry and Sphere","floor":28,"turns":2},{"damage":0,"enemies":"Gremlin Leader","floor":31,"turns":2},{"damage":0,"enemies":"Automaton","floor":33,"turns":2},{"damage":0,"enemies":"Orb Walker","floor":35,"turns":1},{"damage":0,"enemies":"Reptomancer","floor":37,"turns":1},{"damage":0,"enemies":"Giant Head","floor":40,"turns":3},{"damage":0,"enemies":"Nemesis","floor":42,"turns":1},{"damage":0,"enemies":"3 Shapes","floor":44,"turns":1},{"damage":0,"enemies":"Giant Head","floor":46,"turns":1},{"damage":0,"enemies":"Reptomancer","floor":48,"turns":1},{"damage":0,"enemies":"Donu and Deca","floor":50,"turns":4},{"damage":0,"enemies":"Shield and Spear","floor":54,"turns":3},{"damage":0,"enemies":"The Heart","floor":55,"turns":6}],"seed_played":"-573743307654560205","potions_obtained":[{"floor":1,"key":"AttackPotion"},{"floor":6,"key":"PowerPotion"},{"floor":10,"key":"AttackPotion"},{"floor":25,"key":"CultistPotion"}],"is_trial":true,"path_per_floor":["M","?","M","M","?","E","E","E","T","E","E","R","E","E","R","B",null,"M","$","?","M","?","E","E","E","T","E","M","R","R","E","R","B",null,"M","?","E","$","$","E","?","E","T","M","R","E","R","E","R","B",null,"R","$","E","B",null],"character_chosen":"THE_SILENT","items_purchased":["TheAbacus","Finesse","Chemical X","Flash of Steel","OrangePellets","Membership Card","Anchor","Turnip","Blur"],"campfire_rested":0,"item_purchase_floors":[19,19,38,38,39,53,53,53,53],"current_hp_per_floor":[70,45,45,45,34,34,34,34,34,36,38,38,40,42,42,44,70,70,70,70,70,70,70,70,70,70,70,70,70,70,72,72,74,74,76,76,76,76,76,78,70,82,82,86,92,94,94,96,96,96,96,96,96,96,96],"gold":31,"neow_bonus":"","is_daily":false,"chose_seed":false,"campfire_upgraded":7,"win_rate":0.0,"timestamp":1611626022,"path_taken":["M","?","M","M","?","E","E","E","T","E","E","R","E","E","R","BOSS","M","$","?","M","?","E","E","E","T","E","?","R","R","E","R","BOSS","M","?","?","$","$","E","?","E","T","?","R","E","R","E","R","BOSS","R","$","E","BOSS"],"items_purchased_type":["Relic","Card","Relic","Card","Relic","Relic","Relic","Relic","Card"],"build_version":"2020-12-22","purchased_purges":3,"victory":true,"max_hp_per_floor":[70,70,70,70,70,70,70,70,70,70,70,70,70,70,70,70,70,70,70,70,70,70,70,70,70,70,70,70,70,70,72,72,74,74,76,76,76,76,76,78,80,90,90,92,92,94,94,96,96,96,96,96,96,96,96],"relic_stats":{"Singing Bowl":16,"counters":[30,69],"Tingsha":[18],"Eternal Feather":6,"StoneCalendar":[0],"Pen Nib":[16],"Letter Opener":[1007],"Question Card":15,"Blood Vial":14,"Peace Pipe":1,"OrangePellets":[3],"Tough Bandages":[33],"Centennial Puzzle":[0],"Shovel":0,"TheAbacus":[114],"Turnip":[2],"Chemical X":[7],"Kunai":[20],"obtain_stats":[{"Lantern":9,"Calipers":54,"Singing Bowl":31,"StoneCalendar":46,"Blood Vial":9,"Tough Bandages":8,"Centennial Puzzle":14,"Matryoshka":7,"Shovel":11,"TheAbacus":19,"Philosopher\u0027s Stone":34,"Chemical X":38,"Kunai":48,"Ring of the Snake":0,"Pear":42,"Thread and Needle":0,"Tingsha":25,"Eternal Feather":27,"Pen Nib":26,"The Courier":40,"Letter Opener":2,"Question Card":26,"Akabeko":6,"Peace Pipe":23,"OrangePellets":39,"Anchor":53,"Turnip":53,"Bag of Marbles":37,"Bottled Lightning":10,"Membership Card":53,"FossilizedHelix":13,"Ring of the Serpent":17},{"Lantern":6,"Calipers":29,"Singing Bowl":19,"StoneCalendar":26,"Blood Vial":6,"Tough Bandages":6,"Centennial Puzzle":10,"Matryoshka":5,"Shovel":8,"TheAbacus":12,"Philosopher\u0027s Stone":20,"Chemical X":22,"Kunai":27,"Ring of the Snake":0,"Pear":24,"Thread and Needle":0,"Tingsha":16,"Eternal Feather":17,"Pen Nib":16,"The Courier":23,"Letter Opener":1,"Question Card":16,"Akabeko":4,"Peace Pipe":14,"OrangePellets":22,"Anchor":28,"Turnip":28,"Bag of Marbles":22,"Bottled Lightning":7,"Membership Card":28,"FossilizedHelix":9,"Ring of the Serpent":11},{"Lantern":13,"Calipers":63,"Singing Bowl":45,"StoneCalendar":55,"Blood Vial":13,"Tough Bandages":13,"Centennial Puzzle":26,"Matryoshka":9,"Shovel":20,"TheAbacus":29,"Philosopher\u0027s Stone":47,"Chemical X":49,"Kunai":56,"Ring of the Snake":0,"Pear":53,"Thread and Needle":0,"Tingsha":39,"Eternal Feather":41,"Pen Nib":39,"The Courier":52,"Letter Opener":1,"Question Card":39,"Akabeko":7,"Peace Pipe":33,"OrangePellets":49,"Anchor":60,"Turnip":60,"Bag of Marbles":49,"Bottled Lightning":16,"Membership Card":60,"FossilizedHelix":24,"Ring of the Serpent":27}]},"card_choices":[{"not_picked":["Deadly Poison","Cloak And Dagger"],"picked":"Backflip","floor":1},{"not_picked":["Backflip","Sucker Punch","Dodge and Roll"],"picked":"SKIP","floor":3},{"not_picked":["Slice","Flying Knee","PiercingWail"],"picked":"SKIP","floor":4},{"not_picked":["Venomology","Glass Knife"],"picked":"Night Terror","floor":6},{"not_picked":["A Thousand Cuts","Night Terror"],"picked":"After Image","floor":7},{"not_picked":["Phantasmal Killer","A Thousand Cuts"],"picked":"Malaise","floor":8},{"not_picked":["Wraith Form v2","Storm of Steel"],"picked":"Adrenaline","floor":10},{"not_picked":["Burst","Venomology"],"picked":"Adrenaline","floor":11},{"not_picked":["Doppelganger","Burst"],"picked":"Adrenaline","floor":13},{"not_picked":["Corpse Explosion","Venomology"],"picked":"Burst","floor":14},{"not_picked":["Poisoned Stab","Heel Hook","Deadly Poison"],"picked":"SKIP","floor":18},{"not_picked":["Acrobatics","Glass Knife"],"picked":"Blade Dance+1","floor":21},{"not_picked":["Malaise","Die Die Die"],"picked":"After Image","floor":23},{"not_picked":["Doppelganger","A Thousand Cuts"],"picked":"Burst","floor":24},{"not_picked":["Burst","Glass Knife"],"picked":"After Image","floor":25},{"not_picked":["Tools of the Trade","Night Terror","Phantasmal Killer"],"picked":"Adrenaline","floor":27},{"not_picked":["Distraction","Noxious Fumes","Acrobatics","Deadly Poison"],"picked":"SKIP","floor":28},{"not_picked":["Grand Finale","Die Die Die","Bullet Time","Glass Knife"],"picked":"Singing Bowl","floor":31},{"not_picked":["Tools of the Trade","A Thousand Cuts","Bullet Time","Burst"],"picked":"Singing Bowl","floor":33},{"not_picked":["Footwork","Flying Knee","Poisoned Stab+1","Concentrate+1"],"picked":"Singing Bowl","floor":35},{"not_picked":["Malaise","Night Terror","Grand Finale"],"picked":"After Image","floor":37},{"not_picked":["Phantasmal Killer","Burst","Corpse Explosion","Bullet Time"],"picked":"Singing Bowl","floor":40},{"not_picked":["Swift Strike","The Bomb","Apotheosis","Transmutation"],"picked":"Singing Bowl","floor":41},{"not_picked":["Jack Of All Trades","Bandage Up","Deep Breath"],"picked":"Master of Strategy","floor":41},{"not_picked":["Dark Shackles","Thinking Ahead","Mayhem"],"picked":"Flash of Steel","floor":41},{"not_picked":["Tools of the Trade","Unload","Wraith Form v2"],"picked":"After Image","floor":42},{"not_picked":["Heel Hook+1","Skewer","Prepared","Outmaneuver+1"],"picked":"Singing Bowl","floor":44},{"not_picked":["Venomology","Unload","Corpse Explosion","Phantasmal Killer"],"picked":"Singing Bowl","floor":46},{"not_picked":["A Thousand Cuts","Burst","Bullet Time","Tools of the Trade"],"picked":"Singing Bowl","floor":48},{"not_picked":["Wraith Form v2","A Thousand Cuts","Die Die Die"],"picked":"Adrenaline","floor":54}],"player_experience":2933922,"relics_obtained":[{"floor":6,"key":"Akabeko"},{"floor":7,"key":"Matryoshka"},{"floor":8,"key":"Tough Bandages"},{"floor":9,"key":"Lantern"},{"floor":9,"key":"Blood Vial"},{"floor":10,"key":"Bottled Lightning"},{"floor":11,"key":"Shovel"},{"floor":13,"key":"FossilizedHelix"},{"floor":14,"key":"Centennial Puzzle"},{"floor":23,"key":"Peace Pipe"},{"floor":25,"key":"Tingsha"},{"floor":26,"key":"Question Card"},{"floor":26,"key":"Pen Nib"},{"floor":27,"key":"Eternal Feather"},{"floor":31,"key":"Singing Bowl"},{"floor":37,"key":"Bag of Marbles"},{"floor":40,"key":"The Courier"},{"floor":42,"key":"Pear"},{"floor":46,"key":"StoneCalendar"},{"floor":48,"key":"Kunai"},{"floor":54,"key":"Calipers"}],"event_choices":[{"damage_healed":0,"gold_gain":0,"player_choice":"Success","damage_taken":25,"relics_obtained":["Letter Opener"],"max_hp_gain":0,"max_hp_loss":0,"event_name":"Scrap Ooze","floor":2,"gold_loss":0},{"damage_healed":0,"gold_gain":75,"player_choice":"Gather Gold","damage_taken":11,"max_hp_gain":0,"max_hp_loss":0,"event_name":"World of Goop","floor":5,"gold_loss":0},{"damage_healed":0,"gold_gain":0,"player_choice":"Read","damage_taken":0,"max_hp_gain":0,"max_hp_loss":0,"event_name":"The Library","floor":20,"gold_loss":0,"cards_obtained":["Escape Plan"]},{"damage_healed":0,"gold_gain":0,"player_choice":"Ignored","damage_taken":0,"max_hp_gain":0,"max_hp_loss":0,"event_name":"Ghosts","floor":22,"gold_loss":0},{"damage_healed":0,"gold_gain":275,"player_choice":"Desecrate","damage_taken":0,"max_hp_gain":0,"max_hp_loss":0,"event_name":"Golden Shrine","floor":36,"gold_loss":0,"cards_obtained":["Regret"]},{"damage_healed":0,"gold_gain":0,"player_choice":"Memory 3","damage_taken":10,"max_hp_gain":0,"max_hp_loss":0,"event_name":"SensoryStone","floor":41,"gold_loss":0}],"is_beta":false,"boss_relics":[{"not_picked":["WristBlade","Ectoplasm"],"picked":"Ring of the Serpent"},{"not_picked":["Snecko Eye","Cursed Key"],"picked":"Philosopher\u0027s Stone"}],"items_purged_floors":[19,38,39],"is_endless":false,"potions_floor_spawned":[1,6,10,14,16,23,25,27,33,40,44,46,54],"ascension_level":1}}