{"host":"jlw4slqoq862puwo","time":1611697506,"event":{"mods":["BaseMod","DeckTracker","Dota2Spire","Highlight Path","Minty Spire (QoL Compilation)","Quick Restart","StSLib","SuperFastMode"],"gold_per_floor":[12,12,30,55,4,4,60,85,110,126,47,78,78,116,116,239,239,257,332,356,376,41,41,77,77,110,110,136,169,169,169,193,55,55,186,186,186,316,316,335,356,356,356,375,409,432,463,475,487,499,545,122,122,158,158,188,188,188,38,78,108],"floor_reached":62,"language":"ENG","playtime":1573,"items_purged":["Strike_G","Strike_G","Poisoned Stab","Defend_G"],"score":2106,"play_id":"a3fb86dd-6103-47fe-b185-406ee2620421","local_time":"20210126224506","is_ascension_mode":true,"campfire_choices":[{"data":"Tactician","floor":6.0,"key":"SMITH"},{"data":"Acrobatics","floor":15.0,"key":"SMITH"},{"data":"Flechettes","floor":23,"key":"SMITH"},{"data":"Calculated Gamble","floor":25,"key":"SMITH"},{"data":"Eviscerate","floor":31,"key":"SMITH"},{"data":"Calculated Gamble","floor":34,"key":"SMITH"},{"data":"Neutralize","floor":37,"key":"SMITH"},{"floor":50,"key":"RECALL"},{"data":"Adrenaline","floor":55,"key":"SMITH"},{"data":"Malaise","floor":58,"key":"SMITH"}],"circlet_count":0,"master_deck":["Defend_G","Defend_G","Survivor","Neutralize+1","Tactician+1","Dagger Throw+1","Underhanded Strike","Acrobatics+1","Acrobatics+1","Dagger Throw","Malaise+1","Flechettes+1","Eviscerate+1","Escape Plan","Calculated Gamble+1","Envenom+1","Dodge and Roll+1","Blur+1","Calculated Gamble+1","After Image+1","Adrenaline+1","Phantasmal Killer+1","Glass Knife+1","Dagger Throw+1","Backflip+1","Tools of the Trade+1"],"relics":["Ring of the Snake","Golden Idol","MealTicket","Centennial Puzzle","Whetstone","Snake Skull","HoveringKite","Frozen Egg 2","Shuriken","Dota2Spire:Vanguard","Eternal Feather","Bag of Preparation","Dota2Spire:OrchidMalevolence","Sozu","Astrolabe","Oddly Smooth Stone","MawBank","Dota2Spire:PhaseBoots","Ornamental Fan","Dota2Spire:MantaStyle","Lee\u0027s Waffle","Vajra","Dota2Spire:HandOfMidas","Dota2Spire:Satanic"],"acts_visited":["Exordium","TheCity","TheBeyond","TheEnding"],"potions_floor_usage":[21],"damage_taken":[{"damage":0.0,"enemies":"Small Slimes","floor":1.0,"turns":3.0},{"damage":0.0,"enemies":"2 Louse","floor":3.0,"turns":3.0},{"damage":1.0,"enemies":"Cultist","floor":4.0,"turns":3.0},{"damage":5.0,"enemies":"Lagavulin","floor":7.0,"turns":5.0},{"damage":15.0,"enemies":"Large Slime","floor":8.0,"turns":6.0},{"damage":0.0,"enemies":"Exordium Thugs","floor":10.0,"turns":2.0},{"damage":12.0,"enemies":"Gremlin Nob","floor":12.0,"turns":3.0},{"damage":18.0,"enemies":"Lagavulin","floor":14.0,"turns":5.0},{"damage":6.0,"enemies":"Hexaghost","floor":16.0,"turns":7.0},{"damage":10.0,"enemies":"2 Thieves","floor":18.0,"turns":3.0},{"damage":5,"enemies":"Shell Parasite","floor":20,"turns":3},{"damage":9,"enemies":"Snecko","floor":21,"turns":4},{"damage":5,"enemies":"Book of Stabbing","floor":24,"turns":4},{"damage":0,"enemies":"Gremlin Leader","floor":26,"turns":6},{"damage":0,"enemies":"Slavers","floor":29,"turns":3},{"damage":7,"enemies":"Centurion and Healer","floor":32,"turns":3},{"damage":0,"enemies":"Champ","floor":35,"turns":5},{"damage":0,"enemies":"Champ","floor":38,"turns":6},{"damage":0,"enemies":"3 Shapes","floor":40,"turns":1},{"damage":0,"enemies":"Orb Walker","floor":41,"turns":2},{"damage":0,"enemies":"3 Darklings","floor":44,"turns":2},{"damage":0,"enemies":"Giant Head","floor":45,"turns":2},{"damage":0,"enemies":"Sphere and 2 Shapes","floor":46,"turns":1},{"damage":0,"enemies":"Reptomancer","floor":47,"turns":3},{"damage":0,"enemies":"Giant Head","floor":51,"turns":2},{"damage":0,"enemies":"Reptomancer","floor":54,"turns":2},{"damage":0,"enemies":"Awakened One","floor":56,"turns":3},{"damage":0,"enemies":"Shield and Spear","floor":60,"turns":2},{"damage":1,"enemies":"The Heart","floor":61,"turns":5}],"seed_played":"2749944798321913919","potions_obtained":[{"floor":3.0,"key":"Energy Potion"},{"floor":4.0,"key":"ColorlessPotion"},{"floor":7.0,"key":"LiquidBronze"},{"floor":16.0,"key":"DistilledChaos"},{"floor":20,"key":"ColorlessPotion"},{"floor":21,"key":"Dota2Spire:HealingSalve"},{"floor":29,"key":"Swift Potion"},{"floor":32,"key":"Strength Potion"}],"is_trial":false,"path_per_floor":["M","?","M","M","$","R","E","M","T","M","$","E","?","E","R","B",null,"M","?","M","M","$","R","E","R","E","T","T","E","?","R","M","$","R","B",null,"R","B",null,"M","M","?","T","M","E","M","E","T","T","R","E","$","?","E","R","B",null,"R","$","E","B",null],"character_chosen":"THE_SILENT","items_purchased":["Strength Potion","Acrobatics","Dagger Throw","Frozen Egg 2","Calculated Gamble","Lee\u0027s Waffle","Vajra"],"campfire_rested":0,"item_purchase_floors":[5,11,11,22,33,52,52],"current_hp_per_floor":[70,65,65,64,64,64,59,44,44,44,59,47,47,29,29,23,65,55,49,44,35,50,50,45,45,45,45,45,45,45,57,50,65,65,65,65,65,65,65,65,65,62,62,62,62,62,62,62,62,62,62,69,69,69,69,69,69,69,69,69,68],"gold":108,"neow_bonus":"REMOVE_TWO","is_daily":false,"chose_seed":false,"campfire_upgraded":9,"win_rate":0.0,"timestamp":1611697506,"path_taken":["M","?","M","M","$","R","E","M","T","M","$","E","?","E","R","BOSS","M","?","M","?","$","R","E","R","E","T","T","E","?","R","M","$","R","BOSS","R","BOSS","M","M","?","?","M","E","M","E","T","T","R","E","$","?","E","R","BOSS","R","$","E","BOSS"],"items_purchased_type":["Potion","Card","Card","Relic","Card","Relic","Relic"],"build_version":"2020-12-22","purchased_purges":4,"victory":true,"max_hp_per_floor":[70,65,65,65,65,65,65,65,65,65,65,65,65,65,65,65,65,65,65,65,65,65,65,65,65,65,65,65,65,65,65,65,65,65,65,65,65,65,65,65,65,62,62,62,62,62,62,62,62,62,62,69,69,69,69,69,69,69,69,69,69],"card_choices":[{"not_picked":["Slice","Prepared"],"picked":"Tactician","floor":1.0},{"not_picked":["Distraction","Slice"],"picked":"Dagger Throw","floor":3.0},{"not_picked":["All Out Attack","Tactician"],"picked":"Underhanded Strike","floor":4.0},{"not_picked":["Heel Hook","Flechettes","Sucker Punch"],"picked":"SKIP","floor":7.0},{"not_picked":["Choke","Doppelganger"],"picked":"Acrobatics","floor":8.0},{"not_picked":["Finisher","Outmaneuver","Bane"],"picked":"SKIP","floor":10.0},{"not_picked":["Sucker Punch","Blade Dance","Flying Knee"],"picked":"SKIP","floor":12.0},{"not_picked":["Unload","Outmaneuver"],"picked":"Poisoned Stab","floor":14.0},{"not_picked":["Glass Knife","Doppelganger"],"picked":"Malaise","floor":16.0},{"not_picked":["Underhanded Strike","Bane"],"picked":"Flechettes","floor":18.0},{"not_picked":["Acrobatics+1","Outmaneuver"],"picked":"Eviscerate","floor":20},{"not_picked":["Poisoned Stab+1","Noxious Fumes"],"picked":"Escape Plan","floor":21},{"not_picked":["Masterful Stab","Caltrops+1"],"picked":"Calculated Gamble","floor":24},{"not_picked":["Expertise+1","Leg Sweep"],"picked":"Envenom+1","floor":26},{"not_picked":["Choke","Flechettes"],"picked":"Dodge and Roll+1","floor":29},{"not_picked":["Distraction","Dagger Throw+1"],"picked":"Blur+1","floor":32},{"not_picked":["Corpse Explosion","Bullet Time"],"picked":"After Image+1","floor":35},{"not_picked":["Unload","Burst"],"picked":"Adrenaline","floor":38},{"not_picked":["Dagger Throw+1","Outmaneuver+1"],"picked":"Backflip+1","floor":40},{"not_picked":["Slice","Crippling Poison","Dodge and Roll+1"],"picked":"SKIP","floor":41},{"not_picked":["Outmaneuver","Blur","Sucker Punch"],"picked":"SKIP","floor":44},{"not_picked":["Heel Hook","Skewer","Dagger Throw"],"picked":"SKIP","floor":45},{"not_picked":["Poisoned Stab","Quick Slash"],"picked":"Tools of the Trade+1","floor":46},{"not_picked":["Glass Knife","Distraction+1","Expertise"],"picked":"SKIP","floor":47},{"not_picked":["Choke","Footwork+1","Leg Sweep+1"],"picked":"SKIP","floor":51},{"not_picked":["Outmaneuver","Infinite Blades+1","Dagger Spray"],"picked":"SKIP","floor":54},{"not_picked":["Underhanded Strike+1","Deadly Poison+1","Masterful Stab+1"],"picked":"SKIP","floor":60}],"player_experience":4594,"relics_obtained":[{"floor":7.0,"key":"MealTicket"},{"floor":9.0,"key":"Centennial Puzzle"},{"floor":12.0,"key":"Whetstone"},{"floor":14.0,"key":"Snake Skull"},{"floor":24,"key":"Shuriken"},{"floor":26,"key":"Dota2Spire:Vanguard"},{"floor":27,"key":"Eternal Feather"},{"floor":28,"key":"Bag of Preparation"},{"floor":29,"key":"Dota2Spire:OrchidMalevolence"},{"floor":45,"key":"Oddly Smooth Stone"},{"floor":47,"key":"MawBank"},{"floor":48,"key":"Dota2Spire:PhaseBoots"},{"floor":49,"key":"Ornamental Fan"},{"floor":51,"key":"Dota2Spire:MantaStyle"},{"floor":54,"key":"Dota2Spire:HandOfMidas"},{"floor":60,"key":"Dota2Spire:Satanic"}],"event_choices":[{"damage_healed":0.0,"max_hp_gain":0.0,"max_hp_loss":5.0,"gold_gain":0.0,"event_name":"Golden Idol","player_choice":"Lose Max HP","floor":2.0,"gold_loss":0.0,"damage_taken":0.0,"relics_obtained":["Golden Idol"]},{"damage_healed":0.0,"max_hp_gain":0.0,"max_hp_loss":0.0,"gold_gain":0.0,"event_name":"Liars Game","player_choice":"Ignored","floor":13.0,"gold_loss":0.0,"damage_taken":0.0},{"damage_healed":0,"gold_gain":75,"player_choice":"Touch","damage_taken":6,"max_hp_gain":0,"max_hp_loss":0,"event_name":"FaceTrader","floor":19,"gold_loss":0},{"damage_healed":0,"gold_gain":0,"player_choice":"Forge","damage_taken":0,"max_hp_gain":0,"max_hp_loss":0,"event_name":"Accursed Blacksmith","floor":30,"gold_loss":0,"cards_upgraded":["Acrobatics"]},{"damage_healed":0,"gold_gain":0,"player_choice":"Max HP","damage_taken":0,"max_hp_gain":0,"max_hp_loss":3,"event_name":"Winding Halls","floor":42,"gold_loss":0},{"damage_healed":0,"gold_gain":0,"player_choice":"Bought 0 Potions","damage_taken":0,"max_hp_gain":0,"max_hp_loss":0,"event_name":"The Woman in Blue","floor":53,"gold_loss":0}],"is_beta":false,"boss_relics":[{"not_picked":["Ring of the Serpent","Busted Crown"],"picked":"HoveringKite"},{"not_picked":["Philosopher\u0027s Stone","Cursed Key"],"picked":"Sozu"},{"not_picked":["Dota2Spire:RefresherOrb","Dota2Spire:Bloodstone"],"picked":"Astrolabe"}],"items_purged_floors":[22,33,52,59],"is_endless":false,"potions_floor_spawned":[3,4,7,16,20,21,29,32,46,51,54],"ascension_level":1}}