{"host":"kywtqy4o43fs5yna","time":1611626467,"event":{"mods":["AchievementEnabler","Act Like it!","BaseMod","Better Note","BetterRewards","Colored Map","Minty Spire (QoL Compilation)","Quick Restart","Rare Cards Sparkle","StSLib","SuperFastMode"],"gold_per_floor":[116,116,63,138,88,88,99,110,110,110,110,110,135,150,150,150,150],"floor_reached":16,"language":"RUS","playtime":851,"items_purged":[],"score":95,"play_id":"2efdb6cc-2de4-473c-bbd7-49741ca5eb92","local_time":"20210126120107","is_ascension_mode":true,"campfire_choices":[{"data":"Fusion","floor":6,"key":"SMITH"},{"data":"Fusion","floor":10,"key":"SMITH"},{"data":"Double Energy","floor":15,"key":"SMITH"}],"circlet_count":0,"master_deck":["Strike_B","Strike_B","Strike_B","Strike_B","Defend_B","Defend_B","Defend_B","Defend_B","Dualcast","Meteor Strike","Hologram","Redo","Fusion+1","Undo","Skim","Hologram","Sweeping Beam","Hologram","Fusion+1","Double Energy+1","Parasite","Glacier"],"relics":["Cracked Core","Orrery","Ornamental Fan","Golden Idol"],"acts_visited":["Exordium"],"potions_floor_usage":[],"damage_taken":[{"damage":0,"enemies":"2 Louse","floor":1,"turns":1},{"damage":4,"enemies":"Small Slimes","floor":7,"turns":3},{"damage":1,"enemies":"Jaw Worm","floor":8,"turns":4},{"damage":5,"enemies":"Exordium Wildlife","floor":13,"turns":4},{"damage":11,"enemies":"2 Fungi Beasts","floor":14,"turns":6},{"damage":52,"enemies":"Hexaghost","floor":16,"turns":16}],"seed_played":"150479024410980618","potions_obtained":[{"floor":7,"key":"SteroidPotion"},{"floor":14,"key":"FearPotion"}],"is_trial":false,"path_per_floor":["M","?","$","?","?","R","M","M","T","R","?","?","M","M","R","B"],"character_chosen":"DEFECT","items_purchased":["Meteor Strike","Hologram","Redo","Orrery","Hologram"],"campfire_rested":0,"item_purchase_floors":[0,0,0,0,3],"current_hp_per_floor":[40,65,65,54,54,54,50,49,49,49,49,66,61,50,50,0,0],"gold":150,"neow_bonus":"","is_daily":false,"chose_seed":false,"campfire_upgraded":3,"win_rate":0.0,"timestamp":1611626467,"path_taken":["M","?","$","?","?","R","M","M","T","R","?","?","M","?","R","BOSS"],"items_purchased_type":["Card","Card","Card","Relic","Card"],"build_version":"2020-12-22","purchased_purges":0,"victory":false,"max_hp_per_floor":[75,75,75,75,75,75,75,75,75,75,69,69,69,69,69,69,69],"card_choices":[{"not_picked":["Thunder Strike","Cold Snap"],"picked":"Fusion","floor":0},{"not_picked":["Conserve Battery","Compile Driver"],"picked":"Undo","floor":0},{"not_picked":["Compile Driver","Steam"],"picked":"Skim","floor":0},{"not_picked":["Buffer","Compile Driver"],"picked":"Hologram","floor":0},{"not_picked":["Capacitor","Streamline"],"picked":"Sweeping Beam","floor":0},{"not_picked":["Consume","Cold Snap","Static Discharge"],"picked":"SKIP","floor":1},{"not_picked":["Barrage","Redo"],"picked":"Fusion","floor":7},{"not_picked":["Blizzard","Genetic Algorithm"],"picked":"Double Energy","floor":8},{"not_picked":["Barrage","Heatsinks","Auto Shields"],"picked":"SKIP","floor":13},{"not_picked":["Static Discharge","Storm"],"picked":"Glacier","floor":14}],"player_experience":173395,"relics_obtained":[{"floor":9,"key":"Ornamental Fan"}],"event_choices":[{"damage_healed":25,"gold_gain":0,"player_choice":"Banana","damage_taken":0,"max_hp_gain":0,"max_hp_loss":0,"event_name":"Big Fish","floor":2,"gold_loss":0},{"damage_healed":0,"gold_gain":75,"player_choice":"Gather Gold","damage_taken":11,"max_hp_gain":0,"max_hp_loss":0,"event_name":"World of Goop","floor":4,"gold_loss":0},{"cards_removed":["Zap"],"damage_healed":0,"gold_gain":0,"player_choice":"Card Removal","damage_taken":0,"max_hp_gain":0,"max_hp_loss":0,"event_name":"The Cleric","floor":5,"gold_loss":50},{"damage_healed":0,"gold_gain":0,"player_choice":"Lose Max HP","damage_taken":0,"relics_obtained":["Golden Idol"],"max_hp_gain":0,"max_hp_loss":6,"event_name":"Golden Idol","floor":11,"gold_loss":0},{"damage_healed":17,"gold_gain":0,"player_choice":"Healed and dodged fight","damage_taken":0,"max_hp_gain":0,"max_hp_loss":0,"event_name":"Mushrooms","floor":12,"gold_loss":0,"cards_obtained":["Parasite"]}],"is_beta":false,"boss_relics":[],"items_purged_floors":[],"is_endless":false,"potions_floor_spawned":[7,14],"killed_by":"Hexaghost","ascension_level":1}}