{"host":"k7udt7atmcuzf6l0","time":1611668910,"event":{"mods":["AchievementEnabler","BaseMod","Colored Map","Colored Powertips","Highlight Path","Minty Spire (QoL Compilation)","Quick Restart","Rare Cards Sparkle","StSLib","UnlockEverythingMod"],"gold_per_floor":[114,127,50,70,90,90,101,101,124,124,141,173,173,193,193,294,294,306,113,132,132],"floor_reached":20,"language":"ZHS","playtime":666,"items_purged":[],"score":178,"play_id":"d92c6b69-ebdc-424a-91d2-e35e7c864107","local_time":"20210126214830","is_ascension_mode":false,"campfire_choices":[{"data":"Rage","floor":6,"key":"SMITH"},{"data":"Brutality","floor":13,"key":"SMITH"},{"data":"Warcry","floor":15,"key":"SMITH"}],"circlet_count":0,"master_deck":["Strike_R","Strike_R","Strike_R","Strike_R","Strike_R","Defend_R","Defend_R","Defend_R","Bash","Headbutt","Cleave","Rage+1","Rampage","Sword Boomerang","Pommel Strike","Thunderclap","Brutality+1","Warcry+1","Double Tap","Clash+1","Body Slam","Ghostly Armor+1"],"relics":["Burning Blood","NeowsBlessing","Blood Vial","PreservedInsect","Runic Pyramid","Boot"],"acts_visited":["Exordium","TheCity"],"potions_floor_usage":[11,12,16,16,18],"damage_taken":[{"damage":0,"enemies":"Cultist","floor":1,"turns":1},{"damage":0,"enemies":"2 Louse","floor":2,"turns":1},{"damage":0,"enemies":"Small Slimes","floor":4,"turns":1},{"damage":2,"enemies":"Blue Slaver","floor":5,"turns":3},{"damage":13,"enemies":"Red Slaver","floor":7,"turns":2},{"damage":0,"enemies":"Gremlin Gang","floor":11,"turns":3},{"damage":11,"enemies":"3 Sentries","floor":12,"turns":7},{"damage":12,"enemies":"3 Louse","floor":14,"turns":2},{"damage":17,"enemies":"Slime Boss","floor":16,"turns":10},{"damage":18,"enemies":"Shell Parasite","floor":18,"turns":4},{"damage":8,"enemies":"Spheric Guardian","floor":20,"turns":4}],"seed_played":"3515631734300092806","potions_obtained":[{"floor":1,"key":"Swift Potion"},{"floor":4,"key":"Fire Potion"},{"floor":7,"key":"Dexterity Potion"},{"floor":12,"key":"Weak Potion"},{"floor":14,"key":"Strength Potion"},{"floor":16,"key":"Weak Potion"}],"is_trial":false,"path_per_floor":["M","M","$","M","M","R","M","?","T","?","M","E","R","M","R","B",null,"M","$","M"],"character_chosen":"IRONCLAD","items_purchased":["Rage","Boot","Body Slam"],"campfire_rested":0,"item_purchase_floors":[3,19,19],"current_hp_per_floor":[80,80,80,80,80,80,73,73,73,73,80,75,75,71,71,62,80,68,68,68,68],"gold":132,"neow_bonus":"THREE_ENEMY_KILL","is_daily":false,"chose_seed":false,"campfire_upgraded":3,"win_rate":0.0,"timestamp":1611668910,"path_taken":["M","?","$","M","M","R","?","?","T","?","M","E","R","M","R","BOSS","M","?","M"],"items_purchased_type":["Card","Relic","Card"],"build_version":"2020-12-22","purchased_purges":0,"victory":false,"max_hp_per_floor":[80,80,80,80,80,80,80,80,80,80,80,80,80,80,80,80,80,80,80,80,80],"card_choices":[{"not_picked":["Reckless Charge","Perfected Strike"],"picked":"Headbutt","floor":1},{"not_picked":["Pummel","Twin Strike"],"picked":"Cleave","floor":2},{"not_picked":["Uppercut","Wild Strike"],"picked":"Rampage","floor":4},{"not_picked":["Warcry","Iron Wave"],"picked":"Sword Boomerang","floor":5},{"not_picked":["Sword Boomerang","Anger"],"picked":"Pommel Strike","floor":7},{"not_picked":["Metallicize","Headbutt"],"picked":"Thunderclap","floor":11},{"not_picked":["Reckless Charge","Feel No Pain"],"picked":"Brutality","floor":12},{"not_picked":["Disarm","Clothesline"],"picked":"Warcry","floor":14},{"not_picked":["Barricade","Impervious"],"picked":"Double Tap","floor":16},{"not_picked":["Searing Blow+1","True Grit+1"],"picked":"Clash+1","floor":18},{"not_picked":["Headbutt","Sword Boomerang"],"picked":"Ghostly Armor+1","floor":20}],"player_experience":7678,"relics_obtained":[{"floor":9,"key":"Blood Vial"},{"floor":12,"key":"PreservedInsect"}],"event_choices":[{"damage_healed":0,"gold_gain":0,"player_choice":"Leave","damage_taken":0,"max_hp_gain":0,"max_hp_loss":0,"event_name":"The Cleric","floor":8,"gold_loss":0},{"cards_removed":["Defend_R"],"damage_healed":0,"gold_gain":0,"player_choice":"Offered Basic","damage_taken":0,"max_hp_gain":0,"max_hp_loss":0,"event_name":"Bonfire Elementals","floor":10,"gold_loss":0}],"is_beta":false,"boss_relics":[{"not_picked":["Cursed Key","Busted Crown"],"picked":"Runic Pyramid"}],"items_purged_floors":[],"is_endless":false,"potions_floor_spawned":[1,4,7,12,14,16],"killed_by":"Spheric Guardian","ascension_level":0}}