{"host":"l5zfpd2l2htson6l","time":1611655851,"event":{"mods":["AchievementEnabler","BaseMod","Colored Map","Colored Powertips","Minty Spire (QoL Compilation)","Permanent Neow","Quick Restart","Rare Cards Sparkle","Relic Stats","SuperFastMode"],"gold_per_floor":[109,126,144,144,17,17,52,52,52,93,112,287,287,323,323,454,454,467,18,18,49,72,113,113,153,153,192,192,192,206,59,59,189,189,203,536,758,363,383,410,410,424,424,146,196,196,225,4,4,4,4,4,4,36,36],"floor_reached":56,"language":"ENG","playtime":4111,"items_purged":["Doubt","Strike_R+1","Pain"],"score":1421,"play_id":"79aff9dd-0352-44f1-95b4-1729f5c70f8f","local_time":"20210126021051","is_ascension_mode":true,"campfire_choices":[{"data":"Fire Breathing","floor":6.0,"key":"SMITH"},{"data":"Warcry","floor":8.0,"key":"SMITH"},{"data":"Bash","floor":13.0,"key":"SMITH"},{"data":"Battle Trance","floor":15.0,"key":"SMITH"},{"floor":24.0,"key":"REST"},{"data":"Whirlwind","floor":28.0,"key":"SMITH"},{"data":"Fiend Fire","floor":32.0,"key":"SMITH"},{"floor":41.0,"key":"RECALL"},{"data":"Feel No Pain","floor":49.0,"key":"SMITH"},{"data":"Evolve","floor":52.0,"key":"SMITH"}],"circlet_count":0,"master_deck":["Strike_R+1","Strike_R+1","Strike_R+1","Defend_R+1","Defend_R+1","Defend_R+1","Defend_R+1","Bash+1","Wild Strike","Whirlwind+1","Fire Breathing+1","Wild Strike","Injury","Battle Trance+1","Warcry+1","Shrug It Off+1","Brutality","Immolate","Battle Trance+1","Evolve+1","Dual Wield+1","True Grit+1","Evolve+1","Headbutt+1","Reckless Charge","Warcry+1","Power Through+1","Fiend Fire+1","Offering+1","CurseOfTheBell","Intimidate+1","Writhe","Fire Breathing+1","Feel No Pain+1","Dark Embrace"],"relics":["Burning Blood","Potion Belt","Toxic Egg 2","Mummified Hand","Dream Catcher","Cursed Key","Juzu Bracelet","Red Mask","Self Forming Clay","Bronze Scales","Pantograph","MealTicket","Calling Bell","Bag of Marbles","Eternal Feather","Thread and Needle","Torii","Oddly Smooth Stone","DollysMirror","Ice Cream","Bottled Lightning","Centennial Puzzle","Bag of Preparation"],"acts_visited":["Exordium","TheCity","TheBeyond","TheEnding"],"potions_floor_usage":[55],"damage_taken":[{"damage":2.0,"enemies":"2 Louse","floor":1.0,"turns":3.0},{"damage":9.0,"enemies":"Jaw Worm","floor":2.0,"turns":3.0},{"damage":1.0,"enemies":"Cultist","floor":3.0,"turns":3.0},{"damage":10.0,"enemies":"Lagavulin","floor":7.0,"turns":7.0},{"damage":18.0,"enemies":"Gremlin Nob","floor":10.0,"turns":3.0},{"damage":11.0,"enemies":"3 Louse","floor":11.0,"turns":4.0},{"damage":12.0,"enemies":"3 Sentries","floor":14.0,"turns":3.0},{"damage":45.0,"enemies":"Hexaghost","floor":16.0,"turns":8.0},{"damage":25.0,"enemies":"2 Thieves","floor":18.0,"turns":4.0},{"damage":21.0,"enemies":"Masked Bandits","floor":21.0,"turns":4.0},{"damage":0.0,"enemies":"Chosen","floor":22.0,"turns":4.0},{"damage":26.0,"enemies":"Slavers","floor":23.0,"turns":4.0},{"damage":0.0,"enemies":"Gremlin Leader","floor":25.0,"turns":5.0},{"damage":7.0,"enemies":"Book of Stabbing","floor":27.0,"turns":4.0},{"damage":16.0,"enemies":"Snecko","floor":30.0,"turns":5.0},{"damage":41.0,"enemies":"Collector","floor":33.0,"turns":7.0},{"damage":9.0,"enemies":"3 Darklings","floor":35.0,"turns":4.0},{"damage":8.0,"enemies":"3 Shapes","floor":39.0,"turns":5.0},{"damage":10.0,"enemies":"Nemesis","floor":40.0,"turns":5.0},{"damage":3.0,"enemies":"Maw","floor":42.0,"turns":6.0},{"damage":5.0,"enemies":"Mind Bloom Boss Battle","floor":45.0,"turns":5.0},{"damage":8.0,"enemies":"Giant Head","floor":47.0,"turns":7.0},{"damage":64.0,"enemies":"Awakened One","floor":50.0,"turns":9.0},{"damage":16,"enemies":"Shield and Spear","floor":54,"turns":3},{"damage":62,"enemies":"The Heart","floor":55,"turns":8}],"seed_played":"4759336975845524318","potions_obtained":[{"floor":1.0,"key":"Strength Potion"},{"floor":11.0,"key":"Dexterity Potion"},{"floor":14.0,"key":"SmokeBomb"},{"floor":22.0,"key":"BlessingOfTheForge"},{"floor":23.0,"key":"Block Potion"},{"floor":35.0,"key":"Swift Potion"},{"floor":42.0,"key":"BloodPotion"}],"is_trial":false,"path_per_floor":["M","M","M","?","$","R","E","R","T","E","M","?","R","E","R","B",null,"M","$","?","?","M","E","R","E","T","E","R","?","M","$","R","B",null,"M","?","?","$","M","E","R","M","T","$","?","?","E","$","R","B",null,"R","$","E","B",null],"character_chosen":"IRONCLAD","items_purchased":["Battle Trance","SkillPotion","Evolve","Dual Wield+1","Juzu Bracelet","DuplicationPotion","Fiend Fire","Torii","DollysMirror","Feel No Pain","Centennial Puzzle"],"campfire_rested":1,"item_purchase_floors":[5,5,19,19,19,19,31,38,44,48,48],"current_hp_per_floor":[80,77,80,80,80,80,76,76,76,64,59,59,59,53,53,14,80,61,61,61,46,52,32,56,62,62,61,61,61,51,66,66,45,80,77,77,77,80,78,74,80,80,80,80,80,80,78,80,80,22,80,80,80,70,40],"gold":36,"neow_bonus":"THREE_CARDS","is_daily":false,"chose_seed":false,"campfire_upgraded":8,"win_rate":0.0,"timestamp":1611655851,"path_taken":["M","M","M","?","$","R","E","R","T","E","M","?","R","E","R","BOSS","M","$","?","?","M","E","R","E","T","E","R","?","M","$","R","BOSS","BOSS","M","?","?","?","M","E","R","M","T","$","?","?","E","$","R","BOSS","R","$","E","BOSS"],"items_purchased_type":["Card","Potion","Card","Card","Relic","Potion","Card","Relic","Relic","Card","Relic"],"build_version":"2020-12-22","purchased_purges":3,"victory":true,"max_hp_per_floor":[80,80,80,80,80,80,80,80,80,80,80,80,80,80,80,80,80,80,80,80,80,80,80,80,80,80,80,80,80,80,80,80,80,80,80,80,80,80,80,80,80,80,80,80,80,80,80,80,80,80,80,80,80,80,80],"relic_stats":{"Torii":11,"counters":[25,123],"Self Forming Clay":[252],"Eternal Feather":6,"Juzu Bracelet":1,"Bag of Preparation":[2],"Cursed Key":2,"Burning Blood":140,"Dream Catcher":1,"Centennial Puzzle":[9],"Mummified Hand":[67],"Bronze Scales":[267],"Pantograph":24,"MealTicket":20,"obtain_stats":[{"Potion Belt":7,"Ice Cream":45,"Torii":38,"Golden Idol":4,"Self Forming Clay":23,"Oddly Smooth Stone":40,"Eternal Feather":34,"Thread and Needle":34,"Juzu Bracelet":19,"Bag of Preparation":54,"Cursed Key":17,"Burning Blood":0,"Calling Bell":34,"Dream Catcher":14,"Centennial Puzzle":48,"Mummified Hand":10,"DollysMirror":44,"Bronze Scales":25,"Pantograph":26,"MealTicket":27,"Red Mask":21,"Bag of Marbles":34,"Bottled Lightning":47,"Toxic Egg 2":9},{"Potion Belt":4,"Ice Cream":21,"Torii":17,"Golden Idol":3,"Self Forming Clay":12,"Oddly Smooth Stone":19,"Eternal Feather":16,"Thread and Needle":16,"Juzu Bracelet":9,"Bag of Preparation":24,"Cursed Key":8,"Burning Blood":0,"Calling Bell":16,"Dream Catcher":7,"Centennial Puzzle":22,"Mummified Hand":5,"DollysMirror":20,"Bronze Scales":13,"Pantograph":13,"MealTicket":14,"Red Mask":10,"Bag of Marbles":16,"Bottled Lightning":22,"Toxic Egg 2":4},{"Potion Belt":16,"Ice Cream":96,"Torii":75,"Golden Idol":9,"Self Forming Clay":50,"Oddly Smooth Stone":85,"Eternal Feather":71,"Thread and Needle":71,"Juzu Bracelet":38,"Bag of Preparation":115,"Cursed Key":34,"Burning Blood":0,"Calling Bell":71,"Dream Catcher":26,"Centennial Puzzle":103,"Mummified Hand":19,"DollysMirror":91,"Bronze Scales":55,"Pantograph":55,"MealTicket":59,"Red Mask":42,"Bag of Marbles":71,"Bottled Lightning":103,"Toxic Egg 2":16}]},"card_choices":[{"not_picked":["Intimidate","Twin Strike"],"picked":"Wild Strike","floor":0.0},{"not_picked":["Reckless Charge","Body Slam"],"picked":"Whirlwind","floor":1.0},{"not_picked":["Dual Wield","Reckless Charge"],"picked":"Fire Breathing","floor":2.0},{"not_picked":["Body Slam","Warcry"],"picked":"Wild Strike","floor":3.0},{"not_picked":["Anger","Pummel"],"picked":"Warcry","floor":7.0},{"not_picked":["Dropkick","Flex+1"],"picked":"Shrug It Off+1","floor":10.0},{"not_picked":["Perfected Strike","Thunderclap","Sword Boomerang"],"picked":"SKIP","floor":11.0},{"not_picked":["Body Slam","Shockwave+1"],"picked":"Brutality","floor":14.0},{"not_picked":["Offering+1","Brutality"],"picked":"Immolate","floor":16.0},{"not_picked":["Dropkick","Twin Strike"],"picked":"Battle Trance+1","floor":18.0},{"not_picked":["Dark Embrace","Armaments+1"],"picked":"True Grit+1","floor":21.0},{"not_picked":["Ghostly Armor+1","Havoc+1"],"picked":"Evolve+1","floor":22.0},{"not_picked":["Heavy Blade","Double Tap+1"],"picked":"Headbutt+1","floor":23.0},{"not_picked":["Flame Barrier+1","Metallicize+1"],"picked":"Reckless Charge","floor":24.0},{"not_picked":["Thunderclap+1","Entrench+1"],"picked":"Warcry+1","floor":25.0},{"not_picked":["Whirlwind+1","Dark Embrace"],"picked":"Power Through+1","floor":27.0},{"not_picked":["Metallicize","Clash"],"picked":"Shockwave+1","floor":30.0},{"not_picked":["Berserk","Demon Form"],"picked":"Offering+1","floor":33.0},{"not_picked":["Inflame","Searing Blow","Heavy Blade"],"picked":"SKIP","floor":35.0},{"not_picked":["Clothesline+1","Warcry+1"],"picked":"Intimidate+1","floor":39.0},{"not_picked":["Iron Wave+1","Body Slam+1","Spot Weakness+1"],"picked":"SKIP","floor":40.0},{"not_picked":["Pommel Strike+1","Sentinel+1","Sword Boomerang+1"],"picked":"SKIP","floor":42.0},{"not_picked":["Shrug It Off+1","Heavy Blade+1","Headbutt"],"picked":"SKIP","floor":47.0},{"not_picked":["Berserk","Thunderclap+1"],"picked":"Dark Embrace","floor":54}],"player_experience":688728,"relics_obtained":[{"floor":7.0,"key":"Potion Belt"},{"floor":9.0,"key":"Toxic Egg 2"},{"floor":10.0,"key":"Mummified Hand"},{"floor":14.0,"key":"Dream Catcher"},{"floor":21.0,"key":"Red Mask"},{"floor":23.0,"key":"Self Forming Clay"},{"floor":25.0,"key":"Bronze Scales"},{"floor":26.0,"key":"Pantograph"},{"floor":27.0,"key":"MealTicket"},{"floor":34.0,"key":"Bag of Marbles"},{"floor":34.0,"key":"Eternal Feather"},{"floor":34.0,"key":"Thread and Needle"},{"floor":40.0,"key":"Oddly Smooth Stone"},{"floor":45.0,"key":"Ice Cream"},{"floor":47.0,"key":"Bottled Lightning"},{"floor":54,"key":"Bag of Preparation"}],"event_choices":[{"damage_healed":0.0,"max_hp_gain":0.0,"max_hp_loss":0.0,"gold_gain":0.0,"event_name":"Golden Idol","player_choice":"Take Wound","floor":4.0,"gold_loss":0.0,"damage_taken":0.0,"relics_obtained":["Golden Idol"],"cards_obtained":["Injury"]},{"damage_healed":0.0,"max_hp_gain":0.0,"max_hp_loss":0.0,"gold_gain":175.0,"event_name":"Liars Game","player_choice":"AGREE","floor":12.0,"gold_loss":0.0,"damage_taken":0.0,"cards_obtained":["Doubt"]},{"damage_healed":0.0,"max_hp_gain":0.0,"max_hp_loss":0.0,"gold_gain":0.0,"event_name":"Back to Basics","player_choice":"Simplicity","floor":20.0,"gold_loss":0.0,"damage_taken":0.0,"cards_upgraded":["Strike_R","Strike_R","Strike_R","Strike_R","Strike_R","Defend_R","Defend_R","Defend_R","Defend_R"]},{"damage_healed":0.0,"max_hp_gain":0.0,"max_hp_loss":0.0,"gold_gain":0.0,"event_name":"Masked Bandits","player_choice":"Fought Bandits","floor":21.0,"gold_loss":0.0,"damage_taken":0.0},{"cards_removed":["Strike_R"],"damage_healed":0.0,"max_hp_gain":0.0,"max_hp_loss":0.0,"gold_gain":0.0,"event_name":"Bonfire Elementals","player_choice":"Offered Basic","floor":29.0,"gold_loss":0.0,"damage_taken":0.0},{"damage_healed":0.0,"max_hp_gain":0.0,"max_hp_loss":0.0,"gold_gain":333.0,"event_name":"The Moai Head","player_choice":"Gave Idol","floor":36.0,"relics_lost":["Golden Idol"],"gold_loss":0.0,"damage_taken":0.0},{"damage_healed":0.0,"max_hp_gain":0.0,"max_hp_loss":0.0,"gold_gain":222.0,"event_name":"Tomb of Lord Red Mask","player_choice":"Wore Mask","floor":37.0,"gold_loss":0.0,"damage_taken":0.0},{"damage_healed":0.0,"max_hp_gain":0.0,"max_hp_loss":0.0,"gold_gain":0.0,"event_name":"MindBloom","player_choice":"Fight","floor":45.0,"gold_loss":0.0,"damage_taken":0.0},{"cards_removed":["Shockwave"],"damage_healed":0.0,"max_hp_gain":0.0,"max_hp_loss":0.0,"gold_gain":0.0,"event_name":"Falling","player_choice":"Removed Skill","floor":46.0,"gold_loss":0.0,"damage_taken":0.0}],"is_beta":false,"boss_relics":[{"not_picked":["Runic Pyramid","Snecko Eye"],"picked":"Cursed Key"},{"not_picked":["SacredBark","Tiny House"],"picked":"Calling Bell"}],"items_purged_floors":[19,38,44],"is_endless":false,"potions_floor_spawned":[1,11,14,22,23,33,35,42],"ascension_level":3}}