{"host":"15ff3ltgpietarej","time":1611646923,"event":{"mods":["BaseMod","Bestiary","Downfall","Highlight Path","Minty Spire (QoL Compilation)","Relic Stats","StSLib"],"gold_per_floor":[99,112,127,127,147,147,147,178,188,208,208,208,208],"floor_reached":11,"language":"ENG","playtime":411,"items_purged":[],"score":79,"play_id":"be360cf0-88a4-4075-9d7d-f22775a1d16e","local_time":"20210126084203","is_ascension_mode":true,"campfire_choices":[{"data":"bronze:Replicate","floor":1.0,"key":"SMITH"},{"data":"bronze:CutThrough","floor":6.0,"key":"SMITH"}],"circlet_count":0,"master_deck":["bronze:Strike","bronze:Strike","bronze:Strike","bronze:Defend","bronze:Defend","bronze:Defend","bronze:Defend","bronze:Replicate+1","bronze:Goto","bronze:ItsAFeature","bronze:Repulsor","bronze:CutThrough+1","bronze:Iterate","bronze:Overheat","bronze:BuggyMess"],"relics":["Busted Crown","White Beast Statue","Bag of Preparation"],"acts_visited":["Exordium"],"potions_floor_usage":[11],"damage_taken":[{"damage":5.0,"enemies":"Jaw Worm","floor":2.0,"turns":4.0},{"damage":1.0,"enemies":"Cultist","floor":3.0,"turns":3.0},{"damage":0.0,"enemies":"2 Louse","floor":5.0,"turns":4.0},{"damage":27.0,"enemies":"Gremlin Nob","floor":8.0,"turns":4.0},{"damage":10.0,"enemies":"3 Louse","floor":9.0,"turns":4.0},{"damage":9.0,"enemies":"Blue Slaver","floor":10.0,"turns":4.0},{"damage":19,"enemies":"3 Sentries","floor":11,"turns":5}],"seed_played":"-2772378135789616780","potions_obtained":[{"floor":5.0,"key":"hexamod:SoulburnPotion"},{"floor":8.0,"key":"PowerPotion"},{"floor":9.0,"key":"Dexterity Potion"},{"floor":10.0,"key":"LiquidBronze"}],"is_trial":false,"path_per_floor":["R","M","M","?","M","R","T","E","M","M","E"],"character_chosen":"THE_AUTOMATON","items_purchased":[],"campfire_rested":0,"item_purchase_floors":[],"current_hp_per_floor":[70,65,64,64,64,64,64,37,27,18,0,0,0],"gold":208,"neow_bonus":"BOSS_RELIC","is_daily":false,"chose_seed":false,"campfire_upgraded":2,"win_rate":0.0,"timestamp":1611646923,"path_taken":["R","M","M","?","M","R","T","E","M","?","E"],"items_purchased_type":[],"build_version":"2020-12-22","purchased_purges":0,"victory":false,"max_hp_per_floor":[70,70,70,70,70,70,70,70,70,70,70,70,70],"relic_stats":{"Busted Crown":12,"counters":[7,28],"Bag of Preparation":[6],"obtain_stats":[{"bronze:BronzeCore":0,"Busted Crown":0,"Bag of Preparation":8,"White Beast Statue":7},{"bronze:BronzeCore":0,"Busted Crown":0,"Bag of Preparation":4,"White Beast Statue":3},{"bronze:BronzeCore":0,"Busted Crown":0,"Bag of Preparation":15,"White Beast Statue":11}]},"card_choices":[{"not_picked":["bronze:Turbo"],"picked":"SKIP","floor":2.0},{"not_picked":[],"picked":"bronze:ItsAFeature","floor":3.0},{"not_picked":[],"picked":"bronze:CutThrough","floor":5.0},{"not_picked":[],"picked":"bronze:Iterate","floor":8.0},{"not_picked":[],"picked":"bronze:Overheat","floor":9.0},{"not_picked":[],"picked":"bronze:BuggyMess","floor":10.0}],"player_experience":443536,"relics_obtained":[{"floor":7.0,"key":"White Beast Statue"},{"floor":8.0,"key":"Bag of Preparation"}],"event_choices":[],"is_beta":false,"boss_relics":[],"items_purged_floors":[],"is_endless":false,"potions_floor_spawned":[5,8,9,10],"killed_by":"3 Sentries","ascension_level":1}}