{"host":"ttx8tv95o5vka1nm","time":1611667727,"event":{"mods":["AchievementEnabler","BaseMod","Colored Map","Downfall","Infinite Spire","Minty Spire (QoL Compilation)","Shop Mod","StSLib","The Jungle"],"gold_per_floor":[99,119,119,137,312,323,371,389,289,319,339,339,339,373,385,489,489,389,409,429,442,442,472,472,472,483,514,514,539,539,539,559,684,684,684,720,760,760,164,183,210,223,223,258,308,308,308],"floor_reached":45,"language":"ENG","playtime":4649,"items_purged":["Bite"],"score":645,"play_id":"7b61d9ca-31e6-4a32-a7d2-76ba3dfa5453","local_time":"20210126232847","is_ascension_mode":true,"campfire_choices":[{"floor":1.0,"key":"RECALL"},{"data":"sneckomod:MasterEye","floor":9.0,"key":"SMITH"},{"data":"sneckomod:SnekBite","floor":18.0,"key":"SMITH"},{"data":"Doubt","floor":25.0,"key":"PURGE"},{"data":"sneckomod:MasterEye+1","floor":28.0,"key":"PURGE"},{"data":"sneckomod:PureSnecko","floor":30.0,"key":"SMITH"},{"data":"sneckomod:UnlimitedRolls","floor":35.0,"key":"SMITH"},{"floor":43,"key":"REST"}],"circlet_count":0,"master_deck":["sneckomod:Defend","sneckomod:Defend","sneckomod:TailWhip","sneckomod:SnekBite+1","sneckomod:Unknown","sneckomod:Unknown","sneckomod:UnknownDraw","sneckomod:PureSnecko+1","sneckomod:QuickBite","sneckomod:QuickBite","sneckomod:UnknownUncommonPower","sneckomod:UnknownRareSkill","sneckomod:IronFang","sneckomod:SerpentIdol+1","Bite","Bite","Bite","sneckomod:UnknownStrength","sneckomod:UnknownClassPURPLE+1","infinitespire:TheBestDefense","sneckomod:UnknownDexterity","infinitespire:Starlight","sneckomod:UnendingSupply+1","Panacea","sneckomod:UnlimitedRolls+1","sneckomod:UnknownUncommonPower+1","sneckomod:UnknownDraw+1","sneckomod:UnknownClassPURPLE+1","sneckomod:Mudshield","sneckomod:Restock"],"relics":["Blue Candle","PreservedInsect","downfall:HeartBlessingRed","FossilizedHelix","infinitespire:Cubic Diamond","Boot","CaptainsWheel","Snecko Eye","downfall:HeartBlessingGreen","Peace Pipe","InkBottle","Akabeko","WingedGreaves","Runic Pyramid","MerchantsRug","Frozen Eye","CeramicFish","Orichalcum","Bag of Marbles"],"acts_visited":["Exordium","TheCity","TheBeyond"],"potions_floor_usage":[39,45],"damage_taken":[{"damage":3.0,"enemies":"Jaw Worm","floor":2.0,"turns":3.0},{"damage":0.0,"enemies":"2 Louse","floor":4.0,"turns":2.0},{"damage":13.0,"enemies":"Small Slimes","floor":6.0,"turns":3.0},{"damage":13.0,"enemies":"Blue Slaver","floor":8.0,"turns":4.0},{"damage":4.0,"enemies":"3 Sentries","floor":10.0,"turns":6.0},{"damage":0.0,"enemies":"Lots of Slimes","floor":11.0,"turns":3.0},{"damage":0.0,"enemies":"Lagavulin","floor":14.0,"turns":4.0},{"damage":0.0,"enemies":"2 Fungi Beasts","floor":15.0,"turns":2.0},{"damage":36.0,"enemies":"IC_STATUS_ARCHETYPE","floor":16.0,"turns":7.0},{"damage":18.0,"enemies":"3 Byrds","floor":19.0,"turns":3.0},{"damage":18.0,"enemies":"Shell Parasite","floor":20.0,"turns":3.0},{"damage":13.0,"enemies":"Chosen and Byrds","floor":21.0,"turns":5.0},{"damage":8.0,"enemies":"Book of Stabbing","floor":23.0,"turns":3.0},{"damage":20.0,"enemies":"Cultist and Chosen","floor":26.0,"turns":5.0},{"damage":0.0,"enemies":"Nightmare","floor":27.0,"turns":1.0},{"damage":8.0,"enemies":"Book of Stabbing","floor":29.0,"turns":3.0},{"damage":0.0,"enemies":"Centurion and Healer","floor":32.0,"turns":1.0},{"damage":28.0,"enemies":"WA_ARCHETYPE_CALM","floor":33.0,"turns":9.0},{"damage":6.0,"enemies":"Orb Walker","floor":36.0,"turns":4.0},{"damage":4.0,"enemies":"3 Darklings","floor":37.0,"turns":6.0},{"damage":0,"enemies":"downfall:FleeingMerchant","floor":39,"turns":4},{"damage":33,"enemies":"Jaw Worm Horde","floor":40,"turns":5},{"damage":34,"enemies":"4 Shapes","floor":42,"turns":8},{"damage":0,"enemies":"Giant Head","floor":44,"turns":6},{"damage":79,"enemies":"Maw","floor":45,"turns":8}],"seed_played":"-8895213019131492949","potions_obtained":[{"floor":4.0,"key":"Strength Potion"},{"floor":6.0,"key":"EssenceOfSteel"},{"floor":10.0,"key":"GamblersBrew"},{"floor":16.0,"key":"Explosive Potion"},{"floor":23.0,"key":"Energy Potion"},{"floor":26.0,"key":"AttackPotion"},{"floor":36.0,"key":"Energy Potion"},{"floor":40,"key":"Swift Potion"},{"floor":42,"key":"DuplicationPotion"}],"is_trial":false,"path_per_floor":["R","M","?","M","?","M","T","M","R","E","M","?","?","E","M","B",null,"R","M","M","M","?","E","T","R","M","NM","R","E","R","?","M","B",null,"R","M","M","?","$","M","T","M","R","E","M"],"character_chosen":"THE_SNECKO","items_purchased":["MerchantsRug","Frozen Eye","CeramicFish","sneckomod:Mudshield"],"campfire_rested":1,"item_purchase_floors":[39,39,39,39],"current_hp_per_floor":[90,87,82,82,82,69,69,56,56,52,52,52,40,40,40,4,90,90,72,54,41,41,39,39,39,44,50,50,46,46,31,45,41,62,62,58,58,58,62,45,45,21,39,61,0,0,0],"gold":308,"neow_bonus":"BOSS_RELIC","is_daily":false,"chose_seed":false,"campfire_upgraded":4,"win_rate":0.0,"timestamp":1611667727,"path_taken":["R","M","?","M","?","M","T","M","R","E","M","?","?","E","M","BOSS","R","M","M","M","?","E","T","R","M","NM","R","E","R","?","M","BOSS","R","M","M","?","$","M","T","M","R","E","M"],"items_purchased_type":["Relic","Relic","Relic","Card"],"build_version":"2020-12-22","purchased_purges":1,"victory":false,"max_hp_per_floor":[90,90,90,90,90,90,90,90,90,90,90,90,90,90,90,90,90,90,90,90,90,62,62,62,62,62,62,62,62,62,62,62,62,62,62,62,62,62,62,62,62,62,62,62,62,62,62],"card_choices":[{"not_picked":["sneckomod:DiceCrush","sneckomod:UnknownVulnerable"],"picked":"sneckomod:MasterEye","floor":2.0},{"not_picked":["sneckomod:DiceBoulder","sneckomod:Unknown1Cost"],"picked":"sneckomod:UnknownColorless","floor":4.0},{"not_picked":["sneckomod:SnekBeam","sneckomod:SoulDraw"],"picked":"sneckomod:UnknownDraw","floor":6.0},{"not_picked":["sneckomod:UnknownDraw","sneckomod:DiceCrush"],"picked":"sneckomod:PureSnecko","floor":8.0},{"not_picked":["sneckomod:SoulRoll","sneckomod:SlitherStrike"],"picked":"sneckomod:QuickBite","floor":10.0},{"not_picked":["sneckomod:UnknownWeak","sneckomod:SoulDraw"],"picked":"sneckomod:QuickBite","floor":11.0},{"not_picked":["sneckomod:PureSnecko","sneckomod:MasterEye","sneckomod:Nope"],"picked":"SKIP","floor":14.0},{"not_picked":["sneckomod:UnknownDraw","sneckomod:QuickBite"],"picked":"sneckomod:UnknownUncommonPower","floor":15.0},{"not_picked":["sneckomod:DangerNoodle","sneckomod:Mudshield"],"picked":"sneckomod:UnknownRareSkill","floor":16.0},{"not_picked":["sneckomod:DiceCrush","sneckomod:Unknown1Cost","sneckomod:UnknownCommonAttack"],"picked":"SKIP","floor":19.0},{"not_picked":["sneckomod:DiceCrush","sneckomod:UnknownCommonSkill"],"picked":"sneckomod:IronFang","floor":20.0},{"not_picked":["sneckomod:UnknownBlock","sneckomod:UnknownClassPURPLE+1"],"picked":"sneckomod:SerpentIdol+1","floor":21.0},{"not_picked":["sneckomod:QuickBite+1","sneckomod:UnknownBoss"],"picked":"sneckomod:UnknownStrength","floor":23.0},{"not_picked":["sneckomod:DiceCrush","sneckomod:PureSnecko"],"picked":"sneckomod:UnknownClassPURPLE+1","floor":26.0},{"not_picked":["infinitespire:SealOfDarkness+","infinitespire:DeathsTouch"],"picked":"infinitespire:TheBestDefense","floor":27.0},{"not_picked":["sneckomod:SlitherStrike","sneckomod:RainOfDice"],"picked":"sneckomod:Memorize+1","floor":27.0},{"not_picked":["sneckomod:UnknownWeak+1","sneckomod:UnknownBoss"],"picked":"sneckomod:UnknownDexterity","floor":29.0},{"not_picked":["infinitespire:SevenWalls","infinitespire:Fortify"],"picked":"infinitespire:Starlight","floor":31.0},{"not_picked":["sneckomod:Memorize","sneckomod:UnknownX"],"picked":"sneckomod:UnendingSupply+1","floor":32.0},{"not_picked":["sneckomod:UnknownRareAttack","sneckomod:UnknownBoss"],"picked":"sneckomod:UnlimitedRolls","floor":33.0},{"not_picked":["sneckomod:UnknownBlock","sneckomod:Unknown2Cost+1"],"picked":"sneckomod:UnknownUncommonPower+1","floor":36.0},{"not_picked":["sneckomod:DiceBlock+1","sneckomod:UnknownClassGUARDIAN"],"picked":"sneckomod:UnknownDraw+1","floor":37},{"not_picked":["sneckomod:Unknown0Cost+1","sneckomod:UnknownClassGUARDIAN+1"],"picked":"sneckomod:UnknownClassPURPLE+1","floor":39},{"not_picked":["sneckomod:QuickMove","sneckomod:Nope"],"picked":"sneckomod:Restock","floor":40},{"not_picked":["sneckomod:Nope","sneckomod:UnknownDraw+1","sneckomod:DiceBlock+1"],"picked":"SKIP","floor":42},{"not_picked":["sneckomod:IronFang+1","sneckomod:SoulRoll","sneckomod:QuickBite+1"],"picked":"SKIP","floor":44}],"player_experience":881232,"relics_obtained":[{"floor":7.0,"key":"PreservedInsect"},{"floor":10.0,"key":"FossilizedHelix"},{"floor":14.0,"key":"CaptainsWheel"},{"floor":23.0,"key":"Peace Pipe"},{"floor":24.0,"key":"InkBottle"},{"floor":27.0,"key":"Akabeko"},{"floor":29.0,"key":"WingedGreaves"},{"floor":41,"key":"Orichalcum"},{"floor":44,"key":"Bag of Marbles"}],"event_choices":[{"damage_healed":0.0,"max_hp_gain":0.0,"max_hp_loss":0.0,"gold_gain":0.0,"event_name":"Scrap Ooze","player_choice":"Success","floor":13.0,"gold_loss":0.0,"damage_taken":12.0,"relics_obtained":["Boot"]},{"damage_healed":0.0,"max_hp_gain":0.0,"max_hp_loss":28.0,"gold_gain":0.0,"event_name":"Vampires","player_choice":"Became a vampire","floor":22.0,"gold_loss":0.0,"damage_taken":0.0,"cards_obtained":["Bite","Bite","Bite","Bite","Bite"]},{"cards_removed":["Bite"],"damage_healed":0,"gold_gain":0,"player_choice":"Removed Attack","damage_taken":0,"max_hp_gain":0,"max_hp_loss":0,"event_name":"Falling","floor":38,"gold_loss":0}],"is_beta":false,"boss_relics":[{"not_picked":["Cursed Key","Fusion Hammer"],"picked":"Snecko Eye"},{"not_picked":["SacredBark","SlaversCollar"],"picked":"Runic Pyramid"}],"items_purged_floors":[39],"is_endless":true,"potions_floor_spawned":[4,6,10,16,23,26,36,40,42],"killed_by":"Maw","ascension_level":1}}