{"host":"kh6fvhxn285ncg0o","time":1611631102,"event":{"mods":["Act Like it!","BaseMod","Colored Map","Friendly Minions","Keyboard Shortcuts","Minty Spire (QoL Compilation)","Quick Restart","Relic Stats","StSLib","SuperFastMode","UnlockEverythingMod"],"gold_per_floor":[369,386,386,536,122,122,156,56,56,83,83,97,127,144,144,223,223,237,237,256,269,283,311,311,346,399,430,430,463,477,490,490,490,490],"floor_reached":33,"language":"KOR","playtime":777,"items_purged":["Doubt","Strike_R"],"score":690,"play_id":"acb3d3a7-a856-44ac-a90b-01bc05aea2ec","local_time":"20210126121822","is_ascension_mode":true,"campfire_choices":[{"data":"Sever Soul","floor":6.0,"key":"SMITH"},{"data":"Immolate","floor":11.0,"key":"SMITH"},{"data":"Feed","floor":15.0,"key":"SMITH"},{"data":"Fiend Fire","floor":24,"key":"SMITH"},{"data":"Body Slam","floor":32,"key":"SMITH"}],"circlet_count":0,"master_deck":["AscendersBane","Strike_R","Strike_R","Strike_R","Strike_R","Defend_R+1","Defend_R","Defend_R+1","Defend_R","Bash","Power Through","Sever Soul+1","Immolate+1","Shrug It Off","Feed+1","Fiend Fire+1","Burning Pact","Fire Breathing","Seeing Red","Evolve","Body Slam+1","Entrench+1"],"relics":["Burning Blood","Question Card","PreservedInsect","Oddly Smooth Stone","Bag of Marbles","Centennial Puzzle","Vajra","Philosopher\u0027s Stone","Bronze Scales","Dream Catcher","War Paint","Bottled Tornado","HornCleat"],"acts_visited":["Exordium","TheCity"],"potions_floor_usage":[21,23,29,30],"damage_taken":[{"damage":6.0,"enemies":"Cultist","floor":1.0,"turns":3.0},{"damage":8.0,"enemies":"Small Slimes","floor":2.0,"turns":4.0},{"damage":30.0,"enemies":"Gremlin Nob","floor":7.0,"turns":4.0},{"damage":4.0,"enemies":"Lagavulin","floor":10.0,"turns":5.0},{"damage":0.0,"enemies":"Jaw Worm","floor":12.0,"turns":1.0},{"damage":5.0,"enemies":"Gremlin Nob","floor":13.0,"turns":3.0},{"damage":0.0,"enemies":"Exordium Wildlife","floor":14.0,"turns":2.0},{"damage":43.0,"enemies":"The Guardian","floor":16.0,"turns":8.0},{"damage":21,"enemies":"3 Byrds","floor":18,"turns":4},{"damage":14,"enemies":"Spheric Guardian","floor":20,"turns":4},{"damage":8,"enemies":"Cultist and Chosen","floor":21,"turns":4},{"damage":0,"enemies":"Centurion and Healer","floor":22,"turns":4},{"damage":6,"enemies":"Book of Stabbing","floor":23,"turns":2},{"damage":3,"enemies":"Slavers","floor":25,"turns":3},{"damage":12,"enemies":"Gremlin Leader","floor":27,"turns":3},{"damage":28,"enemies":"Book of Stabbing","floor":29,"turns":4},{"damage":0,"enemies":"Snecko","floor":30,"turns":3},{"damage":3,"enemies":"3 Cultists","floor":31,"turns":4},{"damage":60,"enemies":"Automaton","floor":33,"turns":6}],"seed_played":"2583197626999429261","potions_obtained":[{"floor":1.0,"key":"SkillPotion"},{"floor":7.0,"key":"FairyPotion"},{"floor":12.0,"key":"LiquidBronze"},{"floor":13.0,"key":"Weak Potion"},{"floor":20,"key":"EssenceOfSteel"},{"floor":21,"key":"BloodPotion"},{"floor":23,"key":"SneckoOil"},{"floor":29,"key":"ElixirPotion"},{"floor":30,"key":"Ancient Potion"}],"is_trial":false,"path_per_floor":["M","M","?","?","$","R","E","$","T","E","R","M","E","M","R","B",null,"M","?","M","M","M","E","R","E","T","E","?","E","M","M","R","B"],"character_chosen":"IRONCLAD","items_purchased":["PreservedInsect","Oddly Smooth Stone"],"campfire_rested":0,"item_purchase_floors":[5,5],"current_hp_per_floor":[68,66,55,55,55,55,31,31,31,33,33,39,40,49,49,12,56,45,45,41,39,49,49,49,56,56,54,54,50,56,59,59,0,0],"gold":490,"neow_bonus":"TWO_FIFTY_GOLD","is_daily":false,"chose_seed":false,"campfire_upgraded":5,"win_rate":0.0,"timestamp":1611631102,"path_taken":["M","?","?","?","$","R","E","?","T","E","R","M","E","M","R","BOSS","M","?","M","M","M","E","R","E","T","E","?","E","?","M","R","BOSS"],"items_purchased_type":["Relic","Relic"],"build_version":"2020-12-22","purchased_purges":2,"victory":false,"max_hp_per_floor":[68,68,68,68,68,68,68,68,68,68,68,68,68,71,71,71,71,75,75,79,79,83,83,83,87,87,91,91,91,91,91,91,91,91],"relic_stats":{"Centennial Puzzle":[33],"Dream Catcher":0,"counters":[19,71],"Bronze Scales":[83],"PreservedInsect":246,"War Paint":["Defend_R","Defend_R"],"Question Card":16,"obtain_stats":[{"Oddly Smooth Stone":5,"Vajra":13,"PreservedInsect":5,"War Paint":26,"Bottled Tornado":27,"Question Card":3,"Burning Blood":0,"Centennial Puzzle":10,"Dream Catcher":25,"HornCleat":29,"Bronze Scales":23,"Philosopher\u0027s Stone":17,"Bag of Marbles":7},{"Oddly Smooth Stone":2,"Vajra":6,"PreservedInsect":2,"War Paint":14,"Bottled Tornado":15,"Question Card":2,"Burning Blood":0,"Centennial Puzzle":4,"Dream Catcher":14,"HornCleat":16,"Bronze Scales":13,"Philosopher\u0027s Stone":8,"Bag of Marbles":3},{"Oddly Smooth Stone":7,"Vajra":20,"PreservedInsect":7,"War Paint":51,"Bottled Tornado":54,"Question Card":7,"Burning Blood":0,"Centennial Puzzle":16,"Dream Catcher":51,"HornCleat":58,"Bronze Scales":48,"Philosopher\u0027s Stone":30,"Bag of Marbles":11}],"Burning Blood":108},"card_choices":[{"not_picked":["Whirlwind","Warcry"],"picked":"Power Through","floor":1.0},{"not_picked":["Perfected Strike","Twin Strike"],"picked":"Sever Soul","floor":2.0},{"not_picked":["Iron Wave","Wild Strike","Shockwave"],"picked":"Immolate","floor":7.0},{"not_picked":["Power Through","Havoc","Spot Weakness"],"picked":"Shrug It Off","floor":10.0},{"not_picked":["Sword Boomerang","Iron Wave","Heavy Blade","Armaments"],"picked":"SKIP","floor":12.0},{"not_picked":["Rampage","Sentinel","Carnage"],"picked":"Feed","floor":13.0},{"not_picked":["Clothesline","Combust","Flex","Pommel Strike"],"picked":"SKIP","floor":14.0},{"not_picked":["Reaper","Impervious","Double Tap"],"picked":"Fiend Fire","floor":16.0},{"not_picked":["Cleave","Dropkick","Clash"],"picked":"Burning Pact","floor":18},{"not_picked":["Cleave","Sword Boomerang","Body Slam"],"picked":"Fire Breathing","floor":20},{"not_picked":["Anger","Iron Wave","Pummel"],"picked":"Seeing Red","floor":21},{"not_picked":["Reaper","Perfected Strike","True Grit","Body Slam"],"picked":"SKIP","floor":22},{"not_picked":["Reaper","Perfected Strike","True Grit","Body Slam"],"picked":"SKIP","floor":22},{"not_picked":["Power Through","Pommel Strike","Intimidate","Headbutt"],"picked":"SKIP","floor":23},{"not_picked":["Double Tap","Perfected Strike","Seeing Red","Twin Strike"],"picked":"SKIP","floor":25},{"not_picked":["Flame Barrier","Shrug It Off","Flex"],"picked":"Evolve","floor":27},{"not_picked":["Thunderclap","Clothesline","Shrug It Off","Perfected Strike+1"],"picked":"SKIP","floor":29},{"not_picked":["Sever Soul","Wild Strike","Uppercut"],"picked":"Body Slam","floor":30},{"not_picked":["Rage","Pommel Strike","Anger"],"picked":"Entrench+1","floor":31}],"player_experience":1276529,"relics_obtained":[{"floor":7.0,"key":"Bag of Marbles"},{"floor":10.0,"key":"Centennial Puzzle"},{"floor":13.0,"key":"Vajra"},{"floor":23,"key":"Bronze Scales"},{"floor":25,"key":"Dream Catcher"},{"floor":26,"key":"War Paint"},{"floor":27,"key":"Bottled Tornado"},{"floor":29,"key":"HornCleat"}],"event_choices":[{"damage_healed":0.0,"max_hp_gain":0.0,"max_hp_loss":0.0,"gold_gain":0.0,"event_name":"Scrap Ooze","player_choice":"Success","floor":3.0,"gold_loss":0.0,"damage_taken":11.0,"relics_obtained":["Question Card"]},{"damage_healed":0.0,"max_hp_gain":0.0,"max_hp_loss":0.0,"gold_gain":150.0,"event_name":"Liars Game","player_choice":"AGREE","floor":4.0,"gold_loss":0.0,"damage_taken":0.0,"cards_obtained":["Doubt"]},{"damage_healed":0,"gold_gain":0,"player_choice":"Ignored","damage_taken":0,"max_hp_gain":0,"max_hp_loss":0,"event_name":"The Mausoleum","floor":19,"gold_loss":0},{"damage_healed":0,"gold_gain":0,"player_choice":"Ignored","damage_taken":0,"max_hp_gain":0,"max_hp_loss":0,"event_name":"Ghosts","floor":28,"gold_loss":0}],"is_beta":false,"boss_relics":[{"not_picked":["Black Star","Runic Pyramid"],"picked":"Philosopher\u0027s Stone"}],"items_purged_floors":[5,8],"is_endless":false,"potions_floor_spawned":[1,7,12,13,20,21,23,29,30],"killed_by":"Automaton","ascension_level":20}}