{"host":"z8n47vy4vaymw9pl","time":1611703592,"event":{"mods":["2.2 Compatiblity","Act Like it!","Always Whale","BaseMod","Better Altar","Better Match","Better Note","Better Sensory Stone","Better Skull","Better Third Choice","Colored Map","Colored Powertips","Defuse TimeMaze Blight","Downfall","Energized Spire","Hubris","Minty Spire (QoL Compilation)","Reliquary","Replay The Spire","Robot Space Explorer","Spire Arcade","StSLib","The Blue Laboratory","The Caster","TheSurvivalist","TheSwordswoman","Unceasing Turn Reminder","Wandering Minibosses"],"gold_per_floor":[109,89,109,123,139,139,167,150,196,207,221,221,221,146,146,246,246,256,273,273,35,35,35],"floor_reached":22,"language":"ENG","playtime":1423,"items_purged":[],"score":188,"play_id":"2fb2e71a-71ab-4d54-9bdf-15896a81925a","local_time":"20210126152632","is_ascension_mode":false,"campfire_choices":[{"floor":6,"key":"RECALL"},{"floor":12,"key":"REST"},{"floor":15,"key":"REST"}],"circlet_count":0,"master_deck":["RobotSpaceExplorer:Strike","RobotSpaceExplorer:Strike","RobotSpaceExplorer:Strike","RobotSpaceExplorer:Defend","RobotSpaceExplorer:Defend","RobotSpaceExplorer:Defend","RobotSpaceExplorer:Scan","RobotSpaceExplorer:MiniLasers","RobotSpaceExplorer:Comet","RobotSpaceExplorer:SurgingShield","RobotSpaceExplorer:PlasmaMissile","RobotSpaceExplorer:DoubleFind","RobotSpaceExplorer:PowerGlove","RobotSpaceExplorer:ScrapShield","RobotSpaceExplorer:DoubleFind","Echo Form","Pot Of Greed","Pot Of Greed","RobotSpaceExplorer:ChargingLaser","RobotSpaceExplorer:Discharger","RobotSpaceExplorer:MiniBoosters+1"],"relics":["Sundial","Smiling Mask","Replay:Wax Seal","Grinning Jar","Empty Cage","Eternal Feather"],"acts_visited":["Exordium","TheCity"],"potions_floor_usage":[7,16,16],"damage_taken":[{"damage":4,"enemies":"Jaw Worm","floor":1,"turns":3},{"damage":0,"enemies":"Cultist","floor":3,"turns":4},{"damage":0,"enemies":"2 Louse","floor":4,"turns":3},{"damage":2,"enemies":"2 Fungi Beasts","floor":5,"turns":4},{"damage":24,"enemies":"3 Sentries","floor":7,"turns":7},{"damage":10,"enemies":"Red Slaver","floor":8,"turns":5},{"damage":20,"enemies":"Gremlin Gang","floor":10,"turns":5},{"damage":0,"enemies":"Looter","floor":11,"turns":4},{"damage":31,"enemies":"Fading Forest","floor":16,"turns":11},{"damage":25,"enemies":"2 Thieves","floor":18,"turns":5},{"damage":31,"enemies":"Spheric Guardian","floor":19,"turns":6},{"damage":16,"enemies":"Snake Plant","floor":22,"turns":1}],"seed_played":"-8876787827419899750","potions_obtained":[{"floor":1,"key":"champ:CounterPotion"},{"floor":2,"key":"CultistPotion"},{"floor":3,"key":"blueLaboratory:BottledHope"},{"floor":10,"key":"Fire Potion"},{"floor":19,"key":"Energy Potion"}],"is_trial":false,"path_per_floor":["M","?","M","M","M","R","E","M","T","M","M","R","?","?","R","B",null,"M","M","?","$","M"],"character_chosen":"RobotSpaceExplorer","items_purchased":["Eternal Feather"],"campfire_rested":2,"item_purchase_floors":[21],"current_hp_per_floor":[64,64,64,64,62,62,38,28,28,8,8,28,16,16,36,15,68,43,12,12,12,0,0],"gold":35,"neow_bonus":"THREE_RARE_CARDS","is_daily":false,"chose_seed":false,"campfire_upgraded":0,"win_rate":0.0,"timestamp":1611703592,"path_taken":["M","?","M","M","M","R","E","M","T","M","?","R","?","?","R","BOSS","M","?","?","$","M"],"items_purchased_type":["Relic"],"build_version":"2020-12-22","purchased_purges":0,"victory":false,"max_hp_per_floor":[68,68,68,68,68,68,68,68,68,68,68,68,68,68,68,68,68,68,68,68,68,68,68],"card_choices":[{"not_picked":["RobotSpaceExplorer:Multitool","RobotSpaceExplorer:HighVoltage"],"picked":"RobotSpaceExplorer:Comet","floor":0},{"not_picked":["RobotSpaceExplorer:Probe","RobotSpaceExplorer:StunGrenade"],"picked":"RobotSpaceExplorer:SurgingShield","floor":1},{"not_picked":["RobotSpaceExplorer:ShockKick","RobotSpaceExplorer:Blitz"],"picked":"RobotSpaceExplorer:PlasmaMissile","floor":3},{"not_picked":["RobotSpaceExplorer:SwiftStep","RobotSpaceExplorer:SlimeMissile","RobotSpaceExplorer:Asteroid"],"picked":"SKIP","floor":4},{"not_picked":["RobotSpaceExplorer:FrostMissile","RobotSpaceExplorer:IronShell"],"picked":"RobotSpaceExplorer:DoubleFind","floor":5},{"not_picked":["RobotSpaceExplorer:Electroshield","RobotSpaceExplorer:SwiftStep"],"picked":"RobotSpaceExplorer:PowerGlove","floor":7},{"not_picked":["RobotSpaceExplorer:DoubleBlock","RobotSpaceExplorer:FranticSearch"],"picked":"RobotSpaceExplorer:ScrapShield","floor":8},{"not_picked":["RobotSpaceExplorer:Electropulse","RobotSpaceExplorer:ScrapMissile","RobotSpaceExplorer:DoubleBlock"],"picked":"SKIP","floor":10},{"not_picked":["RobotSpaceExplorer:ShockKick","RobotSpaceExplorer:Electroshield"],"picked":"RobotSpaceExplorer:DoubleFind","floor":11},{"not_picked":["RobotSpaceExplorer:Explosion+1","RobotSpaceExplorer:Scanner+1"],"picked":"RobotSpaceExplorer:Exploration+1","floor":14},{"not_picked":["RobotSpaceExplorer:Asteroid","RobotSpaceExplorer:Wormhole"],"picked":"RobotSpaceExplorer:ChargingLaser","floor":16},{"not_picked":["RobotSpaceExplorer:SwiftStep","RobotSpaceExplorer:IronShell"],"picked":"RobotSpaceExplorer:Discharger","floor":18},{"not_picked":["RobotSpaceExplorer:GearShield+1","RobotSpaceExplorer:DualCore"],"picked":"RobotSpaceExplorer:MiniBoosters","floor":19}],"player_experience":543404,"relics_obtained":[{"floor":7,"key":"Sundial"},{"floor":9,"key":"Smiling Mask"},{"floor":16,"key":"Grinning Jar"}],"event_choices":[{"damage_healed":0,"gold_gain":0,"player_choice":"Bought 1 Potion","damage_taken":0,"max_hp_gain":0,"max_hp_loss":0,"event_name":"The Woman in Blue","floor":2,"gold_loss":0},{"damage_healed":0,"gold_gain":0,"player_choice":"2","damage_taken":0,"max_hp_gain":0,"max_hp_loss":0,"event_name":"betterMatch:BetterMatch","floor":14,"gold_loss":0,"cards_obtained":["betterMatch:RareCard"]},{"damage_healed":0,"gold_gain":0,"player_choice":"Forge","damage_taken":0,"max_hp_gain":0,"max_hp_loss":0,"event_name":"Accursed Blacksmith","floor":20,"gold_loss":0,"cards_upgraded":["RobotSpaceExplorer:MiniBoosters"]}],"is_beta":false,"boss_relics":[{"not_picked":["hubris:BlackHole","Ring of Chaos"],"picked":"Empty Cage"}],"items_purged_floors":[],"is_endless":false,"potions_floor_spawned":[1,3,10,11,19],"killed_by":"Snake Plant","ascension_level":0}}