{"host":"1dz819zv7fs9tsdy","time":1611650893,"event":{"mods":["AchievementEnabler","BaseMod","Colored Powertips","Curses Come First","Hubris","Minty Spire (QoL Compilation)","Rare Cards Sparkle","StSLib"],"gold_per_floor":[114,114,114,132,145,145,179,139,139,139,159,170,183,208,208,307,307,321,348,368,386,89,117,128,138,138,138,138,138,164,175,175,276,276,293,308,84,102,114,149,149,176,185,244,264,264,298,298,298],"floor_reached":48,"language":"ENG","playtime":4609,"items_purged":["Clumsy"],"score":814,"play_id":"e9ad1efd-a7c9-4c26-8f68-19708fd144cb","local_time":"20210126084813","is_ascension_mode":true,"campfire_choices":[{"data":"Fusion","floor":6.0,"key":"SMITH"},{"data":"Cold Snap","floor":10.0,"key":"SMITH"},{"data":"Defragment","floor":15.0,"key":"SMITH"},{"floor":27.0,"key":"REST"},{"data":"Biased Cognition","floor":29.0,"key":"SMITH"},{"floor":32.0,"key":"REST"},{"floor":41,"key":"RECALL"},{"floor":46,"key":"DIG"}],"circlet_count":0,"master_deck":["Strike_B","Strike_B","Strike_B","Strike_B","Defend_B","Defend_B","Defend_B","Defend_B","Zap","Dualcast","Melter","Coolheaded","Fusion+1","Cold Snap+1","Redo+1","Creative AI","Coolheaded+1","Defragment+1","Biased Cognition","Capacitor","Steam Power+1","Double Energy+1","Leap+1","Leap+1","Darkness+1","Glacier+1","White Noise+1","Double Energy+1","Biased Cognition+1","White Noise+1","Sunder","Sunder","Sunder","Redo+1","Coolheaded+1","Cold Snap+1","Fission+1","Tempest+1","Heatsinks","Fusion+1","Hello World+1","Loop","Reboot+1","Parasite","Consume+1","Leap+1","Turbo+1","Coolheaded+1","Biased Cognition","Rebound+1","Injury","Aggregate+1","Steam Power+1","Defragment+1","Lockon"],"relics":["Sozu","Thread and Needle","Cables","Toxic Egg 2","Prayer Wheel","Cursed Key","Red Mask","Bottled Lightning","Unceasing Top","Bottled Tornado","Nuclear Battery","CeramicFish","Letter Opener","Shovel","Toy Ornithopter"],"acts_visited":["Exordium","TheCity","TheBeyond"],"potions_floor_usage":[],"damage_taken":[{"damage":2.0,"enemies":"Jaw Worm","floor":1.0,"turns":3.0},{"damage":4.0,"enemies":"Small Slimes","floor":4.0,"turns":4.0},{"damage":0.0,"enemies":"Cultist","floor":5.0,"turns":4.0},{"damage":16.0,"enemies":"Lagavulin","floor":7.0,"turns":10.0},{"damage":0.0,"enemies":"Blue Slaver","floor":11.0,"turns":3.0},{"damage":0.0,"enemies":"Exordium Wildlife","floor":12.0,"turns":4.0},{"damage":0.0,"enemies":"Looter","floor":13.0,"turns":2.0},{"damage":8.0,"enemies":"3 Sentries","floor":14.0,"turns":8.0},{"damage":17.0,"enemies":"Slime Boss","floor":16.0,"turns":10.0},{"damage":12.0,"enemies":"Chosen","floor":18.0,"turns":6.0},{"damage":14.0,"enemies":"Masked Bandits","floor":19.0,"turns":7.0},{"damage":1.0,"enemies":"Shell Parasite","floor":20.0,"turns":6.0},{"damage":44.0,"enemies":"3 Cultists","floor":21.0,"turns":7.0},{"damage":0.0,"enemies":"Book of Stabbing","floor":23.0,"turns":4.0},{"damage":0.0,"enemies":"Snecko","floor":24.0,"turns":8.0},{"damage":0.0,"enemies":"Centurion and Healer","floor":25.0,"turns":6.0},{"damage":7.0,"enemies":"Slavers","floor":30.0,"turns":5.0},{"damage":0.0,"enemies":"Cultist and Chosen","floor":31.0,"turns":6.0},{"damage":0.0,"enemies":"Champ","floor":33.0,"turns":6.0},{"damage":0.0,"enemies":"3 Shapes","floor":35.0,"turns":2.0},{"damage":0.0,"enemies":"3 Darklings","floor":36.0,"turns":3.0},{"damage":0.0,"enemies":"Writhing Mass","floor":38.0,"turns":4.0},{"damage":15,"enemies":"4 Shapes","floor":39,"turns":5},{"damage":3,"enemies":"Giant Head","floor":40,"turns":5},{"damage":0,"enemies":"Jaw Worm Horde","floor":42,"turns":3},{"damage":19,"enemies":"Mind Bloom Boss Battle","floor":44,"turns":4},{"damage":7,"enemies":"Spire Growth","floor":45,"turns":5},{"damage":8,"enemies":"Writhing Mass","floor":47,"turns":5},{"damage":41,"enemies":"Nemesis","floor":48,"turns":2}],"seed_played":"-6149287813525281924","potions_obtained":[],"is_trial":false,"path_per_floor":["M","?","T","M","M","R","E","?","T","R","M","M","M","E","R","B",null,"M","?","M","M","$","E","M","M","T","R","?","R","E","M","R","B",null,"M","M","$","M","M","E","R","M","T","?","M","R","M","E"],"character_chosen":"DEFECT","items_purchased":["White Noise+1","Double Energy+1","Biased Cognition","Loop","Reboot+1"],"campfire_rested":2,"item_purchase_floors":[22,22,22,37,37],"current_hp_per_floor":[73,61,61,57,57,57,41,41,41,41,41,41,41,33,33,16,75,63,49,48,4,4,4,4,4,4,26,26,26,19,19,41,41,75,75,75,75,75,60,57,57,57,57,38,31,31,23,0,0],"gold":298,"neow_bonus":"BOSS_RELIC","is_daily":false,"chose_seed":false,"campfire_upgraded":4,"win_rate":0.0,"timestamp":1611650893,"path_taken":["M","?","?","M","M","R","E","?","T","R","?","M","M","E","R","BOSS","M","?","M","M","$","E","M","M","T","R","?","R","E","M","R","BOSS","M","M","$","M","M","E","R","M","T","?","M","R","M","E"],"items_purchased_type":["Card","Card","Card","Card","Card"],"build_version":"2020-12-22","purchased_purges":1,"victory":false,"max_hp_per_floor":[75,75,75,75,75,75,75,75,75,75,75,75,75,75,75,75,75,75,75,75,75,75,75,75,75,75,75,75,75,75,75,75,75,75,75,75,75,75,75,75,75,75,75,75,75,75,75,75,75],"card_choices":[{"not_picked":["Conserve Battery","Redo"],"picked":"Melter","floor":1.0},{"not_picked":["Stack","Turbo"],"picked":"Coolheaded","floor":4.0},{"not_picked":["Streamline","Sweeping Beam"],"picked":"Fusion","floor":5.0},{"not_picked":["Hologram+1","Coolheaded+1"],"picked":"Cold Snap","floor":7.0},{"not_picked":["Sweeping Beam","Stack+1"],"picked":"Redo+1","floor":11.0},{"not_picked":["Cold Snap","Stack+1"],"picked":"Creative AI","floor":12.0},{"not_picked":["Sweeping Beam","Stack+1"],"picked":"Coolheaded+1","floor":13.0},{"not_picked":["Turbo+1","Doom and Gloom"],"picked":"Defragment","floor":14.0},{"not_picked":["Thunder Strike","Creative AI"],"picked":"Biased Cognition","floor":16.0},{"not_picked":["Auto Shields+1","Beam Cell"],"picked":"Capacitor","floor":18.0},{"not_picked":["Gash","Force Field+1"],"picked":"Steam Power+1","floor":18.0},{"not_picked":["Leap+1","Force Field+1"],"picked":"Double Energy+1","floor":19.0},{"not_picked":["Cold Snap","Rebound"],"picked":"Leap+1","floor":20.0},{"not_picked":["Gash","Steam+1"],"picked":"Leap+1","floor":20.0},{"not_picked":["Go for the Eyes","Stack+1"],"picked":"Darkness+1","floor":21.0},{"not_picked":["Rebound","White Noise+1"],"picked":"Glacier+1","floor":21.0},{"not_picked":["Cold Snap","All For One","Creative AI"],"picked":"SKIP","floor":23.0},{"not_picked":["Sweeping Beam","Steam+1"],"picked":"White Noise+1","floor":24.0},{"not_picked":["Barrage","Leap+1"],"picked":"Sunder","floor":24.0},{"not_picked":["Heatsinks+1","Doom and Gloom"],"picked":"Sunder","floor":25.0},{"not_picked":["Cold Snap","Ball Lightning"],"picked":"Sunder","floor":25.0},{"not_picked":["Auto Shields+1","Compile Driver"],"picked":"Redo+1","floor":30.0},{"not_picked":["Beam Cell","Streamline+1"],"picked":"Coolheaded+1","floor":31.0},{"not_picked":["Go for the Eyes","Leap+1"],"picked":"Cold Snap+1","floor":31.0},{"not_picked":["Creative AI","Seek+1"],"picked":"Fission+1","floor":33.0},{"not_picked":["Beam Cell+1","Sunder+1"],"picked":"Tempest+1","floor":35.0},{"not_picked":["Rebound+1","Hello World"],"picked":"Heatsinks","floor":35.0},{"not_picked":["Beam Cell","Gash"],"picked":"Fusion+1","floor":36.0},{"not_picked":["Leap+1","Go for the Eyes"],"picked":"Hello World+1","floor":36.0},{"not_picked":["BootSequence+1","Cold Snap"],"picked":"Consume+1","floor":38},{"not_picked":["Melter","FTL+1"],"picked":"Leap+1","floor":38},{"not_picked":["Compile Driver","Go for the Eyes+1"],"picked":"Turbo+1","floor":39},{"not_picked":["Stack+1","Cold Snap"],"picked":"Coolheaded+1","floor":39},{"not_picked":["Cold Snap","Conserve Battery+1"],"picked":"Biased Cognition","floor":40},{"not_picked":["Gash+1","Cold Snap+1"],"picked":"Rebound+1","floor":42},{"not_picked":["Ball Lightning","Cold Snap","Leap+1"],"picked":"SKIP","floor":42},{"not_picked":["Turbo+1","Coolheaded+1"],"picked":"Aggregate+1","floor":44},{"not_picked":["Gash+1","Electrodynamics"],"picked":"Steam Power+1","floor":45},{"not_picked":["Leap+1","Rebound+1","Ball Lightning"],"picked":"SKIP","floor":45},{"not_picked":["Leap+1","Steam+1"],"picked":"Defragment+1","floor":47},{"not_picked":["Conserve Battery+1","Ball Lightning+1"],"picked":"Lockon","floor":47}],"player_experience":313186,"relics_obtained":[{"floor":3.0,"key":"Cables"},{"floor":7.0,"key":"Toxic Egg 2"},{"floor":14.0,"key":"Prayer Wheel"},{"floor":19.0,"key":"Red Mask"},{"floor":23.0,"key":"Bottled Lightning"},{"floor":26.0,"key":"Unceasing Top"},{"floor":30.0,"key":"Bottled Tornado"},{"floor":40,"key":"CeramicFish"},{"floor":43,"key":"Letter Opener"},{"floor":44,"key":"Shovel"},{"floor":46,"key":"Toy Ornithopter"}],"event_choices":[{"damage_healed":0.0,"max_hp_gain":0.0,"max_hp_loss":0.0,"gold_gain":0.0,"event_name":"Scrap Ooze","player_choice":"Success","floor":2.0,"gold_loss":0.0,"damage_taken":12.0,"relics_obtained":["Thread and Needle"]},{"damage_healed":0.0,"max_hp_gain":0.0,"max_hp_loss":0.0,"gold_gain":0.0,"event_name":"The Woman in Blue","player_choice":"Bought 3 Potions","floor":8.0,"gold_loss":0.0,"damage_taken":0.0},{"damage_healed":0.0,"max_hp_gain":0.0,"max_hp_loss":0.0,"gold_gain":0.0,"event_name":"Masked Bandits","player_choice":"Fought Bandits","floor":19.0,"gold_loss":0.0,"damage_taken":0.0},{"damage_healed":0.0,"max_hp_gain":0.0,"max_hp_loss":0.0,"gold_gain":0.0,"event_name":"Vampires","player_choice":"Ignored","floor":28.0,"gold_loss":0.0,"damage_taken":0.0},{"damage_healed":0,"gold_gain":0,"player_choice":"Fight","damage_taken":0,"max_hp_gain":0,"max_hp_loss":0,"event_name":"MindBloom","floor":44,"gold_loss":0}],"is_beta":false,"boss_relics":[{"not_picked":["Ectoplasm","Inserter"],"picked":"Cursed Key"},{"not_picked":["Pandora\u0027s Box","Coffee Dripper"],"picked":"Nuclear Battery"}],"items_purged_floors":[37],"is_endless":false,"potions_floor_spawned":[5,11,13,18,19,24,33,38,40,42,44,47],"killed_by":"Nemesis","ascension_level":3}}