{"host":"Teixeira","time":1611633329,"event":{"mods":["2.2 Compatiblity","AchievementEnabler","Aspiration","BaseMod","Better Match","Better Note","Better Sensory Stone","Better Skull","Better Third Choice","Colored Map","Colored Powertips","Downfall","Hermit","Hubris","Infinite Spire","Minty Spire (QoL Compilation)","Permanent Neow","Quick Restart","Rare Cards Sparkle","Relic Filter","Replay The Spire","Spicy Shops","StSLib","SuperFastMode","Wide Potions"],"gold_per_floor":[117,117,117,142,142,182,198,237,312,343,343,358,381,422,422,552,552,570,589,514,514,439,439,477,496,496,496,496,496,517,556,147,163,163,284,284,307,327,342,342,342,386,407,450,450,491,511,511,535,113,113,113,113,113,40,84,84],"floor_reached":58,"language":"ENG","playtime":3109,"items_purged":["bronze:Strike","Injury","bronze:Strike"],"score":1628,"play_id":"7304b7a1-bee3-450f-ad60-e3fc3cfc5f88","local_time":"20210126005529","is_ascension_mode":true,"campfire_choices":[{"data":"bronze:Format","floor":15.0,"key":"SMITH"},{"floor":23.0,"key":"RECALL"},{"data":"Skewer","floor":29.0,"key":"SMITH"},{"data":"Replay:Fractal Strike","floor":34.0,"key":"SMITH"},{"data":"bronze:Invalidate","floor":51,"key":"SMITH"},{"data":"bronze:Goto","floor":54,"key":"SMITH"}],"circlet_count":0,"master_deck":["bronze:Defend","bronze:Defend","bronze:Defend","bronze:Replicate","bronze:Goto+1","bronze:DelayedSlice","Backflip","Skewer+1","bronze:Format+1","Replay:Fractal Strike+1","bronze:WildBeam","bronze:ChosenStrike+1","bronze:Invalidate+1","bronze:AlphaBuild","bronze:HardenedForm+1","bronze:Verify+1","bronze:HardenedForm+1"],"relics":["bronze:BronzeCore","aspiration:Nostalgia","Sizzling Blood","Golden Idol","Replay:Kaleidoscope","Letter Opener","aspiration:StickyExplosives","ReplayTheSpireMod:Lightbulb","downfall:ExtraCursedKey","Akabeko","aspiration:PoetsPen","aspiration:ChemicalBlood","MealTicket","Membership Card","Chemical X","aspiration:HummingbirdHeart","Whetstone","Coffee Dripper","PreservedInsect","Juzu Bracelet","Pantograph","Strange Spoon","Turnip","infinitespire:EmpoweringShard","DollysMirror","infinitespire:PuzzleCube"],"acts_visited":["Exordium","TheCity","TheBeyond","TheEnding"],"potions_floor_usage":[52,57,57,57],"damage_taken":[{"damage":1.0,"enemies":"Cultist","floor":1.0,"turns":4.0},{"damage":0.0,"enemies":"2 Louse","floor":4.0,"turns":2.0},{"damage":3.0,"enemies":"Replay:BlueRogue","floor":6.0,"turns":4.0},{"damage":0.0,"enemies":"Small Slimes","floor":7.0,"turns":2.0},{"damage":4.0,"enemies":"3 Sentries","floor":8.0,"turns":5.0},{"damage":7.0,"enemies":"Replay:BlueRogue","floor":10.0,"turns":3.0},{"damage":0.0,"enemies":"Exordium Thugs","floor":12.0,"turns":2.0},{"damage":0.0,"enemies":"Looter","floor":13.0,"turns":1.0},{"damage":0.0,"enemies":"Gremlin Nob","floor":14.0,"turns":2.0},{"damage":13.0,"enemies":"Fading Forest","floor":16.0,"turns":11.0},{"damage":0.0,"enemies":"3 Byrds","floor":18.0,"turns":3.0},{"damage":0.0,"enemies":"Shell Parasite","floor":19.0,"turns":1.0},{"damage":0.0,"enemies":"Book of Stabbing","floor":24.0,"turns":1.0},{"damage":3.0,"enemies":"Snake Plant","floor":25.0,"turns":2.0},{"damage":0.0,"enemies":"Cultist and Chosen","floor":30.0,"turns":2.0},{"damage":0.0,"enemies":"Gremlin Leader","floor":31.0,"turns":3.0},{"damage":0.0,"enemies":"Centurion and Healer","floor":33.0,"turns":1.0},{"damage":0.0,"enemies":"Automaton","floor":35.0,"turns":4.0},{"damage":0.0,"enemies":"Orb Walker","floor":37.0,"turns":1.0},{"damage":8.0,"enemies":"3 Shapes","floor":38.0,"turns":2.0},{"damage":5.0,"enemies":"3 Darklings","floor":39.0,"turns":2.0},{"damage":0.0,"enemies":"R_Hoarder","floor":42.0,"turns":4.0},{"damage":0.0,"enemies":"Spire Growth","floor":43.0,"turns":2.0},{"damage":0.0,"enemies":"Reptomancer","floor":44.0,"turns":3.0},{"damage":0.0,"enemies":"R_Hoarder","floor":46.0,"turns":2.0},{"damage":0.0,"enemies":"Sphere and 2 Shapes","floor":47.0,"turns":2.0},{"damage":6,"enemies":"4 Shapes","floor":49,"turns":1},{"damage":19,"enemies":"infinitespire:MassOfShapes","floor":52,"turns":3},{"damage":0,"enemies":"Shield and Spear","floor":56,"turns":2},{"damage":22,"enemies":"The Heart","floor":57,"turns":5}],"seed_played":"6825414220960173025","potions_obtained":[{"floor":1.0,"key":"Adrenaline Potion"},{"floor":6.0,"key":"SpeedPotion"},{"floor":7.0,"key":"Block Potion"},{"floor":8.0,"key":"Slimebound:ThreeZeroPotion"},{"floor":35.0,"key":"CultistPotion"},{"floor":37.0,"key":"bronze:BuildAFunctionPotion"},{"floor":52,"key":"Weak Potion"}],"is_trial":false,"path_per_floor":["M","T","?","M","?","E","M","E","T","E","?","M","M","E","R","B",null,"M","M","?","?","$","R","E","M","PTL","PTL","T","R","M","E","$","M","R","B",null,"M","M","M","?","?","E","M","E","T","E","M","?","M","$","R","B",null,"R","$","E","B",null],"character_chosen":"THE_AUTOMATON","items_purchased":["Membership Card","Chemical X","aspiration:HummingbirdHeart","Whetstone","Strange Spoon","Turnip","infinitespire:EmpoweringShard","DollysMirror"],"campfire_rested":0,"item_purchase_floors":[32,32,32,32,50,50,50,55],"current_hp_per_floor":[74,74,74,74,56,57,61,61,61,58,58,62,66,70,70,71,74,74,74,74,74,74,74,74,74,74,74,74,74,74,74,74,74,74,74,74,74,70,69,69,69,74,74,74,74,74,74,74,72,74,74,59,74,74,74,74,56],"gold":84,"neow_bonus":"NOSTALGIA","is_daily":false,"chose_seed":false,"campfire_upgraded":5,"win_rate":0.0,"timestamp":1611633329,"path_taken":["M","?","?","M","?","E","?","E","T","E","?","M","M","E","R","BOSS","M","M","?","?","?","R","E","M","PTL","PTL","T","R","?","E","$","?","R","BOSS","M","?","M","?","?","E","M","E","T","E","M","?","M","$","R","BOSS","R","$","E","BOSS"],"items_purchased_type":["Relic","Relic","Relic","Relic","Relic","Relic","Relic","Relic"],"build_version":"2020-11-17","purchased_purges":3,"victory":true,"max_hp_per_floor":[74,74,74,74,74,74,74,74,74,74,74,74,74,74,74,74,74,74,74,74,74,74,74,74,74,74,74,74,74,74,74,74,74,74,74,74,74,74,74,74,74,74,74,74,74,74,74,74,74,74,74,74,74,74,74,74,74],"card_choices":[{"not_picked":["bronze:BuggyMess","bronze:BitShift"],"picked":"bronze:DelayedSlice","floor":1.0},{"not_picked":["bronze:Separator","bronze:DarkDash"],"picked":"bronze:Format","floor":4.0},{"not_picked":["infinitespire:TheBestDefense","ReplayTheSpireMod:??????????????????????"],"picked":"Replay:Fractal Strike","floor":5.0},{"not_picked":["bronze:Deprecate","bronze:AlphaBuild","bronze:OilSpill"],"picked":"SKIP","floor":6.0},{"not_picked":["bronze:Deprecate","bronze:AlphaBuild","bronze:OilSpill"],"picked":"SKIP","floor":6.0},{"not_picked":["bronze:OilSpill","bronze:Safeguard"],"picked":"bronze:WildBeam","floor":7.0},{"not_picked":["bronze:OilSpill","bronze:Iterate"],"picked":"bronze:ChosenStrike","floor":8.0},{"not_picked":["bronze:DelayedGuard","bronze:FineTuning","bronze:Assembly"],"picked":"SKIP","floor":10.0},{"not_picked":["bronze:Constructor","bronze:Separator","bronze:ItsAFeature"],"picked":"SKIP","floor":12.0},{"not_picked":["bronze:Branch","bronze:ChildClass","bronze:FineTuning"],"picked":"SKIP","floor":13.0},{"not_picked":["bronze:WhirlingStrike","bronze:Shield"],"picked":"bronze:Invalidate","floor":14.0},{"not_picked":["bronze:CleanCode","bronze:HyperBeam"],"picked":"bronze:AlphaBuild","floor":16.0},{"not_picked":["bronze:Turbo+1","bronze:Separator","bronze:Deprecate+1"],"picked":"SKIP","floor":18.0},{"not_picked":["bronze:Deprecate","bronze:Turbo+1","bronze:Constructor"],"picked":"SKIP","floor":19.0},{"not_picked":["bronze:ShipIt+1","bronze:ThunderWave+1"],"picked":"bronze:HardenedForm+1","floor":20.0},{"not_picked":["bronze:Mutator+1","bronze:Assembly+1"],"picked":"bronze:InfiniteLoop+1","floor":20.0},{"not_picked":["bronze:Virus+1","bronze:HyperBeam+1"],"picked":"bronze:InfiniteLoop+1","floor":20.0},{"not_picked":["bronze:BitShift","bronze:Deprecate","bronze:BronzeArmor+1"],"picked":"SKIP","floor":24.0},{"not_picked":["bronze:OilSpill","bronze:Return","bronze:BitShift+1"],"picked":"SKIP","floor":25.0},{"not_picked":["bronze:BuggyMess+1","bronze:Backtrace","bronze:FineTuning"],"picked":"SKIP","floor":30.0},{"not_picked":["bronze:Iterate","bronze:FineTuning","bronze:BuggyMess"],"picked":"SKIP","floor":31.0},{"not_picked":["bronze:GetLatest+1","bronze:BuggyMess","bronze:InfiniteLoop"],"picked":"SKIP","floor":33.0},{"not_picked":["bronze:Break","bronze:RecursiveStrike"],"picked":"bronze:Verify","floor":35.0},{"not_picked":["bronze:FollowUp+1","bronze:Frontload+1","bronze:Deprecate"],"picked":"SKIP","floor":37.0},{"not_picked":["bronze:Flail+1","bronze:BuggyMess+1","bronze:BitShift"],"picked":"SKIP","floor":38.0},{"not_picked":["bronze:Fortify+1","bronze:Invalidate+1","bronze:NullPointer+1"],"picked":"SKIP","floor":39.0},{"not_picked":["bronze:ThunderWave","bronze:DelayedGuard+1","bronze:InfiniteBeams"],"picked":"SKIP","floor":42.0},{"not_picked":["bronze:Frontload+1","bronze:DigitalCarnage","bronze:ForLoop+1"],"picked":"SKIP","floor":43.0},{"not_picked":["bronze:DelayedGuard+1","bronze:OilSpill+1","bronze:ClassDefault+1"],"picked":"SKIP","floor":44.0},{"not_picked":["bronze:Backtrace+1","bronze:FineTuning+1","bronze:BitShift+1"],"picked":"SKIP","floor":46.0},{"not_picked":["bronze:Flail+1","bronze:GetLatest","bronze:OilSpill+1"],"picked":"SKIP","floor":47.0},{"not_picked":["bronze:Flail+1","bronze:GetLatest","bronze:OilSpill+1"],"picked":"SKIP","floor":47.0},{"not_picked":["bronze:Constructor","bronze:DelayedGuard","bronze:Invalidate"],"picked":"SKIP","floor":49},{"not_picked":["bronze:DelayedGuard+1","bronze:CutThrough","bronze:Turbo+1"],"picked":"SKIP","floor":56}],"player_experience":143391,"relics_obtained":[{"floor":6.0,"key":"Replay:Kaleidoscope"},{"floor":8.0,"key":"Letter Opener"},{"floor":9.0,"key":"aspiration:StickyExplosives"},{"floor":10.0,"key":"ReplayTheSpireMod:Lightbulb"},{"floor":14.0,"key":"Akabeko"},{"floor":24.0,"key":"aspiration:ChemicalBlood"},{"floor":31.0,"key":"MealTicket"},{"floor":42.0,"key":"hubris:DuctTape"},{"floor":44.0,"key":"PreservedInsect"},{"floor":46.0,"key":"Juzu Bracelet"},{"floor":56,"key":"infinitespire:PuzzleCube"}],"event_choices":[{"damage_healed":0.0,"max_hp_gain":0.0,"max_hp_loss":0.0,"gold_gain":0.0,"event_name":"betterMatch:BetterMatch","player_choice":"3","floor":20.0,"gold_loss":0.0,"damage_taken":0.0,"cards_obtained":["betterMatch:RareCard"]},{"damage_healed":0.0,"max_hp_gain":0.0,"max_hp_loss":0.0,"gold_gain":0.0,"event_name":"The Woman in Blue","player_choice":"Bought 0 Potions","floor":21.0,"gold_loss":0.0,"damage_taken":0.0},{"cards_removed":["Endless Agony"],"damage_healed":0.0,"max_hp_gain":0.0,"max_hp_loss":0.0,"gold_gain":0.0,"event_name":"WeMeetAgain","player_choice":"Gave Card","floor":48.0,"gold_loss":0.0,"damage_taken":0.0,"relics_obtained":["Pantograph"]}],"is_beta":true,"boss_relics":[{"not_picked":["aspiration:IroncladSkillbook","Ring of Chaos"],"picked":"aspiration:PoetsPen"},{"not_picked":["Replay:Grab Bag","Snecko Eye"],"picked":"Coffee Dripper"}],"items_purged_floors":[22,32,50],"is_endless":false,"potions_floor_spawned":[1,6,7,8,13,19,24,25,33,35,37,38,43,47],"ascension_level":1}}