{"host":"kpyf5rnb72uwap8k","time":1611703571,"event":{"mods":["AchievementEnabler","BaseMod","Colored Map","Colored Powertips","DeckTracker","Minty Spire (QoL Compilation)","Permanent Neow","Quick Restart","StSLib","SuperFastMode"],"gold_per_floor":[114,127,127,141,66,141,6,22,67,94,135,160,192,4,4,4,4],"floor_reached":16,"language":"KOR","playtime":352,"items_purged":["Strike_R","Strike_R","Strike_R"],"score":114,"play_id":"828c945c-a779-4317-a364-eec27c4f6a4f","local_time":"20210127082611","is_ascension_mode":true,"campfire_choices":[{"data":"Body Slam","floor":15.0,"key":"SMITH"}],"circlet_count":0,"master_deck":["Strike_R","Strike_R","Defend_R","Defend_R","Defend_R","Defend_R","Bash","Impervious","Clash","Pommel Strike+1","True Grit","Carnage","Body Slam+1","Rage","Power Through","Rage"],"relics":["Burning Blood","MawBank","PreservedInsect"],"acts_visited":["Exordium"],"potions_floor_usage":[],"damage_taken":[{"damage":18.0,"enemies":"Jaw Worm","floor":1.0,"turns":5.0},{"damage":6.0,"enemies":"Cultist","floor":2.0,"turns":3.0},{"damage":0.0,"enemies":"2 Louse","floor":4.0,"turns":2.0},{"damage":5.0,"enemies":"Gremlin Gang","floor":8.0,"turns":6.0},{"damage":4.0,"enemies":"Large Slime","floor":10.0,"turns":6.0},{"damage":13.0,"enemies":"Gremlin Nob","floor":11.0,"turns":4.0},{"damage":0.0,"enemies":"Looter","floor":12.0,"turns":3.0},{"damage":0.0,"enemies":"Exordium Thugs","floor":13.0,"turns":4.0},{"damage":0,"enemies":"Slime Boss","floor":16,"turns":1}],"seed_played":"91115667321602145","potions_obtained":[{"floor":4.0,"key":"Block Potion"},{"floor":8.0,"key":"Energy Potion"},{"floor":11.0,"key":"SneckoOil"},{"floor":13.0,"key":"LiquidBronze"}],"is_trial":false,"path_per_floor":["M","M","?","M","$","?","$","M","T","M","E","M","M","$","R","B"],"character_chosen":"IRONCLAD","items_purchased":["Carnage","Rage"],"campfire_rested":0,"item_purchase_floors":[7,14],"current_hp_per_floor":[68,68,68,74,74,63,63,64,64,66,59,65,71,71,71,71,71],"gold":4,"neow_bonus":"ONE_RANDOM_RARE_CARD","is_daily":false,"chose_seed":false,"campfire_upgraded":1,"win_rate":0.0,"timestamp":1611703571,"path_taken":["M","M","?","M","$","?","?","M","T","M","E","M","M","$","R","BOSS"],"items_purchased_type":["Card","Card"],"build_version":"2020-12-22","purchased_purges":3,"victory":false,"max_hp_per_floor":[80,80,80,80,80,80,80,80,80,80,80,80,80,80,80,80,80],"card_choices":[{"not_picked":["Cleave","Havoc"],"picked":"Clash","floor":1.0},{"not_picked":["Flame Barrier","Body Slam"],"picked":"Pommel Strike","floor":2.0},{"not_picked":["Pommel Strike","Uppercut"],"picked":"True Grit","floor":4.0},{"not_picked":["Hemokinesis","Bludgeon"],"picked":"Body Slam","floor":8.0},{"not_picked":["Dark Embrace","Sword Boomerang","Intimidate"],"picked":"SKIP","floor":10.0},{"not_picked":["Bloodletting","Cleave","Headbutt"],"picked":"SKIP","floor":11.0},{"not_picked":["Havoc","Warcry"],"picked":"Rage","floor":12.0},{"not_picked":["Sword Boomerang","Shockwave"],"picked":"Power Through","floor":13.0}],"player_experience":181745,"relics_obtained":[{"floor":9.0,"key":"MawBank"},{"floor":11.0,"key":"PreservedInsect"}],"event_choices":[{"damage_healed":0.0,"max_hp_gain":0.0,"max_hp_loss":0.0,"gold_gain":0.0,"event_name":"Living Wall","player_choice":"Grow","floor":3.0,"gold_loss":0.0,"damage_taken":0.0,"cards_upgraded":["Pommel Strike"]},{"damage_healed":0.0,"max_hp_gain":0.0,"max_hp_loss":0.0,"gold_gain":75.0,"event_name":"World of Goop","player_choice":"Gather Gold","floor":6.0,"gold_loss":0.0,"damage_taken":11.0}],"is_beta":false,"boss_relics":[],"items_purged_floors":[5,7,14],"is_endless":false,"potions_floor_spawned":[4,8,11,13],"killed_by":"Slime Boss","ascension_level":2}}