{"host":"njo8qgvy2a57fcny","time":1611631398,"event":{"mods":["Aspiration","BaseMod","BetterRewards","CCEM","Colored Map","Colored Powertips","Conspire","Custom Start","Downfall","Energized Spire","GifTheSpireLib","Halation","Hermit","Hubris","Infinite Spire","Jedi Mod","Jorbs\u0027s Wanderer Trilogy","Mimic Mod","Minty Spire (QoL Compilation)","Quick Restart","Random Character Button","Random Character Mod","Rare Cards Sparkle","Relic Sorter","Replay The Spire","Shop Mod","StSLib","Stuff the Spire","The Animator","The Jungle","The Runesmith","The Servant 0.9.4","Unceasing Turn Reminder","thorton"],"gold_per_floor":[99,111,129,129,148,175,175,175,175,175],"floor_reached":8,"language":"ENG","playtime":416,"items_purged":[],"score":112,"play_id":"1debe22e-7fb6-4989-bc2a-44c05cc05313","local_time":"20210126142318","is_ascension_mode":true,"campfire_choices":[{"data":"Slimebound:CorrosiveSpit","floor":1,"key":"SMITH"}],"circlet_count":0,"master_deck":["AscendersBane","Slimebound:Strike_Slimebound","Slimebound:Strike_Slimebound","Slimebound:Strike_Slimebound","Slimebound:Tackle","Slimebound:Defend_Slimebound","Slimebound:Defend_Slimebound","Slimebound:Defend_Slimebound","Slimebound:Defend_Slimebound","Slimebound:Split","Slimebound:CorrosiveSpit+1","Slimebound:Prepare","Slimebound:SpikyOuterGoop","Slimebound:LeechEnergy","Slimebound:LeadByExample"],"relics":["Slimebound:AbsorbEndCombat","halation:StarCompass","StuffTheSpire:Tea","Replay:WaspNest"],"acts_visited":["Exordium"],"potions_floor_usage":[],"damage_taken":[{"damage":6,"enemies":"Small Slimes","floor":2,"turns":4},{"damage":3,"enemies":"Jaw Worm","floor":3,"turns":4},{"damage":5,"enemies":"2 Louse","floor":5,"turns":3},{"damage":58,"enemies":"3 Sentries","floor":6,"turns":12},{"damage":15,"enemies":"Lagavulin","floor":8,"turns":3}],"seed_played":"3861347298604467299","potions_obtained":[],"is_trial":false,"path_per_floor":["R","M","M","?","M","E","T","E"],"character_chosen":"SLIMEBOUND","items_purchased":[],"campfire_rested":0,"item_purchase_floors":[],"current_hp_per_floor":[58,58,59,59,58,2,2,0,0,0],"gold":175,"neow_bonus":"TEN_PERCENT_HP_BONUS","is_daily":false,"chose_seed":false,"campfire_upgraded":1,"win_rate":0.0,"timestamp":1611631398,"path_taken":["R","M","M","?","M","E","T","E"],"items_purchased_type":[],"build_version":"2020-12-22","purchased_purges":0,"victory":false,"max_hp_per_floor":[64,64,64,64,64,64,64,64,64,64],"card_choices":[{"not_picked":["Slimebound:PressTheAttack","Slimebound:FinishingTackle"],"picked":"Slimebound:Prepare","floor":2},{"not_picked":["Slimebound:SplitAcid","Slimebound:Dissolve"],"picked":"Slimebound:SpikyOuterGoop","floor":3},{"not_picked":["Slimebound:SplitBruiser","Slimebound:ComboTackle"],"picked":"Slimebound:LeechEnergy","floor":5},{"not_picked":["Slimebound:Chomp","Slimebound:HauntingLick"],"picked":"Slimebound:LeadByExample","floor":6}],"player_experience":703687,"relics_obtained":[{"floor":6,"key":"StuffTheSpire:Tea"},{"floor":7,"key":"Replay:WaspNest"}],"event_choices":[],"is_beta":false,"boss_relics":[],"items_purged_floors":[],"is_endless":false,"potions_floor_spawned":[],"killed_by":"Lagavulin","ascension_level":20}}