{"host":"56d873i5r3uhle0q","time":1611641844,"event":{"mods":["100% Spire Juice","Act Like it!","Aspiration","BaseMod","Block Reminder","Conspire","Dota2Spire","Downfall","Gensokyo","Hermit","Hubris","Infinite Spire","Jedi Mod","Lobotomy","LobotomyExtend","Marisa????????","Marked Mod","Minty Spire (QoL Compilation)","Reliquary","Replay The Spire","StSLib","The Animator","The Bug Knight","The Cursed","The Marked","The Servant 0.9.4","everything is the same but u backflip on backflip","??????REMEMod"],"gold_per_floor":[217,217,140,40,54,54,54,54,80,80,100,320,320,320,320,320,320],"floor_reached":16,"language":"ENG","playtime":45644,"items_purged":[],"score":88,"play_id":"c33a6fb8-f34f-4dbb-a2d7-4bee145a9a74","local_time":"20210125231724","is_ascension_mode":false,"campfire_choices":[{"data":"ReplayTheSpireMod:Necrogeddon","floor":6,"key":"SMITH"},{"floor":10,"key":"REST"},{"data":"Havoc","floor":13,"key":"SMITH"},{"floor":15,"key":"DIG"}],"circlet_count":0,"master_deck":["Strike_R","Strike_R","Strike_R","Strike_R","Strike_R","Defend_R","Defend_R","Defend_R","Defend_R","Bash","ReplayTheSpireMod:Necrogeddon+1","Fiend Fire","hubris:ReadiedAction","Havoc+1"],"relics":["Burning Blood","REME_ComplimentaryCards","Self Forming Clay","Boot","Blood Vial"],"acts_visited":["Gensokyo:Gensokyo"],"potions_floor_usage":[],"damage_taken":[{"damage":10.0,"enemies":"Gensokyo:2_Kodama","floor":1.0,"turns":4.0},{"damage":11,"enemies":"Gensokyo:Python","floor":5,"turns":4},{"damage":8,"enemies":"Gensokyo:3_Fairies","floor":11,"turns":5},{"damage":18,"enemies":"Gensokyo:3_Kodama","floor":12,"turns":5},{"damage":100,"enemies":"Gensokyo:Kokoro","floor":16,"turns":13}],"seed_played":"3663384982935723738","potions_obtained":[{"floor":1.0,"key":"Energy Potion"},{"floor":5,"key":"LiquidMemories"}],"is_trial":false,"path_per_floor":["M","?","COS","?","M","R","?","?","T","R","M","M","R","$","R","B"],"character_chosen":"IRONCLAD","items_purchased":[],"campfire_rested":1,"item_purchase_floors":[],"current_hp_per_floor":[76,76,76,76,71,71,71,71,71,80,78,66,66,66,66,0,0],"gold":320,"neow_bonus":"HUNDRED_GOLD","is_daily":false,"chose_seed":false,"campfire_upgraded":2,"win_rate":0.0,"timestamp":1611641844,"path_taken":["M","?","COS","?","?","R","?","?","T","R","?","?","R","?","R","BOSS"],"items_purchased_type":[],"build_version":"2020-12-22","purchased_purges":0,"victory":false,"max_hp_per_floor":[80,80,80,80,80,80,80,80,80,80,80,80,80,80,80,80,80],"card_choices":[{"not_picked":["Anger","Shrug It Off","Clash"],"picked":"SKIP","floor":1.0},{"not_picked":["REME_SingleHolding","Anger","REME_Scribble"],"picked":"SKIP","floor":5},{"not_picked":["Eclipse","Bludgeon"],"picked":"Fiend Fire","floor":11},{"not_picked":["Hemokinesis","conspire:HitWhereItHurts"],"picked":"hubris:ReadiedAction","floor":11},{"not_picked":["Clash","Dropkick"],"picked":"Havoc","floor":12}],"player_experience":599932,"relics_obtained":[{"floor":9,"key":"Boot"},{"floor":15,"key":"Blood Vial"}],"event_choices":[{"damage_healed":0,"gold_gain":0,"player_choice":"Leave","damage_taken":0,"max_hp_gain":0,"max_hp_loss":0,"event_name":"conspire:Investor","floor":7,"gold_loss":0}],"is_beta":false,"boss_relics":[],"items_purged_floors":[],"is_endless":false,"potions_floor_spawned":[1,5],"killed_by":"Gensokyo:Kokoro","ascension_level":0}}