{"host":"1v40mr5lzhkzagea","time":1611679563,"event":{"mods":["Arknights The Spire","BaseMod","Dota2Spire","Downfall","Hunter 猎人","Lobotomy","Minty Spire (QoL Compilation)","Replay The Spire","Robot Space Explorer","Spicy Shops","StSLib","TestMod","The Blackbeard","The Construct","The Marked","[IsaacMod]以撒尖塔"],"gold_per_floor":[99,109,109,122,272,272,298,18,35,35,64,64,87,96,115,216,216,16,31,31,31,46,446,472,472,472,489,500,534,534,534,548,653,653,553,573,592,25,45,62,86,86,100,100,100,116,32,32,49,49,49,82,22,22,22,22,22],"floor_reached":55,"language":"ZHS","playtime":3247,"items_purged":["downfall:Icky"],"score":987,"play_id":"b3f5c9a3-83e0-4449-b336-db993b4db2d5","local_time":"20210127004603","is_ascension_mode":false,"campfire_choices":[{"floor":1,"key":"DIG"},{"floor":10,"key":"RECALL"},{"data":"BloodyBrimstone","floor":12,"key":"SMITH"},{"data":"champ:Defend","floor":18,"key":"SMITH"},{"data":"champ:Defend","floor":25,"key":"SMITH"},{"floor":35,"key":"DIG"},{"floor":44,"key":"REST"},{"floor":54,"key":"REST"}],"circlet_count":0,"master_deck":["champ:Defend","champ:Defend","champ:Defend+1","champ:Defend+1","champ:Execute","champ:Taunt","BloodyBrimstone+1","champ:Shatter","champ:Parry+1","champ:ShieldWall","expansioncontent:QuickStudy+1","champ:FaceSlap","champ:TornadoPunch","champ:ShieldSlam+1","champ:PreemptiveStrike","ReplayTheSpireMod:IOU","ReplayTheSpireMod:IOU","champ:BringItOn","champ:FlashCut","champ:VampiricStrike","champ:BerserkersShout","Slimebound:Tackle+1","Slimebound:Tackle+1","Slimebound:Tackle+1","champ:Haymaker","champ:StanceDance","champ:SteelEdge","champ:StanceDance+1","champ:IronFortress","champ:StrikeOfGenius","CurseOfTheBell","ReplayTheSpireMod:Faulty Equipment","champ:FalseCounter","champ:TornadoPunch","champ:GladiatorStyle","champ:StanceDance","expansioncontent:StudyTheSpire","champ:AdrenalArmor","champ:GladiatorStyle+1","champ:GladiatorStyle","champ:Taunt","champ:AdrenalArmor","Parasite","champ:FanOfKnives+1","champ:Circumvent","champ:Shatter+1","ReplayTheSpireMod:IOU","ReplayTheSpireMod:IOU","ReplayTheSpireMod:IOU"],"relics":["champ:ChampionCrown","SatanicBible","testmod-AscensionHeart","testmod-Antiphasic","Replay:Wax Seal","Juzu Bracelet","Odd Mushroom","testmod-Muramasa","testmod-NegativeEmotionEnhancer","downfall:HeartBlessingRed","downfall:HeartBlessingBlue","champ:FightingForDummies","MutagenicStrength","Dota2Spire:MaskOfMadness","Replay:Ancient Bell","Dota2Spire:ShadowBlade","Replay:Bottled Eggs","Leech","downfall:HeartBlessingGreen","Bottled Lightning","champ:BerserkersGuideToSlaughter","TheBible","Pet Ghost","Orichalcum","HushsDoor","EdensBlessing","Iron Hammer","Dota2Spire:CrimsonGuard","Dota2Spire:Satanic"],"acts_visited":["Exordium","TheCity","TheBeyond","TheEnding"],"potions_floor_usage":[29,33,39,43,50],"damage_taken":[{"damage":23,"enemies":"Cultist","floor":2,"turns":5},{"damage":10,"enemies":"2 Louse","floor":4,"turns":4},{"damage":25,"enemies":"downfall:FleeingMerchant","floor":8,"turns":4},{"damage":11,"enemies":"Jaw Worm","floor":9,"turns":2},{"damage":21,"enemies":"3 Sentries","floor":11,"turns":4},{"damage":0,"enemies":"The Mushroom Lair","floor":13,"turns":1},{"damage":15,"enemies":"downfall:FleeingMerchant","floor":14,"turns":4},{"damage":0,"enemies":"3 Louse","floor":15,"turns":1},{"damage":33,"enemies":"DF_ARCHETYPE_STREAMLINE","floor":16,"turns":6},{"damage":10,"enemies":"3 Byrds","floor":19,"turns":2},{"damage":13,"enemies":"Sentry and Sphere","floor":22,"turns":2},{"damage":39,"enemies":"Cultist and Chosen","floor":27,"turns":5},{"damage":15,"enemies":"Snecko","floor":28,"turns":4},{"damage":32,"enemies":"Book of Stabbing","floor":29,"turns":4},{"damage":39,"enemies":"Sentry and Sphere","floor":32,"turns":4},{"damage":64,"enemies":"IC_MUSHROOM_ARCHETYPE","floor":33,"turns":7},{"damage":9,"enemies":"3 Shapes","floor":36,"turns":1},{"damage":24,"enemies":"Orb Walker","floor":37,"turns":3},{"damage":0,"enemies":"downfall:FleeingMerchant","floor":38,"turns":1},{"damage":82,"enemies":"Writhing Mass","floor":39,"turns":4},{"damage":3,"enemies":"3 Darklings","floor":40,"turns":2},{"damage":12,"enemies":"Transient","floor":43,"turns":5},{"damage":39,"enemies":"Writhing Mass","floor":46,"turns":5},{"damage":0,"enemies":"4 Shapes","floor":49,"turns":3},{"damage":81,"enemies":"WA_ARCHETYPE_DIVINITY","floor":50,"turns":8},{"damage":192,"enemies":"downfall:CharBossMerchant","floor":52,"turns":9},{"damage":316,"enemies":"Delirium","floor":55,"turns":18}],"seed_played":"-8488079438342659569","potions_obtained":[{"floor":2,"key":"FearPotion"},{"floor":3,"key":"FairyPotion"},{"floor":3,"key":"Ancient Potion"},{"floor":3,"key":"Guardian:BlockOnCardUsePotion"},{"floor":16,"key":"BlessingOfTheForge"},{"floor":22,"key":"Slimebound:ThreeZeroPotion"},{"floor":33,"key":"Fire Potion"},{"floor":40,"key":"Fire Potion"},{"floor":43,"key":"Dexterity Potion"},{"floor":46,"key":"Explosive Potion"}],"is_trial":false,"path_per_floor":["R","M","?","M","?","?","T","$","M","R","E","R","?","$","M","B",null,"R","M","?","?","M","?","T","R","?","M","M","E","?","?","M","B",null,"R","M","M","$","M","M","T","?","M","R","?","M","$","T","M","B",null,"E","$","R","B"],"character_chosen":"THE_CHAMP","items_purchased":["Replay:Wax Seal","expansioncontent:QuickStudy+1","testmod-Muramasa","champ:BringItOn","champ:BerserkersGuideToSlaughter","TheBible","Pet Ghost","champ:GladiatorStyle","champ:StanceDance","expansioncontent:StudyTheSpire","EdensBlessing","Guardian:BlockOnCardUsePotion","Dota2Spire:Satanic"],"campfire_rested":2,"item_purchase_floors":[8,8,14,14,38,38,38,38,38,38,47,53,53],"current_hp_per_floor":[99,96,96,96,96,96,96,91,80,80,64,64,64,59,59,26,87,97,91,91,91,91,91,91,91,91,75,77,72,72,72,56,30,92,92,85,65,67,18,33,33,33,43,74,74,55,55,55,62,16,104,76,76,111,0,0,0],"gold":22,"neow_bonus":"TEN_PERCENT_HP_BONUS","is_daily":false,"chose_seed":false,"campfire_upgraded":3,"win_rate":0.0,"timestamp":1611679563,"path_taken":["R","M","?","M","?","?","T","$","?","R","E","R","?","?","M","BOSS","R","M","?","?","M","?","T","R","?","M","M","E","?","?","M","BOSS","R","M","M","$","M","M","T","?","M","R","?","M","$","?","M","BOSS","E","$","R","BOSS"],"items_purchased_type":["Relic","Card","Relic","Card","Relic","Relic","Relic","Card","Card","Card","Relic","Potion","Relic"],"build_version":"2020-12-22","purchased_purges":1,"victory":false,"max_hp_per_floor":[99,99,99,99,99,99,99,96,96,96,93,93,93,90,90,87,87,97,95,95,95,96,96,96,96,96,97,98,96,96,96,94,92,92,92,93,91,92,103,104,104,104,105,105,105,103,103,103,101,104,104,117,117,117,129,129,129],"card_choices":[{"not_picked":[],"picked":"BloodyBrimstone","floor":0},{"not_picked":["champ:CrookedStrike","champ:FanOfKnives"],"picked":"champ:Shatter","floor":2},{"not_picked":["champ:UltimateStance","champ:Lariat"],"picked":"champ:FlashCut","floor":4},{"not_picked":["champ:CalledShot","champ:BerserkersShout"],"picked":"champ:ShieldWall","floor":8},{"not_picked":["champ:Circumvent","champ:SetATrap"],"picked":"champ:FaceSlap","floor":9},{"not_picked":["champ:Parry","champ:AdrenalArmor"],"picked":"champ:TornadoPunch","floor":11},{"not_picked":["champ:Backstep","champ:AdrenalArmor"],"picked":"champ:ShieldSlam","floor":13},{"not_picked":["champ:Shatter","champ:Circumvent"],"picked":"champ:PreemptiveStrike","floor":14},{"not_picked":["champ:HeavySlash","champ:Circumvent"],"picked":"champ:FlashCut","floor":15},{"not_picked":["champ:SwordThrow","champ:MurderStrike"],"picked":"champ:VampiricStrike","floor":16},{"not_picked":["champ:Backstep","champ:AdrenalArmor"],"picked":"champ:BerserkersShout","floor":19},{"not_picked":["champ:GutPunch+1","champ:PerfectedStrike+1"],"picked":"champ:Haymaker","floor":22},{"not_picked":["champ:AdrenalArmor+1","champ:Haymaker"],"picked":"champ:StanceDance","floor":27},{"not_picked":["champ:AdrenalArmor+1","champ:BringItOn"],"picked":"champ:SteelEdge","floor":28},{"not_picked":["champ:EndlessRage+1","champ:SwordThrow"],"picked":"champ:StanceDance+1","floor":29},{"not_picked":["champ:Encircle","champ:Parry"],"picked":"champ:IronFortress","floor":32},{"not_picked":["champ:MurderStrike","champ:Devastate"],"picked":"champ:StrikeOfGenius","floor":33},{"not_picked":["Delirium","Shame"],"picked":"CurseOfTheBell","floor":34},{"not_picked":["Replay:Hysterical Blindness","downfall:Malfunctioning"],"picked":"ReplayTheSpireMod:Faulty Equipment","floor":34},{"not_picked":["AbeCurse","Spreading Infection"],"picked":"downfall:Icky","floor":34},{"not_picked":["champ:RisingSlash","champ:PerfectedStrike"],"picked":"champ:FalseCounter","floor":36},{"not_picked":["champ:MurderStrike","champ:PreciseThrust"],"picked":"champ:TornadoPunch","floor":37},{"not_picked":["champ:FalseCounter+1","champ:SkillfulDodge","champ:BladeFlurry+1"],"picked":"SKIP","floor":38},{"not_picked":["champ:DeathBlow","champ:PreemptiveStrike"],"picked":"champ:AdrenalArmor","floor":39},{"not_picked":["champ:PreciseThrust","champ:Haymaker+1"],"picked":"champ:GladiatorStyle+1","floor":40},{"not_picked":["champ:Haymaker+1","champ:GladiatorStyle"],"picked":"champ:AdrenalArmor","floor":43},{"not_picked":["champ:FancyFootwork+1","champ:BerserkersShout+1"],"picked":"champ:FanOfKnives+1","floor":46},{"not_picked":["champ:SkillfulDodge","champ:SwordThrow"],"picked":"champ:Circumvent","floor":49},{"not_picked":["champ:SkillfulDodge","champ:BladeFlurry"],"picked":"champ:Shatter+1","floor":52}],"player_experience":77238,"relics_obtained":[{"floor":1,"key":"testmod-Antiphasic"},{"floor":11,"key":"Juzu Bracelet"},{"floor":13,"key":"Odd Mushroom"},{"floor":24,"key":"champ:FightingForDummies"},{"floor":29,"key":"Dota2Spire:MaskOfMadness"},{"floor":35,"key":"Bottled Lightning"},{"floor":41,"key":"Orichalcum"},{"floor":48,"key":"Iron Hammer"},{"floor":52,"key":"Dota2Spire:CrimsonGuard"}],"event_choices":[{"damage_healed":0,"gold_gain":0,"player_choice":"Got Potions","damage_taken":0,"max_hp_gain":0,"max_hp_loss":0,"event_name":"Lab","floor":3,"gold_loss":0},{"damage_healed":0,"gold_gain":0,"player_choice":"Fought Mushrooms","damage_taken":0,"max_hp_gain":0,"max_hp_loss":0,"event_name":"Mushrooms","floor":13,"gold_loss":0},{"damage_healed":0,"gold_gain":400,"player_choice":"Sell","damage_taken":0,"max_hp_gain":0,"max_hp_loss":0,"event_name":"恩洛斯的盘子","floor":23,"relics_lost":["HushsDoor"],"gold_loss":0},{"damage_healed":0,"gold_gain":0,"player_choice":"Inject Mutagens","damage_taken":0,"relics_obtained":["MutagenicStrength"],"max_hp_gain":0,"max_hp_loss":0,"event_name":"Drug Dealer","floor":26,"gold_loss":0},{"damage_healed":0,"gold_gain":0,"player_choice":"Swap Relic","damage_taken":0,"relics_obtained":["HushsDoor"],"max_hp_gain":0,"max_hp_loss":0,"event_name":"给自己的盒子","floor":45,"relics_lost":["testmod-TestBox"],"gold_loss":0}],"is_beta":false,"boss_relics":[{"not_picked":["Sozu","Painkiller Herb"],"picked":"testmod-NegativeEmotionEnhancer"},{"not_picked":[]},{"not_picked":["ChewingGum","Runic Pyramid"],"picked":"Replay:Ancient Bell"},{"not_picked":["PreservedInsect","Replay:Rubber Ducky"],"picked":"Dota2Spire:ShadowBlade"},{"not_picked":["Onion Ring","AnarchistCookbook"],"picked":"Replay:Bottled Eggs"},{"not_picked":["Replay:Towering Pillar of Hats","Dota2Spire:DivineRapier"],"picked":"Leech"}],"items_purged_floors":[38],"is_endless":false,"potions_floor_spawned":[2,11,15,16,19,22,33,40,43,46],"killed_by":"Delirium","ascension_level":0}}