{"host":"syozzdlzcqop4jia","time":1611624590,"event":{"mods":["BaseMod","Colored Map","Colored Powertips","Minty Spire (QoL Compilation)","Quick Restart"],"gold_per_floor":[112,129,129,149,149,149,164,164,164,180,191,14,14,30,30,135,135,148,168,14,25,25,25,38,71,71,82,82,99,99,113,113,208,208,218,229,283,1,17,17,33,33,33,33,0,25,43,58,58,58,58],"floor_reached":50,"language":"ENG","playtime":3611,"items_purged":["Strike_R"],"score":592,"play_id":"ee4173da-d98b-4c11-841e-22512f8e51c0","local_time":"20210126022950","is_ascension_mode":true,"campfire_choices":[{"data":"Twin Strike","floor":6,"key":"SMITH"},{"data":"Perfected Strike","floor":8,"key":"SMITH"},{"data":"Double Tap","floor":13,"key":"SMITH"},{"data":"Flex","floor":15,"key":"SMITH"},{"floor":23,"key":"REST"},{"floor":28,"key":"REST"},{"floor":30,"key":"REST"},{"floor":32,"key":"REST"},{"floor":40,"key":"REST"},{"floor":42,"key":"REST"},{"floor":49,"key":"REST"}],"circlet_count":0,"master_deck":["Strike_R","Strike_R","Defend_R","Defend_R","Defend_R","Bash+1","Twin Strike","Twin Strike","Twin Strike+1","Perfected Strike+1","Cleave","Double Tap+1","Dropkick","Flex+1","Brutality","Rampage","Reckless Charge+1","Shrug It Off","Pummel","Feed","Havoc+1","Cleave+1","Demon Form","Second Wind+1","Combust+1","Iron Wave+1","Rampage","Anger+1","Clothesline+1","Anger","Shockwave","Sword Boomerang","Perfected Strike","Shrug It Off+1","Madness","Madness","Ghostly Armor","Ghostly Armor+1","Havoc+1","Flex"],"relics":["Burning Blood","Turnip","Toolbox","Fusion Hammer","Brimstone","Ice Cream","Toy Ornithopter","Ornamental Fan","Astrolabe","Magic Flower","Dream Catcher","Gremlin Horn","Red Mask","Gambling Chip"],"acts_visited":["Exordium","TheCity","TheBeyond"],"potions_floor_usage":[16,21,24,37,47,50],"damage_taken":[{"damage":1,"enemies":"Cultist","floor":1,"turns":3},{"damage":0,"enemies":"Small Slimes","floor":2,"turns":3},{"damage":14,"enemies":"Jaw Worm","floor":4,"turns":3},{"damage":0,"enemies":"2 Fungi Beasts","floor":7,"turns":4},{"damage":10,"enemies":"Gremlin Gang","floor":10,"turns":3},{"damage":7,"enemies":"Exordium Thugs","floor":11,"turns":4},{"damage":8,"enemies":"Blue Slaver","floor":14,"turns":2},{"damage":42,"enemies":"Slime Boss","floor":16,"turns":8},{"damage":18,"enemies":"2 Thieves","floor":18,"turns":3},{"damage":9,"enemies":"3 Byrds","floor":19,"turns":4},{"damage":5,"enemies":"Cultist and Chosen","floor":21,"turns":3},{"damage":0,"enemies":"Shelled Parasite and Fungi","floor":24,"turns":2},{"damage":0,"enemies":"Gremlin Leader","floor":25,"turns":3},{"damage":5,"enemies":"Snecko","floor":27,"turns":3},{"damage":10,"enemies":"Chosen and Byrds","floor":29,"turns":3},{"damage":27,"enemies":"Shelled Parasite and Fungi","floor":31,"turns":3},{"damage":33,"enemies":"Automaton","floor":33,"turns":6},{"damage":6,"enemies":"Orb Walker","floor":35,"turns":3},{"damage":22,"enemies":"3 Darklings","floor":36,"turns":4},{"damage":25,"enemies":"2 Orb Walkers","floor":37,"turns":3},{"damage":8,"enemies":"Jaw Worm Horde","floor":39,"turns":2},{"damage":4,"enemies":"Spire Growth","floor":41,"turns":3},{"damage":77,"enemies":"Nemesis","floor":46,"turns":5},{"damage":4,"enemies":"3 Darklings","floor":47,"turns":3},{"damage":31,"enemies":"Writhing Mass","floor":48,"turns":3},{"damage":103,"enemies":"Awakened One","floor":50,"turns":6}],"seed_played":"-3509752377178509636","potions_obtained":[{"floor":3,"key":"LiquidBronze"},{"floor":3,"key":"SteroidPotion"},{"floor":3,"key":"LiquidBronze"},{"floor":7,"key":"EssenceOfSteel"},{"floor":16,"key":"FairyPotion"},{"floor":21,"key":"Explosive Potion"},{"floor":24,"key":"FearPotion"},{"floor":25,"key":"Energy Potion"},{"floor":37,"key":"FearPotion"}],"is_trial":false,"path_per_floor":["M","M","?","M","?","R","M","R","T","M","M","$","R","M","R","B",null,"M","M","$","M","?","R","M","E","T","M","R","M","R","M","R","B",null,"M","M","?","$","M","R","M","R","T","?","?","E","M","M","R","B"],"character_chosen":"IRONCLAD","items_purchased":["Toolbox","Dropkick","Brimstone","Dream Catcher","Anger"],"campfire_rested":7,"item_purchase_floors":[12,12,20,38,38],"current_hp_per_floor":[80,80,80,72,77,77,83,83,83,79,78,78,78,76,76,40,85,73,70,70,71,71,85,85,85,85,85,85,84,88,70,91,64,91,91,75,61,61,62,89,91,91,91,80,80,12,25,50,77,0,0],"gold":58,"neow_bonus":"UPGRADE_CARD","is_daily":false,"chose_seed":false,"campfire_upgraded":4,"win_rate":0.0,"timestamp":1611624590,"path_taken":["M","M","?","?","?","R","M","R","T","M","M","?","R","M","R","BOSS","M","M","$","M","?","R","M","E","T","?","R","M","R","M","R","BOSS","M","M","?","$","M","R","M","R","T","?","?","E","M","M","R","BOSS"],"items_purchased_type":["Relic","Card","Relic","Relic","Card"],"build_version":"2020-12-22","purchased_purges":1,"victory":false,"max_hp_per_floor":[80,80,80,80,85,85,85,85,85,85,85,85,85,85,85,85,85,85,85,85,85,85,85,85,85,85,85,85,88,88,91,91,91,91,91,91,91,91,91,91,91,91,91,91,91,91,91,91,91,94,94],"card_choices":[{"not_picked":["Body Slam","Havoc"],"picked":"Twin Strike","floor":1},{"not_picked":["Second Wind","Clash"],"picked":"Twin Strike","floor":2},{"not_picked":["Sword Boomerang","Feel No Pain"],"picked":"Twin Strike","floor":4},{"not_picked":["Anger","Clothesline"],"picked":"Perfected Strike","floor":7},{"not_picked":["Body Slam","Second Wind"],"picked":"Cleave","floor":10},{"not_picked":["Thunderclap","Cleave"],"picked":"Double Tap","floor":11},{"not_picked":["Iron Wave","Reckless Charge"],"picked":"Flex","floor":14},{"not_picked":["Corruption","Exhume"],"picked":"Brutality","floor":16},{"not_picked":["Thunderclap","Sword Boomerang"],"picked":"Heavy Blade","floor":18},{"not_picked":["Havoc","Wild Strike"],"picked":"Rampage","floor":19},{"not_picked":["Sentinel","Havoc"],"picked":"Reckless Charge+1","floor":21},{"not_picked":["Sword Boomerang","Warcry"],"picked":"Shrug It Off","floor":24},{"not_picked":["Sword Boomerang","Body Slam"],"picked":"Pummel","floor":25},{"not_picked":["Reckless Charge+1","Wild Strike"],"picked":"Feed","floor":27},{"not_picked":["Infernal Blade","Pommel Strike"],"picked":"Havoc+1","floor":29},{"not_picked":["Thunderclap+1","Entrench"],"picked":"Cleave+1","floor":31},{"not_picked":["Double Tap","Feed"],"picked":"Demon Form","floor":33},{"not_picked":["Clothesline+1","Sever Soul+1"],"picked":"Rampage","floor":35},{"not_picked":["Pummel","Clothesline+1"],"picked":"Anger+1","floor":36},{"not_picked":["Dual Wield+1","Sword Boomerang"],"picked":"Clothesline+1","floor":37},{"not_picked":["Cleave","Sentinel"],"picked":"Shockwave","floor":39},{"not_picked":["Infernal Blade+1","Sentinel+1"],"picked":"Sword Boomerang","floor":40},{"not_picked":["Evolve+1","Warcry+1"],"picked":"Perfected Strike","floor":41},{"not_picked":["Offering","Anger"],"picked":"Shrug It Off+1","floor":42},{"not_picked":["Heavy Blade+1","Disarm+1"],"picked":"Ghostly Armor","floor":46},{"not_picked":["Warcry","Hemokinesis+1"],"picked":"Ghostly Armor+1","floor":47},{"not_picked":["Pummel","Dropkick+1"],"picked":"Havoc+1","floor":48},{"not_picked":["Perfected Strike+1","Clash+1"],"picked":"Flex","floor":49}],"player_experience":384610,"relics_obtained":[{"floor":9,"key":"Turnip"},{"floor":25,"key":"Toy Ornithopter"},{"floor":26,"key":"Ornamental Fan"},{"floor":37,"key":"Magic Flower"},{"floor":43,"key":"Gremlin Horn"},{"floor":46,"key":"Gambling Chip"}],"event_choices":[{"damage_healed":0,"gold_gain":0,"player_choice":"Got Potions","damage_taken":0,"max_hp_gain":0,"max_hp_loss":0,"event_name":"Lab","floor":3,"gold_loss":0},{"damage_healed":0,"gold_gain":0,"player_choice":"Donut","damage_taken":0,"max_hp_gain":5,"max_hp_loss":0,"event_name":"Big Fish","floor":5,"gold_loss":0},{"cards_removed":["Heavy Blade"],"damage_healed":0,"gold_gain":0,"player_choice":"Gave Card","damage_taken":0,"relics_obtained":["Ice Cream"],"max_hp_gain":0,"max_hp_loss":0,"event_name":"WeMeetAgain","floor":22,"gold_loss":0},{"damage_healed":0,"gold_gain":0,"player_choice":"Fight","damage_taken":0,"max_hp_gain":0,"max_hp_loss":0,"event_name":"Mysterious Sphere","floor":37,"gold_loss":0},{"damage_healed":0,"gold_gain":0,"player_choice":"Embrace Madness","damage_taken":11,"max_hp_gain":0,"max_hp_loss":0,"event_name":"Winding Halls","floor":44,"gold_loss":0,"cards_obtained":["Madness","Madness"]},{"damage_healed":0,"gold_gain":0,"player_choice":"Paid","damage_taken":0,"relics_obtained":["Red Mask"],"max_hp_gain":0,"max_hp_loss":0,"event_name":"Tomb of Lord Red Mask","floor":45,"gold_loss":33}],"is_beta":false,"boss_relics":[{"not_picked":["Calling Bell","Runic Pyramid"],"picked":"Fusion Hammer"},{"not_picked":["SlaversCollar","Coffee Dripper"],"picked":"Astrolabe"}],"items_purged_floors":[38],"is_endless":false,"potions_floor_spawned":[7,14,16,21,24,25,29,36,37,39],"killed_by":"Awakened One","ascension_level":2}}