{"host":"usru02jcpe2a942d","time":1611658703,"event":{"mods":["Act Like it!","BaseMod","Colored Powertips","GifTheSpireLib","Hallownest","Highlight Path","Hubris","Infinite Spire","Minty Spire (QoL Compilation)","MostiFishMod","Quick Restart","Relic Stats","RumiaBox-露米娅的神秘盒子","StSLib","The Bug Knight","noobMod","【遗物卡牌】REMEMod","篝火指南"],"gold_per_floor":[111,111,36,36,53,66,66,66,165,165,165],"floor_reached":10,"language":"ZHS","playtime":584,"items_purged":["Writhe"],"score":81,"play_id":"34be33f9-03c8-4d67-8c30-0b996080e6cf","local_time":"20210126185823","is_ascension_mode":false,"campfire_choices":[{"data":"HollowMod:CycloneSlash","floor":7,"key":"SMITH"}],"circlet_count":0,"master_deck":["HollowMod:NailStrikeStart","HollowMod:NailStrikeStart","HollowMod:NailStrikeStart","HollowMod:NailStrikeStart","HollowMod:QuickDashStart","HollowMod:QuickDashStart","HollowMod:QuickDashStart","HollowMod:QuickDashStart","HollowMod:FocusHealStart","HollowMod:PogoStrike","HollowMod:SoulShaman","HollowMod:NailStrikeStart","HollowMod:CycloneSlash+1","HollowMod:SiblingsSouls","HollowMod:LifebloodCore"],"relics":["HollowMod:VesselMask","DaveBox","ice","REME_ComplimentaryCards","Civilization","NeowsBlessing","SynthV:TestCard","SoulBox"],"acts_visited":["Hallownest:Greenpath","Hallownest:CityofTears"],"potions_floor_usage":[9],"damage_taken":[{"damage":0,"enemies":"Hallownest:monsterHuskWarrior","floor":1,"turns":1},{"damage":0,"enemies":"Hallownest:2_MossCreeps","floor":5,"turns":1},{"damage":0,"enemies":"Hallownest:2_Tiktiks_and_1_Crawlid","floor":6,"turns":1},{"damage":21,"enemies":"Hallownest:BossHornet","floor":9,"turns":10}],"seed_played":"-1304487908716413826","potions_obtained":[{"floor":1,"key":"FearPotion"}],"is_trial":false,"path_per_floor":["M","?","$","?","M","M","R","?","B",null],"character_chosen":"THE_BUGKNIGHT","items_purchased":[],"campfire_rested":0,"item_purchase_floors":[],"current_hp_per_floor":[76,85,85,85,88,93,93,93,89,98,98],"gold":165,"neow_bonus":"THREE_ENEMY_KILL","is_daily":false,"chose_seed":false,"campfire_upgraded":1,"win_rate":0.0,"timestamp":1611658703,"path_taken":["M","?","$","?","M","M","R","?","BOSS"],"items_purchased_type":[],"build_version":"2020-12-22","purchased_purges":1,"victory":false,"max_hp_per_floor":[76,85,85,85,88,93,93,93,98,98,98],"relic_stats":{"counters":[4,13],"obtain_stats":[{"Civilization":0,"SynthV:TestCard":1,"DaveBox":0,"NeowsBlessing":0,"HollowMod:VesselMask":0,"SoulBox":10,"ice":0,"REME_ComplimentaryCards":0},{"Civilization":0,"SynthV:TestCard":1,"DaveBox":0,"NeowsBlessing":0,"HollowMod:VesselMask":0,"SoulBox":4,"ice":0,"REME_ComplimentaryCards":0},{"Civilization":0,"SynthV:TestCard":1,"DaveBox":0,"NeowsBlessing":0,"HollowMod:VesselMask":0,"SoulBox":13,"ice":0,"REME_ComplimentaryCards":0}]},"card_choices":[{"not_picked":["HollowMod:ShadowDash","HollowMod:WraithStrike"],"picked":"HollowMod:SoulShaman","floor":1},{"not_picked":["HollowMod:SoulShaman","HollowMod:GoodIntentions","HollowMod:SharpenedShadows","HollowMod:DescendingDark"],"picked":"HollowMod:CycloneSlash","floor":5},{"not_picked":["HollowMod:InfectedCysts","HollowMod:BlackTendrils","HollowMod:Grubsong","HollowMod:SiblingsShadow"],"picked":"HollowMod:SiblingsSouls","floor":6},{"not_picked":["HollowMod:NewInfectedGuardian","HollowMod:ElderbugsWisdom","HollowMod:Weaversong","HollowMod:SoulMaster"],"picked":"HollowMod:LifebloodCore","floor":9}],"player_experience":225573,"relics_obtained":[{"floor":1,"key":"SynthV:TestCard"}],"event_choices":[],"is_beta":false,"boss_relics":[{"not_picked":["hubris:BlackHole","Philosopher\u0027s Stone"],"picked":"SoulBox"}],"items_purged_floors":[3],"is_endless":false,"potions_floor_spawned":[1],"ascension_level":0}}