{"host":"ws1rigs6jhqnf67d","time":1611681436,"event":{"mods":["BaseMod","Friendly Minions","KinomotoSakuraMod(ƒæ÷Æ±æ”£)","Kiyohime£®«Âºß£©","Lobotomy","LobotomyExtend","Marisa£®ÏF”Í°°ƒß¿Ì…≥£©","Minty Spire (QoL Compilation)","Remilia£®¿Ÿ√◊¿Ú—«£©","StSLib","The Bug Knight","The Marked","The Senshi","WarShipGirlsR/’ΩΩ¢…Ÿ≈ÆR mod","Youmu£®ªÍ∆«—˝√Œ£©","[IsaacMod]“‘»ˆº‚À˛"],"gold_per_floor":[115,134,154,173,183,212,212,223,248,292,350,364,401,426,426,530,580,592,615,615,625,614,614,690,690,690,705,735,762,778,814,814,923,923,940,597,612,548,548,575,575,608,608,628,643,654,669,678,678,12,12],"floor_reached":52,"language":"ZHS","playtime":2413,"items_purged":[],"score":905,"play_id":"d32c0c35-9329-4756-ba91-d9eb08b82bcf","local_time":"20210127011716","is_ascension_mode":false,"campfire_choices":[{"data":"theMarked:ComboAttacks","floor":7,"key":"SMITH"},{"data":"theMarked:Defy","floor":15,"key":"SMITH"},{"data":"theMarked:Challenge","floor":23,"key":"SMITH"},{"data":"theMarked:ThrowWeapon","floor":25,"key":"SMITH"},{"data":"theMarked:ParalyzingBlade","floor":32,"key":"SMITH"},{"floor":49,"key":"REST"}],"circlet_count":0,"master_deck":["theMarked:Strike","theMarked:Strike","theMarked:Strike","theMarked:Strike","theMarked:Strike","theMarked:Defend","theMarked:Defend","theMarked:Defend","theMarked:Defend","theMarked:SoldierOfQuellstein","theMarked:Challenge+1","theMarked:BanishingStrike","theMarked:ComboAttacks+1","theMarked:WardOff","theMarked:Heritage","theMarked:BanishingStrike","theMarked:Defy+1","theMarked:WardOff","theMarked:DispelDoubt+1","theMarked:ParalyzingBlade+1","theMarked:ThrowWeapon+1","theMarked:BanishingStrike","theMarked:SelfDefenseTraining","theMarked:EternalStudent","Apotheosis+1","theMarked:Abjuration+1"],"relics":["theMarked:ArtifactOfAir","HushsDoor","DoctorsRemote","LetterFromLob","Tiny Chest","CeramicFish","Strawberry","theSenshi:FeatherClipsRelic","PunchingBag","Tiny House","HollowMod:StagPassRelic","Bottled Flame","theMarked:NailFile","Ancient Tea Set","Philosopher\u0027s Stone","Membership Card","Vajra","TuHaoJin","SteamSale","GnawedLeaf","Mummified Hand","Akabeko","Bottled Tornado","DeadEye","Potion Belt","Toy Ornithopter"],"acts_visited":["Exordium","TheCity","TheBeyond"],"potions_floor_usage":[10,12,33,33,33,33,33,33,40,42,50,50],"damage_taken":[{"damage":6,"enemies":"2 Louse","floor":1,"turns":3},{"damage":1,"enemies":"Jaw Worm","floor":2,"turns":3},{"damage":0,"enemies":"Cultist","floor":3,"turns":3},{"damage":0,"enemies":"Blue Slaver","floor":4,"turns":4},{"damage":0,"enemies":"Gremlin Gang","floor":5,"turns":1},{"damage":0,"enemies":"Lagavulin","floor":6,"turns":7},{"damage":5,"enemies":"Looter","floor":8,"turns":3},{"damage":15,"enemies":"Gremlin Nob","floor":10,"turns":4},{"damage":15,"enemies":"Lagavulin Event","floor":11,"turns":4},{"damage":0,"enemies":"Red Slaver","floor":12,"turns":2},{"damage":5,"enemies":"Lagavulin","floor":13,"turns":4},{"damage":4,"enemies":"Blue Slaver","floor":14,"turns":4},{"damage":7,"enemies":"Hexaghost","floor":16,"turns":8},{"damage":25,"enemies":"Chosen","floor":18,"turns":7},{"damage":10,"enemies":"3 Byrds","floor":19,"turns":3},{"damage":9,"enemies":"Cultist and Chosen","floor":21,"turns":7},{"damage":16,"enemies":"Snake Plant","floor":27,"turns":5},{"damage":7,"enemies":"Slavers","floor":28,"turns":2},{"damage":15,"enemies":"Centurion and Healer","floor":29,"turns":6},{"damage":27,"enemies":"Shelled Parasite and Fungi","floor":30,"turns":5},{"damage":13,"enemies":"Book of Stabbing","floor":31,"turns":7},{"damage":17,"enemies":"Champ","floor":33,"turns":14},{"damage":23,"enemies":"Orb Walker","floor":35,"turns":4},{"damage":12,"enemies":"3 Darklings","floor":37,"turns":2},{"damage":0,"enemies":"Reptomancer","floor":40,"turns":5},{"damage":37,"enemies":"Giant Head","floor":42,"turns":8},{"damage":6,"enemies":"Sphere and 2 Shapes","floor":44,"turns":2},{"damage":18,"enemies":"Transient","floor":45,"turns":5},{"damage":16,"enemies":"Writhing Mass","floor":46,"turns":5},{"damage":0,"enemies":"Sphere and 2 Shapes","floor":47,"turns":1},{"damage":58,"enemies":"Time Eater","floor":50,"turns":5}],"seed_played":"1136791086212347028","potions_obtained":[{"floor":2,"key":"SpeedPotion"},{"floor":3,"key":"Block Potion"},{"floor":4,"key":"ColorlessPotion"},{"floor":14,"key":"LiquidBronze"},{"floor":16,"key":"EntropicBrew"},{"floor":35,"key":"FairyPotion"},{"floor":37,"key":"DistilledChaos"},{"floor":40,"key":"Fire Potion"},{"floor":46,"key":"LiquidMemories"}],"is_trial":false,"path_per_floor":["M","M","M","M","M","E","R","M","T","E","?","M","E","M","R","B",null,"M","M","M","M","?","R","T","R","T","M","E","M","M","E","R","B",null,"M","$","M","$","?","E","?","E","T","M","M","M","M","$","R","B",null,null],"character_chosen":"THE_DEFAULT","items_purchased":["Membership Card","Vajra","TuHaoJin","SteamSale","GnawedLeaf","Mummified Hand","Apotheosis","Potion Belt","Toy Ornithopter","SkillPotion","SteroidPotion","GamblersBrew","theMarked:Abjuration"],"campfire_rested":1,"item_purchase_floors":[36,36,36,38,38,38,38,48,48,48,48,48,48],"current_hp_per_floor":[64,63,63,63,63,63,63,58,58,50,35,41,42,44,44,43,82,63,59,59,56,56,56,56,56,56,46,45,46,35,28,28,17,82,65,65,59,59,59,75,75,44,44,44,32,32,38,38,62,20,20],"gold":12,"neow_bonus":"ONE_RANDOM_RARE_CARD","is_daily":false,"chose_seed":false,"campfire_upgraded":5,"win_rate":0.0,"timestamp":1611681436,"path_taken":["M","M","M","M","M","E","R","M","T","E","?","?","E","M","R","BOSS","M","M","M","M","?","R","?","R","T","M","E","M","M","E","R","BOSS","M","$","M","$","?","E","?","E","T","M","M","M","M","$","R","BOSS"],"items_purchased_type":["Relic","Relic","Relic","Relic","Relic","Relic","Card","Relic","Relic","Potion","Potion","Potion","Card"],"build_version":"2020-12-22","purchased_purges":0,"victory":true,"max_hp_per_floor":[70,70,70,70,70,70,70,70,70,77,77,77,77,77,77,77,82,82,82,82,82,82,82,82,82,82,82,82,82,82,82,82,82,82,82,82,82,82,82,82,82,82,82,82,82,82,82,82,82,82,82],"card_choices":[{"not_picked":["theMarked:TunnelVision","theMarked:WastefulAttack"],"picked":"theMarked:BanishingStrike","floor":1},{"not_picked":["theMarked:Improvise","theMarked:Memento"],"picked":"theMarked:ComboAttacks","floor":2},{"not_picked":["theMarked:CreepingChasm","theMarked:SwordAndMagic"],"picked":"theMarked:WardOff","floor":3},{"not_picked":["theMarked:EnhanceMovement","theMarked:Frustration"],"picked":"theMarked:Heritage","floor":4},{"not_picked":["theMarked:RepellingDischarge","theMarked:Standoff"],"picked":"Bomb","floor":5},{"not_picked":["theMarked:RepellingDischarge","theMarked:ResourceFulStrike","theMarked:ContemptForTheProud"],"picked":"SKIP","floor":6},{"not_picked":["theMarked:ShockingTouch","theMarked:Standoff"],"picked":"theMarked:BanishingStrike","floor":8},{"not_picked":["theMarked:WastefulAttack","theMarked:HeightenedSenses"],"picked":"theMarked:Defy","floor":10},{"not_picked":["theMarked:WastefulAttack","theMarked:HeightenedSenses","theMarked:ResourceFulStrike"],"picked":"SKIP","floor":12},{"not_picked":["theMarked:AttractMetal","theMarked:Memento"],"picked":"theMarked:WardOff","floor":13},{"not_picked":["theMarked:Panic","theMarked:BanishingStrike"],"picked":"Bomb","floor":14},{"not_picked":["theMarked:SuspiciousRaven","theMarked:Levitate"],"picked":"theMarked:DispelDoubt","floor":16},{"not_picked":["theMarked:Aftermath","theMarked:TwofoldDefense","theMarked:Memento"],"picked":"SKIP","floor":18},{"not_picked":["theMarked:ShockingTouch","theMarked:Parkour"],"picked":"theMarked:ParalyzingBlade","floor":19},{"not_picked":["theMarked:Defy","theMarked:SwordAndMagic+1","theMarked:Memento"],"picked":"SKIP","floor":21},{"not_picked":[],"picked":"theMarked:ThrowWeapon","floor":22},{"not_picked":["theMarked:Indomitable","theMarked:ElectricStrings+1","theMarked:Convert"],"picked":"SKIP","floor":27},{"not_picked":["theMarked:Defy","theMarked:EnhanceMovement+1","theMarked:ElectricStrings"],"picked":"SKIP","floor":28},{"not_picked":["theMarked:ElectricStrings","theMarked:Frustration+1"],"picked":"theMarked:BanishingStrike","floor":29},{"not_picked":["theMarked:GodGivenPower","theMarked:Aftermath","theMarked:ChannelForce"],"picked":"SKIP","floor":30},{"not_picked":["theMarked:Generate+1","theMarked:Vacuum"],"picked":"theMarked:SelfDefenseTraining","floor":31},{"not_picked":["theMarked:TurnInvisible","theMarked:Challenge"],"picked":"theMarked:EternalStudent","floor":33},{"not_picked":["theMarked:Parkour+1","theMarked:EmpowerWeapon+1","theMarked:Parry+1"],"picked":"SKIP","floor":35},{"not_picked":["theMarked:HeightenedSenses+1","theMarked:RepellingDischarge","theMarked:TwofoldDefense"],"picked":"SKIP","floor":37},{"not_picked":["theMarked:Overthink","theMarked:ParalyzingBlade+1","theMarked:HeightenedSenses"],"picked":"SKIP","floor":40},{"not_picked":["theMarked:EnhanceMovement+1","theMarked:ShockingTouch","theMarked:HeightenedSenses+1"],"picked":"SKIP","floor":42},{"not_picked":["theMarked:Reabsorb+1","theMarked:TakeCover","theMarked:Convert"],"picked":"SKIP","floor":44},{"not_picked":["theMarked:Standoff","theMarked:EnhanceMovement+1","theMarked:MuscleMemory+1"],"picked":"SKIP","floor":45},{"not_picked":["theMarked:Determination+1","theMarked:Heritage","theMarked:EmpowerWeapon"],"picked":"SKIP","floor":46},{"not_picked":["theMarked:WastefulAttack","theMarked:StartUp","theMarked:ResourceFulStrike"],"picked":"SKIP","floor":47}],"player_experience":899469,"relics_obtained":[{"floor":1,"key":"LetterFromLob"},{"floor":6,"key":"Tiny Chest"},{"floor":9,"key":"CeramicFish"},{"floor":10,"key":"Strawberry"},{"floor":11,"key":"theSenshi:FeatherClipsRelic"},{"floor":13,"key":"PunchingBag"},{"floor":24,"key":"HollowMod:StagPassRelic"},{"floor":26,"key":"Bottled Flame"},{"floor":28,"key":"theMarked:NailFile"},{"floor":31,"key":"Ancient Tea Set"},{"floor":40,"key":"Akabeko"},{"floor":42,"key":"Bottled Tornado"},{"floor":43,"key":"DeadEye"}],"event_choices":[{"damage_healed":0,"gold_gain":0,"player_choice":"Searched \u00272\u0027 times","damage_taken":0,"max_hp_gain":0,"max_hp_loss":0,"event_name":"Dead Adventurer","floor":11,"gold_loss":0}],"is_beta":false,"boss_relics":[{"not_picked":["ChampionBelt","theSenshi:MoonKaleidoScopeRelic"],"picked":"Tiny House"},{"not_picked":[]},{"not_picked":["Snecko Eye","Sozu"],"picked":"Philosopher\u0027s Stone"},{"not_picked":[]}],"items_purged_floors":[],"is_endless":false,"potions_floor_spawned":[2,3,4,14,16,19,21,27,28,35,37,40,46],"ascension_level":0}}