{"host":"t6ponz91vunhggr5","time":1611683482,"event":{"mods":["AchievementEnabler","BaseMod","BetterRewards","Colored Powertips","Conspire","Custom Start","Minty Spire (QoL Compilation)","Rare Cards Sparkle","Replay The Spire","StSLib"],"gold_per_floor":[115,122,138,138,151,180,192,206,260,292,292,310,310,324,324,427,427,447,458,458,471,285,317,330,283,337,368,368,493,493,538,538,638,738,757,769,769,785,800,800,832,832,832,832,857,869,883,893,893,893],"floor_reached":51,"language":"ENG","playtime":4605,"items_purged":["Normality"],"score":1138,"play_id":"9ada987b-3af0-407a-b59b-bbcd0dd0c029","local_time":"20210126175122","is_ascension_mode":false,"campfire_choices":[{"data":"Fiend Fire+1","floor":13,"key":"SMITH"},{"data":"Fiend Fire+3","floor":30,"key":"SMITH"},{"data":"Flex+1","floor":32,"key":"SMITH"},{"data":"Flex+2","floor":40,"key":"SMITH"},{"floor":49,"key":"DIG"}],"circlet_count":0,"master_deck":["Armaments+1","Armaments+1","Fiend Fire+4","Exhume+1","Feel No Pain+1","Corruption+1","Feel No Pain+1","Shrug It Off+1","Shrug It Off+1","Eclipse+1","Havoc+1","Transmutation+1","Havoc+1","Havoc+1","Flex+3","Demon Form+1","Shrug It Off+1","Replay:Many Hands+1","Hallucinations","ReplayTheSpireMod:Muscle Training+1"],"relics":["Burning Blood","Dead Branch","Frozen Egg 2","Molten Egg 2","Quantum Egg","Toxic Egg 2","Bottled Tornado","conspire:InfiniteJournal","ReplayTheSpireMod:CursedCoin","Replay:Baseball","Art of War","Shuriken","Coffee Dripper","Whetstone","Blood Vial","Bottled Flame","Champion Belt","Mirror","Replay:Grab Bag","Replay:Wanted Poster","Philosopher\u0027s Stone","SlaversCollar","ReplayTheSpireMod:Ring of Addiction","White Beast Statue","Chameleon Ring","Mummified Hand","conspire:GlowingRock","ReplayTheSpireMod:TigerMarble","conspire:TopHat"],"acts_visited":["Exordium","TheCity","TheBeyond"],"potions_floor_usage":[23,38,45,45,46],"damage_taken":[{"damage":0,"enemies":"Small Slimes","floor":1,"turns":1},{"damage":0,"enemies":"Cultist","floor":3,"turns":1},{"damage":6,"enemies":"Jaw Worm","floor":5,"turns":2},{"damage":11,"enemies":"Lagavulin","floor":6,"turns":4},{"damage":0,"enemies":"Lots of Slimes","floor":7,"turns":2},{"damage":0,"enemies":"Gremlin Gang","floor":8,"turns":1},{"damage":3,"enemies":"3 Sentries","floor":10,"turns":2},{"damage":0,"enemies":"Exordium Thugs","floor":12,"turns":1},{"damage":0,"enemies":"2 Fungi Beasts","floor":14,"turns":1},{"damage":0,"enemies":"Slime Boss","floor":16,"turns":1},{"damage":0,"enemies":"Chosen","floor":18,"turns":1},{"damage":4,"enemies":"3 Byrds","floor":19,"turns":2},{"damage":0,"enemies":"Centurion and Healer","floor":21,"turns":1},{"damage":13,"enemies":"Slavers","floor":23,"turns":4},{"damage":3,"enemies":"Snake Plant","floor":24,"turns":1},{"damage":3,"enemies":"Book of Stabbing","floor":27,"turns":1},{"damage":0,"enemies":"Colosseum Slavers","floor":29,"turns":1},{"damage":2,"enemies":"Colosseum Nobs","floor":29,"turns":2},{"damage":0,"enemies":"Cultist and Chosen","floor":31,"turns":1},{"damage":6,"enemies":"Champ","floor":33,"turns":1},{"damage":0,"enemies":"Orb Walker","floor":35,"turns":2},{"damage":0,"enemies":"3 Darklings","floor":36,"turns":2},{"damage":0,"enemies":"Sphere and 2 Shapes","floor":38,"turns":1},{"damage":6,"enemies":"Transient","floor":39,"turns":3},{"damage":0,"enemies":"Nemesis","floor":41,"turns":1},{"damage":0,"enemies":"Reptomancer","floor":45,"turns":2},{"damage":3,"enemies":"4 Shapes","floor":46,"turns":1},{"damage":0,"enemies":"Writhing Mass","floor":47,"turns":1},{"damage":0,"enemies":"Jaw Worm Horde","floor":48,"turns":1},{"damage":0,"enemies":"conspire:OrnateMirror","floor":50,"turns":1}],"seed_played":"2719846254502103976","potions_obtained":[{"floor":3,"key":"Dexterity Potion"},{"floor":5,"key":"Reflective Coating"},{"floor":6,"key":"Milkshake"},{"floor":14,"key":"DistilledChaos"},{"floor":18,"key":"Flashbang"},{"floor":23,"key":"Block Potion"},{"floor":37,"key":"Elixir"},{"floor":37,"key":"Swift Potion"},{"floor":38,"key":"Energy Potion"},{"floor":39,"key":"FairyPotion"},{"floor":45,"key":"HeartOfIron"},{"floor":46,"key":"Dexterity Potion"}],"is_trial":true,"path_per_floor":["M","$","M","?","M","E","M","M","T","E","?","M","R","M","R","B",null,"M","M","?","M","$","E","M","$","T","E","$","?","R","M","R","B",null,"M","M","?","M","M","R","E","?","T","?","E","M","M","M","R","B",null],"character_chosen":"IRONCLAD","items_purchased":["ReplayTheSpireMod:CursedCoin","Feel No Pain+1","Transmutation+1","Flex+1"],"campfire_rested":0,"item_purchase_floors":[2,2,22,25],"current_hp_per_floor":[80,80,80,80,80,75,80,80,80,80,80,80,80,80,80,80,80,80,80,80,80,80,73,76,76,76,80,80,80,80,80,80,80,80,80,80,80,80,80,80,80,74,74,74,72,72,72,72,72,70],"gold":893,"neow_bonus":"","is_daily":false,"chose_seed":false,"campfire_upgraded":4,"win_rate":0.0,"timestamp":1611683482,"path_taken":["M","$","M","?","M","E","M","M","T","E","?","?","R","M","R","BOSS","M","?","?","M","?","E","M","$","T","E","$","?","R","M","R","BOSS","M","M","?","M","M","R","E","?","T","?","E","?","?","M","R","BOSS"],"items_purchased_type":["Relic","Card","Card","Card"],"build_version":"2020-12-22","purchased_purges":1,"victory":true,"max_hp_per_floor":[80,80,80,80,80,80,80,80,80,80,80,80,80,80,80,80,80,80,80,80,80,80,80,80,80,80,80,80,80,80,80,80,80,80,80,80,80,80,80,80,80,74,74,74,72,72,72,72,72,70],"card_choices":[{"not_picked":["Replay:Undeath\u0027s Touch+1","Run Through+1","Hemokinesis+1"],"picked":"SKIP","floor":1},{"not_picked":["Havoc+1","Metallicize+1","Hemokinesis+1"],"picked":"SKIP","floor":3},{"not_picked":["Pummel+1","Dark Embrace+1"],"picked":"Shrug It Off+1","floor":5},{"not_picked":["ReplayReversal+1","Replay:Undeath\u0027s Touch+1"],"picked":"Shrug It Off+1","floor":6},{"not_picked":["Headbutt+1","Life Link+1","Thunderclap+1"],"picked":"SKIP","floor":7},{"not_picked":["Run Through+1","Massacre+1","Heavy Blade+1"],"picked":"SKIP","floor":8},{"not_picked":["conspire:Purge+1","Spot Weakness+1","Headbutt+1"],"picked":"SKIP","floor":10},{"not_picked":["Wild Strike+1","Clash+1"],"picked":"Havoc+1","floor":12},{"not_picked":["Feed+1","Blood for Blood+1","Combust+1"],"picked":"SKIP","floor":14},{"not_picked":["Havoc+1","ReplayReversal+1","Infernal Blade+1"],"picked":"SKIP","floor":18},{"not_picked":["Pommel Strike+1","Iron Wave+1","Replay:Undeath\u0027s Touch+1"],"picked":"SKIP","floor":19},{"not_picked":["Dropkick+1","ReplayTheSpireMod:Stacked+1","Warcry+1"],"picked":"SKIP","floor":21},{"not_picked":["Cleave+1","Shockwave+1"],"picked":"Havoc+1","floor":23},{"not_picked":["Pommel Strike+1","Headbutt+1"],"picked":"Havoc+1","floor":24},{"not_picked":["Limit Break+1","Heavy Blade+1"],"picked":"Demon Form+1","floor":27},{"not_picked":["Life Link+1","Ghostly Armor+1"],"picked":"Shrug It Off+1","floor":29},{"not_picked":["conspire:Charge+1","ReplayReversal+1","Headbutt+1"],"picked":"SKIP","floor":31},{"not_picked":["conspire:HitWhereItHurts+1","Corruption+1"],"picked":"Replay:Many Hands+1","floor":33},{"not_picked":["ReplayReversal+1","Havoc+1","Evolve+1"],"picked":"SKIP","floor":35},{"not_picked":["Fire Breathing+1","Clothesline+1","Dark Embrace+1"],"picked":"SKIP","floor":36},{"not_picked":["Life Link+1","Replay:Undeath\u0027s Touch+1","Heavy Blade+1"],"picked":"SKIP","floor":38},{"not_picked":["Iron Wave+1","Spot Weakness+1","Dual Wield+1"],"picked":"SKIP","floor":39},{"not_picked":["Dual Wield+1","True Grit+1","ReplayTheSpireMod:Strike From Hell+1"],"picked":"SKIP","floor":41},{"not_picked":["Sword Boomerang+1","Perfected Strike+1","ReplayTheSpireMod:Strike From Hell+1"],"picked":"SKIP","floor":45},{"not_picked":["Shrug It Off+1","Replay:Undeath\u0027s Touch+1"],"picked":"ReplayTheSpireMod:Muscle Training+1","floor":46},{"not_picked":["Battle Trance+1","ReplayTheSpireMod:LeadingStrike+1","Perfected Strike+1"],"picked":"SKIP","floor":47},{"not_picked":["ReplayTheSpireMod:Strike From Hell+1","Disarm+1","Inflame+1"],"picked":"SKIP","floor":48}],"player_experience":115523,"relics_obtained":[{"floor":6,"key":"Replay:Baseball"},{"floor":9,"key":"Art of War"},{"floor":10,"key":"Shuriken"},{"floor":23,"key":"Whetstone"},{"floor":26,"key":"Blood Vial"},{"floor":27,"key":"Bottled Flame"},{"floor":29,"key":"Champion Belt"},{"floor":29,"key":"Mirror"},{"floor":37,"key":"ReplayTheSpireMod:Ring of Addiction"},{"floor":37,"key":"White Beast Statue"},{"floor":37,"key":"Chameleon Ring"},{"floor":41,"key":"Mummified Hand"},{"floor":43,"key":"conspire:GlowingRock"},{"floor":45,"key":"ReplayTheSpireMod:TigerMarble"},{"floor":49,"key":"conspire:TopHat"}],"event_choices":[{"damage_healed":0,"gold_gain":0,"cards_transformed":["Fiend Fire"],"player_choice":"Transformed","damage_taken":0,"max_hp_gain":0,"max_hp_loss":0,"event_name":"Transmorgrifier","floor":11,"gold_loss":0,"cards_obtained":["Eclipse"]},{"damage_healed":0,"gold_gain":0,"player_choice":"Ignored","damage_taken":0,"max_hp_gain":0,"max_hp_loss":0,"event_name":"Liars Game","floor":15,"gold_loss":0},{"damage_healed":0,"gold_gain":0,"player_choice":"Bought 0 Potions","damage_taken":0,"max_hp_gain":0,"max_hp_loss":0,"event_name":"The Woman in Blue","floor":20,"gold_loss":0},{"damage_healed":0,"gold_gain":0,"player_choice":"Fight","damage_taken":0,"max_hp_gain":0,"max_hp_loss":0,"event_name":"Colosseum","floor":29,"gold_loss":0},{"damage_healed":0,"gold_gain":0,"player_choice":"Fought Nobs","damage_taken":0,"max_hp_gain":0,"max_hp_loss":0,"event_name":"Colosseum","floor":29,"gold_loss":0},{"damage_healed":0,"gold_gain":0,"player_choice":"Max HP","damage_taken":0,"max_hp_gain":0,"max_hp_loss":4,"event_name":"Winding Halls","floor":42,"gold_loss":0},{"damage_healed":0,"gold_gain":0,"player_choice":"Ignored","damage_taken":0,"max_hp_gain":0,"max_hp_loss":0,"event_name":"Tomb of Lord Red Mask","floor":44,"gold_loss":0}],"is_beta":false,"boss_relics":[{"not_picked":["Calling Bell","Replay:Drink Me"],"picked":"Coffee Dripper"},{"not_picked":["Abe\u0027s Treasure","Snecko Eye"],"picked":"Replay:Grab Bag"},{"not_picked":["Fusion Hammer","Busted Crown"],"picked":"Replay:Wanted Poster"},{"not_picked":["ChewingGum","Runic Dome"],"picked":"Philosopher\u0027s Stone"},{"not_picked":["Empty Cage","Ring of Chaos"],"picked":"SlaversCollar"}],"items_purged_floors":[2],"is_endless":false,"potions_floor_spawned":[3,5,6,10,12,14,16,18,21,23,38,39,41,45,46,47,48],"ascension_level":0}}