{"host":"0fmi5fguj5lvt8pf","time":1611688378,"event":{"mods":["BaseMod","Colored Map","Curses Come First","Downfall","Minty Spire (QoL Compilation)","Permanent Neow","StSLib"],"gold_per_floor":[99,116,129,129,139,139,139,239,249,275,297,321,321,17,30,130,130,130,143,161,261,91,91,91,91,101,111,138,138,151,151,162,267,267,267,278,328,428,440,622,622,323,23,23,34,34,34,50,60,60,60,89,9,9,9,9],"floor_reached":57,"language":"ENG","playtime":4154,"items_purged":["bronze:Backtrace"],"score":1422,"play_id":"4fea2d76-2188-4cec-bc5d-7c92fb61746d","local_time":"20210126111258","is_ascension_mode":false,"campfire_choices":[{"data":"bronze:Return","floor":1.0,"key":"SMITH"},{"data":"bronze:DelayedSlice","floor":13.0,"key":"SMITH"},{"floor":18.0,"key":"RECALL"},{"data":"bronze:FindAndReplace","floor":23.0,"key":"SMITH"},{"data":"1","floor":35.0,"key":"LIFT"},{"data":"2","floor":43,"key":"LIFT"},{"data":"3","floor":47,"key":"LIFT"},{"data":"bronze:Goto","floor":54,"key":"SMITH"}],"circlet_count":0,"master_deck":["bronze:Strike","bronze:Strike","bronze:Defend","bronze:Replicate","bronze:Goto+1","bronze:Return+1","bronze:ItsAFeature+1","bronze:DelayedSlice+1","bronze:BronzeOrb","bronze:Separator","bronze:DelayedGuard","bronze:BronzeOrb+1","bronze:Format","bronze:BuggyMess","bronze:Format","bronze:Iterate+1","bronze:FollowUp","bronze:FindAndReplace+1","bronze:InfiniteBeams","bronze:DelayedSlice+1","bronze:ChildClass+1","bronze:WhirlingStrike","bronze:FollowUp","bronze:Terminator","bronze:BugBarrage+1","bronze:BuggyMess","bronze:Constructor+1","bronze:Optimize+1","expansioncontent:AwakenDeath+1"],"relics":["bronze:BronzeCore","HornCleat","Bag of Preparation","Odd Mushroom","bronze:BronzeIdol","Chemical X","bronze:ElectromagneticCoil","Calipers","Mummified Hand","Kunai","Girya","Enchiridion","Busted Crown","Incense Burner","downfall:GremlinWheel","champ:Barbells","Membership Card","Frozen Egg 2","downfall:HeartBlessingRed","downfall:HeartBlessingGreen","downfall:HeartBlessingBlue","Mango","Toy Ornithopter","Letter Opener"],"acts_visited":["Exordium","TheCity","TheBeyond","TheEnding"],"potions_floor_usage":[56,56],"damage_taken":[{"damage":16.0,"enemies":"Jaw Worm","floor":2.0,"turns":5.0},{"damage":11.0,"enemies":"Small Slimes","floor":3.0,"turns":5.0},{"damage":1.0,"enemies":"2 Louse","floor":5.0,"turns":3.0},{"damage":2.0,"enemies":"Large Slime","floor":9.0,"turns":5.0},{"damage":13.0,"enemies":"Gremlin Nob","floor":10.0,"turns":4.0},{"damage":0.0,"enemies":"The Mushroom Lair","floor":11.0,"turns":3.0},{"damage":0.0,"enemies":"downfall:FleeingMerchant","floor":14.0,"turns":4.0},{"damage":0.0,"enemies":"Gremlin Gang","floor":15.0,"turns":1.0},{"damage":23.0,"enemies":"SI_SHIV_ARCHETYPE","floor":16.0,"turns":8.0},{"damage":0.0,"enemies":"Shell Parasite","floor":19.0,"turns":4.0},{"damage":0.0,"enemies":"Spheric Guardian","floor":20.0,"turns":1.0},{"damage":0.0,"enemies":"WA_ARCHETYPE_RETAIN","floor":21.0,"turns":5.0},{"damage":0.0,"enemies":"downfall:FleeingMerchant","floor":22.0,"turns":4.0},{"damage":0.0,"enemies":"3 Cultists","floor":26.0,"turns":2.0},{"damage":0.0,"enemies":"Centurion and Healer","floor":27.0,"turns":3.0},{"damage":0.0,"enemies":"Gremlin Leader","floor":28.0,"turns":7.0},{"damage":0.0,"enemies":"Snake Plant","floor":30.0,"turns":4.0},{"damage":0.0,"enemies":"Shelled Parasite and Fungi","floor":32.0,"turns":2.0},{"damage":0.0,"enemies":"DF_ARCHETYPE_CLAW","floor":33.0,"turns":6.0},{"damage":0.0,"enemies":"3 Shapes","floor":36.0,"turns":1.0},{"damage":0,"enemies":"3 Shapes","floor":37,"turns":3},{"damage":0,"enemies":"3 Shapes","floor":38,"turns":2},{"damage":0,"enemies":"Orb Walker","floor":39,"turns":1},{"damage":0,"enemies":"downfall:FleeingMerchant","floor":40,"turns":3},{"damage":0,"enemies":"Sphere and 2 Shapes","floor":45,"turns":1},{"damage":0,"enemies":"Transient","floor":48,"turns":5},{"damage":0,"enemies":"Spire Growth","floor":49,"turns":2},{"damage":0,"enemies":"IC_BLOCK_ARCHETYPE","floor":50,"turns":5},{"damage":0,"enemies":"downfall:CharBossMerchant","floor":52,"turns":5},{"damage":0,"enemies":"downfall:NeowBoss","floor":55,"turns":8},{"damage":0,"enemies":"downfall:NeowBossFinal","floor":56,"turns":8}],"seed_played":"2385952723824353084","potions_obtained":[{"floor":2.0,"key":"Swift Potion"},{"floor":9.0,"key":"Weak Potion"},{"floor":11.0,"key":"Dexterity Potion"},{"floor":15.0,"key":"Strength Potion"},{"floor":26.0,"key":"Swift Potion"}],"is_trial":false,"path_per_floor":["R","M","M","?","M","?","T","?","M","E","?","T","R","$","M","B",null,"R","M","M","?","$","R","T","?","M","M","E","?","M","?","M","B",null,"R","M","?","?","M","$","T","$","R","?","M","T","R","M","M","B",null,"E","$","R","B","B",null],"character_chosen":"THE_AUTOMATON","items_purchased":["Chemical X","bronze:Format","bronze:InfiniteBeams","champ:Barbells","Membership Card","Frozen Egg 2","bronze:BuggyMess","bronze:Optimize+1","expansioncontent:AwakenDeath"],"campfire_rested":0,"item_purchase_floors":[14,14,22,40,42,42,42,53,53],"current_hp_per_floor":[63,47,36,57,56,56,56,56,54,41,41,41,41,41,41,18,63,63,63,63,63,63,63,63,63,63,63,63,63,63,47,47,47,63,63,63,63,63,63,63,63,63,73,73,73,87,87,87,87,87,87,87,87,87,87,87],"gold":9,"neow_bonus":"TRANSFORM_TWO_CARDS","is_daily":false,"chose_seed":false,"campfire_upgraded":4,"win_rate":0.0,"timestamp":1611688378,"path_taken":["R","M","M","?","M","?","T","?","M","E","?","?","R","?","M","BOSS","R","M","?","?","$","R","T","?","M","?","E","?","M","?","M","BOSS","R","M","?","?","?","$","T","$","R","?","M","?","R","?","M","BOSS","E","$","R","BOSS","BOSS"],"items_purchased_type":["Relic","Card","Card","Relic","Relic","Relic","Card","Card","Card"],"build_version":"2020-12-22","purchased_purges":1,"victory":true,"max_hp_per_floor":[63,63,63,63,63,63,63,63,63,63,63,63,63,63,63,63,63,63,63,63,63,63,63,63,63,63,63,63,63,63,63,63,63,63,63,63,63,63,63,63,63,63,73,73,73,87,87,87,87,87,87,87,87,87,87,87],"card_choices":[{"not_picked":["bronze:Allocate","bronze:Deprecate","bronze:Invalidate"],"picked":"SKIP","floor":2.0},{"not_picked":["bronze:BuggyMess","bronze:WhirlingStrike"],"picked":"bronze:DelayedSlice","floor":3.0},{"not_picked":["bronze:BugBarrage","bronze:WhirlingStrike"],"picked":"bronze:BronzeOrb","floor":5.0},{"not_picked":["bronze:WildBeam","bronze:Boost"],"picked":"bronze:Backtrace","floor":9.0},{"not_picked":["bronze:Deprecate","bronze:Shield"],"picked":"bronze:Separator","floor":10.0},{"not_picked":["bronze:WildBeam","bronze:FineTuning"],"picked":"bronze:DelayedGuard","floor":11.0},{"not_picked":["bronze:Turbo","bronze:DelayedSlice"],"picked":"bronze:BronzeOrb","floor":14.0},{"not_picked":["bronze:DigitalCarnage","bronze:Turbo"],"picked":"bronze:BuggyMess","floor":15.0},{"not_picked":["bronze:SpaghettiCode","bronze:Break"],"picked":"bronze:Format","floor":16.0},{"not_picked":["bronze:DelayedGuard+1","bronze:Flail"],"picked":"bronze:Iterate+1","floor":19.0},{"not_picked":["bronze:Terminator","bronze:DarkDash"],"picked":"bronze:FollowUp","floor":20.0},{"not_picked":["bronze:DelayedGuard","bronze:Overheat"],"picked":"bronze:FindAndReplace","floor":22.0},{"not_picked":["bronze:BitShift+1","bronze:Fortify"],"picked":"bronze:DelayedSlice+1","floor":26.0},{"not_picked":["bronze:ForLoop","bronze:CutThrough","bronze:BronzeOrb"],"picked":"SKIP","floor":27.0},{"not_picked":["bronze:WildBeam","bronze:Constructor"],"picked":"bronze:ChildClass","floor":28.0},{"not_picked":["bronze:Repulsor","bronze:Deprecate"],"picked":"bronze:FollowUp","floor":30.0},{"not_picked":["bronze:ItsAFeature","bronze:Deprecate"],"picked":"bronze:Terminator","floor":32.0},{"not_picked":["bronze:CutThrough+1"],"picked":"SKIP","floor":36},{"not_picked":["bronze:CutThrough+1"],"picked":"SKIP","floor":39},{"not_picked":[],"picked":"bronze:BugBarrage+1","floor":40},{"not_picked":["bronze:FollowUp+1"],"picked":"SKIP","floor":45},{"not_picked":["bronze:Shield+1"],"picked":"SKIP","floor":48},{"not_picked":["bronze:CutThrough+1"],"picked":"SKIP","floor":49},{"not_picked":[],"picked":"bronze:Constructor+1","floor":52}],"player_experience":1407308,"relics_obtained":[{"floor":7.0,"key":"HornCleat"},{"floor":10.0,"key":"Bag of Preparation"},{"floor":11.0,"key":"Odd Mushroom"},{"floor":12.0,"key":"bronze:BronzeIdol"},{"floor":21.0,"key":"Calipers"},{"floor":21.0,"key":"Mummified Hand"},{"floor":24.0,"key":"Kunai"},{"floor":28.0,"key":"Girya"},{"floor":31.0,"key":"Enchiridion"},{"floor":37,"key":"Incense Burner"},{"floor":38,"key":"downfall:GremlinWheel"},{"floor":46,"key":"Mango"},{"floor":52,"key":"Toy Ornithopter"},{"floor":54,"key":"Letter Opener"}],"event_choices":[{"damage_healed":21.0,"max_hp_gain":0.0,"max_hp_loss":0.0,"gold_gain":0.0,"event_name":"Big Fish","player_choice":"Banana","floor":4.0,"gold_loss":0.0,"damage_taken":0.0},{"damage_healed":0.0,"max_hp_gain":0.0,"max_hp_loss":0.0,"gold_gain":0.0,"event_name":"Mushrooms","player_choice":"Fought Mushrooms","floor":11.0,"gold_loss":0.0,"damage_taken":0.0},{"cards_removed":["bronze:Strike"],"damage_healed":0.0,"max_hp_gain":0.0,"max_hp_loss":0.0,"gold_gain":0.0,"event_name":"Bonfire Elementals","player_choice":"Offered Basic","floor":25.0,"gold_loss":0.0,"damage_taken":0.0},{"cards_removed":["bronze:Defend"],"damage_healed":0,"gold_gain":0,"player_choice":"Removed Skill","damage_taken":0,"max_hp_gain":0,"max_hp_loss":0,"event_name":"Falling","floor":44,"gold_loss":0},{"damage_healed":0,"gold_gain":0,"player_choice":"Relic","damage_taken":0,"max_hp_gain":0,"max_hp_loss":0,"event_name":"Wheel of Change","floor":54,"gold_loss":0}],"is_beta":false,"boss_relics":[{"not_picked":["Sozu","Runic Dome"],"picked":"bronze:ElectromagneticCoil"},{"not_picked":["Runic Pyramid","Empty Cage"],"picked":"Busted Crown"}],"items_purged_floors":[22],"is_endless":false,"potions_floor_spawned":[2,9,11,15,26,27,28,32,39,48,52],"ascension_level":0}}