{"host":"3e3mwsgb9gfqiuxm","time":1611654765,"event":{"mods":["Act Like it!","BaseMod","Colored Map","Colored Powertips","Downfall","Gensokyo","Hermit","Marisa????????","Minty Spire (QoL Compilation)","Replay The Spire","StSLib","The Animator","The Bug Knight","The Cursed","The Servant 0.9.4"],"gold_per_floor":[99,113,113,124,115,145,145],"floor_reached":6,"language":"ENG","playtime":399,"items_purged":["Pain"],"score":44,"play_id":"d1916a84-5f52-4672-9601-4adebc17e382","local_time":"20210126045245","is_ascension_mode":false,"campfire_choices":[{"data":"HollowMod:FocusHealStart","floor":1,"key":"SMITH"}],"circlet_count":0,"master_deck":["HollowMod:NailStrikeStart","HollowMod:NailStrikeStart","HollowMod:NailStrikeStart","HollowMod:NailStrikeStart","HollowMod:QuickDashStart","HollowMod:QuickDashStart","HollowMod:QuickDashStart","HollowMod:QuickDashStart","HollowMod:FocusHealStart+1","HollowMod:PogoStrike","HollowMod:DescendingDark","HollowMod:SoulSplash","HollowMod:SoulStrike","HollowMod:HuntersJournal","HollowMod:SoulEater"],"relics":["HollowMod:VesselMask","ReplayTheSpireMod:CursedCoin","Oddly Smooth Stone"],"acts_visited":["Exordium"],"potions_floor_usage":[5,5,6],"damage_taken":[{"damage":0,"enemies":"2 Louse","floor":2,"turns":2},{"damage":7,"enemies":"Cultist","floor":4,"turns":3},{"damage":0,"enemies":"downfall:FleeingMerchant","floor":5,"turns":4},{"damage":68,"enemies":"Lagavulin","floor":6,"turns":10}],"seed_played":"2197713919526034189","potions_obtained":[{"floor":2,"key":"Slimebound:ThreeZeroPotion"},{"floor":3,"key":"Languid Potion"},{"floor":3,"key":"champ:CounterPotion"}],"is_trial":false,"path_per_floor":["R","M","?","M","$","E"],"character_chosen":"THE_BUGKNIGHT","items_purchased":["ReplayTheSpireMod:CursedCoin","HollowMod:HuntersJournal"],"campfire_rested":0,"item_purchase_floors":[5,5],"current_hp_per_floor":[82,82,82,75,82,26,26],"gold":145,"neow_bonus":"TEN_PERCENT_HP_BONUS","is_daily":false,"chose_seed":false,"campfire_upgraded":1,"win_rate":0.0,"timestamp":1611654765,"path_taken":["R","M","?","?","$","E"],"items_purchased_type":["Relic","Card"],"build_version":"2020-12-22","purchased_purges":1,"victory":false,"max_hp_per_floor":[82,82,82,82,82,82,82],"card_choices":[{"not_picked":["HollowMod:HuntersJournal","HollowMod:MantisMark"],"picked":"HollowMod:DescendingDark","floor":2},{"not_picked":["HollowMod:ChannelNail","HollowMod:HowlingWraiths"],"picked":"HollowMod:SoulSplash","floor":4},{"not_picked":["HollowMod:ShadowDash","HollowMod:DesolateDive"],"picked":"HollowMod:SoulStrike","floor":5},{"not_picked":["HollowMod:BlackTendrils","HollowMod:NewGlowingWomb"],"picked":"HollowMod:SoulEater","floor":6}],"player_experience":1325724,"relics_obtained":[{"floor":6,"key":"Oddly Smooth Stone"}],"event_choices":[{"damage_healed":0,"gold_gain":0,"player_choice":"Got Potions","damage_taken":0,"max_hp_gain":0,"max_hp_loss":0,"event_name":"Lab","floor":3,"gold_loss":0}],"is_beta":false,"boss_relics":[],"items_purged_floors":[5],"is_endless":false,"potions_floor_spawned":[2],"killed_by":"Lagavulin","ascension_level":0}}