{"host":"wghdsg8ym2wc7ov9","time":1611629509,"event":{"mods":["AchievementEnabler","Astrologer","BaseMod","Beaked The Cultist","Better Altar","Better Note","ChefMod","Colored Map","Evolution","Fox Events","Hermit","Highlight Path","Jorbs\u0027s Wanderer Trilogy","KinomotoSakuraMod(????)","Minty Spire (QoL Compilation)","Random Character Button","Relic Stats","SIMod","Shop Mod","StSLib","The Blackbeard","The Bladedancer","The Construct","The Cursed","The Death Knight","The Gatherer","The Hierophant","The Marked","The Mystic","The Necromancer","The Runesmith","The Senshi","The Servant 0.9.4"],"gold_per_floor":[111,111,125,143,163,191,210,223,223,238,238,238,252,264,264,368,368,382,395,407,77,95,95,107,107,186,186,186,213,213,132,132,236,236,253,273,291,302,302,302,312,329,404,432,432,458,458,473,473,473,473,473,23,52,52,52],"floor_reached":55,"language":"ENG","playtime":13721,"items_purged":[],"score":757,"play_id":"a0498bb9-4c38-4d19-9b8e-f3be92fa10bc","local_time":"20210125185149","is_ascension_mode":false,"campfire_choices":[{"floor":12.0,"key":"REST"},{"floor":15.0,"key":"REST"},{"data":"theSenshi:MoonHealingEscalation","floor":23,"key":"SMITH"},{"data":"theSenshi:CrisisMakeUp","floor":25,"key":"SMITH"},{"data":"hermit:Maintenance","floor":30,"key":"SMITH"},{"data":"theSenshi:FatedKiss","floor":32,"key":"SMITH"},{"floor":40,"key":"RECALL"},{"data":"theSenshi:MoonCrisisMakeUp","floor":45,"key":"SMITH"},{"data":"theSenshi:MoonPower","floor":47,"key":"SMITH"},{"data":"theSenshi:SailorPlanetAttack","floor":49,"key":"SMITH"},{"data":"theSenshi:RainbowMoonHeartAche","floor":52,"key":"SMITH"}],"circlet_count":0,"master_deck":["theSenshi:SailorVenusAssists","theSenshi:SailorKick","theSenshi:SailorKick","theSenshi:SailorKick+1","theSenshi:SailorBlock","theSenshi:SailorBlock","theSenshi:SailorBlock+1","theSenshi:SailorBlock","theSenshi:RoseThrow","theSenshi:MoonPrismPowerMakeUp","theSenshi:TallSilhouette","theSenshi:SailorPlanetAttack+1","theSenshi:SailorUranusAssists","theSenshi:TallSilhouette","theSenshi:MoonGorgeousMeditation+1","theSenshi:MoonlightKnight","theSenshi:SailorVenusAssists","theSenshi:TuxedoMaskAssists","theSenshi:MoonTiaraMagic","theSenshi:RainbowMoonHeartAche+1","theSenshi:FatedKiss+1","theSenshi:PlutosSolemnity","theSenshi:MoonPrincessHalation","theSenshi:HesSoDreamy","theSenshi:CrisisMakeUp+1","theSenshi:MoonHealingEscalation+1","Sadistic Nature","theSenshi:SailorStarFighterAssists","theSenshi:TuxedoMaskAssists","hermit:Maintenance+1","theSenshi:MoonPunch","theSenshi:ChibiMoonsLove","theSenshi:MoonKick+1","theSenshi:MoonPower+1","theSenshi:SailorChibiMoonAssists","theSenshi:SailorV+1","theSenshi:VenusGlamour+1","Parasite","theSenshi:SaturnsMystery+1","theSenshi:MoonCrisisMakeUp+1","theSenshi:SailorChibiMoonAssists+1","theSenshi:MoonCrystalPowerMakeUp+1","Mayhem","theSenshi:TallSilhouette","theSenshi:SailorChibiMoonAssists+1"],"relics":["theSenshi:TransformationBroochRelic","EVO:Axolotl","Matryoshka","HornCleat","Bag of Preparation","Coffee Dripper","Eternal Feather","Nunchaku","Blood Vial","Pear","White Beast Statue","SlaversCollar","DeathKnight:SindragosasSkull","Vajra","Blood Vial","Toolbox","Turnip"],"acts_visited":["Exordium","TheCity","TheBeyond","TheEnding"],"potions_floor_usage":[18,20,29,29,33,38,41,42,44,46,48,50,50,50,50,50,50],"damage_taken":[{"damage":4.0,"enemies":"Jaw Worm","floor":1.0,"turns":4.0},{"damage":0.0,"enemies":"2 Louse","floor":3.0,"turns":3.0},{"damage":0.0,"enemies":"Cultist","floor":4.0,"turns":3.0},{"damage":12.0,"enemies":"Blue Slaver","floor":5.0,"turns":3.0},{"damage":10.0,"enemies":"Lagavulin","floor":6.0,"turns":8.0},{"damage":0.0,"enemies":"Exordium Thugs","floor":7.0,"turns":7.0},{"damage":2.0,"enemies":"2 Fungi Beasts","floor":8.0,"turns":3.0},{"damage":1.0,"enemies":"Large Slime","floor":10.0,"turns":5.0},{"damage":6.0,"enemies":"Gremlin Gang","floor":13.0,"turns":5.0},{"damage":7.0,"enemies":"Red Slaver","floor":14.0,"turns":3.0},{"damage":1.0,"enemies":"The Guardian","floor":16.0,"turns":15.0},{"damage":11,"enemies":"3 Byrds","floor":18,"turns":7},{"damage":6,"enemies":"Chosen","floor":19,"turns":4},{"damage":16,"enemies":"Snake Plant","floor":20,"turns":5},{"damage":13,"enemies":"Snecko","floor":22,"turns":5},{"damage":14,"enemies":"Shelled Parasite and Fungi","floor":24,"turns":8},{"damage":13,"enemies":"Book of Stabbing","floor":29,"turns":6},{"damage":61,"enemies":"Champ","floor":33,"turns":12},{"damage":30,"enemies":"3 Darklings","floor":35,"turns":6},{"damage":2,"enemies":"Orb Walker","floor":36,"turns":4},{"damage":0,"enemies":"Maw","floor":37,"turns":8},{"damage":16,"enemies":"Transient","floor":38,"turns":5},{"damage":7,"enemies":"4 Shapes","floor":41,"turns":13},{"damage":32,"enemies":"Writhing Mass","floor":42,"turns":9},{"damage":82,"enemies":"Giant Head","floor":44,"turns":10},{"damage":44,"enemies":"beaked:SuperParasite","floor":46,"turns":11},{"damage":8,"enemies":"Sphere and 2 Shapes","floor":48,"turns":4},{"damage":57,"enemies":"Awakened One","floor":50,"turns":12},{"damage":74,"enemies":"Shield and Spear","floor":54,"turns":6},{"damage":84,"enemies":"The Heart","floor":55,"turns":5}],"seed_played":"16912340513293830","potions_obtained":[{"floor":3.0,"key":"DuplicationPotion"},{"floor":7.0,"key":"DuplicationPotion"},{"floor":8.0,"key":"BlessingOfTheForge"},{"floor":10.0,"key":"EssenceOfSteel"},{"floor":14.0,"key":"BlessingOfTheForge"},{"floor":16.0,"key":"EssenceOfSteel"},{"floor":20,"key":"AttackPotion"},{"floor":24,"key":"BlessingOfTheForge"},{"floor":29,"key":"PowerPotion"},{"floor":33,"key":"construct:ShiftPotion"},{"floor":35,"key":"Energy Potion"},{"floor":36,"key":"DuplicationPotion"},{"floor":38,"key":"Fire Potion"},{"floor":41,"key":"AttackPotion"},{"floor":42,"key":"ColorlessPotion"},{"floor":44,"key":"EntropicBrew"},{"floor":46,"key":"DeathKnight:RimePotion"},{"floor":48,"key":"Dexterity Potion"},{"floor":54,"key":"Ancient Potion"}],"is_trial":false,"path_per_floor":["M","?","M","M","M","E","M","M","T","M","?","R","M","M","R","B",null,"M","M","M","$","M","R","M","R","T","?","?","E","R","?","R","B",null,"M","M","M","M","T","R","M","M","T","E","R","E","R","M","R","B",null,"R","$","E","B"],"character_chosen":"THE_SENSHI","items_purchased":["theSenshi:CrisisMakeUp","theSenshi:MoonHealingEscalation","Sadistic Nature","Toolbox","Energy Potion","Mayhem","theSenshi:TallSilhouette"],"campfire_rested":2,"item_purchase_floors":[21,21,21,53,53,53,53],"current_hp_per_floor":[78,62,62,62,50,40,40,38,38,37,37,61,55,48,72,71,82,71,65,49,49,41,41,37,37,37,37,16,25,43,43,61,12,92,82,92,92,76,76,92,92,70,70,10,34,36,60,56,80,72,92,92,92,38,0,0],"gold":52,"neow_bonus":"TEN_PERCENT_HP_BONUS","is_daily":false,"chose_seed":false,"campfire_upgraded":8,"win_rate":0.0,"timestamp":1611629509,"path_taken":["M","?","M","M","M","E","M","M","T","M","?","R","?","M","R","BOSS","M","M","M","$","M","R","M","R","T","?","?","E","R","?","R","BOSS","M","?","M","M","?","R","M","M","T","E","R","E","R","M","R","BOSS","R","$","E","BOSS"],"items_purchased_type":["Card","Card","Card","Relic","Potion","Card","Card"],"build_version":"2020-12-22","purchased_purges":0,"victory":false,"max_hp_per_floor":[82,82,82,82,82,82,82,82,82,82,82,82,82,82,82,82,82,82,82,82,82,82,82,82,82,82,82,82,92,92,92,92,92,92,92,92,92,92,92,92,92,92,92,92,92,92,92,92,92,92,92,92,92,92,92,92],"relic_stats":{"Blood Vial":22,"Nunchaku":[19],"counters":[30,199],"Eternal Feather":124,"Turnip":[2],"Bag of Preparation":[46],"obtain_stats":[{"Pear":29,"Vajra":44,"Eternal Feather":26,"Bag of Preparation":9,"EVO:Axolotl":0,"White Beast Statue":31,"Blood Vial":28,"SlaversCollar":34,"Nunchaku":26,"theSenshi:TransformationBroochRelic":0,"Matryoshka":6,"HornCleat":9,"Toolbox":53,"Turnip":54,"Coffee Dripper":17,"DeathKnight:SindragosasSkull":39},{"Pear":17,"Vajra":25,"Eternal Feather":16,"Bag of Preparation":7,"EVO:Axolotl":0,"White Beast Statue":17,"Blood Vial":16,"SlaversCollar":18,"Nunchaku":16,"theSenshi:TransformationBroochRelic":0,"Matryoshka":5,"HornCleat":7,"Toolbox":28,"Turnip":29,"Coffee Dripper":11,"DeathKnight:SindragosasSkull":22},{"Pear":94,"Vajra":161,"Eternal Feather":88,"Bag of Preparation":31,"EVO:Axolotl":0,"White Beast Statue":94,"Blood Vial":88,"SlaversCollar":106,"Nunchaku":88,"theSenshi:TransformationBroochRelic":0,"Matryoshka":21,"HornCleat":31,"Toolbox":188,"Turnip":194,"Coffee Dripper":59,"DeathKnight:SindragosasSkull":129}]},"card_choices":[{"not_picked":["theSenshi:SailorChibiMoonAssists","theSenshi:MoonPower"],"picked":"theSenshi:TallSilhouette","floor":1.0},{"not_picked":["theSenshi:KlutzyLuck","theSenshi:MoonPunch"],"picked":"theSenshi:SailorPlanetAttack","floor":3.0},{"not_picked":["theSenshi:MoonPunch","theSenshi:DramaticEntrance"],"picked":"theSenshi:SailorUranusAssists","floor":4.0},{"not_picked":["theSenshi:SchoolBag","theSenshi:MoonsReflection"],"picked":"theSenshi:TallSilhouette","floor":5.0},{"not_picked":["theSenshi:YouCanTalk","theSenshi:SailorStarMakerAssists"],"picked":"theSenshi:MoonGorgeousMeditation","floor":6.0},{"not_picked":["theSenshi:Overload","theSenshi:DramaticEntrance"],"picked":"theSenshi:MoonlightKnight","floor":7.0},{"not_picked":["theSenshi:EncouragingSpeech","theSenshi:SchoolBag"],"picked":"theSenshi:SailorVenusAssists","floor":8.0},{"not_picked":["theSenshi:DramaticEntrance","theSenshi:TallSilhouette"],"picked":"theSenshi:TuxedoMaskAssists","floor":10.0},{"not_picked":["theSenshi:LateForSchool","theSenshi:YouCanTalk"],"picked":"theSenshi:MoonTiaraMagic","floor":13.0},{"not_picked":["theSenshi:MoonPower","theSenshi:SupersonicWaves"],"picked":"theSenshi:RainbowMoonHeartAche","floor":14.0},{"not_picked":["theSenshi:InTheNameOfTheMoon","theSenshi:SilverMoonCrystalPowerKiss"],"picked":"theSenshi:FatedKiss","floor":16.0},{"not_picked":["theSenshi:MoonTiaraMagic","theSenshi:Overload+1"],"picked":"theSenshi:PlutosSolemnity","floor":18},{"not_picked":["theSenshi:OdangoHead","theSenshi:SchoolBag+1"],"picked":"theSenshi:MoonPrincessHalation","floor":19},{"not_picked":["theSenshi:TallSilhouette","theSenshi:SchoolBag+1"],"picked":"theSenshi:HesSoDreamy","floor":20},{"not_picked":["theSenshi:SailorVenusAssists+1","theSenshi:SailorPlutoAssists"],"picked":"theSenshi:SailorStarFighterAssists","floor":22},{"not_picked":["theSenshi:TuxedoSmokingBomber","theSenshi:EncouragingSpeech"],"picked":"theSenshi:TuxedoMaskAssists","floor":24},{"not_picked":["theSenshi:SailorMarsAssists","theSenshi:LunasBite"],"picked":"theSenshi:MoonPunch","floor":29},{"not_picked":["theSenshi:SailorCosmosAssists","theSenshi:StudyParty"],"picked":"theSenshi:ChibiMoonsLove","floor":33},{"not_picked":["theSenshi:MoonsReflection","theSenshi:MoonTiaraMagic"],"picked":"theSenshi:MoonKick+1","floor":35},{"not_picked":["theSenshi:SchoolBag+1","theSenshi:Overload"],"picked":"theSenshi:MoonPower","floor":36},{"not_picked":["theSenshi:SailorPlanetAttack+1","theSenshi:MoonKick"],"picked":"theSenshi:SailorChibiMoonAssists","floor":37},{"not_picked":["theSenshi:SailorMarsAssists","theSenshi:MoonPunch"],"picked":"theSenshi:SailorV+1","floor":38},{"not_picked":["theSenshi:MoonlightKnight","theSenshi:Sidestep"],"picked":"theSenshi:VenusGlamour+1","floor":41},{"not_picked":["theSenshi:Overload+1","theSenshi:SteeledNerves+1"],"picked":"theSenshi:SaturnsMystery+1","floor":42},{"not_picked":["theSenshi:SupersonicWaves+1","theSenshi:Sidestep+1"],"picked":"theSenshi:MoonCrisisMakeUp","floor":44},{"not_picked":["theSenshi:MoonPower+1","theSenshi:SailorVenusAssists"],"picked":"theSenshi:SailorChibiMoonAssists+1","floor":46},{"not_picked":["theSenshi:VenusGlamour","theSenshi:SailorMarsAssists"],"picked":"theSenshi:MoonCrystalPowerMakeUp+1","floor":48},{"not_picked":["theSenshi:SailorVenusAssists","theSenshi:MoonTiaraMagic"],"picked":"theSenshi:SailorChibiMoonAssists+1","floor":54}],"player_experience":754906,"relics_obtained":[{"floor":6.0,"key":"Matryoshka"},{"floor":9.0,"key":"HornCleat"},{"floor":9.0,"key":"Bag of Preparation"},{"floor":26,"key":"Eternal Feather"},{"floor":26,"key":"Nunchaku"},{"floor":29,"key":"Pear"},{"floor":39,"key":"DeathKnight:SindragosasSkull"},{"floor":44,"key":"Vajra"},{"floor":46,"key":"Blood Vial"},{"floor":54,"key":"Turnip"}],"event_choices":[{"damage_healed":0.0,"max_hp_gain":0.0,"max_hp_loss":0.0,"gold_gain":0.0,"event_name":"Shining Light","player_choice":"Entered Light","floor":2.0,"gold_loss":0.0,"damage_taken":16.0,"cards_upgraded":["theSenshi:SailorKick","theSenshi:SailorBlock"]},{"damage_healed":0.0,"max_hp_gain":0.0,"max_hp_loss":0.0,"gold_gain":0.0,"event_name":"Accursed Blacksmith","player_choice":"Forge","floor":11.0,"gold_loss":0.0,"damage_taken":0.0,"cards_upgraded":["theSenshi:MoonGorgeousMeditation"]},{"cards_removed":["theSenshi:MoonlightKnight"],"damage_healed":0,"gold_gain":0,"player_choice":"Take \u0026 Give","damage_taken":0,"max_hp_gain":0,"max_hp_loss":0,"event_name":"betterNote:BetterNote","floor":27,"gold_loss":0,"cards_obtained":["hermit:Maintenance"]},{"damage_healed":0,"gold_gain":0,"player_choice":" Vial ","damage_taken":21,"relics_obtained":["Blood Vial"],"max_hp_gain":37,"max_hp_loss":16,"event_name":"betterAltar:BetterAltar","floor":28,"potions_obtained":[],"relics_lost":[],"gold_loss":0},{"damage_healed":0,"gold_gain":0,"player_choice":"Paid Gold","damage_taken":0,"relics_obtained":["White Beast Statue"],"max_hp_gain":0,"max_hp_loss":0,"event_name":"WeMeetAgain","floor":31,"gold_loss":81}],"is_beta":false,"boss_relics":[{"not_picked":["Empty Cage","Runic Pyramid"],"picked":"Coffee Dripper"},{"not_picked":["Fusion Hammer","Astrolabe"],"picked":"SlaversCollar"}],"items_purged_floors":[],"is_endless":false,"potions_floor_spawned":[3,7,8,10,14,16,20,24,29,33,35,36,37,38,41,42,44,46,48,54],"killed_by":"The Heart","ascension_level":0}}