{"host":"d61fcf2p3sjwe6yo","time":1611659510,"event":{"mods":["AchievementEnabler","BaseMod","Colored Map","Downfall","Minty Spire (QoL Compilation)","StSLib","SuperFastMode"],"gold_per_floor":[99,119,129,148,298,333,357,383,393,412,312,412,312,330,350,449,449,449,459,470,470,570,602,653,653,673,701,331,331,348,367,385,482,482,482,339,351,367,146,173,197,197,207,557,571,601,501,548,560,560,560,588,157,157,157,157],"floor_reached":57,"language":"ENG","playtime":3592,"items_purged":["downfall:Icky","champ:Strike","champ:Strike","champ:Strike"],"score":1961,"play_id":"6fb53f9d-b9c1-4b67-8edf-275aad3084f1","local_time":"20210126141149","is_ascension_mode":true,"campfire_choices":[{"data":"champ:Taunt","floor":1,"key":"SMITH"},{"floor":11,"key":"RECALL"},{"floor":13,"key":"REST"},{"data":"champ:Improvising","floor":18,"key":"SMITH"},{"data":"champ:ShieldWall","floor":25,"key":"SMITH"},{"data":"champ:Execute","floor":29,"key":"SMITH"},{"data":"champ:Duel","floor":35,"key":"SMITH"},{"data":"champ:ShieldWall","floor":47,"key":"SMITH"},{"data":"expansioncontent:StudyTheSpire","floor":54,"key":"SMITH"}],"circlet_count":0,"master_deck":["AscendersBane","champ:Strike","champ:Defend","champ:Defend","champ:Defend","champ:Defend","champ:Execute+1","champ:Taunt+1","champ:FlashCut","champ:TornadoPunch","champ:Duel+1","champ:Improvising+1","champ:FocusedDefense","champ:ShieldWall+1","champ:MurderStrike+1","champ:DefensiveShout+1","champ:Duel+1","champ:MurderStrike+1","champ:Circumvent+1","champ:FlashCut+1","champ:ShieldWall","champ:RageSigil","champ:ShieldWall+1","expansioncontent:Chronoboost","champ:RageSigil","champ:FlashCut+1","champ:CheapShot+1","champ:ShieldWall","champ:Duel+1","expansioncontent:StudyTheSpire+1"],"relics":["champ:ChampionCrown","Bag of Marbles","Pen Nib","Molten Egg 2","downfall:HeartBlessingGreen","Potion Belt","downfall:HeartBlessingRed","Philosopher\u0027s Stone","champ:FightingForDummies","Ice Cream","Smiling Mask","Letter Opener","champ:SignatureFinisher","SacredBark","Membership Card","Mummified Hand","StrikeDummy","Bag of Preparation","Old Coin","Eternal Feather","downfall:HeartBlessingBlue","Dead Branch","bronze:BronzeIdol","Mercury Hourglass","Toy Ornithopter"],"acts_visited":["Exordium","TheCity","TheBeyond","TheEnding"],"potions_floor_usage":[8,8,12,16,16,20,20,27,33,33,36,38,50,55,56,56,56],"damage_taken":[{"damage":11,"enemies":"Cultist","floor":2,"turns":5},{"damage":22,"enemies":"Jaw Worm","floor":3,"turns":3},{"damage":2,"enemies":"2 Louse","floor":4,"turns":2},{"damage":29,"enemies":"3 Sentries","floor":6,"turns":9},{"damage":19,"enemies":"Lagavulin","floor":8,"turns":6},{"damage":0,"enemies":"Red Slaver","floor":9,"turns":2},{"damage":15,"enemies":"3 Louse","floor":10,"turns":3},{"damage":18,"enemies":"downfall:LadyInBlue","floor":12,"turns":9},{"damage":2,"enemies":"Exordium Thugs","floor":14,"turns":3},{"damage":10,"enemies":"Exordium Wildlife","floor":15,"turns":3},{"damage":44,"enemies":"DF_ARCHETYPE_STREAMLINE","floor":16,"turns":9},{"damage":18,"enemies":"Shell Parasite","floor":19,"turns":4},{"damage":10,"enemies":"3 Byrds","floor":20,"turns":3},{"damage":25,"enemies":"Slavers","floor":23,"turns":3},{"damage":11,"enemies":"Cultist and Chosen","floor":26,"turns":5},{"damage":10,"enemies":"Book of Stabbing","floor":27,"turns":4},{"damage":10,"enemies":"downfall:FleeingMerchant","floor":28,"turns":4},{"damage":21,"enemies":"Snecko","floor":30,"turns":4},{"damage":0,"enemies":"Snake Plant","floor":31,"turns":2},{"damage":10,"enemies":"Centurion and Healer","floor":32,"turns":3},{"damage":11,"enemies":"SI_MIRROR_ARCHETYPE","floor":33,"turns":9},{"damage":10,"enemies":"downfall:FleeingMerchant","floor":36,"turns":4},{"damage":0,"enemies":"Orb Walker","floor":37,"turns":2},{"damage":20,"enemies":"3 Darklings","floor":38,"turns":5},{"damage":0,"enemies":"downfall:FleeingMerchant","floor":39,"turns":3},{"damage":32,"enemies":"Reptomancer","floor":40,"turns":3},{"damage":9,"enemies":"Transient","floor":43,"turns":5},{"damage":23,"enemies":"Transient","floor":44,"turns":6},{"damage":0,"enemies":"Maw","floor":45,"turns":5},{"damage":0,"enemies":"Nemesis","floor":46,"turns":3},{"damage":19,"enemies":"2 Orb Walkers","floor":48,"turns":4},{"damage":7,"enemies":"Sphere and 2 Shapes","floor":49,"turns":4},{"damage":14,"enemies":"IC_BLOCK_ARCHETYPE","floor":50,"turns":9},{"damage":26,"enemies":"downfall:CharBossMerchant","floor":52,"turns":8},{"damage":128,"enemies":"downfall:NeowBoss","floor":55,"turns":17},{"damage":21,"enemies":"downfall:NeowBossFinal","floor":56,"turns":7}],"seed_played":"-1981834635492578366","potions_obtained":[{"floor":2,"key":"hexamod:SoulburnPotion"},{"floor":4,"key":"Energy Potion"},{"floor":9,"key":"Guardian:BlockOnCardUsePotion"},{"floor":10,"key":"Swift Potion"},{"floor":12,"key":"champ:CounterPotion"},{"floor":12,"key":"Fruit Juice"},{"floor":12,"key":"LiquidBronze"},{"floor":23,"key":"Guardian:BlockOnCardUsePotion"},{"floor":30,"key":"SkillPotion"},{"floor":32,"key":"SkillPotion"},{"floor":33,"key":"ColorlessPotion"},{"floor":37,"key":"Block Potion"},{"floor":40,"key":"FearPotion"},{"floor":43,"key":"SneckoOil"},{"floor":45,"key":"SteroidPotion"}],"is_trial":false,"path_per_floor":["R","M","M","M","?","E","T","E","M","M","R","?","R","M","M","B",null,"R","M","M","?","?","E","T","R","M","E","$","R","M","M","M","B",null,"R","$","M","M","$","E","T","?","M","?","M","E","R","?","M","B",null,"E","$","R","B","B",null],"character_chosen":"THE_CHAMP","items_purchased":["champ:SignatureFinisher","champ:ShieldWall","Membership Card","Mummified Hand","StrikeDummy","expansioncontent:Chronoboost","champ:RageSigil","Block Potion","Mercury Hourglass","Toy Ornithopter","champ:ShieldWall","champ:Duel+1","Ancient Potion","expansioncontent:StudyTheSpire"],"campfire_rested":1,"item_purchase_floors":[28,36,39,39,39,39,39,39,53,53,53,53,53,53],"current_hp_per_floor":[90,89,87,85,85,66,66,57,57,42,42,29,60,58,58,34,87,87,79,79,79,79,54,54,54,53,43,43,43,32,32,32,31,86,86,86,86,76,76,44,44,91,82,69,69,69,94,75,68,64,92,76,76,94,46,40],"gold":157,"neow_bonus":"TEN_PERCENT_HP_BONUS","is_daily":false,"chose_seed":false,"campfire_upgraded":7,"win_rate":0.0,"timestamp":1611659509,"path_taken":["R","M","?","M","?","E","T","E","M","M","R","?","R","M","M","BOSS","R","M","M","?","?","E","T","R","M","E","$","R","?","M","M","BOSS","R","$","M","M","$","E","T","?","M","?","M","E","R","?","M","BOSS","E","$","R","BOSS","BOSS"],"items_purchased_type":["Relic","Card","Relic","Relic","Relic","Card","Card","Potion","Relic","Relic","Card","Card","Potion","Card"],"build_version":"2020-12-22","purchased_purges":4,"victory":true,"max_hp_per_floor":[99,99,99,99,99,99,99,99,99,99,99,104,104,104,104,104,104,104,104,104,104,104,104,104,104,104,104,104,104,104,104,104,104,104,104,104,104,104,104,104,104,91,91,91,91,91,101,101,101,101,101,101,101,101,101,101],"card_choices":[{"not_picked":["champ:PreemptiveStrike","champ:RageSigil"],"picked":"champ:FlashCut","floor":2},{"not_picked":["champ:RageSigil","champ:CrookedStrike"],"picked":"champ:TornadoPunch","floor":3},{"not_picked":["champ:PerfectedStrike","champ:CalledShot"],"picked":"champ:Duel","floor":4},{"not_picked":["champ:FanOfKnives","champ:IgnorePain","champ:BladeFlurry"],"picked":"SKIP","floor":6},{"not_picked":["champ:HeartStrike+1","champ:Backstep"],"picked":"champ:Improvising","floor":8},{"not_picked":["champ:Circumvent","champ:StanceDance"],"picked":"champ:FocusedDefense","floor":9},{"not_picked":["champ:PerfectedStrike+1","champ:FancyFootwork","champ:Backstep"],"picked":"SKIP","floor":10},{"not_picked":["champ:BladeFlurry+1","champ:Parry","champ:EnragedBash+1"],"picked":"SKIP","floor":14},{"not_picked":["champ:PreciseThrust+1","champ:RageSigil"],"picked":"champ:ShieldWall","floor":15},{"not_picked":["champ:SteelEdge+1","champ:StrikeOfGenius"],"picked":"champ:MurderStrike+1","floor":16},{"not_picked":["champ:PerfectedStrike+1","champ:Circumvent"],"picked":"champ:DefensiveShout+1","floor":19},{"not_picked":["champ:Circumvent","champ:FancyFootwork","champ:ShieldSlam"],"picked":"SKIP","floor":20},{"not_picked":["champ:HeartStrike+1","champ:DefensiveShout+1","champ:GutPunch+1"],"picked":"SKIP","floor":23},{"not_picked":["champ:TornadoPunch+1","champ:CrookedStrike+1"],"picked":"champ:Duel+1","floor":26},{"not_picked":["champ:PerfectedStrike+1","champ:AdrenalArmor"],"picked":"champ:MurderStrike+1","floor":27},{"not_picked":["champ:GutPunch+1","champ:StanceDance","champ:AdrenalArmor"],"picked":"SKIP","floor":28},{"not_picked":["champ:GladiatorStyle","champ:FocusedDefense"],"picked":"champ:Circumvent+1","floor":30},{"not_picked":["champ:Backstep+1","champ:BerserkerStyle+1","champ:DefensiveShout"],"picked":"SKIP","floor":31},{"not_picked":["champ:RapidStrikes+1","champ:Parry"],"picked":"champ:FlashCut+1","floor":32},{"not_picked":["champ:CrownThrow+1","champ:FanOfKnives+1","champ:Shatter+1"],"picked":"SKIP","floor":36},{"not_picked":["champ:CrookedStrike+1","champ:CrownThrow+1"],"picked":"champ:RageSigil","floor":37},{"not_picked":["champ:Shatter+1","champ:RapidStrikes+1","champ:ShieldSigil"],"picked":"SKIP","floor":38},{"not_picked":["champ:FaceSlap+1","champ:PerfectedStrike+1"],"picked":"champ:ShieldWall","floor":39},{"not_picked":["champ:Backstep","champ:Encircle+1","champ:StanceDance+1"],"picked":"SKIP","floor":40},{"not_picked":["champ:Shatter+1","champ:BerserkersShout","champ:SwordThrow+1"],"picked":"SKIP","floor":43},{"not_picked":["champ:FancyFootwork","champ:PerfectedStrike+1","champ:Haymaker+1"],"picked":"SKIP","floor":45},{"not_picked":["champ:Shatter+1","champ:ArenaPreparation","champ:Circumvent"],"picked":"SKIP","floor":46},{"not_picked":["champ:AdrenalArmor+1","champ:Endure"],"picked":"champ:FlashCut+1","floor":49},{"not_picked":["champ:Backstep","champ:AdrenalArmor+1"],"picked":"champ:CheapShot+1","floor":52}],"player_experience":706906,"relics_obtained":[{"floor":6,"key":"Bag of Marbles"},{"floor":7,"key":"Pen Nib"},{"floor":8,"key":"Molten Egg 2"},{"floor":12,"key":"Potion Belt"},{"floor":23,"key":"Ice Cream"},{"floor":24,"key":"Smiling Mask"},{"floor":27,"key":"Letter Opener"},{"floor":40,"key":"Bag of Preparation"},{"floor":44,"key":"Old Coin"},{"floor":46,"key":"Eternal Feather"},{"floor":48,"key":"Dead Branch"},{"floor":52,"key":"bronze:BronzeIdol"}],"event_choices":[{"damage_healed":0,"gold_gain":0,"player_choice":"Fight","damage_taken":0,"max_hp_gain":0,"max_hp_loss":0,"event_name":"Mysterious Sphere","floor":48,"gold_loss":0}],"is_beta":false,"boss_relics":[{"not_picked":["Astrolabe","Cursed Key"],"picked":"Philosopher\u0027s Stone"},{"not_picked":["Runic Pyramid","Velvet Choker"],"picked":"SacredBark"}],"items_purged_floors":[28,36,39,53],"is_endless":false,"potions_floor_spawned":[2,4,9,10,23,30,32,33,37,40,43,45],"ascension_level":12}}