{"host":"uom2h1y0l20ikqvv","time":1611702230,"event":{"mods":["BaseMod","Downfall","Minty Spire (QoL Compilation)","StSLib"],"gold_per_floor":[114,166,241,241,25,60,60,88,114,125,135,22,22,35,35,135,135,149,182,97,115,3,3,19,19,44,44,5,19,32,45,45,144,144,156,171,24,24,24],"floor_reached":38,"language":"ENG","playtime":10167,"items_purged":[],"score":434,"play_id":"9c25b5a2-069e-4e4d-97e8-94c34636acc2","local_time":"20210126230350","is_ascension_mode":false,"campfire_choices":[{"data":"Self Repair","floor":7.0,"key":"SMITH"},{"data":"Magnetism","floor":13.0,"key":"SMITH"},{"floor":15.0,"key":"REST"},{"floor":23.0,"key":"REST"},{"floor":25.0,"key":"REST"},{"floor":27.0,"key":"REST"},{"floor":32.0,"key":"REST"}],"circlet_count":0,"master_deck":["Strike_B","Strike_B","Strike_B","Strike_B","Defend_B+1","Defend_B","Defend_B","Defend_B+1","Zap","Dualcast","Melter","Self Repair+1","Coolheaded+1","White Noise+1","Redo+1","Sweeping Beam","Beam Cell","Magnetism+1","Static Discharge","Doom and Gloom","Creative AI","Fusion+1","Double Energy+1","Coolheaded+1","Defragment","Skim+1","Melter","White Noise+1","Sweeping Beam","Amplify+1","Rainbow+1","Rip and Tear+1"],"relics":["Cracked Core","NeowsBlessing","Toxic Egg 2","Membership Card","White Beast Statue","Bottled Lightning","Toy Ornithopter","Snecko Eye","Red Mask","Matryoshka","War Paint","Pen Nib","Nunchaku","Inserter","Chemical X","PreservedInsect"],"acts_visited":["Exordium","TheCity","TheBeyond"],"potions_floor_usage":[38,38,38],"damage_taken":[{"damage":0.0,"enemies":"Small Slimes","floor":1.0,"turns":1.0},{"damage":0.0,"enemies":"3 Sentries","floor":6.0,"turns":1.0},{"damage":0.0,"enemies":"Gremlin Nob","floor":8.0,"turns":1.0},{"damage":6.0,"enemies":"Jaw Worm","floor":10.0,"turns":2.0},{"damage":0.0,"enemies":"Cultist","floor":11.0,"turns":3.0},{"damage":22.0,"enemies":"Large Slime","floor":14.0,"turns":5.0},{"damage":38.0,"enemies":"The Guardian","floor":16.0,"turns":10.0},{"damage":10.0,"enemies":"Spheric Guardian","floor":18.0,"turns":3.0},{"damage":78.0,"enemies":"Masked Bandits","floor":19.0,"turns":5.0},{"damage":6.0,"enemies":"Chosen","floor":21.0,"turns":4.0},{"damage":19.0,"enemies":"Snake Plant","floor":24.0,"turns":4.0},{"damage":3.0,"enemies":"Snecko","floor":29.0,"turns":7.0},{"damage":12.0,"enemies":"3 Cultists","floor":30.0,"turns":5.0},{"damage":12.0,"enemies":"Chosen and Byrds","floor":31.0,"turns":4.0},{"damage":57.0,"enemies":"Champ","floor":33.0,"turns":8.0},{"damage":24.0,"enemies":"3 Shapes","floor":35.0,"turns":3.0},{"damage":65.0,"enemies":"Orb Walker","floor":36.0,"turns":6.0},{"damage":28,"enemies":"Transient","floor":38,"turns":3}],"seed_played":"-100051539243094538","potions_obtained":[{"floor":1.0,"key":"SkillPotion"},{"floor":8.0,"key":"BlessingOfTheForge"},{"floor":10.0,"key":"Strength Potion"},{"floor":14.0,"key":"PotionOfCapacity"},{"floor":16.0,"key":"Dexterity Potion"},{"floor":19.0,"key":"Slimebound:ThreeZeroPotion"},{"floor":21.0,"key":"AttackPotion"},{"floor":24.0,"key":"SteroidPotion"},{"floor":33.0,"key":"champ:CounterPotion"},{"floor":35.0,"key":"SneckoOil"},{"floor":36.0,"key":"FocusPotion"}],"is_trial":false,"path_per_floor":["M","?","?","?","$","E","R","E","T","M","M","$","R","M","R","B",null,"M","?","?","M","$","R","M","R","T","R","$","M","M","M","R","B",null,"M","M","$","M"],"character_chosen":"DEFECT","items_purchased":["Self Repair","Membership Card","Coolheaded+1","Magnetism","Static Discharge","Defragment","War Paint","Melter","Chemical X","PreservedInsect"],"campfire_rested":5,"item_purchase_floors":[5,5,5,12,12,22,22,28,37,37],"current_hp_per_floor":[75,75,64,61,61,68,68,75,75,69,69,69,69,57,75,52,75,75,17,17,21,21,43,34,56,56,75,75,75,73,71,75,48,75,61,1,1,0,0],"gold":24,"neow_bonus":"THREE_ENEMY_KILL","is_daily":false,"chose_seed":false,"campfire_upgraded":2,"win_rate":0.0,"timestamp":1611702230,"path_taken":["M","?","?","?","$","E","R","E","T","?","M","$","R","M","R","BOSS","M","?","?","M","$","R","M","R","T","R","?","?","M","M","R","BOSS","M","M","$","M"],"items_purchased_type":["Card","Relic","Card","Card","Card","Card","Relic","Card","Relic","Relic"],"build_version":"2020-12-22","purchased_purges":0,"victory":false,"max_hp_per_floor":[75,75,75,75,75,75,75,75,75,75,75,75,75,75,75,75,75,75,75,75,75,75,75,75,75,75,75,75,75,75,75,75,75,75,75,75,75,75,75],"card_choices":[{"not_picked":["Auto Shields","Fusion"],"picked":"Melter","floor":1.0},{"not_picked":["Redo+1","Streamline"],"picked":"White Noise+1","floor":6.0},{"not_picked":["Fission+1","Streamline"],"picked":"Redo+1","floor":8.0},{"not_picked":["Go for the Eyes","Stack+1"],"picked":"Sweeping Beam","floor":10.0},{"not_picked":["Barrage","Sweeping Beam"],"picked":"Beam Cell","floor":11.0},{"not_picked":["Beam Cell","Gash"],"picked":"Doom and Gloom","floor":14.0},{"not_picked":["Fission+1","Machine Learning"],"picked":"Creative AI","floor":16.0},{"not_picked":["Double Energy+1","Gash"],"picked":"Fusion+1","floor":18.0},{"not_picked":["Blizzard","Steam+1"],"picked":"Double Energy+1","floor":19.0},{"not_picked":["Streamline","Reprogram+1"],"picked":"Coolheaded+1","floor":21.0},{"not_picked":["Undo+1","Heatsinks+1"],"picked":"Skim+1","floor":24.0},{"not_picked":["Force Field+1","Steam Power+1"],"picked":"White Noise+1","floor":29.0},{"not_picked":["Steam+1","Darkness+1"],"picked":"Sweeping Beam","floor":30.0},{"not_picked":["Stack+1","Go for the Eyes"],"picked":"Amplify+1","floor":31.0},{"not_picked":["Seek+1","Fission+1"],"picked":"Rainbow+1","floor":33.0},{"not_picked":["Steam Power+1","Sweeping Beam+1","Rebound"],"picked":"SKIP","floor":35.0},{"not_picked":["Go for the Eyes+1","Reinforced Body+1"],"picked":"Rip and Tear+1","floor":36.0}],"player_experience":45610,"relics_obtained":[{"floor":6.0,"key":"White Beast Statue"},{"floor":8.0,"key":"Bottled Lightning"},{"floor":9.0,"key":"Toy Ornithopter"},{"floor":19.0,"key":"Red Mask"},{"floor":26.0,"key":"Pen Nib"},{"floor":26.0,"key":"Nunchaku"}],"event_choices":[{"damage_healed":0.0,"max_hp_gain":0.0,"max_hp_loss":0.0,"gold_gain":52.0,"event_name":"Golden Wing","player_choice":"Gained Gold","floor":2.0,"gold_loss":0.0,"damage_taken":0.0},{"damage_healed":0.0,"max_hp_gain":0.0,"max_hp_loss":0.0,"gold_gain":75.0,"event_name":"World of Goop","player_choice":"Gather Gold","floor":3.0,"gold_loss":0.0,"damage_taken":11.0},{"damage_healed":0.0,"max_hp_gain":0.0,"max_hp_loss":0.0,"gold_gain":0.0,"event_name":"Scrap Ooze","player_choice":"Success","floor":4.0,"gold_loss":0.0,"damage_taken":3.0,"relics_obtained":["Toxic Egg 2"]},{"damage_healed":0.0,"max_hp_gain":0.0,"max_hp_loss":0.0,"gold_gain":0.0,"event_name":"Masked Bandits","player_choice":"Fought Bandits","floor":19.0,"gold_loss":0.0,"damage_taken":0.0},{"damage_healed":0.0,"max_hp_gain":0.0,"max_hp_loss":0.0,"gold_gain":0.0,"event_name":"Addict","player_choice":"Obtained Relic","floor":20.0,"gold_loss":85.0,"damage_taken":0.0,"relics_obtained":["Matryoshka"]}],"is_beta":false,"boss_relics":[{"not_picked":["Coffee Dripper","Ectoplasm"],"picked":"Snecko Eye"},{"not_picked":["Busted Crown","Astrolabe"],"picked":"Inserter"}],"items_purged_floors":[],"is_endless":false,"potions_floor_spawned":[1,8,10,11,14,16,18,19,21,24,29,30,31,33,35,36],"killed_by":"Transient","ascension_level":0}}