{"host":"3po7ngt2j61s4rmj","time":1611700625,"event":{"mods":["Act Like it!","BaseMod","Elementarium","JesterMod","Minty Spire (QoL Compilation)","Relic Stats","Shade Mod","StSLib"],"gold_per_floor":[113,128,78,91,101,135,135,235,261,261,275,288,300,319,319,423,423,437,33,52,62,81,81,81,106,178,178,188,188,198,198,198,300,300,318,338,338,338],"floor_reached":37,"language":"ENG","playtime":2997,"items_purged":[],"score":604,"play_id":"3713ae70-3f59-4f12-9954-6053e6031bf5","local_time":"20210126153705","is_ascension_mode":true,"campfire_choices":[{"floor":7,"key":"REST"},{"data":"Shade:OpenGraves","floor":10,"key":"SMITH"},{"floor":15,"key":"REST"},{"data":"Shade:FreshBones","floor":23,"key":"SMITH"},{"floor":27,"key":"REST"},{"data":"Forethought","floor":29,"key":"SMITH"},{"floor":32,"key":"REST"}],"circlet_count":0,"master_deck":["AscendersBane","Shade:Strike_Shade","Shade:Strike_Shade","Shade:Strike_Shade","Shade:Defend_Shade","Shade:Defend_Shade","Shade:Defend_Shade","Shade:Defend_Shade","Shade:AnimateDead","Shade:CarefulCut","Shade:SkeletonArmy","Shade:OpenGraves+1","Shade:FreshBones+1","Shade:Doomsay","Shade:FreshBones","Shade:WallOfFlesh","Shade:Patience","Shade:SkeletonArmy","Shade:Bonestorm","Shade:LoseControl","Shade:CloudOfShrapnel","Shade:CloudOfShrapnel+1","Shade:PressTheAttack","Forethought+1","Purity","Shade:FleshToFlesh+1","Shade:FleshLikeOak+1","Shade:SensePrey","Shade:SoulToxin+1","Shade:Premonition+1"],"relics":["Shade:YorickSkull","PreservedInsect","Bronze Scales","Philosopher\u0027s Stone","Pantograph","Orichalcum","Akabeko","Shuriken","Elementarium:ElementariumTrophy","Runic Pyramid"],"acts_visited":["Exordium","Exordium","TheBeyond"],"potions_floor_usage":[6,6,12,25,33],"damage_taken":[{"damage":2.0,"enemies":"Small Slimes","floor":1.0,"turns":3.0},{"damage":0.0,"enemies":"Cultist","floor":2.0,"turns":3.0},{"damage":9.0,"enemies":"2 Louse","floor":4.0,"turns":3.0},{"damage":8.0,"enemies":"Looter","floor":5.0,"turns":3.0},{"damage":32,"enemies":"3 Sentries","floor":6,"turns":7},{"damage":0,"enemies":"3 Louse","floor":11,"turns":3},{"damage":6,"enemies":"Large Slime","floor":12,"turns":3},{"damage":0,"enemies":"Blue Slaver","floor":13,"turns":4},{"damage":7,"enemies":"Looter","floor":14,"turns":2},{"damage":29,"enemies":"Slime Boss","floor":16,"turns":9},{"damage":5,"enemies":"Elementarium:2_ELEMENTALS","floor":18,"turns":2},{"damage":1,"enemies":"Elementarium:VoidCorruption","floor":20,"turns":3},{"damage":0,"enemies":"Elementarium:3_ELEMENTALS","floor":21,"turns":4},{"damage":0,"enemies":"Elementarium:CYCLONE_AND_LIVING_STORMCLOUD","floor":22,"turns":4},{"damage":38,"enemies":"Elementarium:FIRE_NOBILITY","floor":25,"turns":3},{"damage":0,"enemies":"Elementarium:VOID_CORRUPTION_AND_ORB_OF_FIRE","floor":28,"turns":3},{"damage":22,"enemies":"Elementarium:3_ELEMENTALS","floor":30,"turns":4},{"damage":19,"enemies":"Elementarium:GoldenDragon","floor":33,"turns":10},{"damage":7,"enemies":"3 Darklings","floor":35,"turns":5},{"damage":6,"enemies":"Orb Walker","floor":36,"turns":4},{"damage":51,"enemies":"2 Orb Walkers","floor":37,"turns":3}],"seed_played":"2666359479180409440","potions_obtained":[{"floor":1.0,"key":"LiquidBronze"},{"floor":2.0,"key":"EssenceOfSteel"},{"floor":11,"key":"EssenceOfSteel"},{"floor":12,"key":"Ancient Potion"},{"floor":13,"key":"PowerPotion"},{"floor":30,"key":"EssenceOfSteel"},{"floor":35,"key":"FearPotion"}],"is_trial":false,"path_per_floor":["M","M","?","M","M","E","R","?","T","R","M","M","M","M","R","B",null,"M","$","M","M","M","R","?","E","T","R","M","R","M","?","R","B",null,"M","M","?"],"character_chosen":"SHADE","items_purchased":["Pantograph","Orichalcum"],"campfire_rested":4,"item_purchase_floors":[19,19],"current_hp_per_floor":[63,63,63,54,46,14,35,35,35,35,35,29,29,22,43,14,57,52,52,51,51,51,51,51,13,13,34,34,34,12,12,33,39,63,56,50,0,0],"gold":338,"neow_bonus":"TEN_PERCENT_HP_BONUS","is_daily":false,"chose_seed":false,"campfire_upgraded":3,"win_rate":0.0,"timestamp":1611700625,"path_taken":["M","M","?","M","M","E","R","?","T","R","M","M","?","M","R","BOSS","M","?","M","?","?","R","?","E","T","R","M","R","M","?","R","BOSS","M","M","?"],"items_purchased_type":["Relic","Relic"],"build_version":"2020-12-22","purchased_purges":0,"victory":false,"max_hp_per_floor":[71,71,71,71,71,71,71,71,71,71,71,71,71,71,71,71,71,71,71,71,71,71,71,71,71,71,71,71,71,71,71,71,71,71,71,71,71,71],"relic_stats":{"counters":[21,85],"Shuriken":[4],"Bronze Scales":[211],"Pantograph":25,"PreservedInsect":51,"Orichalcum":[174],"obtain_stats":[{"Elementarium:ElementariumTrophy":33,"Shade:YorickSkull":0,"Shuriken":26,"Bronze Scales":9,"Pantograph":19,"Philosopher\u0027s Stone":17,"PreservedInsect":6,"Orichalcum":19,"Akabeko":25,"Runic Pyramid":34},{"Elementarium:ElementariumTrophy":18,"Shade:YorickSkull":0,"Shuriken":15,"Bronze Scales":5,"Pantograph":11,"Philosopher\u0027s Stone":10,"PreservedInsect":5,"Orichalcum":11,"Akabeko":15,"Runic Pyramid":18},{"Elementarium:ElementariumTrophy":73,"Shade:YorickSkull":0,"Shuriken":56,"Bronze Scales":19,"Pantograph":42,"Philosopher\u0027s Stone":40,"PreservedInsect":19,"Orichalcum":42,"Akabeko":56,"Runic Pyramid":73}]},"card_choices":[{"not_picked":["Shade:PressTheAttack","Shade:Excise"],"picked":"Shade:SkeletonArmy","floor":1.0},{"not_picked":["Shade:WallOfFlesh","Shade:Brains"],"picked":"Shade:OpenGraves","floor":2.0},{"not_picked":["Shade:Frenzy","Shade:Bonestorm"],"picked":"Shade:FreshBones","floor":4.0},{"not_picked":["Shade:FleshLikeOak","Shade:AncientSpear"],"picked":"Shade:Doomsay","floor":5.0},{"not_picked":["Shade:RitualOffering","Shade:Trample"],"picked":"Shade:FreshBones","floor":6},{"not_picked":["Shade:CoffinDance","Shade:ClawBack"],"picked":"Shade:WallOfFlesh","floor":11},{"not_picked":["Shade:GreyBargain","Shade:BoneShards"],"picked":"Shade:Patience","floor":12},{"not_picked":["Shade:SkeletonHug","Shade:Excise"],"picked":"Shade:SkeletonArmy","floor":13},{"not_picked":["Shade:GoDigging","Shade:GreyBargain"],"picked":"Shade:Bonestorm","floor":14},{"not_picked":["Shade:Consume","Shade:SoulPierce"],"picked":"Shade:LoseControl","floor":16},{"not_picked":["Shade:CommandSoldier","Shade:GreyBargain"],"picked":"Shade:CloudOfShrapnel","floor":18},{"not_picked":["Shade:SensePrey","Shade:WallOfFlesh"],"picked":"Shade:CloudOfShrapnel+1","floor":20},{"not_picked":["Shade:SpontaneousRitual","Shade:Bonestorm"],"picked":"Shade:PressTheAttack","floor":21},{"not_picked":["Shade:CoffinDance","Shade:Frenzy","Shade:Tombstone"],"picked":"SKIP","floor":22},{"not_picked":["Blind","Trip"],"picked":"Forethought","floor":24},{"not_picked":["The Bomb","Trip"],"picked":"Purity","floor":24},{"not_picked":["Shade:Frenzy","Shade:SoulToxin","Shade:ExtraLimbs"],"picked":"SKIP","floor":25},{"not_picked":["Shade:FeralStrike","Shade:FuneraryArmor"],"picked":"Shade:FleshToFlesh+1","floor":28},{"not_picked":["Shade:AncientSpear","Shade:Bonestorm"],"picked":"Shade:FleshLikeOak+1","floor":30},{"not_picked":["Shade:FeralStrike","Shade:PoundOfFlesh"],"picked":"Shade:SoulToxin+1","floor":35},{"not_picked":["Shade:FeralStrike+1","Shade:Doomsay"],"picked":"Shade:Premonition+1","floor":36}],"player_experience":1095627,"relics_obtained":[{"floor":6,"key":"PreservedInsect"},{"floor":9,"key":"Bronze Scales"},{"floor":25,"key":"Akabeko"},{"floor":26,"key":"Shuriken"}],"event_choices":[{"cards_removed":["Shade:Strike_Shade"],"damage_healed":0.0,"max_hp_gain":0.0,"max_hp_loss":0.0,"gold_gain":0.0,"event_name":"The Cleric","player_choice":"Card Removal","floor":3.0,"gold_loss":50.0,"damage_taken":0.0},{"damage_healed":0,"gold_gain":100,"player_choice":"Pray","damage_taken":0,"max_hp_gain":0,"max_hp_loss":0,"event_name":"Golden Shrine","floor":8,"gold_loss":0},{"damage_healed":0,"gold_gain":0,"player_choice":"Machinery","damage_taken":0,"max_hp_gain":0,"max_hp_loss":0,"event_name":"Elementarium:IncubationChamber","floor":24,"gold_loss":0},{"damage_healed":0,"gold_gain":0,"player_choice":"Read","damage_taken":0,"max_hp_gain":0,"max_hp_loss":0,"event_name":"Elementarium:LostScrolls","floor":31,"gold_loss":0,"cards_obtained":["Shade:SensePrey"]},{"damage_healed":0,"gold_gain":0,"player_choice":"Fight","damage_taken":0,"max_hp_gain":0,"max_hp_loss":0,"event_name":"Mysterious Sphere","floor":37,"gold_loss":0}],"is_beta":false,"boss_relics":[{"not_picked":["Pandora\u0027s Box","Empty Cage"],"picked":"Philosopher\u0027s Stone"},{"not_picked":["Coffee Dripper","Sozu"],"picked":"Runic Pyramid"}],"items_purged_floors":[],"is_endless":false,"potions_floor_spawned":[1,2,11,12,13,18,22,30,35],"killed_by":"2 Orb Walkers","ascension_level":11}}