{"host":"ttx8tv95o5vka1nm","time":1611631139,"event":{"mods":["AchievementEnabler","BaseMod","Colored Map","Downfall","Infinite Spire","Minty Spire (QoL Compilation)","Shop Mod","StSLib","The Jungle"],"gold_per_floor":[199,217,234,250,264,278,304,314,344,344,244,276,276,276,291,291,291,291],"floor_reached":16,"language":"ENG","playtime":1014,"items_purged":[],"score":114,"play_id":"b395f2ab-2142-406b-ae9d-9185522e659b","local_time":"20210126131859","is_ascension_mode":false,"campfire_choices":[{"floor":1,"key":"RECALL"},{"data":"bronze:Turbo","floor":11,"key":"SMITH"}],"circlet_count":0,"master_deck":["bronze:Strike","bronze:Strike","bronze:Strike+1","bronze:Defend","bronze:Defend","bronze:Defend","bronze:Defend","bronze:Replicate","bronze:Goto","bronze:Branch+1","bronze:Turbo+1","bronze:ChosenStrike","bronze:WildBeam","bronze:RecursiveStrike","bronze:Optimize","bronze:DarkDash","bronze:BugBarrage","Discovery","bronze:Goto","bronze:Invalidate"],"relics":["bronze:BronzeCore","bronze:SilverBullet","Orichalcum","downfall:HeartBlessingRed","Whetstone"],"acts_visited":["Exordium"],"potions_floor_usage":[8,16,16],"damage_taken":[{"damage":6,"enemies":"infinitespire:Voidling","floor":2,"turns":5},{"damage":0,"enemies":"Jaw Worm","floor":3,"turns":3},{"damage":0,"enemies":"2 Louse","floor":4,"turns":2},{"damage":15,"enemies":"Exordium Thugs","floor":5,"turns":6},{"damage":0,"enemies":"Exordium Wildlife","floor":6,"turns":4},{"damage":0,"enemies":"Red Slaver","floor":8,"turns":1},{"damage":6,"enemies":"Gremlin Nob","floor":9,"turns":3},{"damage":13,"enemies":"Lagavulin","floor":12,"turns":5},{"damage":0,"enemies":"Large Slime","floor":15,"turns":2},{"damage":32,"enemies":"WA_ARCHETYPE_RETAIN","floor":16,"turns":4}],"seed_played":"-7107546173913995901","potions_obtained":[{"floor":3,"key":"ColorlessPotion"},{"floor":5,"key":"BlessingOfTheForge"},{"floor":12,"key":"Explosive Potion"}],"is_trial":false,"path_per_floor":["R","M","M","M","M","M","T","M","E","?","R","E","?","?","M","B"],"character_chosen":"THE_AUTOMATON","items_purchased":[],"campfire_rested":0,"item_purchase_floors":[],"current_hp_per_floor":[70,64,64,64,49,49,49,49,43,43,43,30,30,30,30,0,0,0],"gold":291,"neow_bonus":"HUNDRED_GOLD","is_daily":false,"chose_seed":false,"campfire_upgraded":1,"win_rate":0.0,"timestamp":1611631139,"path_taken":["R","M","M","M","M","?","T","M","E","?","R","E","?","?","M","BOSS"],"items_purchased_type":[],"build_version":"2020-12-22","purchased_purges":0,"victory":false,"max_hp_per_floor":[70,70,70,70,70,70,70,70,70,70,70,70,70,70,70,70,70,70],"card_choices":[{"not_picked":["bronze:Separator","bronze:FollowUp"],"picked":"bronze:Branch","floor":2},{"not_picked":["bronze:Separator","bronze:NullPointer"],"picked":"bronze:Turbo","floor":3},{"not_picked":["bronze:Frontload","bronze:Shield"],"picked":"bronze:ChosenStrike","floor":4},{"not_picked":["bronze:ForLoop","bronze:Constructor"],"picked":"bronze:WildBeam","floor":5},{"not_picked":["bronze:WildBeam","bronze:FineTuning"],"picked":"bronze:RecursiveStrike","floor":6},{"not_picked":["bronze:Return","bronze:WildBeam"],"picked":"bronze:Optimize","floor":8},{"not_picked":["bronze:DigitalCarnage","bronze:Allocate"],"picked":"bronze:DarkDash","floor":9},{"not_picked":["bronze:MaxOutput","bronze:Constructor"],"picked":"bronze:BugBarrage","floor":12},{"not_picked":["bronze:GetLatest","bronze:BuggyMess"],"picked":"bronze:Invalidate","floor":15}],"player_experience":874903,"relics_obtained":[{"floor":7,"key":"bronze:SilverBullet"},{"floor":9,"key":"Orichalcum"},{"floor":12,"key":"Whetstone"}],"event_choices":[{"cards_removed":["bronze:Strike"],"damage_healed":0,"gold_gain":0,"player_choice":"Forget","damage_taken":0,"max_hp_gain":0,"max_hp_loss":0,"event_name":"Living Wall","floor":13,"gold_loss":0}],"is_beta":false,"boss_relics":[],"items_purged_floors":[],"is_endless":false,"potions_floor_spawned":[3,5,12],"killed_by":"WA_ARCHETYPE_RETAIN","ascension_level":0}}