{"host":"l84l8xigz5v5foa2","time":1611636291,"event":{"mods":["2.2 Compatiblity","AchievementEnabler","BaseMod","Better Note","Better Vampires","Card Filter","Colored Map","DeckTracker","Downfall","Gremlin Skip","Highlight Path","Keyboard Shortcuts","Minty Spire (QoL Compilation)","Permanent Neow","Quick Restart","Relic Filter","Relic Stats","StSLib","SuperFastMode","Transform Curses","Unknown Chances"],"gold_per_floor":[99,112,130,40,51,51,51,51,83,103,115,15,40,57,79,79,79,79],"floor_reached":16,"language":"ENG","playtime":740,"items_purged":["Writhe"],"score":212,"play_id":"1d66ef70-7f0e-444d-9179-209e1c968bba","local_time":"20210126134451","is_ascension_mode":true,"campfire_choices":[{"data":"hexamod:Float","floor":1.0,"key":"SMITH"},{"data":"hexamod:NecessarySacrifice","floor":6.0,"key":"SMITH"},{"data":"hexamod:Rewind","floor":12.0,"key":"SMITH"}],"circlet_count":0,"master_deck":["AscendersBane","hexamod:Strike","hexamod:Strike","hexamod:Strike","hexamod:Strike","hexamod:Defend","hexamod:Defend","hexamod:Defend","hexamod:Defend","hexamod:Sear","hexamod:Float+1","hexamod:TimeOfNeed","hexamod:ThirdSeal","hexamod:NecessarySacrifice+1","hexamod:ThermalTransfer","hexamod:HeatMetal","hexamod:WildfireWeapon","hexamod:InspiringFlames","hexamod:ShieldOfDarkness","hexamod:FifthSeal","hexamod:HeatMetal","hexamod:Rewind+1","hexamod:FourthSeal","hexamod:HauntingEcho","hexamod:SecondSeal","hexamod:GhostShield","hexamod:Hexaguard","hexamod:FourthSeal","hexamod:FirstSeal","hexamod:PhantomCloak+1","hexamod:FourthSeal"],"relics":["hexamod:SpiritBrand","Frozen Egg 2","Potion Belt","downfall:HeartBlessingGreen"],"acts_visited":["Exordium"],"potions_floor_usage":[14,16,16],"damage_taken":[{"damage":7.0,"enemies":"Jaw Worm","floor":2.0,"turns":3.0},{"damage":0.0,"enemies":"Cultist","floor":3.0,"turns":3.0},{"damage":5.0,"enemies":"downfall:FleeingMerchant","floor":4.0,"turns":4.0},{"damage":2.0,"enemies":"Small Slimes","floor":5.0,"turns":4.0},{"damage":10.0,"enemies":"Gremlin Nob","floor":9.0,"turns":3.0},{"damage":9.0,"enemies":"3 Louse","floor":10.0,"turns":5.0},{"damage":1.0,"enemies":"2 Fungi Beasts","floor":11.0,"turns":3.0},{"damage":16.0,"enemies":"Exordium Wildlife","floor":13.0,"turns":7.0},{"damage":0,"enemies":"Red Slaver","floor":14,"turns":3},{"damage":0,"enemies":"Large Slime","floor":15,"turns":6},{"damage":14,"enemies":"SI_SHIV_ARCHETYPE","floor":16,"turns":7}],"seed_played":"-1602347582915936959","potions_obtained":[{"floor":2.0,"key":"SmokeBomb"},{"floor":5.0,"key":"Block Potion"},{"floor":8.0,"key":"FearPotion"},{"floor":8.0,"key":"Slimebound:ThreeZeroPotion"},{"floor":11.0,"key":"hexamod:SoulburnPotion"},{"floor":11.0,"key":"SpeedPotion"},{"floor":13.0,"key":"PowerPotion"},{"floor":13.0,"key":"BlessingOfTheForge"},{"floor":15,"key":"Energy Potion"},{"floor":15,"key":"Block Potion"}],"is_trial":false,"path_per_floor":["R","M","M","$","M","R","T","?","E","M","M","R","M","M","M","B"],"character_chosen":"THE_SPIRIT","items_purchased":[],"campfire_rested":0,"item_purchase_floors":[],"current_hp_per_floor":[57,50,50,45,43,43,43,43,33,24,23,23,7,7,14,0,0,0],"gold":79,"neow_bonus":"THREE_RARE_CARDS","is_daily":false,"chose_seed":false,"campfire_upgraded":3,"win_rate":0.0,"timestamp":1611636291,"path_taken":["R","M","M","$","M","R","T","?","E","M","M","R","?","M","M","BOSS"],"items_purchased_type":[],"build_version":"2020-12-22","purchased_purges":1,"victory":false,"max_hp_per_floor":[63,63,63,63,63,63,63,63,63,63,63,63,63,63,63,63,63,63],"relic_stats":{"counters":[11,48],"obtain_stats":[{"Potion Belt":9,"downfall:HeartBlessingGreen":12,"Frozen Egg 2":7,"hexamod:SpiritBrand":0},{"Potion Belt":5,"downfall:HeartBlessingGreen":7,"Frozen Egg 2":4,"hexamod:SpiritBrand":0},{"Potion Belt":17,"downfall:HeartBlessingGreen":25,"Frozen Egg 2":14,"hexamod:SpiritBrand":0}]},"card_choices":[{"not_picked":["hexamod:FlameSwitch","hexamod:WildfireWeapon"],"picked":"hexamod:TimeOfNeed","floor":0.0},{"not_picked":["hexamod:NightmareStrike","hexamod:SuperheatedStrike"],"picked":"hexamod:ThirdSeal","floor":2.0},{"not_picked":["hexamod:Firestarter","hexamod:ShieldOfDarkness"],"picked":"hexamod:NecessarySacrifice","floor":3.0},{"not_picked":["hexamod:BurningTouch","hexamod:BacktrackSmack"],"picked":"hexamod:ThermalTransfer","floor":3.0},{"not_picked":["hexamod:ShieldOfDarkness","hexamod:WildfireWeapon"],"picked":"hexamod:HeatMetal","floor":4.0},{"not_picked":["hexamod:BurningTouch","hexamod:ShieldOfDarkness"],"picked":"hexamod:WildfireWeapon","floor":4.0},{"not_picked":["hexamod:SpectralSpark","hexamod:HeatMetal"],"picked":"hexamod:InspiringFlames","floor":5.0},{"not_picked":["hexamod:SpectralSpark","hexamod:AdvancingGuard"],"picked":"hexamod:ShieldOfDarkness","floor":5.0},{"not_picked":["hexamod:Hexaguard","hexamod:SwordOfDarkness"],"picked":"hexamod:FifthSeal","floor":9.0},{"not_picked":["hexamod:BacktrackSmack","hexamod:SwordOfDarkness"],"picked":"hexamod:HeatMetal","floor":9.0},{"not_picked":["hexamod:HeatShield","hexamod:SpectersWail"],"picked":"hexamod:Rewind","floor":10.0},{"not_picked":["hexamod:SixthSeal","hexamod:FirstSeal"],"picked":"hexamod:FourthSeal","floor":10.0},{"not_picked":["hexamod:ShieldOfDarkness","hexamod:NightmareGuise"],"picked":"hexamod:HauntingEcho","floor":10.0},{"not_picked":["hexamod:GhostflameBarrier","hexamod:AdvancingGuard"],"picked":"hexamod:SecondSeal","floor":11.0},{"not_picked":["hexamod:InspiringFlames","hexamod:Haunt","hexamod:Firestarter"],"picked":"SKIP","floor":11.0},{"not_picked":["hexamod:Incineration","hexamod:RetreatToShadows"],"picked":"hexamod:GhostShield","floor":13.0},{"not_picked":["hexamod:SoulSteal","hexamod:HeatCrush"],"picked":"hexamod:Hexaguard","floor":13.0},{"not_picked":["hexamod:FirstSeal","hexamod:ThirdSeal"],"picked":"hexamod:FourthSeal","floor":14},{"not_picked":["hexamod:HeatMetal","hexamod:BurningTouch"],"picked":"hexamod:FirstSeal","floor":14},{"not_picked":["hexamod:GhostLash","hexamod:SuperheatedStrike"],"picked":"hexamod:PhantomCloak+1","floor":15},{"not_picked":["hexamod:SpectersWail","hexamod:SpectralSpark"],"picked":"hexamod:FourthSeal","floor":15}],"player_experience":3409200,"relics_obtained":[{"floor":7.0,"key":"Frozen Egg 2"},{"floor":9.0,"key":"Potion Belt"}],"event_choices":[{"damage_healed":0.0,"max_hp_gain":0.0,"max_hp_loss":0.0,"gold_gain":0.0,"event_name":"Lab","player_choice":"Got Potions","floor":8.0,"gold_loss":0.0,"damage_taken":0.0}],"is_beta":false,"boss_relics":[],"items_purged_floors":[4],"is_endless":false,"potions_floor_spawned":[2,5,11,13,15],"killed_by":"SI_SHIV_ARCHETYPE","ascension_level":20}}