{"host":"xp5rvh2jwe2ejyfm","time":1611692026,"event":{"mods":["Aspiration","BaseMod","BetterRewards","Colored Powertips","Conspire","Downfall","Duelist Mod","GifTheSpireLib","Gremlin Mod","Hermit","Hubris","Minty Spire (QoL Compilation)","Robot Space Explorer","StSLib","The Blackbeard","The Clintock","The Construct","The Cursed","The Disciple","The Forsaken","The Hierophant","The Necromancer","The Runesmith","The Servant 0.9.4"],"gold_per_floor":[111,131,148,164,339,373,373,390,390,390,390,390,390,390,390,492,492,509,520,539,539,558,591,541,541,541,575,575,593,593,593],"floor_reached":30,"language":"ENG","playtime":1338,"items_purged":[],"score":352,"play_id":"6b8f5ee9-6d1c-4b74-8882-3ea7ec401783","local_time":"20210126151346","is_ascension_mode":false,"campfire_choices":[{"data":"TheCursedMod:CursedWand","floor":7,"key":"SMITH"},{"floor":10,"key":"REST"},{"floor":12,"key":"RECALL"},{"floor":15,"key":"REST"},{"floor":25,"key":"REST"},{"floor":28,"key":"REST"}],"circlet_count":0,"master_deck":["TheCursedMod:Strike_TheCursed","TheCursedMod:Strike_TheCursed","TheCursedMod:Strike_TheCursed","TheCursedMod:Strike_TheCursed","TheCursedMod:Defend_TheCursed","TheCursedMod:Defend_TheCursed","TheCursedMod:Defend_TheCursed","TheCursedMod:Defend_TheCursed","TheCursedMod:CursedWand+1","TheCursedMod:CleanUpWorkshop","TheCursedMod:Dregs","TheCursedMod:CircleOfCorruption","TheCursedMod:LuckyCharm","TheCursedMod:SoulReap","TheCursedMod:CursedSpellbook","TheCursedMod:CursedBlade","TheCursedMod:Hemoplague","Doubt","TheCursedMod:SmokeScreen+1","TheCursedMod:CursedShiv","Regret","TheCursedMod:CircleOfAbyss","TheCursedMod:AbyssShockwave","TheCursedMod:CircleOfCorruption","TheCursedMod:SpitefulStrike+1","TheCursedMod:EmpowerCircles","conspire:SpireCoStock","TheCursedMod:CursedBlade","TheCursedMod:WearCloak+1"],"relics":["TheCursedMod:BlackMagicAdvanced","Happy Flower","Boot","Singing Bowl","TheCursedMod:MagicCandle","hubris:Towel","aspiration:DSix","Kunai","construct:RocketBooster"],"acts_visited":["Exordium","TheCity"],"potions_floor_usage":[6,20,23,23],"damage_taken":[{"damage":1,"enemies":"Jaw Worm","floor":1,"turns":4},{"damage":0,"enemies":"Small Slimes","floor":2,"turns":4},{"damage":0,"enemies":"conspire:RoseBush","floor":3,"turns":2},{"damage":7,"enemies":"3 Louse","floor":4,"turns":2},{"damage":46,"enemies":"3 Sentries","floor":6,"turns":10},{"damage":10,"enemies":"Looter","floor":8,"turns":3},{"damage":41,"enemies":"Hexaghost","floor":16,"turns":9},{"damage":9,"enemies":"3 Byrds","floor":18,"turns":5},{"damage":21,"enemies":"2 Thieves","floor":19,"turns":4},{"damage":20,"enemies":"Snecko","floor":20,"turns":6},{"damage":7,"enemies":"Sentry and Sphere","floor":22,"turns":5},{"damage":30,"enemies":"conspire:SneckoGhost","floor":23,"turns":9},{"damage":25,"enemies":"Shelled Parasite and Fungi","floor":27,"turns":6},{"damage":26,"enemies":"Centurion and Healer","floor":29,"turns":7},{"damage":11,"enemies":"3 Cultists","floor":30,"turns":3}],"seed_played":"1997613362860435198","potions_obtained":[{"floor":2,"key":"Ancient Potion"},{"floor":4,"key":"Regen Potion"},{"floor":6,"key":"Slimebound:ThreeZeroPotion"},{"floor":16,"key":"BlessingOfTheForge"},{"floor":22,"key":"SneckoOil"}],"is_trial":false,"path_per_floor":["M","M","M","M","?","E","R","M","T","R","?","R","?","?","R","B",null,"M","M","M","?","M","E","?","R","T","M","R","M","M"],"character_chosen":"THE_CURSED","items_purchased":["Happy Flower","Boot","TheCursedMod:CircleOfCorruption","TheCursedMod:LuckyCharm"],"campfire_rested":4,"item_purchase_floors":[0,0,0,0],"current_hp_per_floor":[59,64,64,57,57,31,31,26,26,48,48,48,48,48,70,34,75,71,52,37,37,30,1,1,24,24,4,27,6,0,0],"gold":593,"neow_bonus":"","is_daily":false,"chose_seed":false,"campfire_upgraded":1,"win_rate":0.0,"timestamp":1611692026,"path_taken":["M","M","M","M","?","E","R","M","T","R","?","R","?","?","R","BOSS","M","M","M","?","M","E","?","R","T","M","R","M","M"],"items_purchased_type":["Relic","Relic","Card","Card"],"build_version":"2020-12-22","purchased_purges":0,"victory":false,"max_hp_per_floor":[75,75,75,75,75,75,75,75,75,75,75,75,75,75,75,75,75,75,77,77,77,77,77,77,77,77,77,77,77,77,77],"card_choices":[{"not_picked":["TheCursedMod:SurpriseAttack","TheCursedMod:SmokeScreen"],"picked":"TheCursedMod:SoulReap","floor":1},{"not_picked":["TheCursedMod:Grudge","TheCursedMod:Stretching"],"picked":"TheCursedMod:CursedSpellbook","floor":2},{"not_picked":["TheCursedMod:CursedBoomerang","TheCursedMod:TroublousMinions"],"picked":"TheCursedMod:CursedBlade","floor":3},{"not_picked":["TheCursedMod:VitalStrike","TheCursedMod:SpitefulStrike"],"picked":"TheCursedMod:Hemoplague","floor":4},{"not_picked":["TheCursedMod:WearCloak","TheCursedMod:CursedStaff"],"picked":"TheCursedMod:SmokeScreen","floor":6},{"not_picked":["TheCursedMod:SurpriseAttack","TheCursedMod:RavingStaff"],"picked":"TheCursedMod:CursedShiv","floor":8},{"not_picked":["TheCursedMod:DarkBarrier","TheCursedMod:UltimatePain"],"picked":"TheCursedMod:CircleOfAbyss","floor":16},{"not_picked":["TheCursedMod:DoubleShield","TheCursedMod:Obscuration+1"],"picked":"TheCursedMod:AbyssShockwave","floor":18},{"not_picked":["TheCursedMod:Evocation","TheCursedMod:Obscuration","TheCursedMod:SurpriseAttack+1"],"picked":"Singing Bowl","floor":19},{"not_picked":["TheCursedMod:FuryStrike+1","TheCursedMod:Wield+1"],"picked":"TheCursedMod:CircleOfCorruption","floor":20},{"not_picked":["TheCursedMod:WearCloak","TheCursedMod:Stretching"],"picked":"TheCursedMod:SpitefulStrike+1","floor":22},{"not_picked":["TheCursedMod:WearCloak","TheCursedMod:CollectTribute"],"picked":"TheCursedMod:EmpowerCircles","floor":23},{"not_picked":["TheCursedMod:WearCloak","TheCursedMod:CursedShiv"],"picked":"TheCursedMod:CursedBlade","floor":27},{"not_picked":["TheCursedMod:EmpowerCircles","TheCursedMod:CursedArmor"],"picked":"TheCursedMod:WearCloak+1","floor":29}],"player_experience":356182,"relics_obtained":[{"floor":6,"key":"Singing Bowl"},{"floor":9,"key":"TheCursedMod:MagicCandle"},{"floor":23,"key":"Kunai"},{"floor":26,"key":"construct:RocketBooster"}],"event_choices":[{"damage_healed":0,"gold_gain":175,"player_choice":"AGREE","damage_taken":0,"max_hp_gain":0,"max_hp_loss":0,"event_name":"Liars Game","floor":5,"gold_loss":0,"cards_obtained":["Doubt"]},{"damage_healed":0,"gold_gain":0,"player_choice":"Box","damage_taken":0,"relics_obtained":["aspiration:DSix"],"max_hp_gain":0,"max_hp_loss":0,"event_name":"Big Fish","floor":13,"gold_loss":0,"cards_obtained":["Regret"]},{"damage_healed":0,"gold_gain":0,"player_choice":"Invest 1","damage_taken":0,"max_hp_gain":0,"max_hp_loss":0,"event_name":"conspire:Investor","floor":24,"gold_loss":0}],"is_beta":false,"boss_relics":[{"not_picked":["SacredBark","conspire:SeveredTorchhead"],"picked":"TheCursedMod:BlackMagicAdvanced"}],"items_purged_floors":[],"is_endless":false,"potions_floor_spawned":[2,4,6,16,22],"killed_by":"3 Cultists","ascension_level":0}}