{"host":"r5cycnjhcbwgkpkf","time":1611634802,"event":{"mods":["2.2 Compatiblity","AchievementEnabler","BaseMod","Bestiary","Better Match","Better Note","Better Skull","Better Third Choice","BetterRewards","Colored Map","Colored Powertips","Downfall","Infinite Spire","Minty Spire (QoL Compilation)","Spicy Shops","StSLib"],"gold_per_floor":[113,132,132,132,132,132,163,180,180,180,180,180,180,192,192,267,267,277,293,293,293,293,293,313,313,336,336,336,336],"floor_reached":28,"language":"ENG","playtime":1173,"items_purged":[],"score":518,"play_id":"d4c3feab-4e84-48ef-9cd7-3ac474e4ea99","local_time":"20210125202002","is_ascension_mode":true,"campfire_choices":[{"floor":6,"key":"REST"},{"data":"White Noise","floor":6,"key":"SMITH"},{"floor":10,"key":"REST"},{"data":"sneckomod:UnknownClassBLUE","floor":10,"key":"SMITH"},{"floor":12,"key":"REST"},{"data":"Conserve Battery","floor":12,"key":"SMITH"},{"data":"sneckomod:UnknownClassBLUE","floor":15,"key":"SMITH"},{"floor":23,"key":"REST"},{"data":"Blasphemy","floor":23,"key":"SMITH"},{"floor":27,"key":"REST"},{"data":"Dualcast","floor":27,"key":"SMITH"}],"circlet_count":0,"master_deck":["AscendersBane","Strike_B","Strike_B","Strike_B","Strike_B","Defend_B","Defend_B","Defend_B","Defend_B","Zap+1","Dualcast+1","Conserve Battery+1","White Noise+1","sneckomod:UnknownClassINFINITE_BLACK+1","sneckomod:UnknownClassBLUE+1","sneckomod:UnknownClassBLUE+1","Blasphemy+1"],"relics":["Cracked Core","PrismaticShard","infinitespire:Magic Flask","OrangePellets","MealTicket","infinitespire:Lucky Rock","Blue Candle","Bag of Marbles","Strawberry","Vajra","Sozu","Orrery","Toy Ornithopter"],"acts_visited":["Exordium","TheCity"],"potions_floor_usage":[],"damage_taken":[{"damage":2,"enemies":"Small Slimes","floor":1,"turns":4},{"damage":0,"enemies":"Jaw Worm","floor":2,"turns":2},{"damage":19,"enemies":"Lagavulin","floor":7,"turns":9},{"damage":0,"enemies":"2 Louse","floor":8,"turns":2},{"damage":0,"enemies":"Large Slime","floor":14,"turns":3},{"damage":53,"enemies":"Hexaghost","floor":16,"turns":8},{"damage":25,"enemies":"Chosen","floor":18,"turns":5},{"damage":17,"enemies":"Spheric Guardian","floor":19,"turns":5},{"damage":29,"enemies":"Shelled Parasite and Fungi","floor":24,"turns":4},{"damage":100047,"enemies":"Snecko","floor":28,"turns":6}],"seed_played":"-7789466446884186135","potions_obtained":[{"floor":2,"key":"Energy Potion"},{"floor":8,"key":"hexamod:SoulburnPotion"}],"is_trial":false,"path_per_floor":["M","M","?","?","?","R","E","M","T","R","?","R","?","M","R","B",null,"M","M","AVR","?","?","R","M","?","T","R","M"],"character_chosen":"DEFECT","items_purchased":["PrismaticShard","Conserve Battery","White Noise","infinitespire:Magic Flask","OrangePellets","MealTicket"],"campfire_rested":5,"item_purchase_floors":[0,0,0,0,0,0],"current_hp_per_floor":[42,42,27,20,15,37,18,18,25,49,49,73,78,78,78,25,72,47,30,30,30,30,56,27,27,27,53,0,0],"gold":336,"neow_bonus":"","is_daily":false,"chose_seed":false,"campfire_upgraded":6,"win_rate":0.0,"timestamp":1611634802,"path_taken":["M","M","?","?","?","R","E","?","T","R","?","R","?","M","R","BOSS","M","M","AVR","?","?","R","M","?","T","R","M"],"items_purchased_type":["Relic","Card","Card","Relic","Relic","Relic"],"build_version":"2020-12-22","purchased_purges":0,"victory":false,"max_hp_per_floor":[75,75,75,75,75,75,75,75,82,82,82,82,87,87,87,87,87,87,87,87,87,87,87,87,87,87,87,87,87],"card_choices":[{"not_picked":["bronze:Turbo","bronze:CutThrough","Beam Cell"],"picked":"SKIP","floor":1},{"not_picked":["Escape Plan","expansioncontent:Chronoboost"],"picked":"sneckomod:UnknownClassINFINITE_BLACK","floor":2},{"not_picked":["Slimebound:GoopTackle","hexamod:ShieldOfDarkness"],"picked":"sneckomod:UnknownClassBLUE","floor":7},{"not_picked":["hexamod:GhostShield","Steam Power","Grand Finale"],"picked":"SKIP","floor":8},{"not_picked":["Stack","bronze:Turbo"],"picked":"sneckomod:UnknownClassBLUE","floor":14},{"not_picked":["Seek","sneckomod:SerpentMind"],"picked":"Blasphemy","floor":16},{"not_picked":["Guardian:DonusPower","Guardian:Gem_Red","Slimebound:AcidTongue"],"picked":"SKIP","floor":18},{"not_picked":["bronze:BronzeArmor+1","hexamod:RetreatToShadows","sneckomod:UnknownClassPURPLE"],"picked":"SKIP","floor":19},{"not_picked":["Slimebound:FinishingTackle","hexamod:ApocalypseNow","Turbo"],"picked":"SKIP","floor":24}],"player_experience":455997,"relics_obtained":[{"floor":7,"key":"Bag of Marbles"},{"floor":9,"key":"Strawberry"},{"floor":26,"key":"Toy Ornithopter"}],"event_choices":[{"damage_healed":42,"gold_gain":0,"player_choice":"Upgrade","damage_taken":15,"max_hp_gain":0,"max_hp_loss":75,"event_name":"betterThird:BetterShining","floor":3,"gold_loss":0,"cards_upgraded":["Zap","sneckomod:UnknownClassINFINITE_BLACK"]},{"damage_healed":0,"gold_gain":0,"player_choice":"Relic ","damage_taken":7,"max_hp_gain":0,"max_hp_loss":0,"event_name":"betterThird:BetterScrap","floor":4,"gold_loss":0,"cards_obtained":["Rupture"]},{"damage_healed":0,"gold_gain":0,"player_choice":"Searched \u00271\u0027 times","damage_taken":0,"relics_obtained":["Vajra"],"max_hp_gain":0,"max_hp_loss":0,"event_name":"Dead Adventurer","floor":11,"gold_loss":0},{"damage_healed":0,"gold_gain":0,"player_choice":"Donut","damage_taken":0,"max_hp_gain":5,"max_hp_loss":0,"event_name":"Big Fish","floor":13,"gold_loss":0},{"damage_healed":0,"gold_gain":0,"player_choice":"Ignored","damage_taken":0,"max_hp_gain":0,"max_hp_loss":0,"event_name":"Vampires","floor":21,"gold_loss":0},{"damage_healed":0,"gold_gain":0,"player_choice":"Ignored","damage_taken":0,"max_hp_gain":0,"max_hp_loss":0,"event_name":"Cursed Tome","floor":22,"gold_loss":0}],"is_beta":false,"boss_relics":[{"not_picked":["SacredBark","Coffee Dripper"],"picked":"Sozu"}],"items_purged_floors":[],"is_endless":false,"potions_floor_spawned":[2,8,14,18],"killed_by":"Snecko","ascension_level":13}}