{"host":"3zb3nk4wvq0dtbuh","time":1611661729,"event":{"mods":["AchievementEnabler","BaseMod","Lobotomy","Minty Spire (QoL Compilation)","Quick Restart","Relic Filter Mod","StSLib","SuperFastMode","The Blackbeard"],"gold_per_floor":[115,129,79,79,79,79,105,180,207,225,225,243,268,78,78,183,183,202,220,220,240,240,240,260,275,299,299,299,319,146,146,146,146,146],"floor_reached":33,"language":"ZHS","playtime":787,"items_purged":[],"score":235,"play_id":"e16dea44-ac1e-4794-9fbb-693864f4f10f","local_time":"20210126194849","is_ascension_mode":false,"campfire_choices":[{"data":"Cleave","floor":6.0,"key":"SMITH"},{"data":"Armaments","floor":11.0,"key":"SMITH"},{"data":"Metallicize","floor":15.0,"key":"SMITH"},{"data":"Rage","floor":23,"key":"SMITH"},{"data":"Bludgeon","floor":27,"key":"SMITH"},{"floor":32,"key":"REST"}],"circlet_count":0,"master_deck":["Strike_R+1","Strike_R+1","Strike_R+1","Strike_R+1","Defend_R+1","Defend_R+1","Defend_R+1","Defend_R+1","Bash","Metallicize+1","Cleave+1","Pummel","Armaments+1","Second Wind","Corruption","Shrug It Off","Bludgeon+1","Rage+1","Dropkick","Bandage Up"],"relics":["Runic Pyramid"],"acts_visited":["Exordium","TheCity"],"potions_floor_usage":[28,33,33,33,33],"damage_taken":[{"damage":0.0,"enemies":"Small Slimes","floor":1.0,"turns":3.0},{"damage":1.0,"enemies":"Jaw Worm","floor":2.0,"turns":6.0},{"damage":16.0,"enemies":"The Mushroom Lair","floor":7.0,"turns":3.0},{"damage":1.0,"enemies":"2 Louse","floor":10.0,"turns":2.0},{"damage":6.0,"enemies":"Large Slime","floor":12.0,"turns":5.0},{"damage":30.0,"enemies":"Hexaghost","floor":16.0,"turns":19.0},{"damage":19.0,"enemies":"2 Thieves","floor":18.0,"turns":5.0},{"damage":0.0,"enemies":"Chosen","floor":19.0,"turns":6.0},{"damage":9,"enemies":"Snake Plant","floor":21,"turns":5},{"damage":3,"enemies":"Snecko","floor":24,"turns":5},{"damage":19,"enemies":"Centurion and Healer","floor":25,"turns":7},{"damage":13,"enemies":"3 Cultists","floor":29,"turns":6},{"damage":59,"enemies":"Automaton","floor":33,"turns":8}],"seed_played":"-5705888785320003296","potions_obtained":[{"floor":2.0,"key":"Strength Potion"},{"floor":10.0,"key":"Weak Potion"},{"floor":12.0,"key":"LiquidMemories"},{"floor":24,"key":"Swift Potion"},{"floor":28,"key":"BloodPotion"},{"floor":28,"key":"EntropicBrew"},{"floor":28,"key":"Regen Potion"}],"is_trial":false,"path_per_floor":["M","M","?","?","?","R","?","?","T","M","R","M","T","$","R","B",null,"M","M","?","M","?","R","M","M","T","R","?","M","$","T","R","B"],"character_chosen":"IRONCLAD","items_purchased":["Corruption","Shrug It Off","Dropkick","Bandage Up"],"campfire_rested":1,"item_purchase_floors":[14,14,30,30],"current_hp_per_floor":[80,79,79,79,79,79,63,52,52,51,51,45,45,45,45,15,80,61,61,61,52,52,52,49,30,30,30,46,33,33,33,57,9,9],"gold":146,"neow_bonus":"BOSS_RELIC","is_daily":false,"chose_seed":false,"campfire_upgraded":5,"win_rate":0.0,"timestamp":1611661729,"path_taken":["M","M","?","?","?","R","?","?","T","?","R","M","?","?","R","BOSS","M","M","?","M","?","R","M","M","T","R","?","?","$","?","R","BOSS"],"items_purchased_type":["Card","Card","Card","Card"],"build_version":"2020-12-22","purchased_purges":0,"victory":false,"max_hp_per_floor":[80,80,80,80,80,80,80,80,80,80,80,80,80,80,80,80,80,80,80,80,80,80,80,80,80,80,80,80,80,80,80,80,80,80],"card_choices":[{"not_picked":["Twin Strike","Shrug It Off"],"picked":"Metallicize","floor":1.0},{"not_picked":["Dual Wield","Power Through"],"picked":"Cleave","floor":2.0},{"not_picked":["Clash","Flex"],"picked":"Pummel","floor":7.0},{"not_picked":["Spot Weakness","Clothesline"],"picked":"Armaments","floor":10.0},{"not_picked":["Flex","Sword Boomerang"],"picked":"Second Wind","floor":12.0},{"not_picked":["Limit Break","Exhume"],"picked":"Bludgeon","floor":16.0},{"not_picked":["Entrench","Iron Wave+1","Sword Boomerang+1"],"picked":"SKIP","floor":18.0},{"not_picked":["Power Through","Armaments","Whirlwind"],"picked":"SKIP","floor":19.0},{"not_picked":["Rampage","Ghostly Armor"],"picked":"Rage","floor":21},{"not_picked":["Dark Embrace","Body Slam","Pommel Strike"],"picked":"SKIP","floor":24},{"not_picked":["Rupture+1","Bloodletting","Reckless Charge"],"picked":"SKIP","floor":25},{"not_picked":["Whirlwind+1","Clothesline","Heavy Blade"],"picked":"SKIP","floor":29}],"player_experience":26661,"relics_obtained":[],"event_choices":[{"cards_removed":["Strike_R"],"damage_healed":0.0,"max_hp_gain":0.0,"max_hp_loss":0.0,"gold_gain":0.0,"event_name":"The Cleric","player_choice":"Card Removal","floor":3.0,"gold_loss":50.0,"damage_taken":0.0},{"damage_healed":0.0,"max_hp_gain":0.0,"max_hp_loss":0.0,"gold_gain":0.0,"event_name":"Golden Idol","player_choice":"Ignored","floor":4.0,"gold_loss":0.0,"damage_taken":0.0},{"damage_healed":0.0,"max_hp_gain":0.0,"max_hp_loss":0.0,"gold_gain":0.0,"event_name":"Liars Game","player_choice":"Ignored","floor":5.0,"gold_loss":0.0,"damage_taken":0.0},{"damage_healed":0.0,"max_hp_gain":0.0,"max_hp_loss":0.0,"gold_gain":0.0,"event_name":"Mushrooms","player_choice":"Fought Mushrooms","floor":7.0,"gold_loss":0.0,"damage_taken":0.0},{"damage_healed":0.0,"max_hp_gain":0.0,"max_hp_loss":0.0,"gold_gain":75.0,"event_name":"World of Goop","player_choice":"Gather Gold","floor":8.0,"gold_loss":0.0,"damage_taken":11.0},{"damage_healed":0.0,"max_hp_gain":0.0,"max_hp_loss":0.0,"gold_gain":0.0,"event_name":"Ghosts","player_choice":"Ignored","floor":20.0,"gold_loss":0.0,"damage_taken":0.0},{"damage_healed":0,"gold_gain":0,"player_choice":"Simplicity","damage_taken":0,"max_hp_gain":0,"max_hp_loss":0,"event_name":"Back to Basics","floor":22,"gold_loss":0,"cards_upgraded":["Strike_R","Strike_R","Strike_R","Strike_R","Defend_R","Defend_R","Defend_R","Defend_R"]},{"damage_healed":0,"gold_gain":0,"player_choice":"Got Potions","damage_taken":0,"max_hp_gain":0,"max_hp_loss":0,"event_name":"Lab","floor":28,"gold_loss":0}],"is_beta":false,"boss_relics":[{"not_picked":["Circlet","Circlet","Circlet"]}],"items_purged_floors":[],"is_endless":false,"potions_floor_spawned":[2,10,12,24,29],"killed_by":"Automaton","ascension_level":0}}