{"host":"19r1ww88x2tc73i0","time":1611647148,"event":{"mods":["BaseMod","BetterRewards","Colored Map","Minty Spire (QoL Compilation)","Relic Stats","StSLib","SuperFastMode","slay the spire mod where everything is the same but ironclad has a cowboy hat"],"gold_per_floor":[117,117,136,211,39,66,78,78,78,113,125,170,23,49,49,123,123,139,149,149,168,183,183,183],"floor_reached":23,"language":"ENG","playtime":544,"items_purged":["Defend_R"],"score":488,"play_id":"f43f544a-3543-4017-8dc7-e189729820aa","local_time":"25640126144548","is_ascension_mode":true,"campfire_choices":[{"data":"Cleave","floor":8.0,"key":"SMITH"},{"data":"Bash","floor":11,"key":"SMITH"},{"data":"Inflame","floor":15,"key":"SMITH"}],"circlet_count":0,"master_deck":["AscendersBane","Strike_R","Strike_R","Strike_R","Strike_R","Strike_R","Defend_R","Defend_R","Bash+1","Twin Strike+1","Cleave+1","Inflame+1","Thunderclap","Pommel Strike+1","Pummel","Inflame+1","Battle Trance","Demon Form+1","Shrug It Off","True Grit","Metallicize+1"],"relics":["Burning Blood","NeowsBlessing","HandDrill","Paper Frog","Frozen Egg 2","MawBank","Whetstone","Blood Vial","Mark of Pain"],"acts_visited":["Exordium","TheCity"],"potions_floor_usage":[10,12,16,22,22],"damage_taken":[{"damage":0.0,"enemies":"Small Slimes","floor":1.0,"turns":1.0},{"damage":0.0,"enemies":"Cultist","floor":3.0,"turns":1.0},{"damage":0.0,"enemies":"Lagavulin","floor":6.0,"turns":1.0},{"damage":10.0,"enemies":"2 Louse","floor":7.0,"turns":2.0},{"damage":20,"enemies":"3 Sentries","floor":10,"turns":5},{"damage":8,"enemies":"Gremlin Nob","floor":12,"turns":3},{"damage":10,"enemies":"3 Sentries","floor":14,"turns":3},{"damage":36,"enemies":"Hexaghost","floor":16,"turns":4},{"damage":12,"enemies":"Chosen","floor":18,"turns":3},{"damage":24,"enemies":"Shell Parasite","floor":19,"turns":3},{"damage":20,"enemies":"Sentry and Sphere","floor":21,"turns":5},{"damage":11,"enemies":"Snake Plant","floor":22,"turns":2},{"damage":37,"enemies":"Book of Stabbing","floor":23,"turns":3}],"seed_played":"-3293136851134876941","potions_obtained":[{"floor":1.0,"key":"Fire Potion"},{"floor":10,"key":"AttackPotion"},{"floor":12,"key":"Swift Potion"},{"floor":14,"key":"Energy Potion"},{"floor":20,"key":"Energy Potion"},{"floor":22,"key":"LiquidBronze"}],"is_trial":false,"path_per_floor":["M","?","M","?","$","E","M","R","T","E","R","E","$","E","R","B",null,"M","M","?","M","M","E"],"character_chosen":"IRONCLAD","items_purchased":["HandDrill","Inflame+1"],"campfire_rested":0,"item_purchase_floors":[5,13],"current_hp_per_floor":[74,74,75,64,64,70,66,66,66,52,52,50,50,46,46,18,61,57,41,41,29,26,0,0],"gold":183,"neow_bonus":"THREE_ENEMY_KILL","is_daily":false,"chose_seed":false,"campfire_upgraded":3,"win_rate":0.0,"timestamp":1611647148,"path_taken":["M","?","?","?","$","E","M","R","T","E","R","E","$","E","R","BOSS","M","M","?","M","?","E"],"items_purchased_type":["Relic","Card"],"build_version":"2020-12-22","purchased_purges":1,"victory":false,"max_hp_per_floor":[75,75,75,75,75,75,75,75,75,75,75,75,75,75,75,75,75,75,75,75,75,75,75,75],"relic_stats":{"Blood Vial":12,"counters":[13,36],"HandDrill":[10],"Whetstone":["Twin Strike","Pommel Strike"],"MawBank":36,"obtain_stats":[{"Blood Vial":14,"NeowsBlessing":0,"Mark of Pain":17,"HandDrill":5,"Whetstone":12,"Frozen Egg 2":9,"MawBank":10,"Burning Blood":0,"Paper Frog":6},{"Blood Vial":7,"NeowsBlessing":0,"Mark of Pain":8,"HandDrill":2,"Whetstone":6,"Frozen Egg 2":4,"MawBank":5,"Burning Blood":0,"Paper Frog":3},{"Blood Vial":16,"NeowsBlessing":0,"Mark of Pain":20,"HandDrill":2,"Whetstone":13,"Frozen Egg 2":5,"MawBank":10,"Burning Blood":0,"Paper Frog":3}],"Burning Blood":67},"card_choices":[{"not_picked":["Burning Pact","Anger"],"picked":"Twin Strike","floor":1.0},{"not_picked":["True Grit","Flex"],"picked":"Cleave","floor":3.0},{"not_picked":["Cleave","Havoc"],"picked":"Inflame","floor":6.0},{"not_picked":["Inflame","Rage"],"picked":"Thunderclap","floor":7.0},{"not_picked":["Sentinel","Dual Wield"],"picked":"Pommel Strike","floor":10},{"not_picked":["Headbutt","Iron Wave"],"picked":"Pummel","floor":12},{"not_picked":["Inflame+1","Sentinel"],"picked":"Battle Trance","floor":14},{"not_picked":["Impervious","Barricade+1"],"picked":"Demon Form+1","floor":16},{"not_picked":["Body Slam","Reckless Charge"],"picked":"Shrug It Off","floor":18},{"not_picked":["Clothesline","Twin Strike"],"picked":"True Grit","floor":19},{"not_picked":["Seeing Red","Power Through","Headbutt"],"picked":"SKIP","floor":21},{"not_picked":["Flex","Ghostly Armor"],"picked":"Metallicize+1","floor":22}],"player_experience":956291,"relics_obtained":[{"floor":6.0,"key":"Paper Frog"},{"floor":9.0,"key":"Frozen Egg 2"},{"floor":10,"key":"MawBank"},{"floor":12,"key":"Whetstone"},{"floor":14,"key":"Blood Vial"}],"event_choices":[{"cards_removed":["Defend_R"],"damage_healed":0.0,"max_hp_gain":0.0,"max_hp_loss":0.0,"gold_gain":0.0,"event_name":"Purifier","player_choice":"Purged","floor":2.0,"gold_loss":0.0,"damage_taken":0.0},{"damage_healed":0.0,"max_hp_gain":0.0,"max_hp_loss":0.0,"gold_gain":75.0,"event_name":"World of Goop","player_choice":"Gather Gold","floor":4.0,"gold_loss":0.0,"damage_taken":11.0},{"damage_healed":0,"gold_gain":0,"player_choice":"Got Potions","damage_taken":0,"max_hp_gain":0,"max_hp_loss":0,"event_name":"Lab","floor":20,"gold_loss":0}],"is_beta":false,"boss_relics":[{"not_picked":["Calling Bell","Busted Crown"],"picked":"Mark of Pain"}],"items_purged_floors":[13],"is_endless":false,"potions_floor_spawned":[1,10,12,14,21,22],"killed_by":"Book of Stabbing","ascension_level":20}}