{"host":"ctlqibkg0sskiu65","time":1611646370,"event":{"mods":["AchievementEnabler","Aspiration","BaseMod","BetterRewards","Colored Map","Colored Powertips","Conspire","Fiend Mod","Infinite Spire","Minty Spire (QoL Compilation)","Quick Restart","Replay The Spire","Shop Mod","StSLib","The Bladedancer","The Cursed","The Hierophant","The Jungle","The Kombatant","The Servant 0.9.4","TheBandit"],"gold_per_floor":[117,127,127,1,20,20,20,45,45,64,64,64,82,82,100,110,110,186,186,199,212,262,262,84,112,130,149,202,202,40,40,51,31,31,31,31],"floor_reached":35,"language":"ENG","playtime":1439,"items_purged":["Defend_G","Expertise+1"],"score":720,"play_id":"fac0fda2-a905-4628-8e43-1c4d23f9a931","local_time":"20210126013250","is_ascension_mode":true,"campfire_choices":[{"data":"Neutralize","floor":9.0,"key":"SMITH"},{"floor":17.0,"key":"REST"},{"floor":29,"key":"REST"},{"floor":31,"key":"REST"},{"floor":34,"key":"REST"}],"circlet_count":0,"master_deck":["AscendersBane","Strike_G+1","Strike_G","Defend_G+1","Defend_G+1","Defend_G+1","Survivor+1","Neutralize+1","Footwork+1","Deflect+1","Dodge and Roll+1","Poisoned Stab+1","Deadly Poison+1","Deflect+1","Deflect+1","Deadly Poison","Replay:Poison Smokescreen","PiercingWail","Bane+1","aspiration:Lunge+1","Endless Agony","conspire:PoisonWeapons+1","Burst"],"relics":["Ring of the Snake","Lizard Tail","Frozen Egg 2","Astrolabe","aspiration:SeaSaltIceCream","Chameleon Ring","Omamori","HandDrill"],"acts_visited":["TheCity"],"potions_floor_usage":[27,35],"damage_taken":[{"damage":0.0,"enemies":"2 Louse","floor":1.0,"turns":3.0},{"damage":0.0,"enemies":"Small Slimes","floor":2.0,"turns":4.0},{"damage":0.0,"enemies":"Jaw Worm","floor":5.0,"turns":6.0},{"damage":34.0,"enemies":"Gremlin Nob","floor":8.0,"turns":6.0},{"damage":6.0,"enemies":"Exordium Thugs","floor":10.0,"turns":5.0},{"damage":0.0,"enemies":"3 Louse","floor":13.0,"turns":6.0},{"damage":2.0,"enemies":"Exordium Wildlife","floor":15.0,"turns":7.0},{"damage":0.0,"enemies":"2 Fungi Beasts","floor":16.0,"turns":4.0},{"damage":41.0,"enemies":"Fading Forest","floor":18.0,"turns":11.0},{"damage":4.0,"enemies":"3 Byrds","floor":20.0,"turns":5.0},{"damage":1.0,"enemies":"Chosen","floor":21.0,"turns":4.0},{"damage":27.0,"enemies":"Book of Stabbing","floor":25.0,"turns":7.0},{"damage":7.0,"enemies":"Snecko","floor":26.0,"turns":3.0},{"damage":30,"enemies":"Sentry and Sphere","floor":27,"turns":8},{"damage":18,"enemies":"Snake Plant","floor":32,"turns":4},{"damage":55,"enemies":"Champ","floor":35,"turns":13}],"seed_played":"7767628814952630400","potions_obtained":[{"floor":1.0,"key":"Elixir"},{"floor":5.0,"key":"EssenceOfSteel"},{"floor":8.0,"key":"Death Potion"},{"floor":25.0,"key":"LiquidMemories"},{"floor":26.0,"key":"Swift Potion"},{"floor":32,"key":"Explosive Potion"},{"floor":33,"key":"DuplicationPotion"}],"is_trial":false,"path_per_floor":["M","M","?","$","M","PTL","PTL","E","R","M","T","?","M","?","M","M","R","B",null,"M","M","?","?","$","E","M","M","T","R","$","R","M","?","R","B"],"character_chosen":"THE_SILENT","items_purchased":["Footwork","Deflect","Deadly Poison","Endless Agony","HandDrill"],"campfire_rested":4,"item_purchase_floors":[0,0,4,24,30],"current_hp_per_floor":[59,59,59,59,59,59,59,25,25,19,19,19,19,19,17,17,36,3,50,46,45,45,41,41,14,7,14,14,33,33,52,34,34,53,0,0],"gold":31,"neow_bonus":"","is_daily":false,"chose_seed":false,"campfire_upgraded":1,"win_rate":0.0,"timestamp":1611646370,"path_taken":["M","M","?","$","M","PTL","PTL","E","R","M","T","?","M","?","M","M","R","BOSS","M","M","?","?","$","E","M","M","T","R","?","R","M","?","R","BOSS"],"items_purchased_type":["Card","Card","Card","Card","Relic"],"build_version":"2020-12-22","purchased_purges":2,"victory":false,"max_hp_per_floor":[66,66,66,66,66,66,66,66,66,66,66,66,66,66,66,66,66,66,66,66,66,66,66,66,66,66,66,66,66,66,66,66,66,66,66,66],"card_choices":[{"not_picked":["Concentrate","Deadly Poison"],"picked":"Dodge and Roll","floor":1.0},{"not_picked":["ReplayTheSpireMod:Shiv Toss","Blade Dance"],"picked":"Poisoned Stab","floor":2.0},{"not_picked":["Bane","Acrobatics"],"picked":"Deflect","floor":5.0},{"not_picked":["Dodge and Roll","Cloak And Dagger"],"picked":"Deflect","floor":8.0},{"not_picked":["Setup","Grand Finale","ReplayTheSpireMod:Scrap Shanks"],"picked":"SKIP","floor":10.0},{"not_picked":["Flying Knee","conspire:DoublingDagger"],"picked":"Deadly Poison","floor":13.0},{"not_picked":["Escape Plan","Deflect"],"picked":"Replay:Poison Smokescreen","floor":15.0},{"not_picked":["Poisoned Stab","Reflex"],"picked":"PiercingWail","floor":16.0},{"not_picked":["Predator","Cloak And Dagger","Acrobatics"],"picked":"SKIP","floor":20.0},{"not_picked":["Escape Plan","Flying Knee+1","Underhanded Strike"],"picked":"SKIP","floor":21.0},{"not_picked":["Dodge and Roll","Well Laid Plans+1"],"picked":"conspire:PoisonWeapons+1","floor":25.0},{"not_picked":["PiercingWail","Backstab","Setup"],"picked":"SKIP","floor":26.0},{"not_picked":["Endless Agony","Outmaneuver","Flechettes+1"],"picked":"SKIP","floor":27},{"not_picked":["Backflip","Well Laid Plans+1"],"picked":"Burst","floor":32}],"player_experience":244265,"relics_obtained":[{"floor":8.0,"key":"Whetstone"},{"floor":11.0,"key":"Frozen Egg 2"},{"floor":25.0,"key":"aspiration:SeaSaltIceCream"},{"floor":28,"key":"Omamori"}],"event_choices":[{"damage_healed":0.0,"max_hp_gain":0.0,"max_hp_loss":0.0,"gold_gain":0.0,"event_name":"Living Wall","player_choice":"Grow","floor":3.0,"gold_loss":0.0,"damage_taken":0.0,"cards_upgraded":["Footwork"]},{"cards_removed":["Strike_G"],"damage_healed":0.0,"max_hp_gain":0.0,"max_hp_loss":0.0,"gold_gain":0.0,"event_name":"Bonfire Elementals","player_choice":"Offered Basic","floor":14.0,"gold_loss":0.0,"damage_taken":0.0},{"damage_healed":0.0,"max_hp_gain":0.0,"max_hp_loss":0.0,"gold_gain":50.0,"event_name":"Nest","player_choice":"Stole From Cult","floor":22.0,"gold_loss":0.0,"damage_taken":0.0},{"damage_healed":0.0,"max_hp_gain":0.0,"max_hp_loss":0.0,"gold_gain":0.0,"event_name":"conspire:Investor","player_choice":"Leave","floor":23.0,"gold_loss":0.0,"damage_taken":0.0},{"damage_healed":0,"gold_gain":0,"player_choice":"Bought 1 Potion","damage_taken":0,"max_hp_gain":0,"max_hp_loss":0,"event_name":"The Woman in Blue","floor":33,"gold_loss":0}],"is_beta":false,"boss_relics":[{"not_picked":["Pandora\u0027s Box","Replay:Wanted Poster"],"picked":"Astrolabe"}],"items_purged_floors":[4,24],"is_endless":false,"potions_floor_spawned":[1,5,8,25,26,32],"killed_by":"Champ","ascension_level":18}}