{"host":"3po7ngt2j61s4rmj","time":1611694912,"event":{"mods":["Act Like it!","BaseMod","Elementarium","JesterMod","Minty Spire (QoL Compilation)","Relic Stats","Shade Mod","StSLib"],"gold_per_floor":[109,121,138,150,168,199,213,240,240,253,287,287,342,362,362,463,463,479,369,399,62,72,102,102,137,211,238,238,254,270,270,270,373,373,385,404,404,420,435,463,463,492,492,520,535,546,601,612,612,612,612,612,94,136,136],"floor_reached":56,"language":"ENG","playtime":10127,"items_purged":["jesterMod:Strike"],"score":1687,"play_id":"a7abcdb5-d713-473e-aec4-089e392d88d2","local_time":"20210126140152","is_ascension_mode":true,"campfire_choices":[{"data":"jesterMod:Leeches","floor":12.0,"key":"SMITH"},{"data":"jesterMod:DanceOfChaos","floor":15.0,"key":"SMITH"},{"data":"jesterMod:Tinker","floor":24.0,"key":"SMITH"},{"data":"jesterMod:Swiftness","floor":28.0,"key":"SMITH"},{"data":"jesterMod:Inspiration","floor":32.0,"key":"SMITH"},{"floor":41.0,"key":"RECALL"},{"data":"jesterMod:Overthink","floor":49.0,"key":"SMITH"},{"data":"1","floor":52.0,"key":"LIFT"}],"circlet_count":0,"master_deck":["jesterMod:Sickle","jesterMod:Dodge","jesterMod:Precipitation","jesterMod:BouncingKnife","jesterMod:Swiftness+1","jesterMod:DanceOfChaos+1","jesterMod:Leeches+1","jesterMod:Prankster","jesterMod:Haste+1","jesterMod:Tinker+1","jesterMod:Mending+1","jesterMod:Prankster+1","jesterMod:Inspiration+1","jesterMod:ButterflyDance","jesterMod:Procrastination","jesterMod:Precipitation+1","jesterMod:DancingMad+1","jesterMod:Leeches+1","jesterMod:Overthink+1","jesterMod:ExperimentalTreatment","jesterMod:SmokeScreen","jesterMod:Overthink+1","jesterMod:SmokeScreen","jesterMod:Frenzy+1","jesterMod:Swiftness+1","jesterMod:HitAndRun+1","jesterMod:DancingMad+1","jesterMod:Juggler+1","jesterMod:Precipitation+1"],"relics":["jesterMod:JesterCap","Bird Faced Urn","CaptainsWheel","Frozen Egg 2","Meat on the Bone","Mercury Hourglass","Busted Crown","Elementarium:HuntersBracer","Matryoshka","Singing Bowl","Nunchaku","Smiling Mask","Oddly Smooth Stone","Sundial","War Paint","Elementarium:ElementariumTrophy","Pandora\u0027s Box","Girya","Ancient Tea Set","Darkstone Periapt","Ice Cream","Thread and Needle","jesterMod:RuskiBroom","Shuriken","Pen Nib"],"acts_visited":["Exordium","Exordium","TheBeyond","TheEnding"],"potions_floor_usage":[54,55,55,55],"damage_taken":[{"damage":0.0,"enemies":"Cultist","floor":1.0,"turns":4.0},{"damage":0.0,"enemies":"Jaw Worm","floor":2.0,"turns":5.0},{"damage":0.0,"enemies":"2 Louse","floor":3.0,"turns":3.0},{"damage":4.0,"enemies":"Blue Slaver","floor":4.0,"turns":4.0},{"damage":5.0,"enemies":"Exordium Wildlife","floor":5.0,"turns":3.0},{"damage":15.0,"enemies":"Gremlin Nob","floor":6.0,"turns":4.0},{"damage":28.0,"enemies":"Exordium Thugs","floor":7.0,"turns":4.0},{"damage":19.0,"enemies":"Lagavulin","floor":8.0,"turns":9.0},{"damage":6.0,"enemies":"Blue Slaver","floor":10.0,"turns":4.0},{"damage":42.0,"enemies":"3 Sentries","floor":11.0,"turns":10.0},{"damage":17.0,"enemies":"3 Sentries","floor":13.0,"turns":8.0},{"damage":35.0,"enemies":"Gremlin Gang","floor":14.0,"turns":5.0},{"damage":22.0,"enemies":"Slime Boss","floor":16.0,"turns":11.0},{"damage":9.0,"enemies":"Elementarium:Cyclone","floor":18.0,"turns":6.0},{"damage":33.0,"enemies":"Book of Stabbing","floor":20.0,"turns":5.0},{"damage":18.0,"enemies":"Elementarium:VoidCorruption","floor":22.0,"turns":5.0},{"damage":14.0,"enemies":"Elementarium:FIRE_NOBILITY","floor":23.0,"turns":5.0},{"damage":41.0,"enemies":"Elementarium:WarGolem","floor":25.0,"turns":6.0},{"damage":24.0,"enemies":"Elementarium:FIRE_NOBILITY","floor":27.0,"turns":6.0},{"damage":31.0,"enemies":"Elementarium:3_ELEMENTALS","floor":29.0,"turns":6.0},{"damage":42.0,"enemies":"Elementarium:RubyGolem","floor":30.0,"turns":6.0},{"damage":31.0,"enemies":"Elementarium:GoldenDragon","floor":33.0,"turns":9.0},{"damage":63.0,"enemies":"3 Shapes","floor":35.0,"turns":3.0},{"damage":51.0,"enemies":"3 Darklings","floor":36.0,"turns":4.0},{"damage":50.0,"enemies":"Transient","floor":38.0,"turns":5.0},{"damage":26.0,"enemies":"Maw","floor":39.0,"turns":5.0},{"damage":24.0,"enemies":"Nemesis","floor":40.0,"turns":8.0},{"damage":26.0,"enemies":"Reptomancer","floor":42.0,"turns":5.0},{"damage":38.0,"enemies":"Nemesis","floor":44.0,"turns":7.0},{"damage":52.0,"enemies":"Jaw Worm Horde","floor":45.0,"turns":4.0},{"damage":24.0,"enemies":"Sphere and 2 Shapes","floor":46.0,"turns":7.0},{"damage":85.0,"enemies":"2 Orb Walkers","floor":47.0,"turns":4.0},{"damage":35.0,"enemies":"3 Darklings","floor":48.0,"turns":4.0},{"damage":70.0,"enemies":"Time Eater","floor":50.0,"turns":8.0},{"damage":44,"enemies":"Shield and Spear","floor":54,"turns":4},{"damage":55,"enemies":"The Heart","floor":55,"turns":7}],"seed_played":"-2223304600076133658","potions_obtained":[{"floor":0.0,"key":"Explosive Potion"},{"floor":0.0,"key":"Block Potion"},{"floor":0.0,"key":"FearPotion"},{"floor":5.0,"key":"BlessingOfTheForge"},{"floor":6.0,"key":"LiquidMemories"},{"floor":8.0,"key":"Block Potion"},{"floor":11.0,"key":"EntropicBrew"},{"floor":13.0,"key":"LiquidMemories"},{"floor":16.0,"key":"DistilledChaos"},{"floor":20.0,"key":"FairyPotion"},{"floor":22.0,"key":"EssenceOfSteel"},{"floor":23.0,"key":"SkillPotion"},{"floor":25.0,"key":"Energy Potion"},{"floor":35.0,"key":"DuplicationPotion"},{"floor":40.0,"key":"SteroidPotion"},{"floor":46.0,"key":"PowerPotion"},{"floor":48.0,"key":"Regen Potion"},{"floor":54,"key":"SneckoOil"}],"is_trial":false,"path_per_floor":["M","M","M","M","M","E","M","E","T","M","E","R","?","M","R","B",null,"M","?","?","$","M","E","R","E","T","E","R","M","M","?","R","B",null,"M","M","?","M","M","E","R","E","T","E","M","M","?","M","R","B",null,"R","$","E","B",null],"character_chosen":"THE_JESTER","items_purchased":["Singing Bowl","jesterMod:Precipitation+1","jesterMod:RuskiBroom","Shuriken","Ancient Potion","Weak Potion"],"campfire_rested":0,"item_purchase_floors":[21,21,53,53,53,53],"current_hp_per_floor":[63,63,63,59,54,39,32,42,42,42,29,29,43,45,45,56,67,70,70,56,56,65,69,69,58,58,73,73,76,78,86,86,88,88,60,48,48,56,94,96,96,98,98,98,95,102,60,55,55,85,98,98,98,97,104],"gold":136,"neow_bonus":"THREE_SMALL_POTIONS","is_daily":false,"chose_seed":false,"campfire_upgraded":6,"win_rate":0.0,"timestamp":1611694912,"path_taken":["M","?","M","M","M","E","M","E","T","M","E","R","?","M","R","BOSS","M","?","?","?","M","E","R","E","T","E","R","?","M","?","R","BOSS","M","?","?","M","M","E","R","E","T","E","M","?","?","M","R","BOSS","R","$","E","BOSS"],"items_purchased_type":["Relic","Card","Relic","Relic","Potion","Potion"],"build_version":"2020-12-22","purchased_purges":1,"victory":true,"max_hp_per_floor":[70,70,70,70,70,70,70,70,70,70,70,70,70,70,70,70,70,70,70,70,70,72,72,72,72,72,74,74,76,78,86,86,88,88,90,92,92,92,94,96,96,98,98,98,100,102,102,102,102,102,102,102,102,104,104],"relic_stats":{"Darkstone Periapt":0,"Singing Bowl":26,"counters":[36,202],"Pen Nib":[2],"War Paint":["jesterMod:Haste","jesterMod:Defend"],"Smiling Mask":0,"Mercury Hourglass":[546],"Nunchaku":[19],"Busted Crown":42,"Sundial":[50],"Shuriken":[6],"Bird Faced Urn":[465],"Pandora\u0027s Box":["jesterMod:Overthink","jesterMod:ExperimentalTreatment","jesterMod:SmokeScreen","jesterMod:Overthink","jesterMod:SmokeScreen","jesterMod:Frenzy","jesterMod:Swiftness"],"obtain_stats":[{"Darkstone Periapt":43,"Ice Cream":44,"Singing Bowl":21,"Elementarium:HuntersBracer":19,"Smiling Mask":25,"Ancient Tea Set":42,"Nunchaku":23,"Matryoshka":20,"Sundial":26,"jesterMod:RuskiBroom":53,"Girya":40,"Oddly Smooth Stone":26,"Thread and Needle":47,"jesterMod:JesterCap":0,"Pen Nib":54,"Frozen Egg 2":9,"War Paint":27,"Mercury Hourglass":13,"CaptainsWheel":8,"Busted Crown":17,"Elementarium:ElementariumTrophy":33,"Shuriken":53,"Bird Faced Urn":6,"Pandora\u0027s Box":34,"Meat on the Bone":11},{"Darkstone Periapt":28,"Ice Cream":29,"Singing Bowl":15,"Elementarium:HuntersBracer":14,"Smiling Mask":18,"Ancient Tea Set":28,"Nunchaku":17,"Matryoshka":15,"Sundial":18,"jesterMod:RuskiBroom":34,"Girya":27,"Oddly Smooth Stone":18,"Thread and Needle":32,"jesterMod:JesterCap":0,"Pen Nib":35,"Frozen Egg 2":8,"War Paint":19,"Mercury Hourglass":11,"CaptainsWheel":8,"Busted Crown":13,"Elementarium:ElementariumTrophy":22,"Shuriken":34,"Bird Faced Urn":6,"Pandora\u0027s Box":22,"Meat on the Bone":10},{"Darkstone Periapt":157,"Ice Cream":164,"Singing Bowl":84,"Elementarium:HuntersBracer":79,"Smiling Mask":100,"Ancient Tea Set":157,"Nunchaku":94,"Matryoshka":84,"Sundial":100,"jesterMod:RuskiBroom":191,"Girya":152,"Oddly Smooth Stone":100,"Thread and Needle":179,"jesterMod:JesterCap":0,"Pen Nib":195,"Frozen Egg 2":36,"War Paint":106,"Mercury Hourglass":58,"CaptainsWheel":36,"Busted Crown":73,"Elementarium:ElementariumTrophy":127,"Shuriken":191,"Bird Faced Urn":23,"Pandora\u0027s Box":127,"Meat on the Bone":50}],"Meat on the Bone":24},"card_choices":[{"not_picked":["jesterMod:Disposophobia","jesterMod:FlameDance"],"picked":"jesterMod:Precipitation","floor":1.0},{"not_picked":["jesterMod:ButterKnife","jesterMod:JackInTheBox"],"picked":"jesterMod:BouncingKnife","floor":2.0},{"not_picked":["jesterMod:DesperateStrike","jesterMod:SwiftDodge","jesterMod:Rebuff"],"picked":"SKIP","floor":3.0},{"not_picked":["jesterMod:Hide","jesterMod:Pause"],"picked":"jesterMod:Swiftness","floor":4.0},{"not_picked":["jesterMod:Exasperation","jesterMod:Anticipation"],"picked":"jesterMod:DanceOfChaos","floor":5.0},{"not_picked":["jesterMod:JugglerBlade","jesterMod:ExperimentalTreatment"],"picked":"jesterMod:Leeches","floor":6.0},{"not_picked":["jesterMod:Tinker","jesterMod:RecklessStrike"],"picked":"jesterMod:Prankster","floor":7.0},{"not_picked":["jesterMod:Rebuff","jesterMod:Disposophobia"],"picked":"jesterMod:Haste","floor":8.0},{"not_picked":["jesterMod:Anticipation","jesterMod:QuickStrike"],"picked":"jesterMod:Tinker","floor":10.0},{"not_picked":["jesterMod:PerfectDodge","jesterMod:JackInTheBox"],"picked":"jesterMod:Mending+1","floor":11.0},{"not_picked":["jesterMod:Twirl","jesterMod:DancingMad"],"picked":"jesterMod:Prankster+1","floor":13.0},{"not_picked":["jesterMod:ButterKnife","jesterMod:TrickyDodge"],"picked":"jesterMod:Inspiration","floor":14.0},{"not_picked":["jesterMod:BoilDown","jesterMod:Leeches+1"],"picked":"jesterMod:ButterflyDance","floor":16.0},{"not_picked":["jesterMod:Anticipation"],"picked":"SKIP","floor":18.0},{"not_picked":[],"picked":"jesterMod:Procrastination","floor":20.0},{"not_picked":["jesterMod:OblivionStrike"],"picked":"Singing Bowl","floor":22.0},{"not_picked":[],"picked":"jesterMod:DancingMad+1","floor":23.0},{"not_picked":[],"picked":"jesterMod:Leeches+1","floor":25.0},{"not_picked":["jesterMod:Precipitation+1"],"picked":"Singing Bowl","floor":27.0},{"not_picked":["jesterMod:DesperateStrike"],"picked":"Singing Bowl","floor":29.0},{"not_picked":["jesterMod:Precipitation+1"],"picked":"Singing Bowl","floor":30.0},{"not_picked":["jesterMod:BoilDown"],"picked":"Singing Bowl","floor":33.0},{"not_picked":["jesterMod:SelfMockery"],"picked":"Singing Bowl","floor":35.0},{"not_picked":["jesterMod:QuickStrike"],"picked":"Singing Bowl","floor":36.0},{"not_picked":[],"picked":"jesterMod:HitAndRun+1","floor":38.0},{"not_picked":["jesterMod:Hide"],"picked":"Singing Bowl","floor":39.0},{"not_picked":["jesterMod:Schizophrenia+1"],"picked":"Singing Bowl","floor":40.0},{"not_picked":["jesterMod:RecklessStrike"],"picked":"Singing Bowl","floor":42.0},{"not_picked":[],"picked":"jesterMod:DancingMad+1","floor":44.0},{"not_picked":["jesterMod:OblivionStrike"],"picked":"Singing Bowl","floor":45.0},{"not_picked":["jesterMod:BouncingKnife"],"picked":"Singing Bowl","floor":46.0},{"not_picked":[],"picked":"jesterMod:Juggler+1","floor":47.0},{"not_picked":[],"picked":"jesterMod:Precipitation+1","floor":48.0},{"not_picked":["jesterMod:Juggle"],"picked":"Singing Bowl","floor":54}],"player_experience":1084563,"relics_obtained":[{"floor":6.0,"key":"Bird Faced Urn"},{"floor":8.0,"key":"CaptainsWheel"},{"floor":9.0,"key":"Frozen Egg 2"},{"floor":11.0,"key":"Meat on the Bone"},{"floor":13.0,"key":"Mercury Hourglass"},{"floor":20.0,"key":"Matryoshka"},{"floor":23.0,"key":"Nunchaku"},{"floor":25.0,"key":"Smiling Mask"},{"floor":26.0,"key":"Oddly Smooth Stone"},{"floor":26.0,"key":"Sundial"},{"floor":27.0,"key":"War Paint"},{"floor":40.0,"key":"Girya"},{"floor":42.0,"key":"Ancient Tea Set"},{"floor":43.0,"key":"Darkstone Periapt"},{"floor":44.0,"key":"Ice Cream"},{"floor":47.0,"key":"Thread and Needle"},{"floor":54,"key":"Pen Nib"}],"event_choices":[{"damage_healed":0.0,"max_hp_gain":0.0,"max_hp_loss":0.0,"gold_gain":0.0,"event_name":"Dead Adventurer","player_choice":"Searched \u00271\u0027 times","floor":13.0,"gold_loss":0.0,"damage_taken":0.0},{"damage_healed":0.0,"max_hp_gain":0.0,"max_hp_loss":0.0,"gold_gain":0.0,"event_name":"Elementarium:BigGameHunter","player_choice":"Sling","floor":19.0,"gold_loss":110.0,"damage_taken":0.0,"relics_obtained":["Elementarium:HuntersBracer"]},{"damage_healed":0.0,"max_hp_gain":0.0,"max_hp_loss":0.0,"gold_gain":0.0,"event_name":"Elementarium:OtherworldlyPassage","player_choice":"Enter","floor":20.0,"gold_loss":0.0,"damage_taken":0.0},{"damage_healed":0.0,"max_hp_gain":8.0,"max_hp_loss":0.0,"gold_gain":0.0,"event_name":"Elementarium:SculptureGarden","player_choice":"Graft","floor":31.0,"gold_loss":0.0,"damage_taken":0.0},{"damage_healed":0.0,"max_hp_gain":0.0,"max_hp_loss":0.0,"gold_gain":0.0,"event_name":"Upgrade Shrine","player_choice":"Upgraded","floor":37.0,"gold_loss":0.0,"damage_taken":0.0,"cards_upgraded":["jesterMod:Overthink"]},{"damage_healed":0.0,"max_hp_gain":0.0,"max_hp_loss":0.0,"gold_gain":0.0,"event_name":"Mysterious Sphere","player_choice":"Fight","floor":47.0,"gold_loss":0.0,"damage_taken":0.0}],"is_beta":false,"boss_relics":[{"not_picked":["Philosopher\u0027s Stone","SacredBark"],"picked":"Busted Crown"},{"not_picked":["jesterMod:MachoBrace","jesterMod:HauntedLute"],"picked":"Pandora\u0027s Box"}],"items_purged_floors":[21],"is_endless":false,"potions_floor_spawned":[1,5,6,8,11,13,16,20,22,23,25,35,40,46,47,48,54],"ascension_level":6}}