{"host":"i7heog58do732r01","time":1611683247,"event":{"mods":["Ascension Reborn","BaseMod","Downfall","Hermit","Marisa£®ÏF”Í°°ƒß¿Ì…≥£©","Minty Spire (QoL Compilation)","Reimu£®≤©¿ˆ¡È√Œ£©","Remilia£®¿Ÿ√◊¿Ú—«£©","Replay The Spire","StSLib","TestMod","The Bug Knight","The Hierophant","The Servant 0.9.4","Youmu£®ªÍ∆«—˝√Œ£©","°æπ¶ƒ‹Mod°ø¥œ√˜µƒ◊Ó÷’Boss","ÛÙª÷∏ƒœ"],"gold_per_floor":[156,189,229,276,329,410,504,588,611,719,835,941,1030,1139,1148,1453,1453,1483,1534,1414,1461,1509,1603,1238,1357,1393,354,393,500,590,633,633,956,956,987,1047,1083,1143,1209,1313,1423,1533,1533,1100,1212,1262,1374,939,489,489,489,279,162,256,256],"floor_reached":56,"language":"ZHS","playtime":2292,"items_purged":["Choke","Backflip"],"score":2199,"play_id":"f7346d24-8023-44ac-9de5-6c2a387f8968","local_time":"20210127014727","daily_mods":["Vintage","Heirloom","Flight","DeadlyEvents","Elite Swarm","Midas"],"is_ascension_mode":true,"campfire_choices":[{"floor":15,"key":"RECALL"}],"circlet_count":0,"master_deck":["Strike_G+1","Strike_G+1","Strike_G+1","Strike_G+1","Strike_G+1","Defend_G+1","Defend_G+1","Defend_G+1","Defend_G+1","Defend_G+1","Survivor+1","Neutralize+1","Adrenaline","Venomology+1","Burst+1","Unload+1","Die Die Die","Venomology","Deflect","Phantasmal Killer","ReplayTheSpireMod:From All Sides+1","Envenom+1","ReplayTheSpireMod:From All Sides+1","After Image+1","Venomology+1","Adrenaline+1","ReplayTheSpireMod:From All Sides+1"],"relics":["Unceasing Top","replay:Trail_Library","testmod-TestBox","testmod-Brilliant","testmod-TheFather","Pantograph","CrazyTorch:ReiMu","ReplayTheSpireMod:Ninjato","Strawberry","Vajra","CeramicFish","Matryoshka","Quantum Egg","bronze:BronzeIdol","Akabeko","Question Card","War Paint","Thread and Needle","Pet Ghost","testmod-PortableAltar","Bronze Scales","The Courier","champ:Barbells","Divine Protection","MealTicket","PreservedInsect","Snake Skull","MawBank","Sling","HollowMod:StagPassRelic","Ninja Scroll","Anchor","Pear","Mango","Mercury Hourglass","Ginger","Bag of Preparation","Counterbalance","Blood Vial","Whetstone","ReplayFunnel","SacredBark","Toy Ornithopter","testmod-EqualTreatment","Bag of Marbles","Golden Egg","Iron Hammer","hexamod:CandleOfCauterizing","Eternal Feather","Kunai","Tingsha","testmod-Charity","Replay:Baseball","ReplayTheSpireMod:TigerMarble","testmod-Fortitude","White Beast Statue","Potion Belt","Pen Nib","Onion Ring","HandDrill","hexamod:BolsterEngine","testmod-Justice","Ornamental Fan","Medical Kit","Turnip"],"acts_visited":["Exordium","TheCity","TheBeyond","TheEnding"],"potions_floor_usage":[1,12,14,16,16,16,22,22,25,33,39,39,39,55,55,55,55,55],"damage_taken":[{"damage":0,"enemies":"Jaw Worm","floor":1,"turns":2},{"damage":0,"enemies":"Cultist","floor":2,"turns":1},{"damage":0,"enemies":"Small Slimes","floor":3,"turns":1},{"damage":0,"enemies":"2 Fungi Beasts","floor":4,"turns":1},{"damage":0,"enemies":"Looter","floor":5,"turns":1},{"damage":0,"enemies":"Lagavulin","floor":6,"turns":4},{"damage":5,"enemies":"Replay:BlueRogue","floor":7,"turns":2},{"damage":0,"enemies":"Gremlin Nob","floor":8,"turns":2},{"damage":0,"enemies":"Lagavulin","floor":10,"turns":3},{"damage":0,"enemies":"HollowMod:MossKnight","floor":11,"turns":2},{"damage":0,"enemies":"Gremlin Nob","floor":12,"turns":1},{"damage":0,"enemies":"Lagavulin","floor":13,"turns":2},{"damage":0,"enemies":"HollowMod:MossKnight","floor":14,"turns":1},{"damage":0,"enemies":"Hexaghost","floor":16,"turns":7},{"damage":1,"enemies":"2 Thieves","floor":18,"turns":1},{"damage":1,"enemies":"Shell Parasite","floor":19,"turns":1},{"damage":1,"enemies":"Centurion and Healer","floor":21,"turns":1},{"damage":0,"enemies":"Snake Plant","floor":22,"turns":1},{"damage":0,"enemies":"Gremlin Leader","floor":23,"turns":1},{"damage":0,"enemies":"HollowMod:Nosk","floor":25,"turns":3},{"damage":0,"enemies":"Snecko","floor":28,"turns":1},{"damage":0,"enemies":"Slavers","floor":29,"turns":1},{"damage":0,"enemies":"Replay:Snechameleon","floor":30,"turns":1},{"damage":0,"enemies":"Centurion and Healer","floor":31,"turns":1},{"damage":0,"enemies":"Collector","floor":33,"turns":2},{"damage":0,"enemies":"Orb Walker","floor":35,"turns":1},{"damage":0,"enemies":"3 Shapes","floor":36,"turns":1},{"damage":0,"enemies":"Writhing Mass","floor":37,"turns":2},{"damage":0,"enemies":"4 Shapes","floor":38,"turns":1},{"damage":0,"enemies":"Transient","floor":39,"turns":5},{"damage":0,"enemies":"Reptomancer","floor":40,"turns":1},{"damage":0,"enemies":"R_Hoarder","floor":41,"turns":1},{"damage":0,"enemies":"Nemesis","floor":42,"turns":1},{"damage":0,"enemies":"R_Hoarder","floor":45,"turns":1},{"damage":0,"enemies":"Writhing Mass","floor":46,"turns":1},{"damage":0,"enemies":"Reptomancer","floor":47,"turns":1},{"damage":0,"enemies":"Time Eater","floor":50,"turns":2},{"damage":0,"enemies":"Shield and Spear","floor":54,"turns":1},{"damage":0,"enemies":"The Heart","floor":55,"turns":3}],"seed_played":"6769732581567135982","potions_obtained":[{"floor":1,"key":"testmod-SpacePotion"},{"floor":3,"key":"Elixir"},{"floor":7,"key":"SpeedPotion"},{"floor":16,"key":"SpeedPotion"},{"floor":22,"key":"Elixir"},{"floor":28,"key":"Toxic Potion"},{"floor":36,"key":"AttackPotion"}],"is_trial":true,"path_per_floor":["M","M","M","M","M","E","E","E","T","E","E","E","E","E","R","B",null,"M","M","$","M","M","E","R","E","T","$","M","E","E","M","R","B",null,"M","M","M","M","M","E","E","E","T","$","E","M","E","$","R","B",null,"R","$","E","B",null],"character_chosen":"THE_SILENT","items_purchased":["champ:Barbells","Snake Skull","MawBank","Sling","Pear","Mango","Mercury Hourglass","Ginger","Bag of Preparation","testmod-Charity","Replay:Baseball","ReplayTheSpireMod:TigerMarble","Potion Belt","Pen Nib","Onion Ring","HandDrill","hexamod:BolsterEngine","testmod-Justice","Ornamental Fan","Medical Kit"],"campfire_rested":0,"item_purchase_floors":[20,24,24,24,27,27,27,27,27,44,44,44,48,48,48,49,49,49,52,53],"current_hp_per_floor":[70,70,70,77,77,77,72,72,72,72,72,72,72,72,72,77,77,75,74,74,72,72,71,70,69,68,91,90,89,88,87,86,85,84,83,82,81,80,79,78,77,76,75,74,75,76,77,76,75,80,79,78,77,83,90],"gold":256,"neow_bonus":"","is_daily":false,"chose_seed":false,"campfire_upgraded":0,"win_rate":0.0,"timestamp":1611683247,"path_taken":["M","M","M","M","M","E","E","E","T","E","E","E","E","E","R","BOSS","M","M","$","M","M","E","R","E","T","$","M","E","E","M","R","BOSS","M","M","M","M","M","E","E","E","T","$","E","M","E","$","R","BOSS","R","$","E","BOSS"],"items_purchased_type":["Relic","Relic","Relic","Relic","Relic","Relic","Relic","Relic","Relic","Relic","Relic","Relic","Relic","Relic","Relic","Relic","Relic","Relic","Relic","Relic"],"build_version":"2020-12-22","purchased_purges":2,"victory":true,"max_hp_per_floor":[70,70,70,77,77,77,77,77,77,77,77,77,77,77,77,77,77,76,75,74,73,72,71,70,69,68,91,90,89,88,87,86,85,84,83,82,81,80,79,78,77,76,75,74,75,76,77,76,75,80,79,78,77,83,90],"card_choices":[{"not_picked":["Envenom","Die Die Die","Phantasmal Killer"],"picked":"SKIP","floor":6},{"not_picked":["A Thousand Cuts","Storm of Steel"],"picked":"Adrenaline","floor":7},{"not_picked":["Night Terror","Phantasmal Killer","Grand Finale"],"picked":"SKIP","floor":8},{"not_picked":["Corpse Explosion","Unload"],"picked":"Venomology","floor":10},{"not_picked":["Phantasmal Killer","Doppelganger"],"picked":"Burst","floor":11},{"not_picked":["Doppelganger","Wraith Form v2","Burst"],"picked":"Unload","floor":12},{"not_picked":["A Thousand Cuts","Wraith Form v2","Tools of the Trade"],"picked":"Die Die Die","floor":13},{"not_picked":["Grand Finale","Night Terror","Adrenaline"],"picked":"Venomology","floor":14},{"not_picked":["Wraith Form v2","Envenom","Die Die Die"],"picked":"Phantasmal Killer","floor":16},{"not_picked":["Adrenaline","Bullet Time","Phantasmal Killer"],"picked":"ReplayTheSpireMod:From All Sides","floor":23},{"not_picked":["Doppelganger","A Thousand Cuts","After Image","Glass Knife"],"picked":"SKIP","floor":25},{"not_picked":["Phantasmal Killer","ReplayTheSpireMod:From All Sides","Envenom","Unload"],"picked":"SKIP","floor":29},{"not_picked":["Corpse Explosion","Bullet Time","Poison Darts","ReplayTheSpireMod:Necrosis"],"picked":"SKIP","floor":30},{"not_picked":["Grand Finale","Bullet Time","Glass Knife"],"picked":"Envenom","floor":40},{"not_picked":["Envenom","Malaise","Wraith Form v2"],"picked":"ReplayTheSpireMod:From All Sides","floor":41},{"not_picked":["Grand Finale","Corpse Explosion","ReplayTheSpireMod:From All Sides"],"picked":"After Image","floor":42},{"not_picked":["Replay:Bag of Tricks","Corpse Explosion","Bullet Time"],"picked":"Venomology","floor":45},{"not_picked":["Phantasmal Killer","Night Terror","Wraith Form v2"],"picked":"Adrenaline","floor":47},{"not_picked":["A Thousand Cuts","ReplayTheSpireMod:Necrosis","Burst"],"picked":"ReplayTheSpireMod:From All Sides","floor":54}],"player_experience":391975,"relics_obtained":[{"floor":1,"key":"Pantograph"},{"floor":2,"key":"CrazyTorch:ReiMu"},{"floor":3,"key":"ReplayTheSpireMod:Ninjato"},{"floor":4,"key":"Strawberry"},{"floor":5,"key":"Vajra"},{"floor":6,"key":"CeramicFish"},{"floor":7,"key":"Matryoshka"},{"floor":8,"key":"Quantum Egg"},{"floor":9,"key":"bronze:BronzeIdol"},{"floor":10,"key":"Akabeko"},{"floor":11,"key":"Question Card"},{"floor":12,"key":"War Paint"},{"floor":13,"key":"Thread and Needle"},{"floor":14,"key":"Pet Ghost"},{"floor":18,"key":"Bronze Scales"},{"floor":19,"key":"The Courier"},{"floor":21,"key":"Divine Protection"},{"floor":22,"key":"MealTicket"},{"floor":23,"key":"PreservedInsect"},{"floor":25,"key":"HollowMod:StagPassRelic"},{"floor":26,"key":"Ninja Scroll"},{"floor":26,"key":"Anchor"},{"floor":28,"key":"Counterbalance"},{"floor":29,"key":"Blood Vial"},{"floor":30,"key":"Whetstone"},{"floor":31,"key":"ReplayFunnel"},{"floor":35,"key":"Toy Ornithopter"},{"floor":36,"key":"testmod-EqualTreatment"},{"floor":37,"key":"Bag of Marbles"},{"floor":38,"key":"Golden Egg"},{"floor":39,"key":"Iron Hammer"},{"floor":40,"key":"hexamod:CandleOfCauterizing"},{"floor":41,"key":"Eternal Feather"},{"floor":42,"key":"Kunai"},{"floor":43,"key":"Tingsha"},{"floor":45,"key":"testmod-Fortitude"},{"floor":46,"key":"White Beast Statue"},{"floor":54,"key":"Turnip"}],"event_choices":[],"is_beta":false,"boss_relics":[{"not_picked":["testmod-StringDisintegrator","Painkiller Herb"],"picked":"testmod-PortableAltar"},{"not_picked":["Ring of Chaos","testmod-SaigiyounoYou"],"picked":"SacredBark"}],"items_purged_floors":[27,44],"is_endless":false,"potions_floor_spawned":[1,3,6,7,10,13,14,16,18,22,28,30,31,36,37,40,42,45,47,54],"ascension_level":0}}