{"host":"dl909bjyolgrn2uw","time":1611639367,"event":{"mods":["2.2 Compatiblity","AlwaysNeverKeys","BaseMod","Bestiary","Better Altar","Better Note","Better Sensory Stone","Better Skull","Better Vampires","Better-Laid Plans","BetterRewards","Colored Powertips","Curses Come First","Disable Question Mark Monsters","Displayed Cursed Tome","Emptier Cage","Evolution","Minty Spire (QoL Compilation)","Permanent Neow","Quick Restart","Rare Cards Sparkle","Relic Stats","Shop Mod","Spicy Shops","StSLib","SuperFastMode","Transform Curses"],"gold_per_floor":[111,123,141,151,151,151,151,166,236,262,64,76,76,111,111,211,211,229,244,271,9,27,27,47,47,47,58,58,58,83,110,110,208,208,219,266,266,488,505,505,505,505,530,561,581,607,31,45,45,45],"floor_reached":51,"language":"ENG","playtime":2952,"items_purged":["Defend_R","Clash"],"score":966,"play_id":"5f914654-fb1f-48e1-898d-98e890b673d7","local_time":"20210125233607","is_ascension_mode":true,"campfire_choices":[{"data":"Uppercut","floor":6.0,"key":"SMITH"},{"data":"Bash","floor":13.0,"key":"SMITH"},{"data":"Shrug It Off","floor":15.0,"key":"SMITH"},{"floor":23.0,"key":"REST"},{"data":"Juggernaut","floor":28.0,"key":"SMITH"},{"data":"Shockwave","floor":32.0,"key":"SMITH"},{"data":"Feed","floor":40.0,"key":"SMITH"},{"floor":42.0,"key":"REST"},{"floor":49,"key":"REST"}],"circlet_count":0,"master_deck":["Twin Strike+1","Strike_R+1","Strike_R","Strike_R","Strike_R","Defend_R+1","Defend_R+1","Defend_R+1","Bash+1","Armaments+1","Uppercut+1","Fiend Fire","Panacea","Warcry","Shrug It Off","Shrug It Off+1","Juggernaut+1","Battle Trance","Shockwave+1","Inflame","Ghostly","Ghostly","Ghostly","Ghostly","Ghostly","Feed+1","Headbutt","Clothesline+1","Flex+1","Feel No Pain+1","True Grit+1","Sword Boomerang"],"relics":["EVO:Axolotl","Runic Cube","Blue Candle","Ice Cream","War Paint","Centennial Puzzle","Velvet Choker","Red Mask","Whetstone","Peace Pipe","Regal Pillow","PreservedInsect","Runic Pyramid","StoneCalendar","MealTicket","Omamori","Pocketwatch","Lee\u0027s Waffle","Medical Kit","Art of War"],"acts_visited":["Exordium","TheCity","TheBeyond"],"potions_floor_usage":[50],"damage_taken":[{"damage":0.0,"enemies":"2 Louse","floor":1.0,"turns":4.0},{"damage":0.0,"enemies":"Small Slimes","floor":2.0,"turns":4.0},{"damage":1.0,"enemies":"Cultist","floor":3.0,"turns":3.0},{"damage":4.0,"enemies":"Blue Slaver","floor":4.0,"turns":2.0},{"damage":0.0,"enemies":"2 Fungi Beasts","floor":8.0,"turns":3.0},{"damage":12.0,"enemies":"Lagavulin","floor":10.0,"turns":6.0},{"damage":0.0,"enemies":"Looter","floor":12.0,"turns":3.0},{"damage":8.0,"enemies":"Gremlin Nob","floor":14.0,"turns":3.0},{"damage":25.0,"enemies":"The Guardian","floor":16.0,"turns":13.0},{"damage":14.0,"enemies":"Spheric Guardian","floor":18.0,"turns":4.0},{"damage":1.0,"enemies":"2 Thieves","floor":19.0,"turns":3.0},{"damage":27.0,"enemies":"Masked Bandits","floor":20.0,"turns":5.0},{"damage":3.0,"enemies":"Shelled Parasite and Fungi","floor":22.0,"turns":3.0},{"damage":5.0,"enemies":"Snecko","floor":24.0,"turns":4.0},{"damage":12.0,"enemies":"Cultist and Chosen","floor":27.0,"turns":5.0},{"damage":1.0,"enemies":"Book of Stabbing","floor":31.0,"turns":6.0},{"damage":33.0,"enemies":"Collector","floor":33.0,"turns":13.0},{"damage":1.0,"enemies":"3 Shapes","floor":35.0,"turns":6.0},{"damage":14.0,"enemies":"2 Orb Walkers","floor":36.0,"turns":6.0},{"damage":1.0,"enemies":"3 Darklings","floor":39.0,"turns":7.0},{"damage":31.0,"enemies":"Nemesis","floor":44.0,"turns":9.0},{"damage":1.0,"enemies":"Transient","floor":45.0,"turns":5.0},{"damage":3.0,"enemies":"Reptomancer","floor":46.0,"turns":5.0},{"damage":18,"enemies":"4 Shapes","floor":48,"turns":7},{"damage":14,"enemies":"Time Eater","floor":50,"turns":10}],"seed_played":"5675587151895580880","potions_obtained":[{"floor":2.0,"key":"Energy Potion"},{"floor":4.0,"key":"BloodPotion"},{"floor":10.0,"key":"LiquidMemories"},{"floor":12.0,"key":"Block Potion"},{"floor":22.0,"key":"BloodPotion"},{"floor":24.0,"key":"HeartOfIron"},{"floor":31.0,"key":"Dexterity Potion"},{"floor":36.0,"key":"Weak Potion"},{"floor":39.0,"key":"SpeedPotion"},{"floor":44.0,"key":"Fruit Juice"},{"floor":46.0,"key":"PowerPotion"}],"is_trial":false,"path_per_floor":["M","M","M","M","?","R","?","M","T","E","$","M","R","E","R","B",null,"M","M","?","$","M","R","M","?","T","M","R","?","T","E","R","B",null,"M","?","?","?","M","R","?","R","T","E","M","E","$","M","R","B",null],"character_chosen":"IRONCLAD","items_purchased":["Shrug It Off","War Paint","Shockwave","Whetstone","Lee\u0027s Waffle","Medical Kit","Sword Boomerang","Art of War"],"campfire_rested":3,"item_purchase_floors":[11,11,21,21,47,47,47,47],"current_hp_per_floor":[72,72,71,67,51,51,51,51,51,39,39,55,55,47,47,22,66,52,51,24,24,21,45,40,37,37,25,25,25,25,24,24,12,33,35,25,25,25,24,24,24,45,45,18,17,14,56,42,60,46],"gold":45,"neow_bonus":"BOSS_RELIC","is_daily":false,"chose_seed":false,"campfire_upgraded":6,"win_rate":0.0,"timestamp":1611639367,"path_taken":["M","M","M","M","?","R","?","?","T","E","$","M","R","E","R","BOSS","M","M","?","$","M","R","M","?","T","M","R","?","?","E","R","BOSS","M","?","?","?","M","R","?","R","T","E","M","E","$","M","R","BOSS"],"items_purchased_type":["Card","Relic","Card","Relic","Relic","Relic","Card","Relic"],"build_version":"2020-12-22","purchased_purges":2,"victory":true,"max_hp_per_floor":[80,80,80,80,80,80,80,80,80,80,80,80,80,80,80,80,80,80,80,80,80,80,80,80,80,80,80,80,40,40,40,40,40,40,43,47,45,45,45,45,45,45,45,49,49,49,56,60,60,60],"relic_stats":{"Regal Pillow":8,"Lee\u0027s Waffle":27,"counters":[25,139],"Blue Candle":[0],"StoneCalendar":[190],"PreservedInsect":107,"Whetstone":["Strike_R","Twin Strike"],"War Paint":["Defend_R","Defend_R"],"Medical Kit":[0],"Peace Pipe":0,"Centennial Puzzle":[49],"MealTicket":15,"Art of War":[3],"obtain_stats":[{"Ice Cream":10,"Regal Pillow":30,"Lee\u0027s Waffle":47,"Blue Candle":9,"Velvet Choker":17,"StoneCalendar":36,"PreservedInsect":31,"Omamori":44,"EVO:Axolotl":0,"Whetstone":21,"War Paint":11,"Medical Kit":47,"Burning Blood":0,"Peace Pipe":26,"Centennial Puzzle":14,"MealTicket":43,"Red Mask":20,"Art of War":47,"Runic Cube":0,"Runic Pyramid":34,"Pocketwatch":46},{"Ice Cream":6,"Regal Pillow":15,"Lee\u0027s Waffle":23,"Blue Candle":5,"Velvet Choker":9,"StoneCalendar":19,"PreservedInsect":16,"Omamori":21,"EVO:Axolotl":0,"Whetstone":12,"War Paint":6,"Medical Kit":23,"Burning Blood":0,"Peace Pipe":14,"Centennial Puzzle":8,"MealTicket":20,"Red Mask":12,"Art of War":23,"Runic Cube":0,"Runic Pyramid":17,"Pocketwatch":23},{"Ice Cream":22,"Regal Pillow":65,"Lee\u0027s Waffle":122,"Blue Candle":16,"Velvet Choker":41,"StoneCalendar":96,"PreservedInsect":71,"Omamori":112,"EVO:Axolotl":0,"Whetstone":53,"War Paint":22,"Medical Kit":122,"Burning Blood":0,"Peace Pipe":60,"Centennial Puzzle":28,"MealTicket":103,"Red Mask":53,"Art of War":122,"Runic Cube":0,"Runic Pyramid":84,"Pocketwatch":122}],"Runic Cube":[44],"Pocketwatch":[0]},"card_choices":[{"not_picked":["Anger","True Grit"],"picked":"Armaments","floor":1.0},{"not_picked":["Sever Soul","Entrench"],"picked":"Clash","floor":2.0},{"not_picked":["Shrug It Off","Perfected Strike"],"picked":"Uppercut","floor":3.0},{"not_picked":["Twin Strike","Sword Boomerang"],"picked":"Fiend Fire","floor":4.0},{"not_picked":["Twin Strike","Perfected Strike"],"picked":"Warcry","floor":8.0},{"not_picked":["Flex","Thunderclap"],"picked":"Shrug It Off","floor":10.0},{"not_picked":["Pommel Strike","Berserk","Thunderclap"],"picked":"SKIP","floor":12.0},{"not_picked":["Clothesline","Perfected Strike","Headbutt"],"picked":"SKIP","floor":14.0},{"not_picked":["Double Tap","Reaper"],"picked":"Juggernaut","floor":16.0},{"not_picked":["Heavy Blade+1","Dual Wield","Intimidate"],"picked":"SKIP","floor":18.0},{"not_picked":["Anger+1","Twin Strike","Warcry"],"picked":"SKIP","floor":19.0},{"not_picked":["Disarm","Whirlwind"],"picked":"Battle Trance","floor":20.0},{"not_picked":["Carnage","Second Wind","Whirlwind"],"picked":"SKIP","floor":22.0},{"not_picked":["Heavy Blade","Iron Wave"],"picked":"Inflame","floor":24.0},{"not_picked":["Clash","Infernal Blade+1","Sword Boomerang"],"picked":"SKIP","floor":27.0},{"not_picked":["Fire Breathing+1","Power Through","Carnage"],"picked":"SKIP","floor":31.0},{"not_picked":["Impervious","Reaper"],"picked":"Feed","floor":33.0},{"not_picked":["Flex","Sword Boomerang"],"picked":"Headbutt","floor":35.0},{"not_picked":["Hemokinesis","Pommel Strike+1"],"picked":"Clothesline+1","floor":36.0},{"not_picked":["Warcry","Clash","Heavy Blade+1"],"picked":"SKIP","floor":39.0},{"not_picked":["Anger","Fiend Fire"],"picked":"Flex+1","floor":44.0},{"not_picked":["Anger","Havoc"],"picked":"Feel No Pain+1","floor":45.0},{"not_picked":["Brutality","Clothesline"],"picked":"True Grit+1","floor":46.0},{"not_picked":["Pommel Strike+1","Clothesline","True Grit"],"picked":"SKIP","floor":48}],"player_experience":314624,"relics_obtained":[{"floor":9.0,"key":"Blue Candle"},{"floor":10.0,"key":"Ice Cream"},{"floor":14.0,"key":"Centennial Puzzle"},{"floor":20.0,"key":"Red Mask"},{"floor":26.0,"key":"Peace Pipe"},{"floor":30.0,"key":"Regal Pillow"},{"floor":31.0,"key":"PreservedInsect"},{"floor":36.0,"key":"StoneCalendar"},{"floor":43.0,"key":"MealTicket"},{"floor":44.0,"key":"Omamori"},{"floor":46.0,"key":"Pocketwatch"}],"event_choices":[{"damage_healed":0.0,"max_hp_gain":0.0,"max_hp_loss":0.0,"gold_gain":0.0,"event_name":"Shining Light","player_choice":"Entered Light","floor":5.0,"gold_loss":0.0,"damage_taken":16.0,"cards_upgraded":["Armaments","Defend_R"]},{"damage_healed":0.0,"max_hp_gain":0.0,"max_hp_loss":0.0,"gold_gain":0.0,"event_name":"Match and Keep!","player_choice":"1 cards matched","floor":7.0,"gold_loss":0.0,"damage_taken":0.0,"cards_obtained":["Panacea"]},{"damage_healed":0.0,"max_hp_gain":0.0,"max_hp_loss":0.0,"gold_gain":0.0,"event_name":"Masked Bandits","player_choice":"Fought Bandits","floor":20.0,"gold_loss":0.0,"damage_taken":0.0},{"damage_healed":0.0,"max_hp_gain":40.0,"max_hp_loss":37.0,"gold_gain":0.0,"event_name":"betterAltar:BetterAltar","player_choice":" Potion ","floor":25.0,"potions_obtained":["betterAltar:AltarPotion"],"relics_lost":[],"gold_loss":0.0,"damage_taken":19.0,"relics_obtained":[]},{"damage_healed":0.0,"max_hp_gain":0.0,"max_hp_loss":40.0,"gold_gain":0.0,"event_name":"Ghosts","player_choice":"Became a Ghost","floor":29.0,"gold_loss":0.0,"damage_taken":0.0,"cards_obtained":["Ghostly","Ghostly","Ghostly","Ghostly","Ghostly"]},{"damage_healed":0.0,"max_hp_gain":0.0,"max_hp_loss":0.0,"gold_gain":0.0,"event_name":"Mysterious Sphere","player_choice":"Fight","floor":36.0,"gold_loss":0.0,"damage_taken":0.0},{"damage_healed":0.0,"max_hp_gain":0.0,"max_hp_loss":2.0,"gold_gain":0.0,"event_name":"Winding Halls","player_choice":"Max HP","floor":37.0,"gold_loss":0.0,"damage_taken":0.0},{"damage_healed":0.0,"max_hp_gain":0.0,"max_hp_loss":0.0,"gold_gain":222.0,"event_name":"Tomb of Lord Red Mask","player_choice":"Wore Mask","floor":38.0,"gold_loss":0.0,"damage_taken":0.0},{"damage_healed":0.0,"max_hp_gain":0.0,"max_hp_loss":0.0,"gold_gain":0.0,"event_name":"Match and Keep!","player_choice":"0 cards matched","floor":41.0,"gold_loss":0.0,"damage_taken":0.0,"cards_obtained":[]}],"is_beta":false,"boss_relics":[{"not_picked":["Mark of Pain","Busted Crown"],"picked":"Velvet Choker"},{"not_picked":["Pandora\u0027s Box","Empty Cage"],"picked":"Runic Pyramid"}],"items_purged_floors":[21,47],"is_endless":false,"potions_floor_spawned":[2,4,10,12,16,18,22,24,31,36,39,44,46],"ascension_level":6}}