{"host":"yiuxawbvzhpm7ctb","time":1611684809,"event":{"mods":["AchievementEnabler","Act Like it!","Aspiration","BaseMod","Better Altar","Better Match","Better Note","Better Sensory Stone","Better Skull","Better Third Choice","Better Vampires","Colored Map","Conspire","Downfall","Emptier Cage","Halation","Hubris","Infinite Spire","Jedi Mod","Marisa????????","Minty Spire (QoL Compilation)","Pale of the Ancients","Reliquary","Replay The Spire","StSLib","The Jungle","Wandering Minibosses"],"gold_per_floor":[99,112,112,112,112,128,210,220,249,267,287,287,314,314,332,433,433,433,447,447,447,459,459,546,568,326,326,341,376,393,410,428,428,428,428],"floor_reached":33,"language":"ENG","playtime":2189,"items_purged":["Injury"],"score":306,"play_id":"49028667-40fa-4a68-a3b3-012d2b6a9c16","local_time":"20210126131329","is_ascension_mode":false,"campfire_choices":[{"data":"champ:Taunt","floor":1,"key":"SMITH"},{"data":"champ:FlashCut","floor":18,"key":"SMITH"},{"data":"Replay:Dark Deal","floor":27,"key":"SMITH"}],"circlet_count":0,"master_deck":["champ:Strike","champ:Strike","champ:Strike","champ:Strike","champ:Defend","champ:Defend","champ:Defend","champ:Defend","champ:Execute+1","champ:Taunt+1","champ:FancyFootwork","Life Link","champ:FanOfKnives","champ:EnGarde","champ:FlashCut+1","champ:RecklessLeap","champ:HeavySlash+1","Jack Of All Trades","champ:VampiricStrike+1","champ:PerfectedStrike+1","champ:BladeFlurry+1","champ:Circumvent+1","champ:BringItOn+1","Replay:Dark Deal+1","champ:FaceSlap+1","champ:TripleStrike+1","champ:FaceSlap+1","champ:StanceDance","champ:GladiatorForm"],"relics":["m_IronCrown","Replay:Bottled Steam","aspiration:HiddenCompartment","Molten Egg 2","halation:QuantumPhysicsTextbook","conspire:SeveredTorchhead","hubris:64BitClover","MawBank","reliquary:TridentHead","Mango"],"acts_visited":["Exordium","TheCity"],"potions_floor_usage":[9,22,33,33],"damage_taken":[{"damage":14,"enemies":"conspire:RoseBush","floor":2,"turns":4},{"damage":10,"enemies":"2 Louse","floor":6,"turns":3},{"damage":5,"enemies":"Small Slimes","floor":8,"turns":5},{"damage":44,"enemies":"Lagavulin","floor":9,"turns":7},{"damage":38,"enemies":"Exordium Wildlife","floor":10,"turns":5},{"damage":10,"enemies":"2 Fungi Beasts","floor":11,"turns":4},{"damage":33,"enemies":"Gremlin Nob","floor":13,"turns":4},{"damage":11,"enemies":"Blue Slaver","floor":15,"turns":4},{"damage":71,"enemies":"IC_STATUS_ARCHETYPE","floor":16,"turns":9},{"damage":18,"enemies":"Chosen","floor":19,"turns":6},{"damage":10,"enemies":"Spheric Guardian","floor":22,"turns":2},{"damage":32,"enemies":"Chosen and Byrds","floor":25,"turns":6},{"damage":10,"enemies":"downfall:FleeingMerchant","floor":26,"turns":4},{"damage":18,"enemies":"Shelled Parasite and Fungi","floor":28,"turns":2},{"damage":45,"enemies":"Book of Stabbing","floor":29,"turns":3},{"damage":40,"enemies":"3 Cultists","floor":30,"turns":4},{"damage":11,"enemies":"Centurion and Healer","floor":31,"turns":4},{"damage":21,"enemies":"Chosen and Byrds","floor":32,"turns":6},{"damage":115,"enemies":"DF_ARCHETYPE_CLAW","floor":33,"turns":7}],"seed_played":"-3145849468773964455","potions_obtained":[{"floor":2,"key":"Fire Potion"},{"floor":6,"key":"PowerPotion"},{"floor":13,"key":"FairyPotion"},{"floor":22,"key":"Dexterity Potion"},{"floor":28,"key":"PowerPotion"},{"floor":32,"key":"infinitespire:BlackPotion"}],"is_trial":false,"path_per_floor":["R","M","?","?","?","M","T","M","E","M","M","?","E","?","M","B",null,"R_BF","M","AVR","?","M","?","T","M","$","R","M","E","M","M","M","B"],"character_chosen":"THE_CHAMP","items_purchased":["Replay:Dark Deal","champ:FaceSlap+1"],"campfire_rested":0,"item_purchase_floors":[26,26],"current_hp_per_floor":[99,95,95,95,95,99,99,99,71,69,75,75,73,73,78,23,99,99,97,97,97,99,99,99,88,94,94,82,57,63,68,63,0,0,0],"gold":428,"neow_bonus":"TEN_PERCENT_HP_BONUS","is_daily":false,"chose_seed":false,"campfire_upgraded":3,"win_rate":0.0,"timestamp":1611684809,"path_taken":["R","M","?","?","?","?","T","M","E","M","M","?","E","?","M","BOSS","R_BF","M","AVR","?","M","?","T","?","?","R","M","E","M","?","M","BOSS"],"items_purchased_type":["Card","Card"],"build_version":"2020-12-22","purchased_purges":1,"victory":false,"max_hp_per_floor":[99,99,99,99,99,99,99,99,99,99,99,99,99,99,99,99,99,99,99,99,99,99,99,99,99,99,99,99,113,113,113,113,113,113,113],"card_choices":[{"not_picked":["champ:Shatter","champ:EnGarde"],"picked":"champ:FancyFootwork","floor":2},{"not_picked":["champ:Backstep","champ:TornadoPunch"],"picked":"Life Link","floor":6},{"not_picked":["Twin Strike","champ:Duel"],"picked":"champ:FanOfKnives","floor":8},{"not_picked":["Heavy Blade","Bloodletting"],"picked":"champ:EnGarde","floor":9},{"not_picked":["champ:CrookedStrike","champ:PerfectedStrike"],"picked":"champ:FlashCut","floor":10},{"not_picked":["champ:StanceDance","champ:BerserkersShout"],"picked":"champ:RecklessLeap","floor":11},{"not_picked":["champ:DefensiveShout","champ:FanOfKnives+1"],"picked":"champ:HeavySlash+1","floor":13},{"not_picked":["Deep Breath","Replay:Bootleg Shield Generator"],"picked":"Jack Of All Trades","floor":14},{"not_picked":["champ:EnGarde","Life Link","champ:DefensiveShout"],"picked":"SKIP","floor":15},{"not_picked":["champ:LastStand","champ:Devastate+1"],"picked":"champ:VampiricStrike+1","floor":16},{"not_picked":["champ:BringItOn+1","champ:FlashCut+1"],"picked":"champ:PerfectedStrike+1","floor":19},{"not_picked":["champ:ShieldWall","champ:TornadoPunch+1"],"picked":"champ:BladeFlurry+1","floor":22},{"not_picked":["champ:CalledShot","champ:CrownThrow+1"],"picked":"champ:Circumvent+1","floor":25},{"not_picked":["champ:CrownThrow+1","champ:DefensiveShout+1"],"picked":"champ:BringItOn+1","floor":26},{"not_picked":["champ:BerserkersShout","champ:BringItOn"],"picked":"champ:TripleStrike+1","floor":28},{"not_picked":["champ:CrownThrow+1","champ:ShieldSlam","champ:BladeFlurry+1"],"picked":"SKIP","floor":29},{"not_picked":["champ:TornadoPunch+1","champ:PerfectedStrike+1"],"picked":"champ:FaceSlap+1","floor":30},{"not_picked":["champ:ShieldWall","champ:Backstep"],"picked":"champ:StanceDance","floor":31},{"not_picked":["champ:GladiatorStyle","champ:EnGarde"],"picked":"champ:GladiatorForm","floor":32}],"player_experience":598844,"relics_obtained":[{"floor":7,"key":"Replay:Bottled Steam"},{"floor":9,"key":"aspiration:HiddenCompartment"},{"floor":13,"key":"halation:QuantumPhysicsTextbook"},{"floor":23,"key":"MawBank"},{"floor":24,"key":"reliquary:TridentHead"},{"floor":29,"key":"Mango"}],"event_choices":[{"damage_healed":0,"gold_gain":0,"player_choice":"Leave","damage_taken":0,"max_hp_gain":0,"max_hp_loss":0,"event_name":"conspire:Investor","floor":3,"gold_loss":0},{"damage_healed":0,"gold_gain":0,"player_choice":"Grow","damage_taken":0,"max_hp_gain":0,"max_hp_loss":0,"event_name":"Living Wall","floor":5,"gold_loss":0,"cards_upgraded":["champ:Execute"]},{"damage_healed":0,"gold_gain":1,"player_choice":"1","damage_taken":0,"max_hp_gain":0,"max_hp_loss":0,"event_name":"betterStone:BetterStone","floor":14,"gold_loss":0},{"damage_healed":0,"gold_gain":0,"player_choice":"Ignored","damage_taken":0,"max_hp_gain":0,"max_hp_loss":0,"event_name":"betterNote:BetterNote","floor":21,"gold_loss":0,"cards_obtained":["Seek"]}],"is_beta":false,"boss_relics":[{"not_picked":["aspiration:SecretTechniqueScroll","hubris:Backtick"],"picked":"conspire:SeveredTorchhead"}],"items_purged_floors":[20],"is_endless":false,"potions_floor_spawned":[2,6,13,22,28,29,32],"killed_by":"DF_ARCHETYPE_CLAW","ascension_level":0}}