{"host":"94aus4jnk6thj94q","time":1611697483,"event":{"mods":["BaseMod","Minty Spire (QoL Compilation)","Quick Restart","StSLib"],"gold_per_floor":[109,128,128,146,146,175,175,140,163,163,176,33,44,44,44,164,164,137,152,170,203,203,203],"floor_reached":22,"language":"ENG","playtime":18258,"items_purged":[],"score":211,"play_id":"7ab2c755-1c91-48b8-be15-750e237bf4a5","local_time":"20210126234443","is_ascension_mode":false,"campfire_choices":[{"floor":7.0,"key":"REST"},{"floor":10.0,"key":"RECALL"},{"floor":15.0,"key":"REST"}],"circlet_count":0,"master_deck":["Strike_R","Strike_R","Strike_R","Strike_R","Strike_R","Defend_R","Defend_R","Defend_R","Defend_R","Bash","Armaments+1","Twin Strike","Body Slam","Armaments","Disarm","Carnage","Barricade","Clothesline+1","Perfected Strike","Ghostly Armor"],"relics":["Black Blood","Strawberry","Anchor","ClockworkSouvenir","Golden Idol","Red Mask"],"acts_visited":["Exordium","TheCity"],"potions_floor_usage":[21,21,21],"damage_taken":[{"damage":11.0,"enemies":"Jaw Worm","floor":1.0,"turns":5.0},{"damage":7.0,"enemies":"Small Slimes","floor":2.0,"turns":4.0},{"damage":0.0,"enemies":"2 Louse","floor":4.0,"turns":3.0},{"damage":23.0,"enemies":"Gremlin Nob","floor":6.0,"turns":4.0},{"damage":6.0,"enemies":"Exordium Wildlife","floor":11.0,"turns":4.0},{"damage":5.0,"enemies":"Blue Slaver","floor":13.0,"turns":3.0},{"damage":21.0,"enemies":"The Guardian","floor":16.0,"turns":10.0},{"damage":49.0,"enemies":"2 Thieves","floor":18.0,"turns":5.0},{"damage":11,"enemies":"Shell Parasite","floor":19,"turns":6},{"damage":34,"enemies":"Cultist and Chosen","floor":20,"turns":10},{"damage":17,"enemies":"Masked Bandits","floor":21,"turns":4},{"damage":23,"enemies":"Centurion and Healer","floor":22,"turns":7}],"seed_played":"7962635548698276742","potions_obtained":[{"floor":2.0,"key":"ColorlessPotion"},{"floor":4.0,"key":"Block Potion"},{"floor":6.0,"key":"DuplicationPotion"},{"floor":18.0,"key":"BlessingOfTheForge"},{"floor":19,"key":"ColorlessPotion"},{"floor":20,"key":"Weak Potion"}],"is_trial":false,"path_per_floor":["M","M","?","M","?","E","R","?","T","R","M","$","M","?","R","B",null,"M","M","M","?","M"],"character_chosen":"IRONCLAD","items_purchased":["ClockworkSouvenir"],"campfire_rested":2,"item_purchase_floors":[12],"current_hp_per_floor":[67,66,66,72,72,62,92,103,103,103,103,103,103,78,103,88,103,66,67,45,40,17,17],"gold":203,"neow_bonus":"TWENTY_PERCENT_HP_BONUS","is_daily":false,"chose_seed":false,"campfire_upgraded":0,"win_rate":0.0,"timestamp":1611697483,"path_taken":["M","M","?","M","?","E","R","?","T","R","M","$","M","?","R","BOSS","M","M","M","?","M"],"items_purchased_type":["Relic"],"build_version":"2020-12-22","purchased_purges":0,"victory":false,"max_hp_per_floor":[96,96,96,96,96,103,103,103,103,103,103,103,103,103,103,103,103,103,103,103,103,103,103],"card_choices":[{"not_picked":["Carnage","Power Through"],"picked":"Armaments","floor":1.0},{"not_picked":["Warcry","Clash"],"picked":"Twin Strike","floor":2.0},{"not_picked":["Sentinel","Clash"],"picked":"Body Slam","floor":4.0},{"not_picked":["Barricade","Shockwave"],"picked":"Armaments","floor":6.0},{"not_picked":["Uppercut","Battle Trance"],"picked":"Disarm","floor":11.0},{"not_picked":["Wild Strike","Evolve"],"picked":"Carnage","floor":13.0},{"not_picked":["Bludgeon","Impervious"],"picked":"Barricade","floor":16.0},{"not_picked":["Armaments","Warcry"],"picked":"Clothesline+1","floor":18.0},{"not_picked":["Hemokinesis","Wild Strike+1"],"picked":"Perfected Strike","floor":19},{"not_picked":["Havoc","Pommel Strike","Dropkick+1"],"picked":"SKIP","floor":20},{"not_picked":["True Grit","Havoc"],"picked":"Ghostly Armor","floor":21}],"player_experience":5962041,"relics_obtained":[{"floor":6.0,"key":"Strawberry"},{"floor":9.0,"key":"Anchor"},{"floor":21,"key":"Red Mask"}],"event_choices":[{"damage_healed":0.0,"max_hp_gain":0.0,"max_hp_loss":0.0,"gold_gain":0.0,"event_name":"Living Wall","player_choice":"Grow","floor":3.0,"gold_loss":0.0,"damage_taken":0.0,"cards_upgraded":["Armaments"]},{"damage_healed":0.0,"max_hp_gain":0.0,"max_hp_loss":0.0,"gold_gain":0.0,"event_name":"Scrap Ooze","player_choice":"Fled","floor":5.0,"gold_loss":0.0,"damage_taken":0.0},{"damage_healed":25.0,"max_hp_gain":0.0,"max_hp_loss":0.0,"gold_gain":0.0,"event_name":"The Cleric","player_choice":"Healed","floor":8.0,"gold_loss":35.0,"damage_taken":0.0},{"damage_healed":0.0,"max_hp_gain":0.0,"max_hp_loss":0.0,"gold_gain":0.0,"event_name":"Golden Idol","player_choice":"Take Damage","floor":14.0,"gold_loss":0.0,"damage_taken":25.0,"relics_obtained":["Golden Idol"]},{"damage_healed":0,"gold_gain":0,"player_choice":"Fought Bandits","damage_taken":0,"max_hp_gain":0,"max_hp_loss":0,"event_name":"Masked Bandits","floor":21,"gold_loss":0}],"is_beta":false,"boss_relics":[{"not_picked":["SacredBark","Philosopher\u0027s Stone"],"picked":"Black Blood"}],"items_purged_floors":[],"is_endless":false,"potions_floor_spawned":[2,4,6,18,19,20],"killed_by":"Centurion and Healer","ascension_level":0}}