{"host":"n4fty02wqqi95laq","time":1611641116,"event":{"mods":["BaseMod","Highlight Path","Minty Spire (QoL Compilation)","Quick Restart","Rare Cards Sparkle","StSLib"],"gold_per_floor":[118,128,128,146,71,71,96,96,96,96,125,125,144,166,166,245,245,261,281,119,119,137,164,164,199,199,199,199,218,218,228,228,307,307,321,321,336,336,349,349,369,400,427,427,452,175,189,189,189,189,189,189,189,3,28,28],"floor_reached":57,"language":"ZHS","playtime":3469,"items_purged":["Strike_R","Strike_R","Strike_R"],"score":3041,"play_id":"f22e2fe6-0363-48bd-99ff-72e27c7d33f5","local_time":"20210126140516","is_ascension_mode":true,"campfire_choices":[{"data":"Body Slam","floor":6.0,"key":"SMITH"},{"data":"Armaments","floor":12.0,"key":"SMITH"},{"data":"Corruption","floor":15.0,"key":"SMITH"},{"data":"True Grit","floor":24.0,"key":"SMITH"},{"floor":27.0,"key":"REST"},{"data":"Intimidate","floor":32.0,"key":"SMITH"},{"data":"Sentinel","floor":40.0,"key":"SMITH"},{"floor":49.0,"key":"RECALL"},{"data":"Blade Dance","floor":53.0,"key":"SMITH"}],"circlet_count":0,"master_deck":["AscendersBane","Defend_R","Defend_R","Defend_R","Defend_R","Bash","Corruption+1","Sentinel+1","Body Slam+1","Rampage","Bloodletting","Armaments+1","Fiend Fire","True Grit+1","Double Tap","Sentinel+1","Evolve+1","Havoc","Intimidate+1","Flame Barrier+1","Flame Barrier","Exhume","Corruption+1","True Grit+1","Exhume","CurseOfTheBell","Feel No Pain+1","Barricade+1","Entrench","Offering","Blade Dance+1","Madness","Madness","Purity","Vengeance"],"relics":["Burning Blood","Dead Branch","Boot","Odd Mushroom","Mark of Pain","Dream Catcher","Oddly Smooth Stone","Frozen Egg 2","Calling Bell","Art of War","The Courier","Lizard Tail","Darkstone Periapt","Blood Vial","Red Skull","PrismaticShard","Unceasing Top"],"acts_visited":["TheCity","TheBeyond","TheEnding"],"potions_floor_usage":[55,56],"damage_taken":[{"damage":6.0,"enemies":"2 Louse","floor":1.0,"turns":3.0},{"damage":10.0,"enemies":"Small Slimes","floor":2.0,"turns":3.0},{"damage":4.0,"enemies":"Cultist","floor":4.0,"turns":4.0},{"damage":17.0,"enemies":"Gremlin Nob","floor":7.0,"turns":4.0},{"damage":20.0,"enemies":"3 Sentries","floor":11.0,"turns":3.0},{"damage":10.0,"enemies":"3 Louse","floor":13.0,"turns":4.0},{"damage":8.0,"enemies":"The Mushroom Lair","floor":14.0,"turns":2.0},{"damage":9.0,"enemies":"Slime Boss","floor":16.0,"turns":5.0},{"damage":6.0,"enemies":"3 Byrds","floor":18.0,"turns":3.0},{"damage":21.0,"enemies":"2 Thieves","floor":19.0,"turns":3.0},{"damage":6.0,"enemies":"Snecko","floor":22.0,"turns":6.0},{"damage":1.0,"enemies":"Book of Stabbing","floor":23.0,"turns":5.0},{"damage":41.0,"enemies":"Gremlin Leader","floor":25.0,"turns":3.0},{"damage":6.0,"enemies":"Snake Plant","floor":29.0,"turns":3.0},{"damage":0.0,"enemies":"Centurion and Healer","floor":31.0,"turns":4.0},{"damage":0.0,"enemies":"Collector","floor":33.0,"turns":2.0},{"damage":10.0,"enemies":"Orb Walker","floor":35.0,"turns":4.0},{"damage":3.0,"enemies":"3 Darklings","floor":37.0,"turns":2.0},{"damage":8.0,"enemies":"Sphere and 2 Shapes","floor":39.0,"turns":5.0},{"damage":0.0,"enemies":"Writhing Mass","floor":41.0,"turns":3.0},{"damage":8.0,"enemies":"Reptomancer","floor":42.0,"turns":5.0},{"damage":3.0,"enemies":"Giant Head","floor":45.0,"turns":6.0},{"damage":12.0,"enemies":"Maw","floor":47.0,"turns":3.0},{"damage":25.0,"enemies":"Donu and Deca","floor":50.0,"turns":5.0},{"damage":12.0,"enemies":"Time Eater","floor":51.0,"turns":5.0},{"damage":15,"enemies":"Shield and Spear","floor":55,"turns":2},{"damage":55,"enemies":"The Heart","floor":56,"turns":6}],"seed_played":"-1767196261594555217","potions_obtained":[{"floor":4.0,"key":"ColorlessPotion"},{"floor":7.0,"key":"Strength Potion"},{"floor":13.0,"key":"SmokeBomb"},{"floor":19.0,"key":"PowerPotion"},{"floor":22.0,"key":"ColorlessPotion"},{"floor":31.0,"key":"SteroidPotion"},{"floor":33.0,"key":"BlessingOfTheForge"},{"floor":36.0,"key":"SkillPotion"},{"floor":36.0,"key":"ColorlessPotion"},{"floor":42.0,"key":"DistilledChaos"},{"floor":55,"key":"GamblersBrew"}],"is_trial":false,"path_per_floor":["M","M","?","M","?","R","E","?","T","?","E","R","M","?","R","B",null,"M","M","$","?","M","E","R","E","T","R","?","M","?","M","R","B",null,"M","?","M","?","M","R","M","E","T","?","E","$","M","?","R","B","B",null,"R","$","E","B",null],"character_chosen":"IRONCLAD","items_purchased":["Evolve","Offering","PrismaticShard","Purity"],"campfire_rested":1,"item_purchase_floors":[20,46,46,54],"current_hp_per_floor":[68,64,64,66,66,66,55,55,55,48,34,34,30,28,28,25,63,63,48,48,48,48,53,53,18,18,40,40,40,40,46,46,52,69,65,65,68,68,66,66,72,70,70,70,75,75,69,55,55,38,34,65,65,65,58,11],"gold":28,"neow_bonus":"ONE_RANDOM_RARE_CARD","is_daily":false,"chose_seed":false,"campfire_upgraded":7,"win_rate":0.0,"timestamp":1611641116,"path_taken":["M","M","?","M","?","R","E","?","T","?","E","R","M","?","R","BOSS","M","M","$","?","?","E","R","E","T","R","?","?","?","?","R","BOSS","M","?","?","?","?","R","M","E","T","?","E","$","M","?","R","BOSS","BOSS","R","$","E","BOSS"],"items_purchased_type":["Card","Card","Relic","Card"],"build_version":"2020-12-22","purchased_purges":3,"victory":true,"max_hp_per_floor":[75,75,75,75,75,75,75,75,75,75,75,75,75,75,75,75,75,75,75,75,75,75,75,75,75,75,75,75,75,75,75,75,75,75,75,75,75,75,75,75,75,75,75,75,75,75,75,75,75,75,75,75,75,75,75,75],"card_choices":[{"not_picked":["Twin Strike","True Grit"],"picked":"Sentinel","floor":1.0},{"not_picked":["Fire Breathing","Uppercut"],"picked":"Body Slam","floor":2.0},{"not_picked":["Sentinel","Twin Strike"],"picked":"Rampage","floor":4.0},{"not_picked":["Headbutt","Rampage"],"picked":"Bloodletting","floor":7.0},{"not_picked":["Whirlwind","Shrug It Off"],"picked":"Armaments","floor":11.0},{"not_picked":["Havoc","Body Slam"],"picked":"Fiend Fire","floor":13.0},{"not_picked":["Spot Weakness","Shrug It Off"],"picked":"True Grit","floor":14.0},{"not_picked":["Demon Form","Bludgeon"],"picked":"Double Tap","floor":16.0},{"not_picked":["Fire Breathing","Dual Wield"],"picked":"Sentinel+1","floor":18.0},{"not_picked":["Sentinel+1","Cleave","Wild Strike"],"picked":"SKIP","floor":19.0},{"not_picked":["Flex","Cleave"],"picked":"Havoc","floor":22.0},{"not_picked":["Armaments+1","True Grit","Rupture"],"picked":"SKIP","floor":23.0},{"not_picked":["Armaments+1","True Grit","Rupture"],"picked":"SKIP","floor":23.0},{"not_picked":["Havoc","Pommel Strike"],"picked":"Intimidate","floor":25.0},{"not_picked":["Infernal Blade+1","Twin Strike"],"picked":"Flame Barrier+1","floor":27.0},{"not_picked":["Anger","Infernal Blade"],"picked":"Exhume","floor":29.0},{"not_picked":["Twin Strike","Bloodletting"],"picked":"True Grit+1","floor":31.0},{"not_picked":["Demon Form+1","Brutality+1"],"picked":"Exhume","floor":33.0},{"not_picked":["Pummel+1","Thunderclap+1"],"picked":"Feel No Pain+1","floor":35.0},{"not_picked":["Perfected Strike+1","Armaments","Thunderclap"],"picked":"SKIP","floor":37.0},{"not_picked":["Whirlwind","Hemokinesis","Clash"],"picked":"SKIP","floor":39.0},{"not_picked":["Whirlwind","Hemokinesis","Clash"],"picked":"SKIP","floor":39.0},{"not_picked":["Rupture+1","Clothesline"],"picked":"Entrench","floor":41.0},{"not_picked":["Dropkick+1","Rampage","Carnage"],"picked":"SKIP","floor":42.0},{"not_picked":["Reckless Charge","Twin Strike","Shrug It Off"],"picked":"SKIP","floor":45.0},{"not_picked":["Backflip","Rampage"],"picked":"Blade Dance","floor":47.0},{"not_picked":["Armaments+1","CutThroughFate"],"picked":"Vengeance","floor":55}],"player_experience":691299,"relics_obtained":[{"floor":11.0,"key":"Boot"},{"floor":14.0,"key":"Odd Mushroom"},{"floor":23.0,"key":"Dream Catcher"},{"floor":25.0,"key":"Oddly Smooth Stone"},{"floor":26.0,"key":"Frozen Egg 2"},{"floor":34.0,"key":"Art of War"},{"floor":34.0,"key":"The Courier"},{"floor":34.0,"key":"Lizard Tail"},{"floor":42.0,"key":"Darkstone Periapt"},{"floor":43.0,"key":"Blood Vial"},{"floor":45.0,"key":"Red Skull"},{"floor":55,"key":"Unceasing Top"}],"event_choices":[{"damage_healed":0.0,"max_hp_gain":0.0,"max_hp_loss":0.0,"gold_gain":0.0,"event_name":"Big Fish","player_choice":"Box","floor":3.0,"gold_loss":0.0,"damage_taken":0.0,"relics_obtained":["Dead Branch"],"cards_obtained":["Regret"]},{"cards_removed":["Regret"],"damage_healed":0.0,"max_hp_gain":0.0,"max_hp_loss":0.0,"gold_gain":0.0,"event_name":"The Cleric","player_choice":"Card Removal","floor":5.0,"gold_loss":75.0,"damage_taken":0.0},{"damage_healed":0.0,"max_hp_gain":0.0,"max_hp_loss":0.0,"gold_gain":0.0,"event_name":"Liars Game","player_choice":"Ignored","floor":8.0,"gold_loss":0.0,"damage_taken":0.0},{"cards_removed":["Strike_R"],"damage_healed":0.0,"max_hp_gain":0.0,"max_hp_loss":0.0,"gold_gain":0.0,"event_name":"Golden Wing","player_choice":"Card Removal","floor":10.0,"gold_loss":0.0,"damage_taken":7.0},{"damage_healed":0.0,"max_hp_gain":0.0,"max_hp_loss":0.0,"gold_gain":0.0,"event_name":"Mushrooms","player_choice":"Fought Mushrooms","floor":14.0,"gold_loss":0.0,"damage_taken":0.0},{"damage_healed":0.0,"max_hp_gain":0.0,"max_hp_loss":0.0,"gold_gain":0.0,"event_name":"Upgrade Shrine","player_choice":"Upgraded","floor":21.0,"gold_loss":0.0,"damage_taken":0.0,"cards_upgraded":["Evolve"]},{"damage_healed":0.0,"max_hp_gain":0.0,"max_hp_loss":0.0,"gold_gain":0.0,"cards_transformed":["Strike_R"],"event_name":"Transmorgrifier","player_choice":"Transformed","floor":28.0,"gold_loss":0.0,"damage_taken":0.0,"cards_obtained":["Flame Barrier"]},{"damage_healed":0.0,"max_hp_gain":0.0,"max_hp_loss":0.0,"gold_gain":0.0,"event_name":"Duplicator","player_choice":"Copied","floor":30.0,"gold_loss":0.0,"damage_taken":0.0,"cards_obtained":["Corruption"]},{"damage_healed":0.0,"max_hp_gain":0.0,"max_hp_loss":0.0,"gold_gain":0.0,"event_name":"Lab","player_choice":"Got Potions","floor":36.0,"gold_loss":0.0,"damage_taken":0.0},{"damage_healed":0.0,"max_hp_gain":0.0,"max_hp_loss":0.0,"gold_gain":0.0,"event_name":"Match and Keep!","player_choice":"1 cards matched","floor":38.0,"gold_loss":0.0,"damage_taken":0.0,"cards_obtained":["Barricade"]},{"damage_healed":0.0,"max_hp_gain":0.0,"max_hp_loss":0.0,"gold_gain":0.0,"event_name":"Tomb of Lord Red Mask","player_choice":"Ignored","floor":44.0,"gold_loss":0.0,"damage_taken":0.0},{"damage_healed":0.0,"max_hp_gain":0.0,"max_hp_loss":0.0,"gold_gain":0.0,"event_name":"Winding Halls","player_choice":"Embrace Madness","floor":48.0,"gold_loss":0.0,"damage_taken":14.0,"cards_obtained":["Madness","Madness"]}],"is_beta":false,"boss_relics":[{"not_picked":["Runic Cube","Tiny House"],"picked":"Mark of Pain"},{"not_picked":["Cursed Key","Fusion Hammer"],"picked":"Calling Bell"}],"items_purged_floors":[20,46,54],"is_endless":false,"potions_floor_spawned":[4,7,11,13,19,22,31,33,35,39,42,47,55],"ascension_level":20}}