{"host":"vl29iwkwnyytuw8q","time":1611678048,"event":{"mods":["BaseMod","Minty Spire (QoL Compilation)","Permanent Neow","Relic Stats","StSLib"],"gold_per_floor":[112,132,143,143,162,192,153,170,170,170,180,255,255,290,290,362,362,382,382,382,402,435,453,473,473,473,503,503,503,503],"floor_reached":29,"language":"ENG","playtime":1202,"items_purged":[],"score":472,"play_id":"95517e7a-f694-4b87-8a44-693dc85ca8ee","local_time":"20210126172048","is_ascension_mode":true,"campfire_choices":[{"floor":10.0,"key":"REST"},{"data":"Searing Blow","floor":13.0,"key":"SMITH"},{"data":"True Grit","floor":15.0,"key":"SMITH"},{"floor":25.0,"key":"REST"}],"circlet_count":0,"master_deck":["AscendersBane","Bash","Cleave","True Grit+1","Shrug It Off","Searing Blow+1","Pommel Strike","Reaper","Dark Embrace","Metallicize","Iron Wave","True Grit","Offering","Dropkick","Power Through","Bludgeon","Heavy Blade","Reaper","Bludgeon","True Grit","Sever Soul","Second Wind","Sentinel","Blood for Blood","Shrug It Off","Flex"],"relics":["Philosopher\u0027s Stone","Eternal Feather","Kunai","Lantern","Pandora\u0027s Box","Red Mask","Unceasing Top"],"acts_visited":["Exordium","TheCity"],"potions_floor_usage":[27],"damage_taken":[{"damage":8.0,"enemies":"Small Slimes","floor":1.0,"turns":3.0},{"damage":10.0,"enemies":"2 Louse","floor":2.0,"turns":3.0},{"damage":4.0,"enemies":"Jaw Worm","floor":3.0,"turns":3.0},{"damage":4.0,"enemies":"Blue Slaver","floor":5.0,"turns":4.0},{"damage":34.0,"enemies":"Gremlin Nob","floor":6.0,"turns":4.0},{"damage":13.0,"enemies":"Lots of Slimes","floor":8.0,"turns":3.0},{"damage":7.0,"enemies":"3 Louse","floor":11.0,"turns":3.0},{"damage":29.0,"enemies":"3 Sentries","floor":14.0,"turns":7.0},{"damage":13.0,"enemies":"The Guardian","floor":16.0,"turns":19.0},{"damage":2.0,"enemies":"Chosen","floor":18.0,"turns":4.0},{"damage":6.0,"enemies":"Shell Parasite","floor":21.0,"turns":3.0},{"damage":51.0,"enemies":"Masked Bandits","floor":22.0,"turns":6.0},{"damage":35.0,"enemies":"Snake Plant","floor":23.0,"turns":3.0},{"damage":19.0,"enemies":"Centurion and Healer","floor":24.0,"turns":8.0},{"damage":25,"enemies":"Slavers","floor":27,"turns":9},{"damage":23,"enemies":"Snecko","floor":29,"turns":4}],"seed_played":"3975906567728116828","potions_obtained":[{"floor":3.0,"key":"GamblersBrew"},{"floor":8.0,"key":"HeartOfIron"},{"floor":16.0,"key":"Fire Potion"},{"floor":21.0,"key":"Regen Potion"},{"floor":22.0,"key":"SpeedPotion"}],"is_trial":false,"path_per_floor":["M","M","M","?","M","E","$","M","T","R","M","?","R","E","R","B",null,"M","$","?","M","?","M","M","R","T","E","?","M"],"character_chosen":"IRONCLAD","items_purchased":["Dark Embrace"],"campfire_rested":2,"item_purchase_floors":[7],"current_hp_per_floor":[60,50,46,46,42,8,8,15,15,46,45,34,43,26,38,29,64,62,62,62,56,38,8,5,42,42,23,17,0,0],"gold":503,"neow_bonus":"BOSS_RELIC","is_daily":false,"chose_seed":false,"campfire_upgraded":2,"win_rate":0.0,"timestamp":1611678048,"path_taken":["M","M","M","?","M","E","$","M","T","R","M","?","R","E","R","BOSS","M","$","?","M","?","?","M","R","T","E","?","M"],"items_purchased_type":["Card"],"build_version":"2020-12-22","purchased_purges":0,"victory":false,"max_hp_per_floor":[75,75,75,75,75,75,75,75,75,75,75,75,75,75,75,75,75,75,75,75,75,75,75,75,75,75,75,75,75,75],"relic_stats":{"counters":[16,86],"Eternal Feather":45,"Pandora\u0027s Box":["Dropkick","Power Through","Bludgeon","Heavy Blade","Reaper","Bludgeon","True Grit","Sever Soul"],"Kunai":[8],"obtain_stats":[{"Lantern":14,"Philosopher\u0027s Stone":0,"Eternal Feather":6,"Pandora\u0027s Box":17,"Red Mask":22,"Kunai":9,"Burning Blood":0,"Unceasing Top":27},{"Lantern":8,"Philosopher\u0027s Stone":0,"Eternal Feather":5,"Pandora\u0027s Box":9,"Red Mask":12,"Kunai":6,"Burning Blood":0,"Unceasing Top":15},{"Lantern":30,"Philosopher\u0027s Stone":0,"Eternal Feather":17,"Pandora\u0027s Box":49,"Red Mask":62,"Kunai":20,"Burning Blood":0,"Unceasing Top":82}],"Unceasing Top":[0]},"card_choices":[{"not_picked":["Battle Trance","Flex"],"picked":"Cleave","floor":1.0},{"not_picked":["Wild Strike","Cleave"],"picked":"True Grit","floor":2.0},{"not_picked":["Fire Breathing","Flex"],"picked":"Shrug It Off","floor":3.0},{"not_picked":["Heavy Blade","Sword Boomerang"],"picked":"Pommel Strike","floor":5.0},{"not_picked":["Exhume","Flame Barrier"],"picked":"Reaper","floor":6.0},{"not_picked":["Perfected Strike","Clash"],"picked":"Metallicize","floor":8.0},{"not_picked":["Armaments","Evolve"],"picked":"Iron Wave","floor":11.0},{"not_picked":["Clash","Corruption"],"picked":"True Grit","floor":14.0},{"not_picked":["Immolate","Reaper"],"picked":"Offering","floor":16.0},{"not_picked":["Pommel Strike","Wild Strike"],"picked":"Second Wind","floor":18.0},{"not_picked":["Iron Wave","Infernal Blade"],"picked":"Sentinel","floor":21.0},{"not_picked":["Warcry","Iron Wave"],"picked":"Blood for Blood","floor":22.0},{"not_picked":["Whirlwind","Headbutt"],"picked":"Shrug It Off","floor":23.0},{"not_picked":["Heavy Blade+1","Wild Strike"],"picked":"Flex","floor":24.0},{"not_picked":["Combust","Cleave","Perfected Strike"],"picked":"SKIP","floor":27}],"player_experience":639914,"relics_obtained":[{"floor":6.0,"key":"Eternal Feather"},{"floor":9.0,"key":"Kunai"},{"floor":14.0,"key":"Lantern"},{"floor":22.0,"key":"Red Mask"},{"floor":27,"key":"Unceasing Top"}],"event_choices":[{"damage_healed":0.0,"max_hp_gain":0.0,"max_hp_loss":0.0,"gold_gain":0.0,"cards_transformed":["Strike_R"],"event_name":"Living Wall","player_choice":"Change","floor":4.0,"gold_loss":0.0,"damage_taken":0.0,"cards_obtained":["Searing Blow"]},{"damage_healed":0.0,"max_hp_gain":0.0,"max_hp_loss":0.0,"gold_gain":75.0,"event_name":"World of Goop","player_choice":"Gather Gold","floor":12.0,"gold_loss":0.0,"damage_taken":11.0},{"damage_healed":0.0,"max_hp_gain":0.0,"max_hp_loss":0.0,"gold_gain":0.0,"event_name":"The Mausoleum","player_choice":"Ignored","floor":20.0,"gold_loss":0.0,"damage_taken":0.0},{"damage_healed":0.0,"max_hp_gain":0.0,"max_hp_loss":0.0,"gold_gain":0.0,"event_name":"Masked Bandits","player_choice":"Fought Bandits","floor":22.0,"gold_loss":0.0,"damage_taken":0.0},{"damage_healed":0,"gold_gain":0,"player_choice":"","damage_taken":6,"max_hp_gain":0,"max_hp_loss":0,"event_name":"Knowing Skull","floor":28,"potions_obtained":[],"gold_loss":0,"cards_obtained":[]}],"is_beta":false,"boss_relics":[{"not_picked":["SlaversCollar","Black Star"],"picked":"Pandora\u0027s Box"}],"items_purged_floors":[],"is_endless":false,"potions_floor_spawned":[3,8,16,21,22],"killed_by":"Snecko","ascension_level":17}}