{"host":"58njlu7hme3ojrlz","time":1611619971,"event":{"mods":["BaseMod","Block Reminder","Colored Map","Colored Powertips","DeckTracker","Highlight Path","Minty Spire (QoL Compilation)","Relic Sorter"],"gold_per_floor":[119,119,139,150,150,169,184,198,252,252,283,283,283,298,298,298,298],"floor_reached":16,"language":"ENG","playtime":1069,"items_purged":[],"score":114,"play_id":"a709b9a6-8903-49b0-b6f1-9ee73256ab1c","local_time":"20210126071251","is_ascension_mode":true,"campfire_choices":[{"data":"Blade Dance","floor":10,"key":"SMITH"},{"floor":13,"key":"REST"},{"floor":15,"key":"REST"}],"circlet_count":0,"master_deck":["Strike_G","Strike_G","Strike_G","Strike_G","Strike_G","Defend_G","Defend_G","Defend_G","Defend_G","Defend_G","Survivor","Neutralize","Unload","Accuracy+1","Blade Dance+1","Backflip","Injury","Footwork","Dagger Spray","Dagger Spray+1","Backflip","Backstab","Backstab"],"relics":["Ring of the Snake","Golden Idol","Dream Catcher","Ice Cream"],"acts_visited":["Exordium"],"potions_floor_usage":[],"damage_taken":[{"damage":0,"enemies":"2 Louse","floor":1,"turns":3},{"damage":0,"enemies":"Cultist","floor":3,"turns":4},{"damage":2,"enemies":"Jaw Worm","floor":4,"turns":4},{"damage":0,"enemies":"2 Fungi Beasts","floor":6,"turns":2},{"damage":1,"enemies":"Gremlin Gang","floor":7,"turns":7},{"damage":37,"enemies":"Exordium Thugs","floor":8,"turns":6},{"damage":21,"enemies":"3 Sentries","floor":11,"turns":8},{"damage":2,"enemies":"3 Louse","floor":14,"turns":3},{"damage":50,"enemies":"Hexaghost","floor":16,"turns":14}],"seed_played":"2878614734552187018","potions_obtained":[{"floor":4,"key":"Strength Potion"},{"floor":7,"key":"Ancient Potion"},{"floor":11,"key":"PowerPotion"}],"is_trial":false,"path_per_floor":["M","?","M","M","?","M","M","M","T","R","E","?","R","M","R","B"],"character_chosen":"THE_SILENT","items_purchased":[],"campfire_rested":2,"item_purchase_floors":[],"current_hp_per_floor":[70,70,70,68,68,68,67,30,30,30,9,9,30,28,49,0,0],"gold":298,"neow_bonus":"ONE_RANDOM_RARE_CARD","is_daily":false,"chose_seed":false,"campfire_upgraded":1,"win_rate":0.0,"timestamp":1611619971,"path_taken":["M","?","?","M","?","M","M","M","T","R","E","?","R","M","R","BOSS"],"items_purchased_type":[],"build_version":"2020-12-22","purchased_purges":0,"victory":false,"max_hp_per_floor":[70,70,70,70,70,70,70,70,70,70,70,70,70,70,70,70,70],"card_choices":[{"not_picked":["Backflip","Reflex"],"picked":"Accuracy","floor":1},{"not_picked":["Dagger Throw","Prepared"],"picked":"Blade Dance","floor":3},{"not_picked":["Distraction","Slice"],"picked":"Backflip","floor":4},{"not_picked":["Prepared","Masterful Stab"],"picked":"Footwork","floor":6},{"not_picked":["Prepared","Doppelganger"],"picked":"Dagger Spray","floor":7},{"not_picked":["Acrobatics","Sucker Punch"],"picked":"Dagger Spray","floor":8},{"not_picked":["Reflex","Dodge and Roll"],"picked":"Backflip","floor":11},{"not_picked":["PiercingWail","Flying Knee"],"picked":"Backstab","floor":13},{"not_picked":["Dagger Throw","Backflip"],"picked":"Backstab","floor":14}],"player_experience":92606,"relics_obtained":[{"floor":9,"key":"Dream Catcher"},{"floor":11,"key":"Ice Cream"}],"event_choices":[{"damage_healed":0,"gold_gain":0,"player_choice":"Upgraded","damage_taken":0,"max_hp_gain":0,"max_hp_loss":0,"event_name":"Upgrade Shrine","floor":2,"gold_loss":0,"cards_upgraded":["Accuracy"]},{"damage_healed":0,"gold_gain":0,"player_choice":"Take Wound","damage_taken":0,"relics_obtained":["Golden Idol"],"max_hp_gain":0,"max_hp_loss":0,"event_name":"Golden Idol","floor":5,"gold_loss":0,"cards_obtained":["Injury"]},{"damage_healed":0,"gold_gain":0,"player_choice":"Forge","damage_taken":0,"max_hp_gain":0,"max_hp_loss":0,"event_name":"Accursed Blacksmith","floor":12,"gold_loss":0,"cards_upgraded":["Dagger Spray"]}],"is_beta":false,"boss_relics":[],"items_purged_floors":[],"is_endless":false,"potions_floor_spawned":[4,7,11],"killed_by":"Hexaghost","ascension_level":2}}