{"host":"rjfefv2ruvigm2gb","time":1611646127,"event":{"mods":["Act Like it!","AlwaysNeverKeys","BaseMod","Better Third Choice","Block Reminder","Conspire","Curses Come First","Displayed Cursed Tome","Downfall","Elementarium","Fox Events","GifTheSpireLib","Gold Saver","Googly Eyes","HexUI Lib","Hubris","Infinite Spire","Ironclad Rager","Marked Mod","Mimic Mod","Minty Spire (QoL Compilation)","Permanent Neow","Poor People Problems","Quick Restart","Relic Filter","Relic Stats","Reliquary","Replay The Spire","Retaliation","Shop Mod","Small Relic Pack","StS++","StSLib","Stuff the Spire","SuperFastMode","The Blue Laboratory","Transform Curses","Uncapped","Virulent Crown","Watcher Patcher"],"gold_per_floor":[326,337,253,103,119,104,178,178,195,214,232,232,146,159,171,267,267,267,279,297,317,317,337,337,344,344,344,371,387,400,417,427,522,522,522,426,446,457,480,580,580,592,609,619,619,629,629,639,654,654,654,654,654,654],"floor_reached":52,"language":"ENG","playtime":3575,"items_purged":["Sickly","bronze:Strike","conspire:NecroticWound"],"score":676,"play_id":"e32ec055-c408-4d1c-a7f8-0a81768b6c60","local_time":"20210126012847","is_ascension_mode":false,"campfire_choices":[{"data":"bronze:Iterate","floor":8,"key":"SMITH"},{"floor":12,"key":"REST"},{"data":"bronze:HyperBeam","floor":18,"key":"SMITH"},{"floor":27,"key":"REST"},{"data":"bronze:BronzeOrb","floor":35,"key":"SMITH"},{"data":"bronze:Deprecate","floor":45,"key":"SMITH"},{"floor":47,"key":"REST"}],"circlet_count":0,"master_deck":["bronze:Strike","bronze:Defend","bronze:Defend","bronze:Defend","bronze:Replicate","bronze:Goto","bronze:Iterate+1","bronze:WhirlingStrike","bronze:ChildClass","bronze:WhirlingStrike","bronze:Deprecate+1","bronze:Optimize","bronze:Virus","bronze:ChosenStrike","bronze:Frontload","bronze:HyperBeam+1","hubris:Wrath","hubris:Wrath","bronze:Repair+1","bronze:Branch+1","bronze:Branch+1","bronze:BronzeOrb+1","bronze:FineTuning+1","bronze:ItsAFeature+1","bronze:Boost+1","bronze:DelayedSlice+1","bronze:Boost+1"],"relics":["bronze:BronzeCore","Bronze Scales","downfall:HeartBlessingGreen","downfall:HeartBlessingRed","downfall:HeartBlessingBlue","White Beast Statue","Replay:Ancient Bell","Smiling Mask","conspire:Dentures","The Courier","hubris:BundleOfHerbs","conspire:SpecialSausage","StSpp:Monolith","Bag of Marbles","conspire:TreasureMap","reliquary:IridiumChain","bronze:MakeshiftBattery","MealTicket","Anchor"],"acts_visited":["Exordium","TheCity","TheBeyond","TheEnding"],"potions_floor_usage":[16,20,33,33,33,50,50,52],"damage_taken":[{"damage":0,"enemies":"Cultist","floor":2,"turns":3},{"damage":4,"enemies":"downfall:FleeingMerchant","floor":3,"turns":4},{"damage":3,"enemies":"conspire:RoseBush","floor":5,"turns":3},{"damage":15,"enemies":"downfall:FleeingMerchant","floor":6,"turns":4},{"damage":0,"enemies":"Jaw Worm","floor":9,"turns":1},{"damage":0,"enemies":"Gremlin Gang","floor":10,"turns":2},{"damage":9,"enemies":"Blue Slaver","floor":11,"turns":2},{"damage":9,"enemies":"downfall:FleeingMerchant","floor":13,"turns":4},{"damage":3,"enemies":"Red Slaver","floor":14,"turns":2},{"damage":9,"enemies":"Gremlin Gang","floor":15,"turns":3},{"damage":57,"enemies":"SI_SHIV_ARCHETYPE","floor":16,"turns":11},{"damage":0,"enemies":"Spheric Guardian","floor":19,"turns":3},{"damage":39,"enemies":"Shelled Parasite and Fungi","floor":20,"turns":5},{"damage":0,"enemies":"Chosen and Byrds","floor":21,"turns":4},{"damage":16,"enemies":"Sentry and Sphere","floor":23,"turns":5},{"damage":11,"enemies":"downfall:FleeingMerchant","floor":25,"turns":4},{"damage":3,"enemies":"Replay:Snechameleon","floor":28,"turns":3},{"damage":15,"enemies":"Snake Plant","floor":29,"turns":2},{"damage":6,"enemies":"Centurion and Healer","floor":30,"turns":4},{"damage":0,"enemies":"Sentry and Sphere","floor":31,"turns":3},{"damage":0,"enemies":"Snecko","floor":32,"turns":1},{"damage":42,"enemies":"DF_ARCHETYPE_CLAW","floor":33,"turns":7},{"damage":0,"enemies":"3 Darklings","floor":37,"turns":1},{"damage":0,"enemies":"Orb Walker","floor":38,"turns":1},{"damage":0,"enemies":"Jaw Worm Horde","floor":42,"turns":2},{"damage":0,"enemies":"Sphere and 2 Shapes","floor":43,"turns":2},{"damage":30,"enemies":"4 Shapes","floor":44,"turns":4},{"damage":0,"enemies":"Jaw Worm Horde","floor":46,"turns":2},{"damage":2,"enemies":"Spire Growth","floor":48,"turns":3},{"damage":0,"enemies":"Writhing Mass","floor":49,"turns":2},{"damage":32,"enemies":"WA_ARCHETYPE_DIVINITY","floor":50,"turns":10},{"damage":136,"enemies":"downfall:CharBossMerchant","floor":52,"turns":7}],"seed_played":"-3051802933125952059","potions_obtained":[{"floor":2,"key":"Venom Potion"},{"floor":9,"key":"SpeedPotion"},{"floor":10,"key":"Fire Potion"},{"floor":11,"key":"Reflective Coating"},{"floor":13,"key":"Dexterity Potion"},{"floor":14,"key":"blueLaboratory:FrostheartPotion"},{"floor":15,"key":"blueLaboratory:FruitPunch"},{"floor":16,"key":"Adrenaline Potion"},{"floor":21,"key":"blueLaboratory:PhilterOfMotion"},{"floor":23,"key":"blueLaboratory:BottleOfRum"},{"floor":33,"key":"ColorlessPotion"},{"floor":37,"key":"Block Potion"},{"floor":38,"key":"LiquidBronze"},{"floor":42,"key":"blueLaboratory:HummingbirdPotion"},{"floor":49,"key":"infinitespire:BlackPotion"}],"is_trial":false,"path_per_floor":["R","M","$","?","M","$","T","R","M","M","M","R","$","M","M","B",null,"R","M","M","M","AVR","M","T","$","?","R","E","M","M","M","M","B",null,"R","$","M","M","T","?","T","M","M","M","R","M","R","M","M","B",null,"E"],"character_chosen":"THE_AUTOMATON","items_purchased":["bronze:ChildClass","bronze:ChosenStrike","Bag of Marbles","conspire:TreasureMap","PowerPotion","bronze:ItsAFeature+1"],"campfire_rested":3,"item_purchase_floors":[3,13,25,25,25,36],"current_hp_per_floor":[80,80,76,90,87,72,72,72,72,72,63,90,81,78,69,14,92,92,92,53,63,63,57,57,56,56,83,89,74,68,68,68,36,92,92,92,92,92,92,92,92,92,92,72,72,72,92,90,90,60,92,0,0,0],"gold":654,"neow_bonus":"RANDOM_COMMON_RELIC","is_daily":false,"chose_seed":false,"campfire_upgraded":4,"win_rate":0.0,"timestamp":1611646127,"path_taken":["R","M","?","?","M","$","T","R","M","M","?","R","$","M","M","BOSS","R","M","M","M","AVR","M","T","$","?","R","E","?","M","M","M","BOSS","R","$","M","M","?","?","T","M","M","M","R","M","R","M","M","BOSS","E"],"items_purchased_type":["Card","Card","Relic","Relic","Potion","Card"],"build_version":"2020-12-22","purchased_purges":3,"victory":false,"max_hp_per_floor":[80,80,80,90,90,90,90,90,90,90,90,90,90,90,90,92,92,92,92,92,92,92,92,92,92,92,92,92,92,92,92,92,92,92,92,92,92,92,92,92,92,92,92,92,92,92,92,92,92,92,92,92,92,92],"relic_stats":{"counters":[32,114],"Bronze Scales":[283],"MealTicket":0,"Smiling Mask":40,"obtain_stats":[{"conspire:Dentures":17,"conspire:TreasureMap":25,"bronze:BronzeCore":0,"downfall:HeartBlessingRed":1,"downfall:HeartBlessingGreen":1,"conspire:SpecialSausage":22,"The Courier":17,"Replay:Ancient Bell":17,"Smiling Mask":17,"White Beast Statue":7,"reliquary:IridiumChain":28,"Anchor":41,"downfall:HeartBlessingBlue":1,"Bronze Scales":0,"MealTicket":39,"hubris:BundleOfHerbs":22,"Bag of Marbles":25,"StSpp:Monolith":24,"bronze:MakeshiftBattery":34},{"conspire:Dentures":11,"conspire:TreasureMap":16,"bronze:BronzeCore":0,"downfall:HeartBlessingRed":0,"downfall:HeartBlessingGreen":0,"conspire:SpecialSausage":14,"The Courier":11,"Replay:Ancient Bell":11,"Smiling Mask":11,"White Beast Statue":4,"reliquary:IridiumChain":17,"Anchor":24,"downfall:HeartBlessingBlue":0,"Bronze Scales":0,"MealTicket":24,"hubris:BundleOfHerbs":14,"Bag of Marbles":16,"StSpp:Monolith":15,"bronze:MakeshiftBattery":22},{"conspire:Dentures":39,"conspire:TreasureMap":60,"bronze:BronzeCore":0,"downfall:HeartBlessingRed":0,"downfall:HeartBlessingGreen":0,"conspire:SpecialSausage":51,"The Courier":39,"Replay:Ancient Bell":39,"Smiling Mask":39,"White Beast Statue":14,"reliquary:IridiumChain":63,"Anchor":82,"downfall:HeartBlessingBlue":0,"Bronze Scales":0,"MealTicket":82,"hubris:BundleOfHerbs":51,"Bag of Marbles":60,"StSpp:Monolith":56,"bronze:MakeshiftBattery":80}]},"card_choices":[{"not_picked":["bronze:NullPointer","bronze:BitShift"],"picked":"bronze:Iterate","floor":2},{"not_picked":["bronze:BuggyMess","bronze:Turbo"],"picked":"bronze:WhirlingStrike","floor":3},{"not_picked":["bronze:BugBarrage","bronze:BitShift"],"picked":"bronze:WhirlingStrike","floor":5},{"not_picked":["bronze:BuggyMess","bronze:MaxOutput"],"picked":"bronze:Deprecate","floor":6},{"not_picked":["bronze:Philosophize","bronze:Deprecate"],"picked":"bronze:Optimize","floor":9},{"not_picked":["bronze:Turbo","bronze:DelayedSlice","bronze:Frontload"],"picked":"SKIP","floor":10},{"not_picked":["bronze:FineTuning","bronze:OilSpill","bronze:ItsAFeature"],"picked":"SKIP","floor":11},{"not_picked":["bronze:BugBarrage","bronze:DelayedGuard"],"picked":"bronze:Virus","floor":13},{"not_picked":["bronze:MaxOutput","bronze:Deprecate","bronze:BugBarrage"],"picked":"SKIP","floor":14},{"not_picked":["bronze:DarkDash","bronze:Iterate"],"picked":"bronze:Frontload","floor":15},{"not_picked":["bronze:Mutator","bronze:FindAndReplace"],"picked":"bronze:HyperBeam","floor":16},{"not_picked":["relicPack:TruthCard","Amnesia"],"picked":"hubris:Wrath","floor":17},{"not_picked":["Hallucinations","hubris:Sloth"],"picked":"Sickly","floor":17},{"not_picked":["hubris:Lust","Injury"],"picked":"hubris:Wrath","floor":17},{"not_picked":["bronze:Invalidate+1","bronze:Branch"],"picked":"bronze:Repair+1","floor":19},{"not_picked":["bronze:Overheat","bronze:WildBeam+1","bronze:WhirlingStrike"],"picked":"SKIP","floor":20},{"not_picked":["bronze:Invalidate","bronze:MaxOutput+1","bronze:OilSpill"],"picked":"SKIP","floor":21},{"not_picked":["bronze:ShipIt","bronze:Deprecate","bronze:WildBeam"],"picked":"SKIP","floor":23},{"not_picked":["bronze:Turbo","bronze:BuggyMess"],"picked":"bronze:Branch+1","floor":25},{"not_picked":["bronze:Philosophize+1","bronze:ChildClass","bronze:Allocate"],"picked":"SKIP","floor":28},{"not_picked":["bronze:Safeguard","bronze:Iterate"],"picked":"bronze:Branch+1","floor":29},{"not_picked":["bronze:OilSpill","bronze:CutThrough"],"picked":"bronze:BronzeOrb","floor":30},{"not_picked":["bronze:Deprecate","bronze:DelayedGuard+1"],"picked":"bronze:FineTuning+1","floor":31},{"not_picked":["bronze:Return+1","bronze:Turbo","bronze:NullPointer"],"picked":"SKIP","floor":32},{"not_picked":["bronze:Overheat","bronze:Iterate"],"picked":"bronze:Boost+1","floor":37},{"not_picked":["bronze:WildBeam","bronze:Deprecate+1","bronze:Branch"],"picked":"SKIP","floor":38},{"not_picked":["bronze:Shield+1","bronze:Repulsor","bronze:Overheat"],"picked":"SKIP","floor":42},{"not_picked":["bronze:DelayedGuard+1","bronze:Invalidate+1","bronze:Overload"],"picked":"SKIP","floor":43},{"not_picked":["bronze:BitShift+1","bronze:CleanCode"],"picked":"bronze:DelayedSlice+1","floor":44},{"not_picked":["bronze:Philosophize+1","bronze:BuggyMess","bronze:BugBarrage+1"],"picked":"SKIP","floor":46},{"not_picked":["bronze:Deprecate+1","bronze:Flail+1"],"picked":"bronze:Boost+1","floor":48},{"not_picked":["bronze:Branch","bronze:DelayedGuard+1","bronze:BuggyMess"],"picked":"SKIP","floor":49}],"player_experience":1077743,"relics_obtained":[{"floor":7,"key":"White Beast Statue"},{"floor":24,"key":"StSpp:Monolith"},{"floor":28,"key":"reliquary:IridiumChain"},{"floor":39,"key":"MealTicket"},{"floor":41,"key":"Anchor"}],"event_choices":[],"is_beta":false,"boss_relics":[{"not_picked":["Runic Pyramid","hubris:BlackHole"],"picked":"Replay:Ancient Bell"},{"not_picked":["StuffTheSpire:GrapeVine","Akabeko"],"picked":"Smiling Mask"},{"not_picked":["infinitespire:FocusingShard","hubris:PeanutButter"],"picked":"conspire:Dentures"},{"not_picked":["StoneCalendar","Pondfish Scales"],"picked":"The Courier"},{"not_picked":["hubris:RunicObelisk","reliquary:RedPaperclip"],"picked":"bronze:MakeshiftBattery"}],"items_purged_floors":[22,25,36],"is_endless":false,"potions_floor_spawned":[2,9,10,11,13,14,15,16,19,20,21,23,25,28,29,30,31,32,33,37,38,42,43,44,46,48,49],"killed_by":"downfall:CharBossMerchant","ascension_level":0}}