{"host":"4myl0piycjadqnwl","time":1611623331,"event":{"mods":["BaseMod","Colored Map","Downfall","Minty Spire (QoL Compilation)","StSLib"],"gold_per_floor":[99,113,123,178,194,104,104,132,132,159,172,200,200,232,242,242,242,242],"floor_reached":16,"language":"ENG","playtime":966,"items_purged":["Normality"],"score":186,"play_id":"ccee7b74-c472-468f-8728-9ce722e18ca6","local_time":"20210126020851","is_ascension_mode":true,"campfire_choices":[{"floor":1.0,"key":"RECALL"}],"circlet_count":0,"master_deck":["bronze:Strike","bronze:Strike","bronze:Strike","bronze:Defend","bronze:Defend","bronze:Defend","bronze:Defend","bronze:Replicate","bronze:Goto","bronze:Virus","bronze:GetLatest","bronze:Frontload","bronze:Flail","bronze:Repair","bronze:Separator","bronze:FineTuning","bronze:Flail","bronze:Deprecate"],"relics":["bronze:BronzeCore","StrikeDummy","Prayer Wheel","Bronze Scales","Guardian:PocketSentry","Letter Opener","Oddly Smooth Stone"],"acts_visited":["Exordium"],"potions_floor_usage":[8,10,10,16,16],"damage_taken":[{"damage":6.0,"enemies":"2 Louse","floor":2.0,"turns":2.0},{"damage":6.0,"enemies":"Cultist","floor":3.0,"turns":3.0},{"damage":20.0,"enemies":"Gremlin Nob","floor":4.0,"turns":3.0},{"damage":0.0,"enemies":"Small Slimes","floor":5.0,"turns":2.0},{"damage":10.0,"enemies":"downfall:FleeingMerchant","floor":6.0,"turns":4.0},{"damage":20,"enemies":"Lagavulin","floor":8,"turns":5},{"damage":0,"enemies":"Gremlin Nob","floor":10,"turns":4},{"damage":2,"enemies":"3 Louse","floor":11,"turns":2},{"damage":16,"enemies":"Lagavulin","floor":12,"turns":7},{"damage":8,"enemies":"Gremlin Nob","floor":14,"turns":3},{"damage":0,"enemies":"Exordium Thugs","floor":15,"turns":5},{"damage":20,"enemies":"IC_STATUS_ARCHETYPE","floor":16,"turns":8}],"seed_played":"2668269844317345129","potions_obtained":[{"floor":3.0,"key":"EntropicBrew"},{"floor":5.0,"key":"hexamod:SoulburnPotion"},{"floor":10,"key":"bronze:CleanCodePotion"}],"is_trial":false,"path_per_floor":["R","M","M","?","M","$","T","E","?","E","M","E","?","E","M","B"],"character_chosen":"THE_AUTOMATON","items_purchased":[],"campfire_rested":0,"item_purchase_floors":[],"current_hp_per_floor":[70,64,58,38,38,28,28,8,8,15,13,4,4,4,11,0,0,0],"gold":242,"neow_bonus":"THREE_RARE_CARDS","is_daily":false,"chose_seed":false,"campfire_upgraded":0,"win_rate":0.0,"timestamp":1611623331,"path_taken":["R","M","M","?","M","$","T","E","?","E","M","E","?","E","M","BOSS"],"items_purchased_type":[],"build_version":"2020-12-22","purchased_purges":1,"victory":false,"max_hp_per_floor":[70,70,70,70,70,70,70,70,70,70,70,70,70,70,70,70,70,70],"card_choices":[{"not_picked":["bronze:InfiniteLoop","bronze:TinkerersToolbox"],"picked":"bronze:Virus","floor":0.0},{"not_picked":["bronze:BitShift","bronze:Constructor"],"picked":"bronze:GetLatest","floor":2.0},{"not_picked":["bronze:WildBeam","bronze:Turbo"],"picked":"bronze:Repulsor","floor":3.0},{"not_picked":["bronze:ClassDefault","bronze:Repulsor"],"picked":"bronze:Frontload","floor":4.0},{"not_picked":["bronze:Separator","bronze:WhirlingStrike"],"picked":"bronze:Flail","floor":5.0},{"not_picked":["bronze:Repulsor","bronze:Return","bronze:ClassDefault"],"picked":"SKIP","floor":6.0},{"not_picked":["bronze:ChosenStrike","bronze:Constructor"],"picked":"bronze:Repair","floor":8},{"not_picked":["bronze:Repulsor","bronze:FindAndReplace"],"picked":"bronze:Separator","floor":10},{"not_picked":["bronze:BitShift","bronze:BronzeOrb"],"picked":"bronze:FineTuning","floor":11},{"not_picked":["bronze:Iterate","bronze:Branch","bronze:ForceShield"],"picked":"SKIP","floor":11},{"not_picked":["bronze:Branch","bronze:GetLatest"],"picked":"bronze:Flail","floor":12},{"not_picked":["bronze:Flail","bronze:Backtrace","bronze:BugBarrage"],"picked":"SKIP","floor":14},{"not_picked":["bronze:DelayedGuard","bronze:FineTuning"],"picked":"bronze:Deprecate","floor":15},{"not_picked":["bronze:DelayedGuard","bronze:OilSpill","bronze:Boost"],"picked":"SKIP","floor":15}],"player_experience":1465931,"relics_obtained":[{"floor":4.0,"key":"StrikeDummy"},{"floor":7.0,"key":"Prayer Wheel"},{"floor":8,"key":"Bronze Scales"},{"floor":10,"key":"Guardian:PocketSentry"},{"floor":12,"key":"Letter Opener"},{"floor":14,"key":"Oddly Smooth Stone"}],"event_choices":[],"is_beta":false,"boss_relics":[],"items_purged_floors":[6],"is_endless":false,"potions_floor_spawned":[3,5,10],"killed_by":"IC_STATUS_ARCHETYPE","ascension_level":4}}