{"host":"qfskrnw3pl1q86j0","time":1611692295,"event":{"mods":["BaseMod","Block Reminder","Hermit","Marisa????????","Minty Spire (QoL Compilation)","Quick Restart","Random Character Button","Relic Stats","StSLib","The Poker Player","slay the spire mod where everything is the same but ironclad has a cowboy hat"],"gold_per_floor":[111,1,1,1,12,12,27,37,61,61,75,75,103,50,50,150,150,169,189,189,41,53,53,66,77,104,104,104,117,153,162,162,273,273,287,121,145,145,145,145,173,173,173,191,201,217,217,217,217,217],"floor_reached":51,"language":"ENG","playtime":2112,"items_purged":["Strike_P","Strike_P"],"score":794,"play_id":"d52ffae2-1e66-4925-a187-ef0de8c43c33","local_time":"20210126211815","is_ascension_mode":false,"campfire_choices":[{"data":"Eruption","floor":10.0,"key":"SMITH"},{"data":"WindmillStrike","floor":12.0,"key":"SMITH"},{"data":"SashWhip","floor":15.0,"key":"SMITH"},{"data":"MentalFortress","floor":23,"key":"SMITH"},{"data":"EmptyFist","floor":28,"key":"SMITH"},{"data":"Meditate","floor":32,"key":"SMITH"},{"floor":40,"key":"REST"},{"floor":42,"key":"REST"},{"floor":49,"key":"REST"}],"circlet_count":0,"master_deck":["Defend_P+1","Defend_P+1","Defend_P+1","Eruption+1","Vigilance+1","WindmillStrike+1","DeceiveReality+1","Halt+1","SashWhip+1","Tantrum+1","EmptyBody+1","EmptyFist+1","Consecrate+1","Evaluate","MentalFortress+1","ThirdEye+1","CarveReality+1","Meditate+1","TalkToTheHand+1","Worship+1","Vault+1","Devotion+1","LikeWater","Wish"],"relics":["PureWater","Strawberry","PreservedInsect","Sozu","MealTicket","CeramicFish","Fusion Hammer","Pear"],"acts_visited":["Exordium","TheCity","TheBeyond"],"potions_floor_usage":[44],"damage_taken":[{"damage":2.0,"enemies":"Cultist","floor":1.0,"turns":3.0},{"damage":0.0,"enemies":"Small Slimes","floor":5.0,"turns":5.0},{"damage":0.0,"enemies":"Jaw Worm","floor":7.0,"turns":2.0},{"damage":0.0,"enemies":"Exordium Thugs","floor":8.0,"turns":4.0},{"damage":0.0,"enemies":"Looter","floor":11.0,"turns":2.0},{"damage":7.0,"enemies":"3 Sentries","floor":13.0,"turns":7.0},{"damage":30.0,"enemies":"Hexaghost","floor":16.0,"turns":9.0},{"damage":3.0,"enemies":"Shell Parasite","floor":18.0,"turns":6.0},{"damage":0.0,"enemies":"3 Byrds","floor":19.0,"turns":6.0},{"damage":0,"enemies":"Centurion and Healer","floor":22,"turns":5},{"damage":7,"enemies":"Cultist and Chosen","floor":24,"turns":4},{"damage":0,"enemies":"Shelled Parasite and Fungi","floor":25,"turns":6},{"damage":0,"enemies":"3 Cultists","floor":29,"turns":4},{"damage":3,"enemies":"Book of Stabbing","floor":30,"turns":4},{"damage":37,"enemies":"Champ","floor":33,"turns":13},{"damage":1,"enemies":"Orb Walker","floor":35,"turns":6},{"damage":21,"enemies":"3 Darklings","floor":37,"turns":5},{"damage":2,"enemies":"4 Shapes","floor":41,"turns":4},{"damage":13,"enemies":"Spire Growth","floor":44,"turns":6},{"damage":8,"enemies":"Transient","floor":45,"turns":6},{"damage":3,"enemies":"Maw","floor":46,"turns":8},{"damage":47,"enemies":"Time Eater","floor":50,"turns":11}],"seed_played":"8138498251731037637","potions_obtained":[{"floor":5.0,"key":"Block Potion"},{"floor":7.0,"key":"Energy Potion"},{"floor":8.0,"key":"ColorlessPotion"}],"is_trial":false,"path_per_floor":["M","$","?","?","M","?","M","M","T","R","M","R","E","$","R","B",null,"M","M","?","$","M","R","M","M","T","?","R","M","E","?","R","B",null,"M","$","M","$","?","R","M","R","T","M","M","M","?","?","R","B",null],"character_chosen":"WATCHER","items_purchased":["WindmillStrike","DeceiveReality","EmptyFist","MentalFortress","Devotion"],"campfire_rested":3,"item_purchase_floors":[2,2,14,21,36],"current_hp_per_floor":[70,70,70,56,56,49,49,49,56,56,56,56,49,49,49,19,79,76,76,76,76,76,76,69,69,69,63,63,63,60,60,60,23,79,78,79,58,73,73,75,73,75,85,72,64,61,61,61,85,38],"gold":217,"neow_bonus":"REMOVE_CARD","is_daily":false,"chose_seed":false,"campfire_upgraded":6,"win_rate":0.0,"timestamp":1611692295,"path_taken":["M","$","?","?","M","?","M","?","T","R","M","R","E","$","R","BOSS","M","M","?","$","M","R","M","M","T","?","R","?","E","?","R","BOSS","M","$","M","?","?","R","M","R","T","M","M","M","?","?","R","BOSS"],"items_purchased_type":["Card","Card","Card","Card","Card"],"build_version":"2020-12-22","purchased_purges":2,"victory":true,"max_hp_per_floor":[72,72,72,72,72,72,72,72,79,79,79,79,79,79,79,79,79,79,79,79,79,79,79,79,79,79,79,79,79,79,79,79,79,79,79,79,79,79,75,75,75,75,85,85,85,85,85,85,85,85],"relic_stats":{"Sozu":6,"counters":[22,126],"CeramicFish":54,"MealTicket":16,"PreservedInsect":41,"obtain_stats":[{"Sozu":17,"Pear":43,"Strawberry":9,"CeramicFish":30,"MealTicket":26,"PreservedInsect":13,"Fusion Hammer":34,"PureWater":0},{"Sozu":7,"Pear":18,"Strawberry":4,"CeramicFish":14,"MealTicket":12,"PreservedInsect":6,"Fusion Hammer":15,"PureWater":0},{"Sozu":32,"Pear":95,"Strawberry":14,"CeramicFish":67,"MealTicket":59,"PreservedInsect":23,"Fusion Hammer":80,"PureWater":0}]},"card_choices":[{"not_picked":["JustLucky","ClearTheMind","WaveOfTheHand"],"picked":"SKIP","floor":1.0},{"not_picked":["FollowUp","Weave"],"picked":"Halt","floor":5.0},{"not_picked":["Crescendo","FollowUp"],"picked":"SashWhip","floor":7.0},{"not_picked":["ThirdEye","CutThroughFate"],"picked":"Tantrum","floor":8.0},{"not_picked":["SignatureMove","Adaptation","Nirvana"],"picked":"SKIP","floor":11.0},{"not_picked":["DevaForm","Evaluate"],"picked":"EmptyBody","floor":13.0},{"not_picked":["Wish","MasterReality"],"picked":"LessonLearned","floor":16.0},{"not_picked":["CrushJoints","Indignation+1"],"picked":"Consecrate+1","floor":18.0},{"not_picked":["WheelKick+1","Fasting2"],"picked":"Evaluate","floor":19.0},{"not_picked":["Vengeance","BowlingBash+1","Wish"],"picked":"SKIP","floor":22},{"not_picked":["Halt","Conclude"],"picked":"ThirdEye+1","floor":24},{"not_picked":["Protect+1","Crescendo"],"picked":"CarveReality+1","floor":25},{"not_picked":["Crescendo","WreathOfFlame"],"picked":"Meditate","floor":29},{"not_picked":["ReachHeaven","Wallop+1"],"picked":"TalkToTheHand+1","floor":30},{"not_picked":["DevaForm","LessonLearned"],"picked":"Vault","floor":33},{"not_picked":["CrushJoints+1","FlurryOfBlows+1","Crescendo+1"],"picked":"SKIP","floor":35},{"not_picked":["LikeWater","SashWhip","FollowUp"],"picked":"SKIP","floor":37},{"not_picked":["SashWhip","FollowUp"],"picked":"LikeWater","floor":37},{"not_picked":["ThirdEye","FlyingSleeves"],"picked":"Wish","floor":41},{"not_picked":["Swivel","FlurryOfBlows+1","Evaluate+1"],"picked":"SKIP","floor":44},{"not_picked":["Evaluate+1","EmptyBody","Halt"],"picked":"SKIP","floor":45},{"not_picked":["Evaluate","FollowUp","BowlingBash"],"picked":"SKIP","floor":46}],"player_experience":1005509,"relics_obtained":[{"floor":9.0,"key":"Strawberry"},{"floor":13.0,"key":"PreservedInsect"},{"floor":26,"key":"MealTicket"},{"floor":30,"key":"CeramicFish"},{"floor":43,"key":"Pear"}],"event_choices":[{"damage_healed":0.0,"max_hp_gain":0.0,"max_hp_loss":0.0,"gold_gain":0.0,"event_name":"Liars Game","player_choice":"Ignored","floor":3.0,"gold_loss":0.0,"damage_taken":0.0},{"damage_healed":0.0,"max_hp_gain":0.0,"max_hp_loss":0.0,"gold_gain":0.0,"event_name":"Shining Light","player_choice":"Entered Light","floor":4.0,"gold_loss":0.0,"damage_taken":14.0,"cards_upgraded":["Defend_P","Vigilance"]},{"cards_removed":["Defend_P"],"damage_healed":0.0,"max_hp_gain":0.0,"max_hp_loss":0.0,"gold_gain":0.0,"event_name":"Golden Wing","player_choice":"Card Removal","floor":6.0,"gold_loss":0.0,"damage_taken":7.0},{"damage_healed":0.0,"max_hp_gain":0.0,"max_hp_loss":0.0,"gold_gain":0.0,"event_name":"Cursed Tome","player_choice":"Ignored","floor":20.0,"gold_loss":0.0,"damage_taken":0.0},{"damage_healed":0,"gold_gain":0,"player_choice":"","damage_taken":6,"max_hp_gain":0,"max_hp_loss":0,"event_name":"Knowing Skull","floor":27,"potions_obtained":[],"gold_loss":0,"cards_obtained":[]},{"damage_healed":0,"gold_gain":0,"cards_transformed":["Strike_P"],"player_choice":"Transformed","damage_taken":0,"max_hp_gain":0,"max_hp_loss":0,"event_name":"Transmorgrifier","floor":31,"gold_loss":0,"cards_obtained":["Worship"]},{"damage_healed":0,"gold_gain":0,"player_choice":"Max HP","damage_taken":0,"max_hp_gain":0,"max_hp_loss":4,"event_name":"Winding Halls","floor":39,"gold_loss":0},{"damage_healed":0,"gold_gain":0,"player_choice":"Memory 1","damage_taken":0,"max_hp_gain":0,"max_hp_loss":0,"event_name":"SensoryStone","floor":47,"gold_loss":0},{"cards_removed":["LessonLearned"],"damage_healed":0,"gold_gain":0,"player_choice":"Removed Attack","damage_taken":0,"max_hp_gain":0,"max_hp_loss":0,"event_name":"Falling","floor":48,"gold_loss":0}],"is_beta":false,"boss_relics":[{"not_picked":["Runic Pyramid","VioletLotus"],"picked":"Sozu"},{"not_picked":["Astrolabe","Runic Dome"],"picked":"Fusion Hammer"}],"items_purged_floors":[21,36],"is_endless":false,"potions_floor_spawned":[5,7,8,24,25,33,35,44,46],"ascension_level":0}}