{"host":"h4qgcirtxz6qax9j","time":1611675868,"event":{"mods":["2.2 Compatiblity","AchievementEnabler","BaseMod","Colored Powertips","Custom Start","Hermit","Marisa£¨Ùöéë¡¡Øª×âÞÞ£©","Minty Spire (QoL Compilation)","Replay The Spire","StSLib","SuperFastMode","The Servant 0.9.4"],"gold_per_floor":[112,132,98,98,134,134,134,188,488,533,571,571,606,631,631,759,759,778,145,156,156,106,140,140,157,202,217,217,237,237,237,237],"floor_reached":31,"language":"KOR","playtime":824,"items_purged":["WitchOfGreed+1"],"score":257,"play_id":"f9235343-a6b6-43dd-9803-8ddd57ad3d1e","local_time":"20210127004428","is_ascension_mode":false,"campfire_choices":[{"data":"DoubleSpark","floor":6.0,"key":"SMITH"},{"floor":12.0,"key":"REST"},{"data":"FinalSpark","floor":24.0,"key":"SMITH"}],"circlet_count":0,"master_deck":["Strike_MRS","Strike_MRS","Strike_MRS","Strike_MRS","Defend_MRS","Defend_MRS","Defend_MRS","Defend_MRS","MasterSpark","UpSweep+1","6A","DoubleSpark","DoubleSpark+1","PulseMagic","DeepEcoloBomb+1","MysteriousBeam+1","DeepEcoloBomb+1","FinalSpark+1","GalacticHalo","GrandCross+1","Pot Of Greed","Pot Of Greed","RefractionSpark+1"],"relics":["MiniHakkero","Velvet Choker","Sozu","Du-Vu Doll","Dream Catcher","Old Coin","Whetstone","Ring of Chaos","Molten Egg 2","Eternal Feather","MutagenicStrength","Art of War","Grinning Jar","Gremlin Food"],"acts_visited":["Exordium","TheCity"],"potions_floor_usage":[],"damage_taken":[{"damage":0.0,"enemies":"Small Slimes","floor":1.0,"turns":2.0},{"damage":1.0,"enemies":"Jaw Worm","floor":2.0,"turns":3.0},{"damage":0.0,"enemies":"Cultist","floor":5.0,"turns":3.0},{"damage":21.0,"enemies":"Lagavulin","floor":8.0,"turns":6.0},{"damage":8.0,"enemies":"Red Slaver","floor":10.0,"turns":3.0},{"damage":1.0,"enemies":"3 Louse","floor":11.0,"turns":2.0},{"damage":7.0,"enemies":"2 Fungi Beasts","floor":13.0,"turns":2.0},{"damage":6.0,"enemies":"Hexaghost","floor":16.0,"turns":6.0},{"damage":0.0,"enemies":"Chosen","floor":18.0,"turns":2.0},{"damage":15.0,"enemies":"3 Byrds","floor":20.0,"turns":4.0},{"damage":20.0,"enemies":"Gremlin Leader","floor":23.0,"turns":5.0},{"damage":24.0,"enemies":"Sentry and Sphere","floor":25.0,"turns":4.0},{"damage":16.0,"enemies":"Centurion and Healer","floor":27.0,"turns":4.0},{"damage":0.0,"enemies":"Chosen and Byrds","floor":29.0,"turns":3.0},{"damage":14,"enemies":"Slavers","floor":31,"turns":1}],"seed_played":"5335831866398720378","potions_obtained":[],"is_trial":false,"path_per_floor":["M","M","$","?","M","R","?","E","T","M","M","R","M","T","R","B",null,"M","$","M","?","?","E","R","M","T","M","?","M","?","E"],"character_chosen":"MARISA","items_purchased":["WitchOfGreed+1","FinalSpark","Molten Egg 2","Eternal Feather"],"campfire_rested":1,"item_purchase_floors":[3,19,19,19],"current_hp_per_floor":[75,74,74,74,74,74,41,20,20,12,11,33,26,26,26,20,75,75,75,60,60,60,40,52,28,28,12,12,12,12,0,0],"gold":237,"neow_bonus":"DOUBLE_BOSS_RELIC","is_daily":false,"chose_seed":false,"campfire_upgraded":2,"win_rate":0.0,"timestamp":1611675868,"path_taken":["M","M","$","?","M","R","?","E","T","M","M","R","M","?","R","BOSS","M","$","M","?","?","E","R","M","T","?","?","M","?","E"],"items_purchased_type":["Card","Card","Relic","Relic"],"build_version":"2020-12-22","purchased_purges":1,"victory":false,"max_hp_per_floor":[75,75,75,75,75,75,75,75,75,75,75,75,75,75,75,75,75,75,75,75,75,75,75,75,75,75,75,75,75,75,75,75],"card_choices":[{"not_picked":["SporeBomb","IllusionStar"],"picked":"6A","floor":1.0},{"not_picked":["AsteroidBelt","OrrerysSun"],"picked":"DoubleSpark","floor":2.0},{"not_picked":["NonDirectionalLaser","MysteriousBeam"],"picked":"DoubleSpark","floor":5.0},{"not_picked":["MagicChant","MysteriousBeam"],"picked":"PulseMagic","floor":8.0},{"not_picked":["GravityBeat","OneTimeOff"],"picked":"DeepEcoloBomb","floor":10.0},{"not_picked":["EnergyRecoil","LuminesStrike"],"picked":"MysteriousBeam","floor":11.0},{"not_picked":["WitchLeyline","GravityBeat"],"picked":"DeepEcoloBomb","floor":13.0},{"not_picked":["EnergyFlow+1","LuminesStrike+1","Acceleration"],"picked":"SKIP","floor":18.0},{"not_picked":["GasGiant","BlazeAway+1"],"picked":"GalacticHalo","floor":20.0},{"not_picked":["WitchLeyline+1","AsteroidBelt"],"picked":"GrandCross+1","floor":23.0},{"not_picked":["EarthLightRay","UnstableBomb+1","GrandCross+1"],"picked":"SKIP","floor":25.0},{"not_picked":["AsteroidBelt","SprinkleStarSeal","ShootingEcho+1"],"picked":"SKIP","floor":27.0},{"not_picked":["GasGiant","WitchLeyline+1"],"picked":"RefractionSpark+1","floor":29.0}],"player_experience":103936,"relics_obtained":[{"floor":8.0,"key":"Dream Catcher"},{"floor":9.0,"key":"Old Coin"},{"floor":14.0,"key":"Whetstone"},{"floor":23.0,"key":"Art of War"},{"floor":26.0,"key":"Grinning Jar"}],"event_choices":[{"damage_healed":0.0,"max_hp_gain":0.0,"max_hp_loss":0.0,"gold_gain":0.0,"event_name":"Living Wall","player_choice":"Grow","floor":4.0,"gold_loss":0.0,"damage_taken":0.0,"cards_upgraded":["UpSweep"]},{"damage_healed":0.0,"max_hp_gain":0.0,"max_hp_loss":0.0,"gold_gain":0.0,"event_name":"Scrap Ooze","player_choice":"Success","floor":7.0,"gold_loss":0.0,"damage_taken":33.0,"relics_obtained":["Du-Vu Doll"]},{"damage_healed":0.0,"max_hp_gain":0.0,"max_hp_loss":0.0,"gold_gain":0.0,"event_name":"Upgrade Shrine","player_choice":"Upgraded","floor":15.0,"gold_loss":0.0,"damage_taken":0.0,"cards_upgraded":["DeepEcoloBomb"]},{"damage_healed":0.0,"max_hp_gain":0.0,"max_hp_loss":0.0,"gold_gain":0.0,"event_name":"Drug Dealer","player_choice":"Inject Mutagens","floor":21.0,"gold_loss":0.0,"damage_taken":0.0,"relics_obtained":["MutagenicStrength"]},{"damage_healed":0.0,"max_hp_gain":0.0,"max_hp_loss":0.0,"gold_gain":0.0,"event_name":"The Joust","player_choice":"Bet on Owner","floor":22.0,"gold_loss":50.0,"damage_taken":0.0}],"is_beta":false,"boss_relics":[{"not_picked":["Philosopher\u0027s Stone","Replay:Bronze Core"],"picked":"Ring of Chaos"}],"items_purged_floors":[19],"is_endless":false,"potions_floor_spawned":[1,5,11,18,20,25],"killed_by":"Slavers","ascension_level":0}}