{"host":"4atjpfa3b4v97p31","time":1611653710,"event":{"mods":["AchievementEnabler","Act Like it!","BaseMod","BetterRewards","Colored Map","Downfall","Friendly Minions","Minty Spire (QoL Compilation)","Shop Mod","StSLib"],"gold_per_floor":[99,110,110,130,40,55,82,97,114,141,291,39,52,52,67,67,67,67],"floor_reached":16,"language":"ZHS","playtime":874,"items_purged":[],"score":104,"play_id":"33b293ac-ea41-4371-9bcb-ab34d636b83b","local_time":"20210126173510","is_ascension_mode":false,"campfire_choices":[],"circlet_count":0,"master_deck":["sneckomod:Strike","sneckomod:Strike","sneckomod:Strike","sneckomod:Defend","sneckomod:Defend","sneckomod:TailWhip","sneckomod:SnekBite","sneckomod:Unknown","Madness","sneckomod:SnekBeam","sneckomod:UnknownUncommonPower","sneckomod:SerpentIdol","sneckomod:DiceBoulder","sneckomod:UnknownUncommonPower","sneckomod:SoulExchange","sneckomod:IronFang","sneckomod:UnknownBlock","downfall:Icky","sneckomod:UnknownWeak","sneckomod:UnknownUncommonPower","sneckomod:UnknownDraw","sneckomod:UnknownRarePower"],"relics":["sneckomod:SneckoSoul","Vajra","Meat on the Bone","Anchor"],"acts_visited":[],"potions_floor_usage":[10,10,15],"damage_taken":[{"damage":1,"enemies":"Jaw Worm","floor":2,"turns":3},{"damage":1,"enemies":"Cultist","floor":4,"turns":4},{"damage":5,"enemies":"downfall:FleeingMerchant","floor":5,"turns":4},{"damage":0,"enemies":"Small Slimes","floor":6,"turns":2},{"damage":9,"enemies":"2 Fungi Beasts","floor":8,"turns":2},{"damage":14,"enemies":"3 Louse","floor":9,"turns":3},{"damage":30,"enemies":"Lagavulin","floor":10,"turns":4},{"damage":15,"enemies":"downfall:FleeingMerchant","floor":12,"turns":4},{"damage":15,"enemies":"Exordium Thugs","floor":13,"turns":4},{"damage":7,"enemies":"Blue Slaver","floor":15,"turns":3},{"damage":34,"enemies":"IC_STATUS_ARCHETYPE","floor":16,"turns":6}],"seed_played":"-7581619424950798803","potions_obtained":[{"floor":2,"key":"AttackPotion"},{"floor":6,"key":"ColorlessPotion"},{"floor":13,"key":"SkillPotion"},{"floor":15,"key":"Fire Potion"}],"is_trial":false,"path_per_floor":["R","M","?","M","$","M","T","M","M","E","?","$","M","?","M","B"],"character_chosen":"THE_SNECKO","items_purchased":["sneckomod:DiceBoulder","sneckomod:UnknownUncommonPower","Anchor"],"campfire_rested":0,"item_purchase_floors":[5,12,12],"current_hp_per_floor":[99,98,98,97,92,92,92,83,69,39,39,36,33,33,38,4,4,4],"gold":67,"neow_bonus":"TEN_PERCENT_HP_BONUS","is_daily":false,"chose_seed":false,"campfire_upgraded":0,"win_rate":0.0,"timestamp":1611653710,"path_taken":["R","M","?","M","?","M","T","M","?","E","?","$","M","?","M","BOSS"],"items_purchased_type":["Card","Card","Relic"],"build_version":"2020-12-22","purchased_purges":0,"victory":false,"max_hp_per_floor":[99,99,99,99,99,99,99,99,99,99,99,99,99,99,99,99,99,99],"card_choices":[{"not_picked":["sneckomod:DiceBlock","sneckomod:SoulRoll"],"picked":"sneckomod:SnekBeam","floor":2},{"not_picked":["sneckomod:UnknownCommonAttack","sneckomod:WideSting"],"picked":"sneckomod:UnknownUncommonPower","floor":4},{"not_picked":["sneckomod:ImprovisedAttack","sneckomod:SoulRoll"],"picked":"sneckomod:SerpentIdol","floor":5},{"not_picked":["sneckomod:SoulCleanse","sneckomod:QuickMove"],"picked":"sneckomod:UnknownUncommonPower","floor":6},{"not_picked":["sneckomod:UnknownStrike","sneckomod:Unknown1Cost"],"picked":"sneckomod:SoulExchange","floor":8},{"not_picked":["sneckomod:UnknownWeak","sneckomod:UnknownCommonAttack"],"picked":"sneckomod:IronFang","floor":9},{"not_picked":["sneckomod:UnknownX","sneckomod:Nope"],"picked":"sneckomod:UnknownBlock","floor":10},{"not_picked":["sneckomod:ImprovisedGuard","sneckomod:DangerNoodle"],"picked":"sneckomod:UnknownWeak","floor":12},{"not_picked":["sneckomod:UnknownBlock","sneckomod:ImprovisedGuard"],"picked":"sneckomod:UnknownDraw","floor":13},{"not_picked":["sneckomod:UnknownCommonAttack","sneckomod:WideSting"],"picked":"sneckomod:UnknownRarePower","floor":15}],"player_experience":480463,"relics_obtained":[{"floor":7,"key":"Vajra"},{"floor":10,"key":"Meat on the Bone"}],"event_choices":[{"cards_removed":["sneckomod:Defend"],"damage_healed":0,"gold_gain":0,"player_choice":"Offered Basic","damage_taken":0,"max_hp_gain":0,"max_hp_loss":0,"event_name":"Bonfire Elementals","floor":3,"gold_loss":0}],"is_beta":false,"boss_relics":[],"items_purged_floors":[],"is_endless":false,"potions_floor_spawned":[2,6,13,15],"killed_by":"IC_STATUS_ARCHETYPE","ascension_level":0}}