{"host":"cm56dopeulr50jn0","time":1611625569,"event":{"mods":["BaseMod","Bestiary","Better Match","Better Third Choice","Downfall","Minty Spire (QoL Compilation)","Relic Stats","StSLib"],"gold_per_floor":[109,119,133,153,173,173,198,198,217,202,221,221,247,210,110,205,205,225,245,245,261,261,278,278,278,115,115,127,27,55,72,72,72,72,72],"floor_reached":33,"language":"ENG","playtime":3286,"items_purged":[],"score":271,"play_id":"f1970747-c752-4008-b51a-6a1335e9b1be","local_time":"20210125174609","is_ascension_mode":false,"campfire_choices":[{"data":"bronze:WhirlingStrike","floor":6.0,"key":"SMITH"},{"data":"bronze:Overheat","floor":8.0,"key":"SMITH"},{"floor":12.0,"key":"REST"},{"floor":15.0,"key":"REST"},{"floor":25.0,"key":"RECALL"},{"data":"bronze:TinkerersToolbox","floor":29.0,"key":"SMITH"},{"data":"bronze:Optimize","floor":32.0,"key":"SMITH"}],"circlet_count":0,"master_deck":["bronze:Strike","bronze:Strike","bronze:Strike","bronze:Strike","bronze:Defend","bronze:Defend","bronze:Defend","bronze:Defend+1","bronze:Replicate","bronze:Goto","bronze:Overheat+1","bronze:ChildClass","bronze:Iterate","bronze:WhirlingStrike+1","bronze:ClassDefault","bronze:FineTuning","bronze:Constructor+1","bronze:Optimize+1","bronze:Library","bronze:DarkDash","bronze:Branch","bronze:TinkerersToolbox+1","bronze:NullPointer+1","bronze:Branch","bronze:Frontload","bronze:Repair","bronze:Assembly","bronze:MaxOutput"],"relics":["bronze:BronzeCore","Bronze Scales","War Paint","downfall:HeartBlessingGreen","bronze:ElectromagneticCoil","Question Card","Membership Card","downfall:HeartBlessingRed","Bag of Preparation"],"acts_visited":["Exordium","TheCity"],"potions_floor_usage":[],"damage_taken":[{"damage":1.0,"enemies":"Cultist","floor":1.0,"turns":4.0},{"damage":7.0,"enemies":"2 Louse","floor":2.0,"turns":3.0},{"damage":2.0,"enemies":"Small Slimes","floor":3.0,"turns":4.0},{"damage":13.0,"enemies":"3 Louse","floor":4.0,"turns":3.0},{"damage":2.0,"enemies":"Blue Slaver","floor":5.0,"turns":3.0},{"damage":9.0,"enemies":"3 Louse","floor":9.0,"turns":2.0},{"damage":0.0,"enemies":"downfall:FleeingMerchant","floor":10.0,"turns":4.0},{"damage":4.0,"enemies":"Exordium Wildlife","floor":11.0,"turns":2.0},{"damage":18.0,"enemies":"Lagavulin","floor":13.0,"turns":7.0},{"damage":10.0,"enemies":"downfall:FleeingMerchant","floor":14.0,"turns":4.0},{"damage":30.0,"enemies":"SI_SHIV_ARCHETYPE","floor":16.0,"turns":8.0},{"damage":7.0,"enemies":"Shell Parasite","floor":18.0,"turns":5.0},{"damage":1.0,"enemies":"Spheric Guardian","floor":19.0,"turns":4.0},{"damage":12.0,"enemies":"Snecko","floor":21.0,"turns":5.0},{"damage":8.0,"enemies":"Centurion and Healer","floor":23.0,"turns":9.0},{"damage":0.0,"enemies":"downfall:FleeingMerchant","floor":26.0,"turns":4.0},{"damage":6.0,"enemies":"Sentry and Sphere","floor":28.0,"turns":7.0},{"damage":6.0,"enemies":"Book of Stabbing","floor":30.0,"turns":6.0},{"damage":10.0,"enemies":"Cultist and Chosen","floor":31.0,"turns":6.0},{"damage":65,"enemies":"DF_ARCHETYPE_CLAW","floor":33,"turns":10}],"seed_played":"-424467875729063176","potions_obtained":[{"floor":1.0,"key":"Energy Potion"},{"floor":2.0,"key":"Fruit Juice"},{"floor":5.0,"key":"Guardian:BlockOnCardUsePotion"},{"floor":16.0,"key":"hexamod:SoulburnPotion"},{"floor":21.0,"key":"Fire Potion"},{"floor":28.0,"key":"SkillPotion"},{"floor":30.0,"key":"Guardian:BlockOnCardUsePotion"}],"is_trial":false,"path_per_floor":["M","M","M","M","M","R","T","R","M","$","M","R","E","$","R","B",null,"M","M","?","M","?","M","T","R","$","?","M","R","E","M","R","B"],"character_chosen":"THE_AUTOMATON","items_purchased":["bronze:Branch","Membership Card"],"campfire_rested":2,"item_purchase_floors":[14,26],"current_hp_per_floor":[76,69,67,54,52,52,52,52,43,43,39,62,44,34,57,27,77,70,69,55,43,70,62,62,62,62,62,56,56,57,57,57,0,0,0],"gold":72,"neow_bonus":"TEN_PERCENT_HP_BONUS","is_daily":false,"chose_seed":false,"campfire_upgraded":4,"win_rate":0.0,"timestamp":1611625569,"path_taken":["M","M","M","M","?","R","T","R","M","$","M","R","E","$","R","BOSS","M","M","?","M","?","M","T","R","$","?","M","R","E","M","R","BOSS"],"items_purchased_type":["Card","Relic"],"build_version":"2020-12-22","purchased_purges":0,"victory":false,"max_hp_per_floor":[77,77,77,77,77,77,77,77,77,77,77,77,77,77,77,77,77,77,77,82,82,82,82,82,82,82,82,82,82,82,82,82,82,82,82],"relic_stats":{"counters":[20,100],"Bronze Scales":[232],"Bag of Preparation":[4],"War Paint":["bronze:Defend","bronze:Constructor"],"Question Card":4,"obtain_stats":[{"bronze:ElectromagneticCoil":17,"bronze:BronzeCore":0,"downfall:HeartBlessingRed":29,"Bronze Scales":7,"downfall:HeartBlessingGreen":15,"Bag of Preparation":30,"Membership Card":26,"War Paint":13,"Question Card":24},{"bronze:ElectromagneticCoil":11,"bronze:BronzeCore":0,"downfall:HeartBlessingRed":17,"Bronze Scales":5,"downfall:HeartBlessingGreen":10,"Bag of Preparation":18,"Membership Card":16,"War Paint":9,"Question Card":15},{"bronze:ElectromagneticCoil":44,"bronze:BronzeCore":0,"downfall:HeartBlessingRed":78,"Bronze Scales":17,"downfall:HeartBlessingGreen":36,"Bag of Preparation":84,"Membership Card":71,"War Paint":32,"Question Card":67}]},"card_choices":[{"not_picked":["bronze:MaxOutput","bronze:Deprecate"],"picked":"bronze:Overheat","floor":1.0},{"not_picked":["bronze:ForceShield","bronze:Return"],"picked":"bronze:ChildClass","floor":2.0},{"not_picked":["bronze:ItsAFeature","bronze:Frontload"],"picked":"bronze:Iterate","floor":3.0},{"not_picked":["bronze:ForceShield","bronze:Shield"],"picked":"bronze:WhirlingStrike","floor":4.0},{"not_picked":["bronze:MaxOutput","bronze:ForceShield"],"picked":"bronze:ClassDefault","floor":5.0},{"not_picked":["bronze:Frontload","bronze:CloningBeam"],"picked":"bronze:FineTuning","floor":9.0},{"not_picked":["bronze:Frontload","bronze:DelayedGuard"],"picked":"bronze:Constructor","floor":10.0},{"not_picked":["bronze:Constructor","bronze:Iterate"],"picked":"bronze:Optimize","floor":11.0},{"not_picked":["bronze:BugBarrage","bronze:ChosenStrike"],"picked":"bronze:Library","floor":13.0},{"not_picked":["bronze:ItsAFeature","bronze:Separator"],"picked":"bronze:DarkDash","floor":14.0},{"not_picked":["bronze:Mutator","bronze:Assembly"],"picked":"bronze:TinkerersToolbox","floor":16.0},{"not_picked":["bronze:NullPointer","bronze:CutThrough","bronze:Safeguard+1"],"picked":"SKIP","floor":18.0},{"not_picked":["bronze:DelayedSlice","bronze:DelayedGuard+1"],"picked":"bronze:NullPointer+1","floor":19.0},{"not_picked":["bronze:OilSpill","bronze:Boost","bronze:Frontload"],"picked":"SKIP","floor":21.0},{"not_picked":["bronze:Invalidate","bronze:Frontload"],"picked":"bronze:Branch","floor":23.0},{"not_picked":["bronze:Invalidate","bronze:Allocate","bronze:Deprecate"],"picked":"bronze:Frontload","floor":26.0},{"not_picked":["bronze:BuggyMess+1","bronze:WhirlingStrike","bronze:Backtrace"],"picked":"bronze:Repair","floor":28.0},{"not_picked":["bronze:WhirlingStrike","bronze:DarkDash","bronze:WildBeam"],"picked":"bronze:Assembly","floor":30.0},{"not_picked":["bronze:BronzeOrb","bronze:Iterate+1","bronze:BuggyMess+1"],"picked":"bronze:MaxOutput","floor":31.0}],"player_experience":1429183,"relics_obtained":[{"floor":7.0,"key":"Bronze Scales"},{"floor":13.0,"key":"War Paint"},{"floor":24.0,"key":"Question Card"},{"floor":30.0,"key":"Bag of Preparation"}],"event_choices":[{"damage_healed":27.0,"max_hp_gain":0.0,"max_hp_loss":0.0,"gold_gain":0.0,"event_name":"The Library","player_choice":"Heal","floor":22.0,"gold_loss":0.0,"damage_taken":0.0}],"is_beta":false,"boss_relics":[{"not_picked":["Coffee Dripper","Runic Pyramid"],"picked":"bronze:ElectromagneticCoil"}],"items_purged_floors":[],"is_endless":false,"potions_floor_spawned":[1,2,5,16,21,28,30],"killed_by":"DF_ARCHETYPE_CLAW","ascension_level":0}}