{"host":"08sn1703g14rasc1","time":1611649290,"event":{"mods":["AchievementEnabler","BaseMod","Colored Map","Colored Powertips","Hermit","Minty Spire (QoL Compilation)","StSLib"],"gold_per_floor":[109,109,128,128,2,2,33,33,84,100,134,157,157,203,203,323,323,344,259,259,5,17,17,28,59,59,59,9,9,9],"floor_reached":29,"language":"ENG","playtime":1006,"items_purged":["Strike_P","Strike_P"],"score":335,"play_id":"73d3e41e-0857-48e1-be2f-f4dab2d7e5a0","local_time":"20210126002130","is_ascension_mode":true,"campfire_choices":[{"data":"Eruption","floor":6.0,"key":"SMITH"},{"data":"WindmillStrike","floor":8.0,"key":"SMITH"},{"floor":15.0,"key":"REST"},{"floor":23,"key":"REST"}],"circlet_count":0,"master_deck":["Strike_P+1","Strike_P+1","Defend_P+1","Defend_P","Defend_P","Defend_P","Eruption+1","Vigilance","BowlingBash","WindmillStrike+1","Nirvana","EmptyFist+1","FlurryOfBlows","Establishment","SignatureMove","Fasting2","Ragnarok","PathToVictory+1","Halt","Study"],"relics":["PureWater","Omamori","Bloody Idol","Blood Vial","Akabeko","Odd Mushroom","Whetstone","Cursed Key","Pocketwatch","White Beast Statue","Frozen Egg 2"],"acts_visited":["Exordium","TheCity"],"potions_floor_usage":[24,25,27],"damage_taken":[{"damage":2.0,"enemies":"Jaw Worm","floor":1.0,"turns":4.0},{"damage":1.0,"enemies":"Small Slimes","floor":3.0,"turns":2.0},{"damage":15.0,"enemies":"Lagavulin","floor":7.0,"turns":7.0},{"damage":0.0,"enemies":"2 Louse","floor":10.0,"turns":1.0},{"damage":4.0,"enemies":"The Mushroom Lair","floor":11.0,"turns":4.0},{"damage":7.0,"enemies":"Exordium Thugs","floor":12.0,"turns":3.0},{"damage":28,"enemies":"The Guardian","floor":16,"turns":8},{"damage":17,"enemies":"2 Thieves","floor":18,"turns":2},{"damage":16,"enemies":"Shell Parasite","floor":22,"turns":3},{"damage":17,"enemies":"Centurion and Healer","floor":24,"turns":3},{"damage":58,"enemies":"Book of Stabbing","floor":25,"turns":5},{"damage":8,"enemies":"Colosseum Slavers","floor":27,"turns":4},{"damage":11,"enemies":"Snake Plant","floor":29,"turns":1}],"seed_played":"4958446732423090470","potions_obtained":[{"floor":7.0,"key":"Fire Potion"},{"floor":12.0,"key":"Fruit Juice"},{"floor":16,"key":"PowerPotion"},{"floor":18,"key":"EssenceOfSteel"}],"is_trial":false,"path_per_floor":["M","?","M","?","$","R","E","R","T","M","?","M","?","T","R","B",null,"M","?","?","$","M","R","M","E","T","?","$","M"],"character_chosen":"WATCHER","items_purchased":["Block Potion","Fasting2","Ragnarok","Fire Potion"],"campfire_rested":2,"item_purchase_floors":[5,21,21,28],"current_hp_per_floor":[63,63,62,67,67,67,52,52,52,54,52,52,36,36,60,34,70,55,55,55,55,46,70,60,9,9,3,3,0,0],"gold":9,"neow_bonus":"RANDOM_COMMON_RELIC","is_daily":false,"chose_seed":false,"campfire_upgraded":2,"win_rate":0.0,"timestamp":1611649290,"path_taken":["M","?","M","?","$","R","E","R","T","?","?","M","?","?","R","BOSS","M","?","?","$","M","R","M","E","T","?","?","?"],"items_purchased_type":["Potion","Card","Card","Potion"],"build_version":"2020-12-22","purchased_purges":2,"victory":false,"max_hp_per_floor":[72,72,72,77,77,77,77,77,77,77,77,82,82,82,82,82,82,82,82,82,82,82,82,82,82,82,82,82,82,82],"card_choices":[{"not_picked":["Sanctity","Vengeance"],"picked":"BowlingBash","floor":1.0},{"not_picked":["Vengeance","FlyingSleeves"],"picked":"WindmillStrike","floor":3.0},{"not_picked":["EmptyFist","FlurryOfBlows"],"picked":"Nirvana","floor":7.0},{"not_picked":["Prostrate","Swivel"],"picked":"EmptyFist","floor":10.0},{"not_picked":["BowlingBash","CrushJoints"],"picked":"FlurryOfBlows","floor":12.0},{"not_picked":["Vault","Wish"],"picked":"Establishment","floor":16},{"not_picked":["Halt","BowlingBash"],"picked":"SignatureMove","floor":18},{"not_picked":["ClearTheMind","Indignation"],"picked":"PathToVictory+1","floor":22},{"not_picked":["EmptyMind","CutThroughFate"],"picked":"Halt","floor":24},{"not_picked":["Conclude","Wireheading"],"picked":"Study","floor":25}],"player_experience":485135,"relics_obtained":[{"floor":7.0,"key":"Blood Vial"},{"floor":9.0,"key":"Akabeko"},{"floor":11.0,"key":"Odd Mushroom"},{"floor":14.0,"key":"Whetstone"},{"floor":25,"key":"White Beast Statue"},{"floor":26,"key":"Frozen Egg 2"}],"event_choices":[{"damage_healed":0.0,"max_hp_gain":0.0,"max_hp_loss":0.0,"gold_gain":0.0,"event_name":"Golden Idol","player_choice":"Take Wound","floor":2.0,"gold_loss":0.0,"damage_taken":0.0,"relics_obtained":["Golden Idol"],"cards_obtained":["Injury"]},{"damage_healed":0.0,"max_hp_gain":5.0,"max_hp_loss":0.0,"gold_gain":0.0,"event_name":"Big Fish","player_choice":"Donut","floor":4.0,"gold_loss":0.0,"damage_taken":0.0},{"damage_healed":0.0,"max_hp_gain":0.0,"max_hp_loss":0.0,"gold_gain":0.0,"event_name":"Mushrooms","player_choice":"Fought Mushrooms","floor":11.0,"gold_loss":0.0,"damage_taken":0.0},{"damage_healed":0.0,"max_hp_gain":0.0,"max_hp_loss":0.0,"gold_gain":0.0,"event_name":"Shining Light","player_choice":"Entered Light","floor":13.0,"gold_loss":0.0,"damage_taken":16.0,"cards_upgraded":["Defend_P","EmptyFist"]},{"damage_healed":0,"gold_gain":0,"player_choice":"Obtained Relic","damage_taken":0,"relics_obtained":["Pocketwatch"],"max_hp_gain":0,"max_hp_loss":0,"event_name":"Addict","floor":19,"gold_loss":85},{"damage_healed":0,"gold_gain":0,"player_choice":"Gave Idol","damage_taken":0,"relics_obtained":["Bloody Idol"],"max_hp_gain":0,"max_hp_loss":0,"event_name":"Forgotten Altar","floor":20,"relics_lost":["Golden Idol"],"gold_loss":0},{"damage_healed":0,"gold_gain":0,"player_choice":"Fight","damage_taken":0,"max_hp_gain":0,"max_hp_loss":0,"event_name":"Colosseum","floor":27,"gold_loss":0},{"damage_healed":0,"gold_gain":0,"player_choice":"Fled From Nobs","damage_taken":0,"max_hp_gain":0,"max_hp_loss":0,"event_name":"Colosseum","floor":27,"gold_loss":0}],"is_beta":false,"boss_relics":[{"not_picked":["Philosopher\u0027s Stone","Busted Crown"],"picked":"Cursed Key"}],"items_purged_floors":[5,21],"is_endless":false,"potions_floor_spawned":[7,12,16,18,22,27],"killed_by":"Snake Plant","ascension_level":8}}