{"host":"3po7ngt2j61s4rmj","time":1611695891,"event":{"mods":["Act Like it!","BaseMod","Elementarium","JesterMod","Minty Spire (QoL Compilation)","Relic Stats","Shade Mod","StSLib"],"gold_per_floor":[114,114,132,148,163,163,181,214,214,214,214],"floor_reached":10,"language":"ENG","playtime":937,"items_purged":[],"score":109,"play_id":"e7e38ecd-fc6b-4972-9af0-603461f2d4e4","local_time":"20210126141811","is_ascension_mode":true,"campfire_choices":[{"data":"Secret Technique","floor":6,"key":"SMITH"}],"circlet_count":0,"master_deck":["AscendersBane","Shade:Strike_Shade","Shade:Strike_Shade","Shade:Strike_Shade","Shade:Strike_Shade","Shade:Defend_Shade","Shade:Defend_Shade","Shade:Defend_Shade","Shade:Defend_Shade","Shade:AnimateDead","Shade:CarefulCut","Doubt","Secret Technique+1","Shade:GoDigging","Shade:AblativeArmor","Shade:Asphyxiate","Shade:ExtraLimbs","Shade:Doomsay","Shade:ClawBack"],"relics":["Shade:YorickSkull","Regal Pillow","Dream Catcher"],"acts_visited":["Exordium"],"potions_floor_usage":[8,8],"damage_taken":[{"damage":0,"enemies":"Small Slimes","floor":1,"turns":3},{"damage":0,"enemies":"Cultist","floor":3,"turns":5},{"damage":6,"enemies":"Jaw Worm","floor":4,"turns":7},{"damage":4,"enemies":"Blue Slaver","floor":5,"turns":3},{"damage":4,"enemies":"Lots of Slimes","floor":7,"turns":5},{"damage":20,"enemies":"Lagavulin","floor":8,"turns":6},{"damage":28,"enemies":"3 Sentries","floor":10,"turns":5}],"seed_played":"8484596837132417179","potions_obtained":[{"floor":2,"key":"Fire Potion"},{"floor":2,"key":"AttackPotion"}],"is_trial":false,"path_per_floor":["M","?","M","M","M","R","M","E","T","E"],"character_chosen":"SHADE","items_purchased":[],"campfire_rested":0,"item_purchase_floors":[],"current_hp_per_floor":[59,59,59,53,49,49,45,25,25,0,0],"gold":214,"neow_bonus":"RANDOM_COLORLESS_2","is_daily":false,"chose_seed":false,"campfire_upgraded":1,"win_rate":0.0,"timestamp":1611695891,"path_taken":["M","?","?","?","?","R","M","E","T","E"],"items_purchased_type":[],"build_version":"2020-12-22","purchased_purges":0,"victory":false,"max_hp_per_floor":[65,65,65,65,65,65,65,65,65,65,65],"relic_stats":{"Regal Pillow":0,"Dream Catcher":0,"counters":[7,34],"obtain_stats":[{"Regal Pillow":8,"Dream Catcher":9,"Shade:YorickSkull":0},{"Regal Pillow":6,"Dream Catcher":6,"Shade:YorickSkull":0},{"Regal Pillow":29,"Dream Catcher":29,"Shade:YorickSkull":0}]},"card_choices":[{"not_picked":["Violence","Master of Strategy"],"picked":"Secret Technique","floor":0},{"not_picked":["Shade:Frenzy","Shade:SanguineRitual"],"picked":"Shade:GoDigging","floor":1},{"not_picked":["Shade:CommandSoldier","Shade:BoneShards"],"picked":"Shade:AblativeArmor","floor":3},{"not_picked":["Shade:Premonition","Shade:SoulToxin"],"picked":"Shade:Asphyxiate","floor":4},{"not_picked":["Shade:SkeletonHug","Shade:Frenzy"],"picked":"Shade:ExtraLimbs","floor":5},{"not_picked":["Shade:BoneShards","Shade:AncientSpear"],"picked":"Shade:Doomsay","floor":7},{"not_picked":["Shade:RavenousHorde","Shade:SkeletonHug"],"picked":"Shade:ClawBack","floor":8}],"player_experience":1094690,"relics_obtained":[{"floor":8,"key":"Regal Pillow"},{"floor":9,"key":"Dream Catcher"}],"event_choices":[{"damage_healed":0,"gold_gain":0,"player_choice":"Got Potions","damage_taken":0,"max_hp_gain":0,"max_hp_loss":0,"event_name":"Lab","floor":2,"gold_loss":0}],"is_beta":false,"boss_relics":[],"items_purged_floors":[],"is_endless":false,"potions_floor_spawned":[3,5,7],"killed_by":"3 Sentries","ascension_level":11}}