{"host":"jumrmhf584hajrnz","time":1611683168,"event":{"mods":["BaseMod","Duelist Mod","GifTheSpireLib","Minty Spire (QoL Compilation)","Quick Restart","Replay The Spire","StSLib"],"gold_per_floor":[145,145,245,107,126,152,175,191,215,42,68,82,82,82],"floor_reached":13,"language":"ENG","playtime":627,"items_purged":[],"score":236,"play_id":"bdcd0f4b-3eed-43f8-9ee3-fd3e67e90612","local_time":"20210126184608","is_ascension_mode":true,"campfire_choices":[],"circlet_count":0,"master_deck":["AscendersBane","theDuelist:Biofalcon","theDuelist:CastleWalls","theDuelist:CastleWalls","theDuelist:Deskbot004","theDuelist:Deskbot004","theDuelist:Deskbot005","theDuelist:Deskbot005","theDuelist:GreenGadget","theDuelist:Sparks","theDuelist:Sparks","theDuelist:BlastingFuse","theDuelist:CurseAging","theDuelist:OrbitalBombardment+1","theDuelist:MetalholdMovingBlockade","theDuelist:Geargiauger","theDuelist:BlastingRuins","Pain","theDuelist:Jinzo","theDuelist:MetalDetector","theDuelist:GoldGadget","theDuelist:Geargiauger","theDuelist:WonderGarage"],"relics":["theDuelist:MillenniumPuzzle","theDuelist:CardPoolRelic","theDuelist:CardPoolBasicRelic","theDuelist:BoosterPackPoolRelic","theDuelist:CardPoolAddRelic","theDuelist:CardPoolMinusRelic","theDuelist:CardPoolSaveRelic","theDuelist:CardPoolOptionsRelic","NeowsBlessing","theDuelist:MillenniumCoin","ReplayFunnel","Counterbalance"],"acts_visited":["Exordium"],"potions_floor_usage":[],"damage_taken":[{"damage":0,"enemies":"2 Louse","floor":1,"turns":1},{"damage":0,"enemies":"Jaw Worm","floor":5,"turns":1},{"damage":0,"enemies":"Gremlin Nob","floor":6,"turns":1},{"damage":14,"enemies":"Small Slimes","floor":8,"turns":4},{"damage":20,"enemies":"3 Sentries","floor":11,"turns":5},{"damage":16,"enemies":"Red Slaver","floor":12,"turns":4},{"damage":17,"enemies":"Lagavulin","floor":13,"turns":5}],"seed_played":"3534107243067214752","potions_obtained":[{"floor":5,"key":"theDuelist:DestructPotionPotB"},{"floor":7,"key":"Cursed Concoction"}],"is_trial":false,"path_per_floor":["M","?","?","$","M","E","?","M","T","$","E","M","E"],"character_chosen":"THE_DUELIST","items_purchased":["theDuelist:OrbitalBombardment+1","theDuelist:MetalholdMovingBlockade","theDuelist:GoldGadget"],"campfire_rested":0,"item_purchase_floors":[4,4,10],"current_hp_per_floor":[63,63,63,63,63,63,63,49,49,49,29,13,0,0],"gold":82,"neow_bonus":"THREE_ENEMY_KILL","is_daily":false,"chose_seed":false,"campfire_upgraded":0,"win_rate":0.0,"timestamp":1611683168,"path_taken":["M","?","?","$","M","E","?","?","T","$","E","M","E"],"items_purchased_type":["Card","Card","Card"],"build_version":"2020-12-22","purchased_purges":0,"victory":false,"max_hp_per_floor":[70,70,70,70,70,70,70,70,70,70,70,70,70,70],"card_choices":[{"not_picked":["theDuelist:ShortCircuit","theDuelist:RevolvingSwitchyard","theDuelist:MachineFactory"],"picked":"theDuelist:BlastingFuse","floor":1},{"not_picked":["theDuelist:GenexAllyBirdman","theDuelist:Factory100Machines","theDuelist:ScrapBeast","theDuelist:RainbowBridge"],"picked":"theDuelist:Geargiauger","floor":5},{"not_picked":["theDuelist:BigFire","theDuelist:LightningVortex","theDuelist:LabyrinthWall","theDuelist:BlockGolem"],"picked":"theDuelist:BlastingRuins","floor":6},{"not_picked":["theDuelist:ScrapBeast","theDuelist:GreenGadget","theDuelist:Geargiauger","theDuelist:GearGigant"],"picked":"theDuelist:Jinzo","floor":7},{"not_picked":["theDuelist:ParallelPortArmor","theDuelist:ArtifactIgnition","theDuelist:AncientGearWorkshop","theDuelist:Tuningware"],"picked":"theDuelist:MetalDetector","floor":8},{"not_picked":["theDuelist:Jinzo"],"picked":"theDuelist:Geargiauger","floor":11},{"not_picked":["theDuelist:RevolvingSwitchyard","theDuelist:GravityAxe","theDuelist:ArtifactSanctum"],"picked":"theDuelist:WonderGarage","floor":12}],"player_experience":1567951,"relics_obtained":[{"floor":6,"key":"ReplayFunnel"},{"floor":11,"key":"Counterbalance"}],"event_choices":[{"damage_healed":0,"gold_gain":0,"player_choice":"Leave","duelist":true,"damage_taken":0,"max_hp_gain":0,"max_hp_loss":0,"event_name":"Tomb of the Nameless","floor":2,"gold_loss":0},{"damage_healed":0,"gold_gain":0,"player_choice":"Took item - Received: Millennium Coin","duelist":true,"damage_taken":0,"max_hp_gain":0,"max_hp_loss":0,"event_name":"Millennium Items","floor":3,"gold_loss":0}],"is_beta":false,"boss_relics":[],"items_purged_floors":[],"is_endless":false,"potions_floor_spawned":[5,8,12],"killed_by":"Lagavulin","ascension_level":20}}