{"host":"aj7el8l5kufbk20z","time":1611651154,"event":{"mods":["AchievementEnabler","BaseMod","Colored Map","Colored Powertips","Curses Come First","Highlight Path","Minty Spire (QoL Compilation)","Permanent Neow","Poor People Problems","Quick Restart","Rare Cards Sparkle","Relic Stats","StSLib","SuperFastMode","Waifu the Spire"],"gold_per_floor":[219,294,304,304,101,101,134,146,146,471,471,471,487,504,504,579,579,592,398,408,269,269,269,295,295,319,350,118,137,172,183,183,261,261,275,275,275,292,292,321,331,202,202,202,202,202,115,132,132,132],"floor_reached":51,"language":"ZHS","playtime":3951,"items_purged":["Strike_R","Strike_R","Strike_R","Bash","Defend_R","Strike_R+1","Armaments+1"],"score":1353,"play_id":"28dc5888-e1f8-4693-9838-f27c9534394d","local_time":"20210126165234","is_ascension_mode":true,"campfire_choices":[{"data":"Body Slam","floor":6.0,"key":"SMITH"},{"data":"Ghostly Armor","floor":11.0,"key":"SMITH"},{"data":"Heavy Blade","floor":15.0,"key":"SMITH"},{"data":"Rampage","floor":23.0,"key":"SMITH"},{"data":"Warcry","floor":25.0,"key":"SMITH"},{"data":"Defend_R","floor":32.0,"key":"SMITH"},{"floor":46,"key":"REST"},{"floor":49,"key":"REST"}],"circlet_count":0,"master_deck":["AscendersBane","Defend_R+1","Defend_R+1","Defend_R+1","Warcry+1","Ghostly Armor+1","Body Slam+1","Seeing Red+1","Headbutt+1","Heavy Blade+1","True Grit+1","Disarm+1","Rampage+1","Battle Trance+1","Entrench+1","Inflame+1","Entrench+1","Warcry+1","Ghostly Armor+1","Flex+1","Berserk+1","Metallicize+1","Trip+1","Juggernaut+1","Flame Barrier+1","Juggernaut+1","Madness+1","Madness+1","Metallicize+1","Metallicize+1"],"relics":["Burning Blood","Membership Card","Frozen Egg 2","Vajra","Toxic Egg 2","Blue Candle","Shuriken","Old Coin","InkBottle","Black Star","Omamori","Self Forming Clay","Gambling Chip","Dream Catcher","Ornamental Fan","Whetstone","Question Card","Smiling Mask","Ancient Tea Set","Calling Bell","Nunchaku","Molten Egg 2","Calipers","Juzu Bracelet","War Paint","Sundial"],"acts_visited":["Exordium","TheCity","TheBeyond"],"potions_floor_usage":[50,50],"damage_taken":[{"damage":2.0,"enemies":"Cultist","floor":1.0,"turns":4.0},{"damage":7.0,"enemies":"Small Slimes","floor":3.0,"turns":4.0},{"damage":78.0,"enemies":"Gremlin Nob","floor":7.0,"turns":6.0},{"damage":14.0,"enemies":"2 Louse","floor":8.0,"turns":4.0},{"damage":100.0,"enemies":"3 Sentries","floor":10.0,"turns":19.0},{"damage":11.0,"enemies":"Lots of Slimes","floor":13.0,"turns":6.0},{"damage":7.0,"enemies":"Looter","floor":14.0,"turns":4.0},{"damage":58.0,"enemies":"Slime Boss","floor":16.0,"turns":15.0},{"damage":26.0,"enemies":"2 Thieves","floor":18.0,"turns":4.0},{"damage":33.0,"enemies":"3 Byrds","floor":20.0,"turns":6.0},{"damage":28.0,"enemies":"Book of Stabbing","floor":24.0,"turns":7.0},{"damage":42.0,"enemies":"Slavers","floor":27.0,"turns":5.0},{"damage":23.0,"enemies":"3 Cultists","floor":29.0,"turns":6.0},{"damage":35.0,"enemies":"Book of Stabbing","floor":30.0,"turns":6.0},{"damage":40.0,"enemies":"Cultist and Chosen","floor":31.0,"turns":6.0},{"damage":47.0,"enemies":"Collector","floor":33.0,"turns":9.0},{"damage":3.0,"enemies":"Orb Walker","floor":35.0,"turns":4.0},{"damage":15,"enemies":"3 Shapes","floor":38,"turns":5},{"damage":94,"enemies":"Reptomancer","floor":40,"turns":7},{"damage":21,"enemies":"Maw","floor":41,"turns":7},{"damage":19,"enemies":"Jaw Worm Horde","floor":48,"turns":5},{"damage":33,"enemies":"Donu and Deca","floor":50,"turns":9}],"seed_played":"-7816034614202766009","potions_obtained":[{"floor":8.0,"key":"Fruit Juice"},{"floor":13.0,"key":"Regen Potion"},{"floor":14.0,"key":"DistilledChaos"},{"floor":20.0,"key":"CultistPotion"},{"floor":27.0,"key":"Regen Potion"},{"floor":35.0,"key":"SkillPotion"}],"is_trial":false,"path_per_floor":["M","$","M","?","$","R","E","M","T","E","R","?","M","M","R","B",null,"M","$","M","$","?","R","E","R","T","E","$","M","E","M","R","B",null,"M","?","?","M","?","E","M","$","T","?","?","R","$","M","R","B",null],"character_chosen":"IRONCLAD","items_purchased":["Membership Card","Frozen Egg 2","Vajra","Toxic Egg 2","Body Slam","Omamori","Armaments+1","Rampage","Entrench+1","Inflame+1","Question Card","Juggernaut+1","Metallicize+1"],"campfire_rested":2,"item_purchase_floors":[2,2,2,5,5,19,19,19,21,21,28,42,47],"current_hp_per_floor":[72,72,71,71,71,71,60,57,57,80,80,80,80,79,79,42,71,80,80,73,73,73,73,64,64,64,80,80,63,62,80,80,62,76,79,79,79,70,70,80,65,65,65,65,51,75,75,62,80,68],"gold":132,"neow_bonus":"HUNDRED_GOLD","is_daily":false,"chose_seed":false,"campfire_upgraded":6,"win_rate":0.0,"timestamp":1611651154,"path_taken":["M","$","M","?","$","R","E","?","T","E","R","?","?","M","R","BOSS","M","$","M","$","?","R","E","R","T","E","$","M","E","?","R","BOSS","M","?","?","M","?","E","M","$","T","?","?","R","$","M","R","BOSS"],"items_purchased_type":["Relic","Relic","Relic","Relic","Card","Relic","Card","Card","Card","Card","Relic","Card","Card"],"build_version":"2020-12-22","purchased_purges":7,"victory":true,"max_hp_per_floor":[75,75,75,75,75,75,75,80,80,80,80,80,80,80,80,80,80,80,80,80,80,80,80,80,80,80,80,80,80,80,80,80,80,80,80,80,80,80,80,80,80,80,80,80,80,80,80,80,80,80],"relic_stats":{"counters":[22,148],"Self Forming Clay":[105],"Blue Candle":[0],"Juzu Bracelet":1,"Whetstone":["Strike_R","Headbutt"],"War Paint":["Defend_R","Defend_R"],"Question Card":13,"Smiling Mask":113,"Burning Blood":97,"Dream Catcher":2,"Nunchaku":[3],"Shuriken":[8],"Ornamental Fan":[8],"Sundial":[2],"Gambling Chip":[20],"Black Star":4,"obtain_stats":[{"Calipers":34,"Vajra":2,"Juzu Bracelet":40,"Whetstone":27,"Smiling Mask":30,"Ancient Tea Set":30,"Burning Blood":0,"Old Coin":10,"Dream Catcher":26,"Nunchaku":34,"Sundial":43,"Gambling Chip":24,"Toxic Egg 2":5,"InkBottle":12,"Self Forming Clay":24,"Blue Candle":7,"Omamori":19,"Frozen Egg 2":2,"War Paint":40,"Question Card":28,"Calling Bell":34,"Shuriken":9,"Ornamental Fan":27,"Molten Egg 2":34,"Black Star":17,"Membership Card":2},{"Calipers":16,"Vajra":1,"Juzu Bracelet":19,"Whetstone":12,"Smiling Mask":14,"Ancient Tea Set":14,"Burning Blood":0,"Old Coin":5,"Dream Catcher":11,"Nunchaku":16,"Sundial":20,"Gambling Chip":11,"Toxic Egg 2":2,"InkBottle":5,"Self Forming Clay":11,"Blue Candle":3,"Omamori":9,"Frozen Egg 2":1,"War Paint":19,"Question Card":12,"Calling Bell":16,"Shuriken":4,"Ornamental Fan":12,"Molten Egg 2":16,"Black Star":8,"Membership Card":1},{"Calipers":111,"Vajra":4,"Juzu Bracelet":127,"Whetstone":84,"Smiling Mask":96,"Ancient Tea Set":96,"Burning Blood":0,"Old Coin":37,"Dream Catcher":79,"Nunchaku":111,"Sundial":134,"Gambling Chip":79,"Toxic Egg 2":8,"InkBottle":37,"Self Forming Clay":79,"Blue Candle":14,"Omamori":66,"Frozen Egg 2":4,"War Paint":127,"Question Card":84,"Calling Bell":111,"Shuriken":18,"Ornamental Fan":84,"Molten Egg 2":111,"Black Star":62,"Membership Card":4}],"InkBottle":[30]},"card_choices":[{"not_picked":["Iron Wave","Twin Strike"],"picked":"Warcry","floor":1.0},{"not_picked":["Iron Wave","Headbutt"],"picked":"Ghostly Armor","floor":3.0},{"not_picked":["Fiend Fire","Carnage"],"picked":"Seeing Red+1","floor":7.0},{"not_picked":["Infernal Blade+1","Dual Wield+1"],"picked":"Shockwave+1","floor":8.0},{"not_picked":["Whirlwind","Havoc+1"],"picked":"Headbutt","floor":10.0},{"not_picked":["Body Slam","Thunderclap"],"picked":"Heavy Blade","floor":13.0},{"not_picked":["Clash","Pommel Strike"],"picked":"True Grit+1","floor":14.0},{"not_picked":["Exhume+1","Corruption+1"],"picked":"Juggernaut+1","floor":16.0},{"not_picked":["Perfected Strike","Whirlwind+1"],"picked":"Disarm+1","floor":18.0},{"not_picked":["Intimidate+1","Headbutt"],"picked":"Battle Trance+1","floor":20.0},{"not_picked":["Armaments+1","Bloodletting+1"],"picked":"Warcry+1","floor":24.0},{"not_picked":["Second Wind+1","Warcry+1","Heavy Blade"],"picked":"SKIP","floor":27.0},{"not_picked":["Warcry+1","Immolate","Cleave"],"picked":"Ghostly Armor+1","floor":29.0},{"not_picked":["Anger","Combust+1","Sever Soul"],"picked":"Flex+1","floor":30.0},{"not_picked":["Perfected Strike+1","Anger","Rupture+1","Clothesline"],"picked":"SKIP","floor":31.0},{"not_picked":["Impervious+1","Corruption+1","Feed"],"picked":"Berserk+1","floor":33.0},{"not_picked":["Fire Breathing+1","Cleave+1","Inflame+1"],"picked":"Metallicize+1","floor":35.0},{"not_picked":["Purity+1","Deep Breath+1","Madness+1"],"picked":"Trip+1","floor":36.0},{"not_picked":["True Grit+1","Perfected Strike+1","Wild Strike+1","Thunderclap+1"],"picked":"SKIP","floor":38},{"not_picked":["Flex+1","Sword Boomerang+1","Rupture+1"],"picked":"Juggernaut+1","floor":40},{"not_picked":["Warcry+1","Thunderclap+1","Uppercut+1"],"picked":"Flame Barrier+1","floor":41},{"not_picked":["Sword Boomerang+1","Warcry+1","Dual Wield+1","Heavy Blade+1"],"picked":"SKIP","floor":48},{"not_picked":["Intimidate+1","Cleave+1","Pummel+1"],"picked":"Metallicize+1","floor":49}],"player_experience":395746,"relics_obtained":[{"floor":7.0,"key":"Blue Candle"},{"floor":9.0,"key":"Shuriken"},{"floor":10.0,"key":"Old Coin"},{"floor":24.0,"key":"Self Forming Clay"},{"floor":24.0,"key":"Gambling Chip"},{"floor":26.0,"key":"Dream Catcher"},{"floor":27.0,"key":"Ornamental Fan"},{"floor":27.0,"key":"Whetstone"},{"floor":30.0,"key":"Smiling Mask"},{"floor":30.0,"key":"Ancient Tea Set"},{"floor":34.0,"key":"Nunchaku"},{"floor":34.0,"key":"Molten Egg 2"},{"floor":34.0,"key":"Calipers"},{"floor":40,"key":"Juzu Bracelet"},{"floor":40,"key":"War Paint"},{"floor":43,"key":"Sundial"}],"event_choices":[{"cards_removed":["Strike_R"],"damage_healed":0.0,"max_hp_gain":0.0,"max_hp_loss":0.0,"gold_gain":0.0,"event_name":"Bonfire Elementals","player_choice":"Offered Basic","floor":4.0,"gold_loss":0.0,"damage_taken":0.0},{"cards_removed":["Shockwave"],"damage_healed":0.0,"max_hp_gain":0.0,"max_hp_loss":0.0,"gold_gain":0.0,"event_name":"WeMeetAgain","player_choice":"Gave Card","floor":12.0,"gold_loss":0.0,"damage_taken":0.0,"relics_obtained":["InkBottle"]},{"damage_healed":0.0,"max_hp_gain":0.0,"max_hp_loss":0.0,"gold_gain":0.0,"event_name":"Duplicator","player_choice":"Copied","floor":22.0,"gold_loss":0.0,"damage_taken":0.0,"cards_obtained":["Entrench"]},{"damage_healed":0.0,"max_hp_gain":0.0,"max_hp_loss":0.0,"gold_gain":0.0,"event_name":"SensoryStone","player_choice":"Memory 1","floor":36.0,"gold_loss":0.0,"damage_taken":0.0},{"damage_healed":0.0,"max_hp_gain":0.0,"max_hp_loss":0.0,"gold_gain":0.0,"event_name":"Tomb of Lord Red Mask","player_choice":"Ignored","floor":37.0,"gold_loss":0.0,"damage_taken":0.0},{"damage_healed":0,"gold_gain":0,"player_choice":"0 cards matched","damage_taken":0,"max_hp_gain":0,"max_hp_loss":0,"event_name":"Match and Keep!","floor":39,"gold_loss":0,"cards_obtained":[]},{"cards_removed":["Juggernaut"],"damage_healed":0,"gold_gain":0,"player_choice":"Removed Power","damage_taken":0,"max_hp_gain":0,"max_hp_loss":0,"event_name":"Falling","floor":44,"gold_loss":0},{"damage_healed":0,"gold_gain":0,"player_choice":"Embrace Madness","damage_taken":14,"max_hp_gain":0,"max_hp_loss":0,"event_name":"Winding Halls","floor":45,"gold_loss":0,"cards_obtained":["Madness","Madness"]}],"is_beta":false,"boss_relics":[{"not_picked":["Runic Cube","Tiny House"],"picked":"Black Star"},{"not_picked":["Snecko Eye","Busted Crown"],"picked":"Calling Bell"}],"items_purged_floors":[2,5,19,21,28,42,47],"is_endless":false,"potions_floor_spawned":[8,13,14,20,27,31,35],"ascension_level":17}}