{"host":"b69u97qm214vzd6b","time":1611696496,"event":{"mods":["BaseMod","Downfall","Hermit","Infinite Spire","Minty Spire (QoL Compilation)","Replay The Spire","StSLib","The Animator","The Cursed"],"gold_per_floor":[119,133,153,167,180,208,273,273,273,161,177,192,192,209,209,209,209],"floor_reached":16,"language":"ENG","playtime":964,"items_purged":[],"score":106,"play_id":"824ac979-4a85-4ace-ab0f-aebbbd475510","local_time":"20210126142816","is_ascension_mode":false,"campfire_choices":[{"floor":8,"key":"REST"},{"floor":13,"key":"REST"},{"floor":15,"key":"RECALL"}],"circlet_count":0,"master_deck":["hermit:Strike_Hermit","hermit:Strike_Hermit","hermit:Strike_Hermit","hermit:Strike_Hermit","hermit:Defend_Hermit","hermit:Defend_Hermit","hermit:Defend_Hermit","hermit:Defend_Hermit","hermit:Snapshot","hermit:Covet","AbeCurse","hermit:Feint","hermit:Vantage","hermit:Malice","hermit:Headshot","hermit:Malice","hermit:Quickdraw","hermit:HighCaliber","hermit:Quickdraw","Mind Blast","hermit:Quickdraw","hermit:BodyArmor"],"relics":["Abe\u0027s Treasure","Regal Pillow","ReplayTheSpireMod:TigerMarble","Pear"],"acts_visited":["Exordium"],"potions_floor_usage":[16,16,16],"damage_taken":[{"damage":8,"enemies":"infinitespire:Voidling","floor":1,"turns":4},{"damage":0,"enemies":"Cultist","floor":2,"turns":4},{"damage":0,"enemies":"Jaw Worm","floor":3,"turns":3},{"damage":8,"enemies":"Red Slaver","floor":4,"turns":4},{"damage":10,"enemies":"3 Louse","floor":5,"turns":3},{"damage":9,"enemies":"Gremlin Nob","floor":6,"turns":4},{"damage":32,"enemies":"Lagavulin Event","floor":7,"turns":6},{"damage":0,"enemies":"Looter","floor":11,"turns":2},{"damage":0,"enemies":"Gremlin Gang","floor":12,"turns":3},{"damage":7,"enemies":"Large Slime","floor":14,"turns":3},{"damage":84,"enemies":"The Guardian","floor":16,"turns":13}],"seed_played":"3676044094779031069","potions_obtained":[{"floor":3,"key":"Swift Potion"},{"floor":4,"key":"Weak Potion"},{"floor":5,"key":"Swift Potion"},{"floor":6,"key":"Strength Potion"}],"is_trial":false,"path_per_floor":["M","M","M","M","M","E","?","R","T","$","M","M","R","M","R","B"],"character_chosen":"HERMIT","items_purchased":["hermit:Quickdraw","Mind Blast"],"campfire_rested":2,"item_purchase_floors":[10,10],"current_hp_per_floor":[67,67,67,59,49,40,8,45,55,55,55,55,85,78,78,0,0],"gold":209,"neow_bonus":"BOSS_RELIC","is_daily":false,"chose_seed":false,"campfire_upgraded":0,"win_rate":0.0,"timestamp":1611696496,"path_taken":["M","M","?","M","M","E","?","R","T","?","M","M","R","?","R","BOSS"],"items_purchased_type":["Card","Card"],"build_version":"2020-12-13","purchased_purges":0,"victory":false,"max_hp_per_floor":[75,75,75,75,75,75,75,75,85,85,85,85,85,85,85,85,85],"card_choices":[{"not_picked":["hermit:WideOpen","hermit:Desperado"],"picked":"hermit:Feint","floor":1},{"not_picked":["hermit:Misfire","hermit:Maintenance"],"picked":"hermit:Vantage","floor":2},{"not_picked":["hermit:Gambit","hermit:ItchyTrigger"],"picked":"hermit:Malice","floor":3},{"not_picked":["hermit:CalledShot","hermit:NoHoldsBarred"],"picked":"hermit:Headshot","floor":4},{"not_picked":["hermit:Coalescence","hermit:BodyArmor"],"picked":"hermit:Malice","floor":5},{"not_picked":["hermit:Reprieve","hermit:Combo"],"picked":"hermit:Quickdraw","floor":6},{"not_picked":["hermit:CalledShot","hermit:Ricochet"],"picked":"hermit:HighCaliber","floor":7},{"not_picked":["hermit:LowProfile","hermit:Malice"],"picked":"hermit:Quickdraw","floor":11},{"not_picked":["hermit:Showdown","hermit:Snipe","hermit:Manifest"],"picked":"SKIP","floor":12},{"not_picked":["hermit:Manifest","hermit:SprayPray"],"picked":"hermit:BodyArmor","floor":14}],"player_experience":86605,"relics_obtained":[{"floor":6,"key":"Regal Pillow"},{"floor":7,"key":"ReplayTheSpireMod:TigerMarble"},{"floor":9,"key":"Pear"}],"event_choices":[{"damage_healed":0,"gold_gain":30,"player_choice":"Searched \u00273\u0027 times","damage_taken":0,"max_hp_gain":0,"max_hp_loss":0,"event_name":"Dead Adventurer","floor":7,"gold_loss":0}],"is_beta":false,"boss_relics":[],"items_purged_floors":[],"is_endless":false,"potions_floor_spawned":[3,4,5,6],"killed_by":"The Guardian","ascension_level":0}}