{"host":"86exz9sc3zcspcml","time":1611696621,"event":{"mods":["AchievementEnabler","BaseMod","Better Third Choice","Colored Map","Colored Powertips","Gold Saver","Minty Spire (QoL Compilation)","Quick Restart","Rare Cards Sparkle","Spire Birthday Party","StSLib"],"gold_per_floor":[281,281,292,17,33,33,68,68,138,158,128,145,165,185,185,289,289,301,35,35,35,55,55,55],"floor_reached":23,"language":"ENG","playtime":1086,"items_purged":[],"score":193,"play_id":"6faca7f2-6633-4986-9614-2b2cf4db83fe","local_time":"20210126153021","is_ascension_mode":false,"campfire_choices":[{"data":"Consecrate","floor":6,"key":"SMITH"},{"data":"FlyingSleeves","floor":8,"key":"SMITH"},{"floor":15,"key":"REST"}],"circlet_count":0,"master_deck":["Strike_P","Strike_P","Strike_P","Strike_P","Defend_P","Defend_P","Defend_P","Defend_P","Eruption","Vigilance","SashWhip","Pain","Consecrate+1","FlyingSleeves+1","Pray","SashWhip","SashWhip","Consecrate","DevaForm","Consecrate","CarveReality","Protect"],"relics":["PureWater","NeowsBlessing","WarpedTongs","Membership Card","Sundial","Damaru","Matryoshka","Black Star","Mango","Toolbox"],"acts_visited":["Exordium","TheCity"],"potions_floor_usage":[7,16,16,22,23,23],"damage_taken":[{"damage":0,"enemies":"Small Slimes","floor":1,"turns":1},{"damage":1,"enemies":"Cultist","floor":3,"turns":1},{"damage":0,"enemies":"Jaw Worm","floor":5,"turns":1},{"damage":18,"enemies":"3 Sentries","floor":7,"turns":7},{"damage":13,"enemies":"Exordium Wildlife","floor":10,"turns":3},{"damage":7,"enemies":"Red Slaver","floor":12,"turns":3},{"damage":5,"enemies":"Large Slime","floor":13,"turns":4},{"damage":16,"enemies":"3 Louse","floor":14,"turns":3},{"damage":23,"enemies":"Hexaghost","floor":16,"turns":6},{"damage":40,"enemies":"Chosen","floor":18,"turns":6},{"damage":36,"enemies":"3 Byrds","floor":22,"turns":5},{"damage":50,"enemies":"Slavers","floor":23,"turns":4}],"seed_played":"749475613637381328","potions_obtained":[{"floor":1,"key":"LiquidBronze"},{"floor":5,"key":"Strength Potion"},{"floor":7,"key":"DuplicationPotion"},{"floor":11,"key":"LiquidMemories"},{"floor":11,"key":"BottledMiracle"},{"floor":16,"key":"Fire Potion"},{"floor":18,"key":"LiquidMemories"}],"is_trial":false,"path_per_floor":["M","?","M","$","M","R","E","R","T","M","?","M","M","M","R","B",null,"M","$","?","?","M","E"],"character_chosen":"WATCHER","items_purchased":["Membership Card","Sundial","CarveReality","Mango","Toolbox"],"campfire_rested":1,"item_purchase_floors":[4,4,19,19,19],"current_hp_per_floor":[72,72,71,71,71,71,53,53,53,40,40,33,28,12,33,10,72,32,46,46,86,50,0,0],"gold":55,"neow_bonus":"THREE_ENEMY_KILL","is_daily":false,"chose_seed":false,"campfire_upgraded":2,"win_rate":0.0,"timestamp":1611696621,"path_taken":["M","?","M","$","M","R","E","R","T","?","?","M","?","M","R","BOSS","M","$","?","?","M","E"],"items_purchased_type":["Relic","Relic","Card","Relic","Relic"],"build_version":"2020-12-22","purchased_purges":0,"victory":false,"max_hp_per_floor":[72,72,72,72,72,72,72,72,72,72,72,72,72,72,72,72,72,72,86,86,86,86,86,86],"card_choices":[{"not_picked":["Fasting2","CrushJoints"],"picked":"SashWhip","floor":1},{"not_picked":["EmptyFist","PathToVictory"],"picked":"Consecrate","floor":3},{"not_picked":["Perseverance","EmptyBody"],"picked":"FlyingSleeves","floor":5},{"not_picked":["ThirdEye","Blasphemy"],"picked":"Pray","floor":7},{"not_picked":["Evaluate","Indignation"],"picked":"SashWhip","floor":10},{"not_picked":["Swivel","ThirdEye"],"picked":"FearNoEvil","floor":12},{"not_picked":["Halt","InnerPeace"],"picked":"SashWhip","floor":13},{"not_picked":["FlurryOfBlows","WreathOfFlame"],"picked":"Consecrate","floor":14},{"not_picked":["ConjureBlade","MasterReality"],"picked":"DevaForm","floor":16},{"not_picked":["Perseverance","CrushJoints"],"picked":"Consecrate","floor":18},{"not_picked":["Evaluate+1","EmptyMind+1"],"picked":"Protect","floor":22}],"player_experience":96959,"relics_obtained":[{"floor":7,"key":"Damaru"},{"floor":9,"key":"Matryoshka"}],"event_choices":[{"damage_healed":0,"gold_gain":0,"player_choice":"Rummage","damage_taken":0,"relics_obtained":["WarpedTongs"],"max_hp_gain":0,"max_hp_loss":0,"event_name":"Accursed Blacksmith","floor":2,"gold_loss":0,"cards_obtained":["Pain"]},{"damage_healed":0,"gold_gain":0,"player_choice":"Bought 2 Potions","damage_taken":0,"max_hp_gain":0,"max_hp_loss":0,"event_name":"The Woman in Blue","floor":11,"gold_loss":0},{"damage_healed":0,"gold_gain":0,"player_choice":"Ignored","damage_taken":0,"max_hp_gain":0,"max_hp_loss":0,"event_name":"Vampires","floor":20,"gold_loss":0},{"cards_removed":["FearNoEvil"],"damage_healed":40,"gold_gain":0,"player_choice":"Offered Uncommon","damage_taken":0,"max_hp_gain":0,"max_hp_loss":0,"event_name":"Bonfire Elementals","floor":21,"gold_loss":0}],"is_beta":false,"boss_relics":[{"not_picked":["Runic Pyramid","Ectoplasm"],"picked":"Black Star"}],"items_purged_floors":[],"is_endless":false,"potions_floor_spawned":[1,5,7,12,16,18],"killed_by":"Slavers","ascension_level":0}}