{"host":"8is2j71l4wmybkoi","time":1611649214,"event":{"mods":["AchievementEnabler","BaseMod","Colored Map","Minty Spire (QoL Compilation)","Rare Cards Sparkle","StSLib","SuperFastMode"],"gold_per_floor":[111,121,18,18,39,77,77,127,127,127,167,167,182,212,212,308,308,326,339,264,41,66,106,106,25,49,49,72,72,122,140,140,140,140],"floor_reached":33,"language":"KOR","playtime":1161,"items_purged":["Strike_B","Strike_B"],"score":546,"play_id":"5b9ae853-212a-49ca-9953-3c4d2689e8a4","local_time":"20210126172014","is_ascension_mode":true,"campfire_choices":[{"data":"Dramatic Entrance","floor":7,"key":"SMITH"},{"data":"Zap","floor":10,"key":"SMITH"},{"data":"Hologram","floor":12,"key":"SMITH"},{"data":"Seek","floor":15,"key":"SMITH"},{"floor":24,"key":"DIG"},{"floor":29,"key":"DIG"},{"floor":32,"key":"DIG"}],"circlet_count":0,"master_deck":["AscendersBane","Strike_B","Defend_B","Defend_B","Defend_B","Defend_B","Zap+1","Dualcast","Dramatic Entrance+1","Ball Lightning","Gash","Rebound","Gash","Cold Snap","Hologram+1","Seek+1","Stack","Biased Cognition+1","Turbo","Heatsinks+1","Self Repair+1","Loop+1","Force Field","Fusion+1","Defragment+1"],"relics":["Cracked Core","Golden Idol","Potion Belt","Frozen Egg 2","PreservedInsect","Odd Mushroom","Black Star","Shovel","Dead Branch","Shuriken","Happy Flower","The Courier","Tiny Chest"],"acts_visited":["Exordium","TheCity"],"potions_floor_usage":[6,14,16,22,23,23,33,33,33,33],"damage_taken":[{"damage":1,"enemies":"Cultist","floor":1,"turns":3},{"damage":0,"enemies":"2 Louse","floor":2,"turns":2},{"damage":3,"enemies":"Small Slimes","floor":5,"turns":2},{"damage":8,"enemies":"Gremlin Nob","floor":6,"turns":3},{"damage":11,"enemies":"3 Sentries","floor":11,"turns":5},{"damage":4,"enemies":"Exordium Thugs","floor":13,"turns":3},{"damage":1,"enemies":"The Mushroom Lair","floor":14,"turns":2},{"damage":31,"enemies":"The Guardian","floor":16,"turns":10},{"damage":10,"enemies":"Chosen","floor":18,"turns":5},{"damage":0,"enemies":"Spheric Guardian","floor":19,"turns":3},{"damage":4,"enemies":"Shelled Parasite and Fungi","floor":22,"turns":5},{"damage":33,"enemies":"Slavers","floor":23,"turns":4},{"damage":4,"enemies":"Sentry and Sphere","floor":28,"turns":4},{"damage":3,"enemies":"Snecko","floor":31,"turns":5},{"damage":76,"enemies":"Collector","floor":33,"turns":9}],"seed_played":"4969793601864079174","potions_obtained":[{"floor":1,"key":"Energy Potion"},{"floor":5,"key":"LiquidMemories"},{"floor":6,"key":"Block Potion"},{"floor":13,"key":"DuplicationPotion"},{"floor":19,"key":"GamblersBrew"},{"floor":22,"key":"EssenceOfSteel"},{"floor":28,"key":"Regen Potion"},{"floor":31,"key":"Dexterity Potion"}],"is_trial":false,"path_per_floor":["M","M","$","?","M","E","R","?","T","R","E","R","M","?","R","B",null,"M","M","?","$","M","E","R","$","T","?","M","R","?","M","R","B"],"character_chosen":"DEFECT","items_purchased":["Rebound","Self Repair+1","DistilledChaos","EssenceOfSteel"],"campfire_rested":0,"item_purchase_floors":[3,21,21,25],"current_hp_per_floor":[63,63,63,63,60,52,52,52,52,52,41,41,37,36,36,5,49,39,39,39,39,45,22,22,22,22,35,41,41,41,48,48,0,0],"gold":140,"neow_bonus":"RANDOM_COLORLESS","is_daily":false,"chose_seed":false,"campfire_upgraded":4,"win_rate":0.0,"timestamp":1611649214,"path_taken":["M","?","$","?","M","E","R","?","T","R","E","R","?","?","R","BOSS","M","M","?","$","M","E","R","$","T","?","M","R","?","M","R","BOSS"],"items_purchased_type":["Card","Card","Potion","Potion"],"build_version":"2020-12-22","purchased_purges":2,"victory":false,"max_hp_per_floor":[71,71,71,64,64,64,64,64,64,64,64,64,64,64,64,64,64,64,64,64,64,64,64,64,64,64,64,64,64,64,64,64,64,64],"card_choices":[{"not_picked":["Blind","Flash of Steel"],"picked":"Dramatic Entrance","floor":0},{"not_picked":["Redo","Sweeping Beam"],"picked":"Ball Lightning","floor":1},{"not_picked":["Hologram","Chaos"],"picked":"Gash","floor":2},{"not_picked":["Stack","Rebound"],"picked":"Gash","floor":5},{"not_picked":["Redo","Gash"],"picked":"Cold Snap","floor":6},{"not_picked":["Cold Snap","Steam"],"picked":"Hologram","floor":11},{"not_picked":["Rebound","Hologram"],"picked":"Seek","floor":13},{"not_picked":["Leap","Reprogram"],"picked":"Stack","floor":14},{"not_picked":["Rainbow","Thunder Strike"],"picked":"Biased Cognition+1","floor":16},{"not_picked":["Reprogram","Stack"],"picked":"Turbo","floor":18},{"not_picked":["Beam Cell","Steam"],"picked":"Heatsinks+1","floor":19},{"not_picked":["Storm+1","Beam Cell"],"picked":"Loop+1","floor":22},{"not_picked":["Go for the Eyes","Ball Lightning"],"picked":"Force Field","floor":23},{"not_picked":["Gash","Hologram"],"picked":"Fusion+1","floor":28},{"not_picked":["Conserve Battery","Storm+1"],"picked":"Defragment+1","floor":31}],"player_experience":806443,"relics_obtained":[{"floor":6,"key":"Potion Belt"},{"floor":9,"key":"Frozen Egg 2"},{"floor":11,"key":"PreservedInsect"},{"floor":14,"key":"Odd Mushroom"},{"floor":23,"key":"Shovel"},{"floor":23,"key":"Dead Branch"},{"floor":24,"key":"Shuriken"},{"floor":26,"key":"Happy Flower"},{"floor":29,"key":"The Courier"},{"floor":32,"key":"Tiny Chest"}],"event_choices":[{"damage_healed":0,"gold_gain":0,"player_choice":"Lose Max HP","damage_taken":0,"relics_obtained":["Golden Idol"],"max_hp_gain":0,"max_hp_loss":7,"event_name":"Golden Idol","floor":4,"gold_loss":0},{"damage_healed":0,"gold_gain":50,"player_choice":"Pray","damage_taken":0,"max_hp_gain":0,"max_hp_loss":0,"event_name":"Golden Shrine","floor":8,"gold_loss":0},{"damage_healed":0,"gold_gain":0,"player_choice":"Fought Mushrooms","damage_taken":0,"max_hp_gain":0,"max_hp_loss":0,"event_name":"Mushrooms","floor":14,"gold_loss":0},{"cards_removed":["Strike_B"],"damage_healed":0,"gold_gain":0,"player_choice":"Gave Gold","damage_taken":0,"max_hp_gain":0,"max_hp_loss":0,"event_name":"Beggar","floor":20,"gold_loss":75},{"damage_healed":13,"gold_gain":0,"player_choice":"Heal","damage_taken":0,"max_hp_gain":0,"max_hp_loss":0,"event_name":"The Library","floor":27,"gold_loss":0},{"damage_healed":0,"gold_gain":50,"player_choice":"Pray","damage_taken":0,"max_hp_gain":0,"max_hp_loss":0,"event_name":"Golden Shrine","floor":30,"gold_loss":0}],"is_beta":false,"boss_relics":[{"not_picked":["Sozu","Runic Pyramid"],"picked":"Black Star"}],"items_purged_floors":[3,21],"is_endless":false,"potions_floor_spawned":[1,5,6,13,19,22,28,31],"killed_by":"Collector","ascension_level":20}}