{"host":"ws1rigs6jhqnf67d","time":1611665736,"event":{"mods":["100% Spire Juice","BaseMod","Friendly Minions","KinomotoSakuraMod(ƒæ÷Æ±æ”£)","Kiyohime£®«Âºß£©","Lobotomy","LobotomyExtend","Marisa£®ÏF”Í°°ƒß¿Ì…≥£©","Minty Spire (QoL Compilation)","Remilia£®¿Ÿ√◊¿Ú—«£©","StSLib","The Bug Knight","The Senshi","Youmu£®ªÍ∆«—˝√Œ£©","[IsaacMod]“‘»ˆº‚À˛"],"gold_per_floor":[362,362,375,392,402,429,429,464,487,499,511,523,569,592,604,695,707,730,742,679,606,630,642,642],"floor_reached":23,"language":"ZHS","playtime":745,"items_purged":[],"score":540,"play_id":"6cf6e361-8699-433c-bc7e-12d8d547c0ce","local_time":"20210126205536","is_ascension_mode":true,"campfire_choices":[{"data":"ClowCardTheTwin","floor":7,"key":"SMITH"},{"floor":10,"key":"REST"},{"data":"SpellCardSeal","floor":12,"key":"SMITH"},{"data":"ClowCardTheSword","floor":15,"key":"SMITH"}],"circlet_count":0,"master_deck":["SakuraCardTheSword+","AscendersBane","ClowCardTheSword","ClowCardTheSword","ClowCardTheSword+1","ClowCardTheShield","ClowCardTheShield","ClowCardTheShield","ClowCardTheShield","SpellCardSeal+1","SpellCardRelease","ClowCardTheTwin+1","ClowCardTheThrough"],"relics":["KSMOD_SealedBook","KSMOD_SealedWand","HushsDoor","Leech","LetterFromLob","StoneCalendar","Regal Pillow","InkBottle","MawBank","AnarchistCookbook","Cursed Key","KSMOD_TomoyosHeart"],"acts_visited":["Exordium","TheCity"],"potions_floor_usage":[6,13],"damage_taken":[{"damage":0,"enemies":"Small Slimes","floor":1,"turns":2},{"damage":5,"enemies":"Jaw Worm","floor":3,"turns":4},{"damage":0,"enemies":"2 Louse","floor":4,"turns":2},{"damage":1,"enemies":"Looter","floor":5,"turns":3},{"damage":33,"enemies":"3 Sentries","floor":6,"turns":7},{"damage":0,"enemies":"Lagavulin","floor":8,"turns":5},{"damage":8,"enemies":"Gremlin Nob","floor":13,"turns":3},{"damage":0,"enemies":"3 Louse","floor":14,"turns":2},{"damage":0,"enemies":"Slime Boss","floor":16,"turns":7},{"damage":22,"enemies":"Shell Parasite","floor":18,"turns":3},{"damage":23,"enemies":"3 Byrds","floor":22,"turns":4},{"damage":28,"enemies":"Book of Stabbing","floor":23,"turns":4}],"seed_played":"4566404210978607447","potions_obtained":[{"floor":3,"key":"Swift Potion"},{"floor":5,"key":"FearPotion"},{"floor":8,"key":"SteroidPotion"},{"floor":13,"key":"Weak Potion"}],"is_trial":false,"path_per_floor":["M","?","M","M","M","E","R","E","T","R","?","R","E","M","R","B",null,"M","$","?","?","M","E"],"character_chosen":"KINOMOTOSAKURA","items_purchased":[],"campfire_rested":1,"item_purchase_floors":[],"current_hp_per_floor":[60,55,53,55,56,29,29,33,33,65,65,65,58,59,59,65,65,44,44,44,44,24,0,0],"gold":642,"neow_bonus":"TWO_FIFTY_GOLD","is_daily":false,"chose_seed":false,"campfire_upgraded":3,"win_rate":0.0,"timestamp":1611665736,"path_taken":["M","?","M","M","M","E","R","E","T","R","?","R","E","M","R","BOSS","M","$","?","?","M","E"],"items_purchased_type":[],"build_version":"2020-12-22","purchased_purges":0,"victory":false,"max_hp_per_floor":[65,65,65,65,65,65,65,65,65,65,65,65,65,65,65,65,65,65,65,65,65,65,65,65],"card_choices":[{"not_picked":[],"picked":"ChaosCard","floor":0},{"not_picked":["ClowCardTheIllusion","ClowCardTheErase","ClowCardTheWood"],"picked":"SKIP","floor":1},{"not_picked":["ClowCardTheShadow","ClowCardTheFirey","ClowCardTheArrow"],"picked":"SKIP","floor":3},{"not_picked":["ClowCardTheDream","ClowCardTheMove"],"picked":"ClowCardTheTwin","floor":4},{"not_picked":["ClowCardTheMirror","ClowCardTheCloud","ClowCardTheArrow"],"picked":"SKIP","floor":5},{"not_picked":["ClowCardTheSong","ClowCardTheSilent","ClowCardTheMirror"],"picked":"SKIP","floor":6},{"not_picked":["ClowCardTheGlow","ClowCardTheMirror","ClowCardTheVoice"],"picked":"SKIP","floor":8},{"not_picked":["ClowCardTheJump","ClowCardTheRain","ClowCardTheSleep"],"picked":"SKIP","floor":13},{"not_picked":["ClowCardTheJump","ClowCardTheMist","ClowCardTheArrow"],"picked":"SKIP","floor":14},{"not_picked":["ClowCardTheCreate","ClowCardTheReturn"],"picked":"ClowCardTheThrough","floor":16},{"not_picked":["ClowCardTheWood","ClowCardTheSilent","ClowCardTheFlower"],"picked":"SKIP","floor":18},{"not_picked":["ClowCardTheWave","ClowCardTheSleep","ClowCardTheShot"],"picked":"SKIP","floor":22}],"player_experience":888841,"relics_obtained":[{"floor":1,"key":"LetterFromLob"},{"floor":6,"key":"Regal Pillow"},{"floor":8,"key":"InkBottle"},{"floor":9,"key":"MawBank"},{"floor":13,"key":"AnarchistCookbook"}],"event_choices":[{"damage_healed":0,"gold_gain":0,"player_choice":"Success","damage_taken":5,"relics_obtained":["StoneCalendar"],"max_hp_gain":0,"max_hp_loss":0,"event_name":"Scrap Ooze","floor":2,"gold_loss":0},{"cards_removed":["Shame"],"damage_healed":0,"gold_gain":0,"player_choice":"Gave Gold","damage_taken":0,"max_hp_gain":0,"max_hp_loss":0,"event_name":"Beggar","floor":20,"gold_loss":75},{"damage_healed":0,"gold_gain":0,"player_choice":"Obtained Relic","damage_taken":0,"relics_obtained":["KSMOD_TomoyosHeart"],"max_hp_gain":0,"max_hp_loss":0,"event_name":"Addict","floor":21,"gold_loss":85}],"is_beta":false,"boss_relics":[{"not_picked":["ChampionBelt","SacredBark"],"picked":"Cursed Key"},{"not_picked":[]}],"items_purged_floors":[],"is_endless":false,"potions_floor_spawned":[3,5,8,13,14,18],"killed_by":"Book of Stabbing","ascension_level":18}}