{"host":"i0avyit1s6jb1siw","time":1611678689,"event":{"mods":["BaseMod","DeckTracker","Dota2Spire","Highlight Path","Minty Spire (QoL Compilation)","Quick Restart","StSLib","SuperFastMode"],"gold_per_floor":[110,122,138,156,156,156,172,200,248,248,248,266,266,277,311,311,311,311],"floor_reached":17,"language":"ENG","playtime":383,"items_purged":[],"score":218,"play_id":"6d8dcf87-7353-4a64-b080-5bf540748bf0","local_time":"20210126173129","is_ascension_mode":true,"campfire_choices":[{"data":"Flex","floor":6,"key":"SMITH"},{"data":"Bash","floor":11,"key":"SMITH"},{"floor":13,"key":"REST"},{"data":"Evolve","floor":16,"key":"SMITH"}],"circlet_count":0,"master_deck":["AscendersBane","Strike_R","Strike_R","Strike_R+1","Strike_R","Strike_R","Defend_R+1","Defend_R","Defend_R+1","Defend_R+1","Bash+1","Pommel Strike","Flex+1","Headbutt","Impervious","Evolve+1","Wild Strike","Shrug It Off"],"relics":["Burning Blood","Odd Mushroom","War Paint","Pantograph","Sundial"],"acts_visited":["Exordium"],"potions_floor_usage":[17],"damage_taken":[{"damage":6,"enemies":"Cultist","floor":1,"turns":4},{"damage":3,"enemies":"2 Louse","floor":2,"turns":4},{"damage":2,"enemies":"Jaw Worm","floor":3,"turns":3},{"damage":30,"enemies":"Exordium Wildlife","floor":4,"turns":5},{"damage":7,"enemies":"Large Slime","floor":7,"turns":4},{"damage":9,"enemies":"The Mushroom Lair","floor":8,"turns":4},{"damage":8,"enemies":"3 Louse","floor":12,"turns":5},{"damage":0,"enemies":"Exordium Thugs","floor":14,"turns":3},{"damage":28,"enemies":"3 Sentries","floor":15,"turns":7},{"damage":63,"enemies":"Hexaghost","floor":17,"turns":9}],"seed_played":"8188886323218553746","potions_obtained":[{"floor":2,"key":"LiquidMemories"},{"floor":7,"key":"Dexterity Potion"},{"floor":14,"key":"Ancient Potion"}],"is_trial":false,"path_per_floor":["M","M","M","M","?","R","M","?","T","T","R","M","R","M","E","R","B"],"character_chosen":"IRONCLAD","items_purchased":[],"campfire_rested":1,"item_purchase_floors":[],"current_hp_per_floor":[75,78,82,58,33,33,32,29,29,29,29,27,51,57,35,35,0,0],"gold":311,"neow_bonus":"TEN_PERCENT_HP_BONUS","is_daily":false,"chose_seed":false,"campfire_upgraded":3,"win_rate":0.0,"timestamp":1611678689,"path_taken":["M","?","M","M","?","R","M","?","T","T","R","M","R","M","E","R","BOSS"],"items_purchased_type":[],"build_version":"2020-12-22","purchased_purges":0,"victory":false,"max_hp_per_floor":[82,82,82,82,82,82,82,82,82,82,82,82,82,82,82,82,82,82],"card_choices":[{"not_picked":["Cleave","Clothesline"],"picked":"Pommel Strike","floor":1},{"not_picked":["Clash","Twin Strike"],"picked":"Flex","floor":2},{"not_picked":["Metallicize","Warcry"],"picked":"Headbutt","floor":3},{"not_picked":["Headbutt","Twin Strike","Clash"],"picked":"SKIP","floor":4},{"not_picked":["Rampage","Clash"],"picked":"Impervious","floor":7},{"not_picked":["Pommel Strike","Wild Strike"],"picked":"Evolve","floor":8},{"not_picked":["Flex","Dual Wield","Headbutt"],"picked":"SKIP","floor":12},{"not_picked":["Iron Wave","Cleave"],"picked":"Wild Strike","floor":14},{"not_picked":["Blood for Blood","Searing Blow"],"picked":"Shrug It Off","floor":15}],"player_experience":2352254,"relics_obtained":[{"floor":8,"key":"Odd Mushroom"},{"floor":9,"key":"War Paint"},{"floor":10,"key":"Pantograph"},{"floor":15,"key":"Sundial"}],"event_choices":[{"damage_healed":0,"gold_gain":0,"player_choice":"Entered Light","damage_taken":25,"max_hp_gain":0,"max_hp_loss":0,"event_name":"Shining Light","floor":5,"gold_loss":0,"cards_upgraded":["Strike_R","Defend_R"]},{"damage_healed":0,"gold_gain":0,"player_choice":"Fought Mushrooms","damage_taken":0,"max_hp_gain":0,"max_hp_loss":0,"event_name":"Mushrooms","floor":8,"gold_loss":0}],"is_beta":false,"boss_relics":[],"items_purged_floors":[],"is_endless":false,"potions_floor_spawned":[2,7,12,14,15],"killed_by":"Hexaghost","ascension_level":20}}