{"host":"takgv9cv6xf64vhq","time":1611684392,"event":{"mods":["BaseMod","Colored Powertips","Downfall","Hubris","LagranYue(拉格朗・月)","Marisa（F雨　魔理沙）","Minty Spire (QoL Compilation)","Replay The Spire","StSLib","The Cursed","The Jungle","TheHeartMod"],"gold_per_floor":[116,134,154,166,166,200,200,250,262,224,249,261,285,307,319,433,445,473,400,412,349,384,396,444,456,494,61,61,96,118,141,141,251,251,251,251],"floor_reached":35,"language":"ZHS","playtime":1779,"items_purged":["ReplayTheSpireMod:Splinters"],"score":624,"play_id":"d4b0da23-d1af-4ecf-9c2c-f1439f90bf95","local_time":"20210127020632","is_ascension_mode":true,"campfire_choices":[{"data":"Eruption","floor":7.0,"key":"SMITH"},{"data":"Shame","floor":15,"key":"PURGE"},{"data":"EmptyBody","floor":23,"key":"SMITH"},{"data":"EmptyBody","floor":25,"key":"SMITH"},{"data":"Protect","floor":28,"key":"SMITH"},{"data":"Replay:Battleflow","floor":32,"key":"SMITH"}],"circlet_count":0,"master_deck":["Defend_P+1","Defend_P","Defend_P","Eruption+1","Vigilance+1","CutThroughFate+1","PathToVictory+1","Wallop+1","Adaptation+1","SashWhip","EmptyBody+1","Crescendo","ClearTheMind","SashWhip+1","SandsOfTime+1","EmptyBody+1","LessonLearned+1","Consecrate+1","hubris:Greed","Bite+1","Bite+1","Bite+1","Bite+1","Bite+1","hubris:Greed","Replay:Anticipation","Wallop+1","Replay:Hysterical Blindness","TalkToTheHand+1","Wallop+1","Fasting2","Fasting2","Protect+1","Replay:Battleflow+1","Protect","Replay:ManipulateFuture+1","Parasite","SpiritShield"],"relics":["Astrolabe","Bag of Preparation","hubris:CrystalStatue","Ring of Panic","Ring of Greed","MawBank","Blue Doll","Molten Egg 2","Coffee Dripper","PreservedInsect","Nunchaku","BargainBundle","Mercury Hourglass","Anchor","LagranYue:SoulBurningRelic"],"acts_visited":["Exordium","TheCity","TheBeyond"],"potions_floor_usage":[22,29,30,33,33],"damage_taken":[{"damage":0.0,"enemies":"Cultist","floor":1.0,"turns":2.0},{"damage":0.0,"enemies":"Jaw Worm","floor":2.0,"turns":3.0},{"damage":3.0,"enemies":"Small Slimes","floor":3.0,"turns":2.0},{"damage":0.0,"enemies":"2 Fungi Beasts","floor":4.0,"turns":3.0},{"damage":3.0,"enemies":"Lagavulin","floor":6.0,"turns":4.0},{"damage":0.0,"enemies":"3 Louse","floor":11.0,"turns":1.0},{"damage":0,"enemies":"Looter","floor":13,"turns":1},{"damage":0,"enemies":"2 Fungi Beasts","floor":14,"turns":2},{"damage":22,"enemies":"Hexaghost","floor":16,"turns":7},{"damage":21,"enemies":"Spheric Guardian","floor":18,"turns":5},{"damage":7,"enemies":"2 Thieves","floor":22,"turns":4},{"damage":28,"enemies":"Book of Stabbing","floor":24,"turns":4},{"damage":22,"enemies":"Gremlin Leader","floor":29,"turns":5},{"damage":3,"enemies":"Chosen and Byrds","floor":30,"turns":6},{"damage":5,"enemies":"Shelled Parasite and Fungi","floor":31,"turns":3},{"damage":47,"enemies":"Pondfish","floor":33,"turns":19},{"damage":0,"enemies":"3 Darklings","floor":35,"turns":1}],"seed_played":"2741704385225677193","potions_obtained":[{"floor":1.0,"key":"Fire Potion"},{"floor":3.0,"key":"Explosive Potion"},{"floor":14,"key":"SteroidPotion"},{"floor":16,"key":"Block Potion"},{"floor":29,"key":"GamblersBrew"},{"floor":30,"key":"Ancient Potion"},{"floor":31,"key":"Fire Potion"},{"floor":33,"key":"DuplicationPotion"}],"is_trial":false,"path_per_floor":["M","M","M","M","T","E","R","?","T","?","M","?","M","M","R","B",null,"M","?","?","?","M","R","E","R","T","$","R","E","M","M","R","B",null,"M"],"character_chosen":"WATCHER","items_purchased":["BargainBundle","Mercury Hourglass","TalkToTheHand+1","Wallop+1","Fasting2","Protect"],"campfire_rested":0,"item_purchase_floors":[27,27,27,27,27,27],"current_hp_per_floor":[72,72,69,69,69,66,66,66,66,66,66,66,66,66,66,44,72,51,51,50,50,49,49,25,25,25,25,25,15,18,22,22,8,50,50,50],"gold":251,"neow_bonus":"BOSS_RELIC","is_daily":false,"chose_seed":false,"campfire_upgraded":5,"win_rate":0.0,"timestamp":1611684392,"path_taken":["M","M","M","?","?","E","R","?","T","?","M","?","M","M","R","BOSS","M","?","?","?","M","R","E","R","T","$","R","E","M","M","R","BOSS","M"],"items_purchased_type":["Relic","Relic","Card","Card","Card","Card"],"build_version":"2020-12-22","purchased_purges":1,"victory":false,"max_hp_per_floor":[72,72,72,72,72,72,72,72,72,72,72,72,72,72,72,72,72,72,72,50,50,50,50,50,50,50,50,50,50,50,50,50,50,50,50,50],"card_choices":[{"not_picked":["WheelKick","Collect"],"picked":"Adaptation","floor":1.0},{"not_picked":["Protect","Halt"],"picked":"SashWhip","floor":2.0},{"not_picked":["CarveReality","Wallop"],"picked":"EmptyBody","floor":3.0},{"not_picked":["ThirdEye","EmptyFist"],"picked":"Crescendo","floor":4.0},{"not_picked":["EmptyBody","ConjureBlade"],"picked":"ClearTheMind","floor":6.0},{"not_picked":["Protect","Replay:Hum"],"picked":"SashWhip+1","floor":11.0},{"not_picked":["Replay:BluntJabs+1","Replay:ManipulateFuture"],"picked":"SandsOfTime+1","floor":13},{"not_picked":["Conclude+1","BattleHymn"],"picked":"EmptyBody","floor":14},{"not_picked":["Brilliance+1","Vault"],"picked":"LessonLearned+1","floor":16},{"not_picked":["Prostrate","MentalFortress"],"picked":"Consecrate+1","floor":18},{"not_picked":["ThirdEye","Crescendo"],"picked":"Replay:Anticipation","floor":22},{"not_picked":["WaveOfTheHand","Indignation+1"],"picked":"Wallop+1","floor":24},{"not_picked":["Crescendo","PathToVictory"],"picked":"Replay:Battleflow","floor":29},{"not_picked":["CrushJoints+1","BattleHymn"],"picked":"Protect","floor":30},{"not_picked":["WindmillStrike+1","CutThroughFate+1"],"picked":"Replay:ManipulateFuture+1","floor":31},{"not_picked":["Alpha","ConjureBlade"],"picked":"SpiritShield","floor":33}],"player_experience":100481,"relics_obtained":[{"floor":5.0,"key":"Bag of Preparation"},{"floor":6.0,"key":"hubris:CrystalStatue"},{"floor":8.0,"key":"Ring of Panic"},{"floor":8.0,"key":"Ring of Greed"},{"floor":8.0,"key":"MawBank"},{"floor":8.0,"key":"Blue Doll"},{"floor":9.0,"key":"Molten Egg 2"},{"floor":24,"key":"Nunchaku"},{"floor":29,"key":"Anchor"}],"event_choices":[{"cards_removed":["Hallucinations"],"damage_healed":0.0,"max_hp_gain":0.0,"max_hp_loss":0.0,"gold_gain":0.0,"event_name":"The Cleric","player_choice":"Card Removal","floor":10.0,"gold_loss":50.0,"damage_taken":0.0},{"damage_healed":0,"gold_gain":0,"player_choice":"Obtained Relic","damage_taken":0,"relics_obtained":["PreservedInsect"],"max_hp_gain":0,"max_hp_loss":0,"event_name":"Addict","floor":19,"gold_loss":85},{"damage_healed":0,"gold_gain":0,"player_choice":"Became a vampire","damage_taken":0,"max_hp_gain":0,"max_hp_loss":22,"event_name":"Vampires","floor":20,"gold_loss":0,"cards_obtained":["Bite","Bite","Bite","Bite","Bite"]},{"cards_removed":["Normality"],"damage_healed":0,"gold_gain":0,"player_choice":"Gave Gold","damage_taken":0,"max_hp_gain":0,"max_hp_loss":0,"event_name":"Beggar","floor":21,"gold_loss":75}],"is_beta":false,"boss_relics":[{"not_picked":["VioletLotus","Abe\u0027s Treasure"],"picked":"Coffee Dripper"},{"not_picked":["hubris:VirtuousBlindfold","Kintsugi"],"picked":"LagranYue:SoulBurningRelic"}],"items_purged_floors":[27],"is_endless":false,"potions_floor_spawned":[1,3,14,16,29,30,31,33],"killed_by":"3 Darklings","ascension_level":1}}