{"host":"uvmuduost5bzvojs","time":1611698309,"event":{"mods":["Aspiration","Bard","BaseMod","Better Match","Block Reminder","Conspire","Hermit","Highlight Path","Hubris","Infinite Spire","Jorbs\u0027s Wanderer Trilogy","Mad Scientist","Marisa????????","Mimic Mod","Minty Spire (QoL Compilation)","Potionbrewer","Replay The Spire","Robot Space Explorer","StSLib","The Blackbeard","The Construct","The Cursed","The Disciple","The Hayseed","The Hierophant","The Juggle","The Jungle","The Poker Player","The Runesmith","The Servant 0.9.4","The Spell Scribe","The Valiant","TheBandit"],"gold_per_floor":[110,62,237,237,41,41,68,81,81,81,81,94,94,94,94,134,134],"floor_reached":16,"language":"ENG","playtime":1370,"items_purged":["Doubt"],"score":121,"play_id":"c5820724-19b9-4552-8d3d-8e8cf9d6ca6b","local_time":"20210126165829","is_ascension_mode":false,"campfire_choices":[{"data":"hierophant:Exaltation","floor":6,"key":"SMITH"},{"data":"hierophant:ArchangelShield","floor":11,"key":"SMITH"},{"data":"hierophant:HammerAndAnvil","floor":13,"key":"SMITH"},{"data":"hierophant:HammerAndAnvil","floor":15,"key":"SMITH"}],"circlet_count":0,"master_deck":["hierophant:Strike_Hierophant","hierophant:Strike_Hierophant","hierophant:Strike_Hierophant","hierophant:Punish","hierophant:Defend_Hierophant","hierophant:Defend_Hierophant","hierophant:Defend_Hierophant","hierophant:Defend_Hierophant","hierophant:ChurchCoffers","hierophant:Exaltation+1","hierophant:HolyVerse","hierophant:Smite","hierophant:ArchangelShield+1","hierophant:HammerAndAnvil+1","hierophant:Embezzle+1","hierophant:HammerAndAnvil+1"],"relics":["hierophant:PropheticMaskRelic","NeowsBlessing","Anchor","Replay:Rubber Ducky"],"acts_visited":["Exordium"],"potions_floor_usage":[16,16],"damage_taken":[{"damage":0,"enemies":"2 Louse","floor":1,"turns":1},{"damage":0,"enemies":"3 Sentries","floor":7,"turns":1},{"damage":0,"enemies":"Small Slimes","floor":8,"turns":1},{"damage":3,"enemies":"Cultist","floor":12,"turns":3},{"damage":70,"enemies":"Hexaghost","floor":16,"turns":12}],"seed_played":"-102882422393839055","potions_obtained":[{"floor":1,"key":"Cursed Concoction"},{"floor":12,"key":"SkillPotion"}],"is_trial":false,"path_per_floor":["M","$","?","?","$","R","E","M","T","?","R","M","R","?","R","B"],"character_chosen":"HIEROPHANT","items_purchased":["hierophant:HolyVerse","hierophant:Smite","hierophant:ArchangelShield"],"campfire_rested":0,"item_purchase_floors":[2,5,5],"current_hp_per_floor":[75,75,75,75,75,75,75,75,75,75,75,72,72,65,65,0,0],"gold":134,"neow_bonus":"THREE_ENEMY_KILL","is_daily":false,"chose_seed":false,"campfire_upgraded":4,"win_rate":0.0,"timestamp":1611698309,"path_taken":["M","$","?","?","$","R","E","?","T","?","R","M","R","?","R","BOSS"],"items_purchased_type":["Card","Card","Card"],"build_version":"2020-12-22","purchased_purges":1,"victory":false,"max_hp_per_floor":[75,75,75,75,75,75,75,75,75,75,75,75,75,75,75,75,75],"card_choices":[{"not_picked":["hierophant:RepressedViolence","hierophant:ArchangelShield"],"picked":"hierophant:Exaltation","floor":1},{"not_picked":["hierophant:Remorse","hierophant:LocustPlague","hierophant:AuricBeam"],"picked":"SKIP","floor":7},{"not_picked":["hierophant:SealAway","hierophant:OrnateBuckler"],"picked":"hierophant:HammerAndAnvil","floor":8},{"not_picked":["hierophant:Bribe+1","hierophant:AuricShield+1"],"picked":"hierophant:Embezzle+1","floor":10},{"not_picked":["hierophant:RepressedViolence","hierophant:FlamingChariot"],"picked":"hierophant:HammerAndAnvil","floor":12}],"player_experience":1819633,"relics_obtained":[{"floor":7,"key":"Anchor"},{"floor":9,"key":"Replay:Rubber Ducky"}],"event_choices":[{"damage_healed":0,"gold_gain":175,"player_choice":"AGREE","damage_taken":0,"max_hp_gain":0,"max_hp_loss":0,"event_name":"Liars Game","floor":3,"gold_loss":0,"cards_obtained":["Doubt"]},{"damage_healed":0,"gold_gain":0,"player_choice":"Full Heal","damage_taken":0,"max_hp_gain":0,"max_hp_loss":0,"event_name":"Wheel of Change","floor":4,"gold_loss":0},{"damage_healed":0,"gold_gain":0,"player_choice":"2","damage_taken":0,"max_hp_gain":0,"max_hp_loss":0,"event_name":"betterMatch:BetterMatch","floor":10,"gold_loss":0,"cards_obtained":["betterMatch:UncommonCard"]},{"cards_removed":["hierophant:Strike_Hierophant"],"damage_healed":0,"gold_gain":0,"player_choice":"Card Removal","damage_taken":7,"max_hp_gain":0,"max_hp_loss":0,"event_name":"Golden Wing","floor":14,"gold_loss":0}],"is_beta":false,"boss_relics":[],"items_purged_floors":[5],"is_endless":false,"potions_floor_spawned":[1,12],"killed_by":"Hexaghost","ascension_level":0}}