{"host":"2q4w55ev63ot6isg","time":1611646810,"event":{"mods":["Aspiration","BaseMod","Downfall","Hubris","Marisa????????","Minty Spire (QoL Compilation)","Replay The Spire","StSLib","The Cursed","The Jungle","The Servant 0.9.4"],"gold_per_floor":[114,124,124,124,124,155,155,193,193,193,193,236,236,249,249,377,377,391,391,114,133,158,158,191,41,89,112,146,170,189,210,210,339,339,364,115,115,140,53,53,68,68,68,109,177,254,268,311,311,311],"floor_reached":51,"language":"ENG","playtime":2315,"items_purged":["Decay","Injury","Strike_P","LessonLearned"],"score":1031,"play_id":"8558a884-ed4f-4352-8e24-2b6ddd5d7af9","local_time":"20210125234010","is_ascension_mode":true,"campfire_choices":[{"data":"Prostrate","floor":7,"key":"SMITH"},{"data":"BattleHymn","floor":10,"key":"SMITH"},{"floor":13,"key":"REST"},{"floor":23,"key":"REST"},{"data":"Establishment","floor":40,"key":"SMITH"},{"data":"Replay:LoomingThreat","floor":49,"key":"SMITH"}],"circlet_count":0,"master_deck":["Strike_P+1","Strike_P+1","Defend_P+1","Defend_P+1","Eruption+1","Vigilance","BattleHymn+1","hubris:DuctTapeCard","Worship+1","Protect+1","JustLucky+1","Prostrate+1","Fasting2+1","EmptyBody+1","Worship+1","Replay:LoomingThreat+1","Replay:Anticipation+1","Evaluate+1","Establishment+1","EmptyMind+1","Replay:BluntJabs+1","Fasting2+1","ReplayTheSpireMod:Private Reserves+1","Protect+1","Pray+1","ReplayTheSpireMod:Splinters","Sanctity+1","WheelKick+1"],"relics":["PureWater","Toxic Egg 2","Golden Idol","Ring of Fangs","Bronze Scales","ReplayTheSpireMod:TigerMarble","hubris:DuctTape","Replay:Rubber Ducky","hubris:GrandSneckoEye","hubris:EvacipatedBox","Happy Flower","Lantern","Pen Nib","Kunai","Damaru","aspiration:Lifesprig","hubris:DisguiseKit","Astrolabe","Blue Doll","hubris:Icosahedron","Ginger","Replay:PocketPolymizer","Pear","Letter Opener","Lizard Tail"],"acts_visited":["Exordium","TheCity","TheBeyond"],"potions_floor_usage":[16,16,18,18,21,24,29,33,33,47,47,48,50],"damage_taken":[{"damage":0,"enemies":"Small Slimes","floor":1,"turns":1},{"damage":7,"enemies":"Jaw Worm","floor":2,"turns":4},{"damage":6,"enemies":"Replay:BlueRogue","floor":6,"turns":5},{"damage":14,"enemies":"Lagavulin","floor":8,"turns":8},{"damage":24,"enemies":"3 Sentries","floor":12,"turns":8},{"damage":0,"enemies":"2 Louse","floor":14,"turns":3},{"damage":29,"enemies":"Hexaghost","floor":16,"turns":9},{"damage":0,"enemies":"3 Byrds","floor":18,"turns":2},{"damage":5,"enemies":"2 Thieves","floor":21,"turns":3},{"damage":0,"enemies":"3 Cultists","floor":22,"turns":5},{"damage":11,"enemies":"Gremlin Leader","floor":24,"turns":4},{"damage":0,"enemies":"Cultist and Chosen","floor":27,"turns":4},{"damage":0,"enemies":"Book of Stabbing","floor":28,"turns":4},{"damage":0,"enemies":"Snecko","floor":29,"turns":4},{"damage":0,"enemies":"3 Cultists","floor":30,"turns":3},{"damage":0,"enemies":"Sentry and Sphere","floor":31,"turns":4},{"damage":26,"enemies":"hubris:MusketHawk","floor":33,"turns":5},{"damage":0,"enemies":"Orb Walker","floor":35,"turns":3},{"damage":0,"enemies":"3 Shapes","floor":38,"turns":4},{"damage":0,"enemies":"Maw","floor":41,"turns":6},{"damage":0,"enemies":"R_Hoarder","floor":44,"turns":5},{"damage":0,"enemies":"3 Darklings","floor":47,"turns":2},{"damage":0,"enemies":"Nemesis","floor":48,"turns":3},{"damage":12,"enemies":"Time Eater","floor":50,"turns":8}],"seed_played":"-6420169586948829986","potions_obtained":[{"floor":6,"key":"BottledMiracle"},{"floor":12,"key":"Block Potion"},{"floor":16,"key":"EntropicBrew"},{"floor":24,"key":"GamblersBrew"},{"floor":28,"key":"hexamod:SoulburnPotion"},{"floor":29,"key":"LiquidBronze"},{"floor":30,"key":"Energy Potion"},{"floor":33,"key":"SneckoOil"},{"floor":38,"key":"StancePotion"},{"floor":45,"key":"ColorlessPotion"},{"floor":47,"key":"Block Potion"}],"is_trial":false,"path_per_floor":["M","M","?","?","?","E","R","E","T","R","?","E","R","M","R","B",null,"M","$","$","M","M","R","E","$","T","M","E","M","M","M","R","B",null,"M","$","?","M","$","R","M","?","T","E","?","T","M","E","R","B",null],"character_chosen":"WATCHER","items_purchased":["hubris:EvacipatedBox","Happy Flower","Lantern","Prostrate+1","Pen Nib","Damaru","Blue Doll","ReplayTheSpireMod:Private Reserves+1"],"campfire_rested":2,"item_purchase_floors":[19,19,19,20,20,25,36,39],"current_hp_per_floor":[72,65,65,65,65,59,59,45,45,45,45,21,41,41,61,32,67,67,16,16,11,11,31,20,20,20,20,20,20,20,20,40,14,67,67,67,67,67,67,67,67,67,67,67,77,77,77,77,77,65],"gold":311,"neow_bonus":"UPGRADE_CARD","is_daily":false,"chose_seed":false,"campfire_upgraded":4,"win_rate":0.0,"timestamp":1611646810,"path_taken":["M","M","?","?","?","E","R","E","T","R","?","E","R","M","R","BOSS","M","?","$","?","M","R","E","$","T","?","E","M","M","M","R","BOSS","M","$","?","?","?","R","M","?","T","E","?","?","?","E","R","BOSS"],"items_purchased_type":["Relic","Relic","Relic","Card","Relic","Relic","Relic","Card"],"build_version":"2020-12-22","purchased_purges":4,"victory":true,"max_hp_per_floor":[72,72,72,67,67,67,67,67,67,67,67,67,67,67,67,67,67,67,67,67,67,67,67,67,67,67,67,67,67,67,67,67,67,67,67,67,67,67,67,67,67,67,67,67,77,77,77,77,77,77],"card_choices":[{"not_picked":["FlyingSleeves","Consecrate"],"picked":"Prostrate","floor":1},{"not_picked":["Replay:BluntJabs","CarveReality"],"picked":"BattleHymn","floor":2},{"not_picked":["WheelKick","BowlingBash"],"picked":"Prostrate+1","floor":6},{"not_picked":["ConjureBlade+1","Meditate+1","Replay:AllIn+1"],"picked":"SKIP","floor":8},{"not_picked":["ForeignInfluence+1","JustLucky"],"picked":"Worship+1","floor":12},{"not_picked":["EmptyMind+1","EmptyFist"],"picked":"Protect+1","floor":14},{"not_picked":["DeusExMachina+1","Blasphemy+1"],"picked":"LessonLearned","floor":16},{"not_picked":["Vengeance+1","Replay:AtTheReady+1"],"picked":"JustLucky+1","floor":18},{"not_picked":["Crescendo+1","LikeWater+1"],"picked":"Fasting2","floor":21},{"not_picked":["Replay:DivineShield+1","Weave","LikeWater"],"picked":"SKIP","floor":22},{"not_picked":["FollowUp","BowlingBash"],"picked":"EmptyBody+1","floor":24},{"not_picked":["Crescendo+1","Replay:Battleflow+1"],"picked":"Worship+1","floor":27},{"not_picked":["Crescendo+1","SignatureMove+1"],"picked":"Replay:LoomingThreat","floor":28},{"not_picked":["Weave","CarveReality+1","Dagger Spray"],"picked":"Replay:Anticipation+1","floor":29},{"not_picked":["FlyingSleeves","Worship+1","BowlingBash+1","Underhanded Strike"],"picked":"SKIP","floor":30},{"not_picked":["FollowUp","Halt+1","hubris:Sniper"],"picked":"Evaluate+1","floor":31},{"not_picked":["Judgement+1","DeusExMachina+1","Envenom"],"picked":"Establishment","floor":33},{"not_picked":["ThirdEye+1","EmptyBody+1","Swivel+1","Quick Slash"],"picked":"SKIP","floor":35},{"not_picked":["CutThroughFate+1","Conclude","Protect+1","Deflect"],"picked":"SKIP","floor":38},{"not_picked":["Replay:ManipulateFuture+1","Replay:DivineShield+1","Backstab"],"picked":"Protect+1","floor":41},{"not_picked":["ClearTheMind+1","Wallop","hubris:SlightOfHand"],"picked":"Pray+1","floor":44},{"not_picked":["FollowUp","ThirdEye+1","Deflect"],"picked":"Sanctity+1","floor":45},{"not_picked":["FlyingSleeves+1","Replay:BluntJabs+1","Finisher"],"picked":"WheelKick+1","floor":47},{"not_picked":["PathToVictory+1","FlyingSleeves+1","Pray+1","Corpse Explosion"],"picked":"SKIP","floor":48}],"player_experience":169140,"relics_obtained":[{"floor":5,"key":"Ring of Fangs"},{"floor":6,"key":"Bronze Scales"},{"floor":8,"key":"ReplayTheSpireMod:TigerMarble"},{"floor":9,"key":"hubris:DuctTape"},{"floor":12,"key":"Replay:Rubber Ducky"},{"floor":24,"key":"Kunai"},{"floor":26,"key":"aspiration:Lifesprig"},{"floor":28,"key":"hubris:DisguiseKit"},{"floor":43,"key":"Ginger"},{"floor":44,"key":"Replay:PocketPolymizer"},{"floor":45,"key":"Pear"},{"floor":46,"key":"Letter Opener"},{"floor":48,"key":"Lizard Tail"}],"event_choices":[{"damage_healed":0,"gold_gain":0,"player_choice":"Lose Max HP","damage_taken":0,"relics_obtained":["Golden Idol"],"max_hp_gain":0,"max_hp_loss":5,"event_name":"Golden Idol","floor":4,"gold_loss":0},{"damage_healed":0,"gold_gain":0,"player_choice":"Cursed","damage_taken":0,"max_hp_gain":0,"max_hp_loss":0,"event_name":"Wheel of Change","floor":11,"gold_loss":0,"cards_obtained":["Decay"]}],"is_beta":false,"boss_relics":[{"not_picked":["Runic Dome","hubris:RunicObelisk"],"picked":"hubris:GrandSneckoEye"},{"not_picked":["hubris:VirtuousBlindfold","Replay:Bronze Core","aspiration:RunicSpoon"],"picked":"Astrolabe"}],"items_purged_floors":[19,19,20,36],"is_endless":false,"potions_floor_spawned":[6,12,16,24,28,29,30,33,38,44,47],"ascension_level":1}}