{"host":"8d3fefv2347kqkpz","time":1611639283,"event":{"mods":["AchievementEnabler","Act Like it!","Aspiration","BaseMod","Better Vampires","Colored Map","Colored Powertips","Conspire","GifTheSpireLib","Hermit","Highlight Path","Hubris","Marisa£®ÏF”Í°°ƒß¿Ì…≥£©","Mimic Mod","Minty Spire (QoL Compilation)","Quick Restart","Rare Cards Sparkle","Reimu£®≤©¿ˆ¡È√Œ£©","Relic Stats","Remilia£®¿Ÿ√◊¿Ú—«£©","Replay The Spire","Spicy Shops","StSLib","The Cursed","The Jungle","The Servant 0.9.4","Waifu the Spire","Youmu£®ªÍ∆«—˝√Œ£©"],"gold_per_floor":[111,124,124,34,53,53,88,99,99,99,24,24,24,42,42,147,147,163,182,182,196,196,196,208,208,208,208,220,220,220,220],"floor_reached":30,"language":"ZHS","playtime":1045,"items_purged":["Strike_G"],"score":230,"play_id":"e81324e3-2761-47eb-99be-29ca9a928075","local_time":"20210126133443","is_ascension_mode":false,"campfire_choices":[{"data":"Blade Dance","floor":6.0,"key":"SMITH"},{"data":"Dodge and Roll","floor":13.0,"key":"SMITH"},{"data":"Neutralize","floor":15.0,"key":"SMITH"},{"data":"Blade Dance","floor":23.0,"key":"SMITH"},{"data":"Cloak And Dagger","floor":25.0,"key":"SMITH"},{"floor":29.0,"key":"REST"}],"circlet_count":0,"master_deck":["Strike_G","Strike_G","Strike_G","Defend_G","Defend_G","Defend_G","Defend_G","Defend_G","Survivor","Neutralize+1","Blade Dance+1","Blade Dance+1","Dodge and Roll+1","Cloak And Dagger+1","PiercingWail","ReplayTheSpireMod:From All Sides","Cloak And Dagger+1","Dagger Spray","Sucker Punch+1","Neutralize","Choke","Choke"],"relics":["Ring of the Snake","hubris:SlimyHat","Replay:Wax Seal","hubris:Icosahedron","aspiration:PoetsPen_weak"],"acts_visited":["Exordium","TheCity"],"potions_floor_usage":[],"damage_taken":[{"damage":0.0,"enemies":"2 Louse","floor":1.0,"turns":3.0},{"damage":1.0,"enemies":"Cultist","floor":2.0,"turns":4.0},{"damage":1.0,"enemies":"Small Slimes","floor":5.0,"turns":2.0},{"damage":15.0,"enemies":"3 Sentries","floor":7.0,"turns":10.0},{"damage":0.0,"enemies":"Blue Slaver","floor":8.0,"turns":2.0},{"damage":0.0,"enemies":"Exordium Thugs","floor":14.0,"turns":3.0},{"damage":36.0,"enemies":"Fading Forest","floor":16.0,"turns":11.0},{"damage":0.0,"enemies":"Chosen","floor":18.0,"turns":3.0},{"damage":0.0,"enemies":"conspire:FuzzyDice","floor":19.0,"turns":5.0},{"damage":6.0,"enemies":"Snecko","floor":21.0,"turns":5.0},{"damage":4.0,"enemies":"conspire:HollyBat","floor":24.0,"turns":5.0},{"damage":6.0,"enemies":"Centurion and Healer","floor":28.0,"turns":6.0},{"damage":76,"enemies":"Gremlin Leader","floor":30,"turns":6}],"seed_played":"3625000004618193021","potions_obtained":[{"floor":2.0,"key":"Dexterity Potion"},{"floor":7.0,"key":"SteroidPotion"},{"floor":8.0,"key":"Energy Potion"},{"floor":28.0,"key":"Ancient Potion"}],"is_trial":false,"path_per_floor":["M","M","?","$","M","R","E","M","T","?","$","?","R","M","R","B",null,"M","M","?","M","?","R","M","R","T","?","M","R","E"],"character_chosen":"THE_SILENT","items_purchased":["Blade Dance"],"campfire_rested":1,"item_purchase_floors":[4],"current_hp_per_floor":[77,76,76,76,75,75,60,60,60,60,60,60,60,60,60,34,77,77,77,63,57,57,57,53,53,53,53,47,71,0,0],"gold":220,"neow_bonus":"TEN_PERCENT_HP_BONUS","is_daily":false,"chose_seed":false,"campfire_upgraded":5,"win_rate":0.0,"timestamp":1611639283,"path_taken":["M","M","?","?","M","R","E","?","T","?","$","?","R","M","R","BOSS","M","M","?","M","?","R","M","R","T","?","?","R","E"],"items_purchased_type":["Card"],"build_version":"2020-12-22","purchased_purges":1,"victory":false,"max_hp_per_floor":[77,77,77,77,77,77,77,77,77,77,77,77,77,77,77,77,77,77,77,82,82,82,82,82,82,82,82,82,82,82,82],"relic_stats":{"counters":[13,65],"obtain_stats":[{"hubris:Icosahedron":10,"aspiration:PoetsPen_weak":17,"hubris:SlimyHat":7,"Replay:Wax Seal":9,"Ring of the Snake":0},{"hubris:Icosahedron":5,"aspiration:PoetsPen_weak":7,"hubris:SlimyHat":4,"Replay:Wax Seal":5,"Ring of the Snake":0},{"hubris:Icosahedron":21,"aspiration:PoetsPen_weak":35,"hubris:SlimyHat":19,"Replay:Wax Seal":21,"Ring of the Snake":0}],"Ring of the Snake":[26]},"card_choices":[{"not_picked":["Underhanded Strike","Outmaneuver","All Out Attack"],"picked":"SKIP","floor":1.0},{"not_picked":["Slice","Setup","Deadly Poison"],"picked":"SKIP","floor":2.0},{"not_picked":["Dodge and Roll","Prepared"],"picked":"Blade Dance","floor":5.0},{"not_picked":["Eviscerate","Setup"],"picked":"Dodge and Roll","floor":7.0},{"not_picked":["Heel Hook","Dagger Throw"],"picked":"Cloak And Dagger","floor":8.0},{"not_picked":["Sucker Punch","Quick Slash","PiercingWail"],"picked":"SKIP","floor":14.0},{"not_picked":["Sucker Punch","Quick Slash"],"picked":"PiercingWail","floor":14.0},{"not_picked":["Wraith Form v2","Storm of Steel"],"picked":"ReplayTheSpireMod:From All Sides","floor":16.0},{"not_picked":["ReplayTheSpireMod:Tripwire","Well Laid Plans","hubris:TrickCloak"],"picked":"SKIP","floor":18.0},{"not_picked":["Dagger Throw","Hidden Blade"],"picked":"Cloak And Dagger+1","floor":19.0},{"not_picked":["Prepared","Quick Slash"],"picked":"Dagger Spray","floor":21.0},{"not_picked":["Underhanded Strike","Deflect"],"picked":"Sucker Punch+1","floor":24.0},{"not_picked":["Footwork","Backflip"],"picked":"Choke","floor":28.0}],"player_experience":195842,"relics_obtained":[{"floor":7.0,"key":"hubris:SlimyHat"},{"floor":9.0,"key":"Replay:Wax Seal"}],"event_choices":[{"cards_removed":["Strike_G"],"damage_healed":0.0,"max_hp_gain":0.0,"max_hp_loss":0.0,"gold_gain":0.0,"event_name":"Bonfire Elementals","player_choice":"Offered Basic","floor":3.0,"gold_loss":0.0,"damage_taken":0.0},{"damage_healed":0.0,"max_hp_gain":0.0,"max_hp_loss":0.0,"gold_gain":0.0,"event_name":"Lab","player_choice":"Got Potions","floor":12.0,"gold_loss":0.0,"damage_taken":0.0},{"damage_healed":0.0,"max_hp_gain":5.0,"max_hp_loss":0.0,"gold_gain":0.0,"event_name":"Forgotten Altar","player_choice":"Shed Blood","floor":20.0,"gold_loss":0.0,"damage_taken":19.0},{"damage_healed":0.0,"max_hp_gain":0.0,"max_hp_loss":0.0,"gold_gain":0.0,"event_name":"The Mausoleum","player_choice":"Ignored","floor":22.0,"gold_loss":0.0,"damage_taken":0.0},{"damage_healed":0.0,"max_hp_gain":0.0,"max_hp_loss":0.0,"gold_gain":0.0,"event_name":"Match and Keep!","player_choice":"2 cards matched","floor":27.0,"gold_loss":0.0,"damage_taken":0.0,"cards_obtained":["Neutralize","Choke"]}],"is_beta":false,"boss_relics":[{"not_picked":["SlaversCollar","Empty Cage"],"picked":"aspiration:PoetsPen_weak"}],"items_purged_floors":[11],"is_endless":false,"potions_floor_spawned":[2,7,8,28],"killed_by":"Gremlin Leader","ascension_level":0}}