{"host":"7368wqr6hq1ej5wt","time":1611669021,"event":{"mods":["BaseMod","Colored Map","Colored Powertips","Minty Spire (QoL Compilation)","StSLib","The Hierophant"],"gold_per_floor":[119,139,139,214,230,230,255,255,255,255,255,85,98,98,98,98,98],"floor_reached":16,"language":"ENG","playtime":1765,"items_purged":[],"score":102,"play_id":"0fc71403-2efd-4ff1-944a-1469d80e682c","local_time":"20210126145021","is_ascension_mode":false,"campfire_choices":[{"data":"hierophant:PassingBell","floor":6,"key":"SMITH"},{"floor":10,"key":"REST"},{"floor":15,"key":"REST"}],"circlet_count":0,"master_deck":["hierophant:Strike_Hierophant","hierophant:Strike_Hierophant","hierophant:Strike_Hierophant","hierophant:Strike_Hierophant","hierophant:Punish","hierophant:Defend_Hierophant","hierophant:Defend_Hierophant","hierophant:Defend_Hierophant","hierophant:Defend_Hierophant","hierophant:ChurchCoffers","hierophant:PassingBell+1","hierophant:Patience","hierophant:Sermon","hierophant:FaithHealing","Parasite","hierophant:HolyVerse","hierophant:FlamingChariot","Undo"],"relics":["hierophant:PropheticMaskRelic","Bronze Scales","PreservedInsect","PrismaticShard"],"acts_visited":["Exordium"],"potions_floor_usage":[16,16,16],"damage_taken":[{"damage":0,"enemies":"2 Louse","floor":1,"turns":2},{"damage":4,"enemies":"Small Slimes","floor":2,"turns":3},{"damage":1,"enemies":"Cultist","floor":5,"turns":3},{"damage":64,"enemies":"Gremlin Nob","floor":7,"turns":5},{"damage":3,"enemies":"Exordium Wildlife","floor":8,"turns":3},{"damage":0,"enemies":"3 Louse","floor":13,"turns":1},{"damage":9,"enemies":"Exordium Thugs","floor":14,"turns":2},{"damage":62,"enemies":"Slime Boss","floor":16,"turns":9}],"seed_played":"5362023969803159342","potions_obtained":[{"floor":2,"key":"SneckoOil"},{"floor":7,"key":"Explosive Potion"},{"floor":14,"key":"SpeedPotion"}],"is_trial":false,"path_per_floor":["M","M","?","?","M","R","E","M","T","R","?","$","M","M","R","B"],"character_chosen":"HIEROPHANT","items_purchased":["hierophant:HolyVerse","PrismaticShard"],"campfire_rested":2,"item_purchase_floors":[12,12],"current_hp_per_floor":[82,78,78,70,69,69,5,2,2,26,46,46,46,37,61,0,0],"gold":98,"neow_bonus":"TEN_PERCENT_HP_BONUS","is_daily":false,"chose_seed":false,"campfire_upgraded":1,"win_rate":0.0,"timestamp":1611669021,"path_taken":["M","M","?","?","M","R","E","?","T","R","?","$","M","M","R","BOSS"],"items_purchased_type":["Card","Relic"],"build_version":"2020-12-22","purchased_purges":0,"victory":false,"max_hp_per_floor":[82,82,82,82,82,82,82,82,82,82,82,82,82,82,82,82,82],"card_choices":[{"not_picked":["hierophant:HolyVerse","hierophant:RustyCrate"],"picked":"hierophant:PassingBell","floor":1},{"not_picked":["hierophant:TollTheBells","hierophant:Dazzle"],"picked":"hierophant:Patience","floor":2},{"not_picked":["hierophant:Patience","hierophant:Racketeering","hierophant:AuricBeam"],"picked":"SKIP","floor":5},{"not_picked":["hierophant:SealAway","hierophant:Mercenaries"],"picked":"hierophant:Sermon","floor":7},{"not_picked":["hierophant:BulkyChest","hierophant:Chorus"],"picked":"hierophant:FaithHealing","floor":8},{"not_picked":["CrushJoints","Underhanded Strike"],"picked":"hierophant:FlamingChariot","floor":13},{"not_picked":["Vengeance","hierophant:Remorse"],"picked":"Undo","floor":14}],"player_experience":206651,"relics_obtained":[{"floor":7,"key":"Bronze Scales"},{"floor":9,"key":"PreservedInsect"}],"event_choices":[{"damage_healed":0,"gold_gain":0,"player_choice":"Ignored","damage_taken":0,"max_hp_gain":0,"max_hp_loss":0,"event_name":"Golden Idol","floor":3,"gold_loss":0},{"damage_healed":0,"gold_gain":75,"player_choice":"Touch","damage_taken":8,"max_hp_gain":0,"max_hp_loss":0,"event_name":"FaceTrader","floor":4,"gold_loss":0},{"damage_healed":20,"gold_gain":0,"player_choice":"Healed and dodged fight","damage_taken":0,"max_hp_gain":0,"max_hp_loss":0,"event_name":"Mushrooms","floor":11,"gold_loss":0,"cards_obtained":["Parasite"]}],"is_beta":false,"boss_relics":[],"items_purged_floors":[],"is_endless":false,"potions_floor_spawned":[2,7,14],"killed_by":"Slime Boss","ascension_level":0}}