{"host":"h1qktzcccqnez8tx","time":1611623320,"event":{"mods":["AchievementEnabler","BaseMod","Bestiary","Better Note","Block Reminder","Colored Map","Colored Powertips","Curses Come First","Highlight Path","Minty Spire (QoL Compilation)","Permanent Neow","Quick Restart","Relic Stats","StSLib","UnlockEverythingMod"],"gold_per_floor":[119,135,60,141,141,174,249,249,330,363,363,383,333,333,333,430,430,449,464,464,3,23,349,349,377,401,436,436,27,41,41,41,136,186,196,196,212,212,38,70,119,154,229,53,53,70,98,108,108,108],"floor_reached":51,"language":"ENG","playtime":1865,"items_purged":["Indignation","FlurryOfBlows","WindmillStrike"],"score":1196,"play_id":"62584017-1be0-4abe-a517-29ed602e45b0","local_time":"20210126020840","daily_mods":["Draft","Purple Cards"],"is_ascension_mode":true,"campfire_choices":[{"data":"TalkToTheHand","floor":8,"key":"SMITH"},{"data":"PathToVictory","floor":11,"key":"SMITH"},{"data":"PathToVictory","floor":15,"key":"SMITH"},{"floor":24,"key":"REST"},{"data":"PathToVictory","floor":32,"key":"SMITH"},{"data":"PathToVictory","floor":45,"key":"SMITH"},{"floor":49,"key":"REST"}],"circlet_count":0,"master_deck":["Reinforced Body+1","PathToVictory+1","FTL","Auto Shields","FlyingSleeves","FTL","CrushJoints","Tantrum","PathToVictory+1","Leap+1","TalkToTheHand+1","Reinforced Body","PathToVictory+1","PathToVictory+1","Capacitor","Conserve Battery","Wallop+1","PathToVictory+1","PathToVictory+1","Wallop","Turbo+1"],"relics":["FrozenCore","Pantograph","Nunchaku","Gremlin Horn","Pocketwatch","DataDisk","Akabeko","Pen Nib","Old Coin","Vajra","MealTicket","Symbiotic Virus","DollysMirror","War Paint","Tiny House","HornCleat","Mango","Potion Belt","Question Card","Strawberry"],"acts_visited":["Exordium","TheCity","TheBeyond"],"potions_floor_usage":[23,25,25,30,33,47,50,50,50,50],"damage_taken":[{"damage":0,"enemies":"Cultist","floor":1,"turns":2},{"damage":0,"enemies":"Jaw Worm","floor":2,"turns":1},{"damage":6,"enemies":"Lagavulin","floor":6,"turns":4},{"damage":17,"enemies":"Gremlin Nob","floor":10,"turns":3},{"damage":0,"enemies":"Small Slimes","floor":12,"turns":2},{"damage":36,"enemies":"Hexaghost","floor":16,"turns":4},{"damage":25,"enemies":"Spheric Guardian","floor":18,"turns":4},{"damage":5,"enemies":"2 Thieves","floor":19,"turns":3},{"damage":6,"enemies":"Sentry and Sphere","floor":22,"turns":5},{"damage":3,"enemies":"Slavers","floor":23,"turns":4},{"damage":0,"enemies":"Gremlin Leader","floor":25,"turns":3},{"damage":6,"enemies":"Book of Stabbing","floor":27,"turns":4},{"damage":0,"enemies":"Snake Plant","floor":30,"turns":1},{"damage":15,"enemies":"Champ","floor":33,"turns":5},{"damage":0,"enemies":"Orb Walker","floor":35,"turns":3},{"damage":0,"enemies":"3 Shapes","floor":37,"turns":2},{"damage":0,"enemies":"Giant Head","floor":40,"turns":5},{"damage":31,"enemies":"2 Orb Walkers","floor":41,"turns":4},{"damage":3,"enemies":"Nemesis","floor":42,"turns":5},{"damage":4,"enemies":"Jaw Worm Horde","floor":46,"turns":4},{"damage":25,"enemies":"Reptomancer","floor":47,"turns":3},{"damage":0,"enemies":"4 Shapes","floor":48,"turns":4},{"damage":70,"enemies":"Awakened One","floor":50,"turns":10}],"seed_played":"-6611230308327874424","potions_obtained":[{"floor":1,"key":"SteroidPotion"},{"floor":2,"key":"SteroidPotion"},{"floor":10,"key":"EssenceOfDarkness"},{"floor":12,"key":"Energy Potion"},{"floor":20,"key":"Regen Potion"},{"floor":20,"key":"Energy Potion"},{"floor":23,"key":"ColorlessPotion"},{"floor":30,"key":"Energy Potion"},{"floor":33,"key":"Swift Potion"},{"floor":34,"key":"GamblersBrew"},{"floor":41,"key":"Block Potion"},{"floor":42,"key":"DuplicationPotion"},{"floor":48,"key":"Explosive Potion"}],"is_trial":true,"path_per_floor":["M","M","$","T","?","E","?","R","T","E","R","M","?","?","R","B",null,"M","M","?","$","M","E","R","E","T","E","?","$","M","?","R","B",null,"M","?","M","?","$","E","?","E","T","$","R","M","E","M","R","B",null],"character_chosen":"DEFECT","items_purchased":["Capacitor","Akabeko","Pen Nib","PotionOfCapacity","PathToVictory","DollysMirror","War Paint","LiquidMemories","PotionOfCapacity","SkillPotion"],"campfire_rested":2,"item_purchase_floors":[21,21,21,21,29,29,29,29,39,44],"current_hp_per_floor":[75,75,75,75,80,74,63,63,63,46,46,46,46,39,39,28,67,42,37,37,37,31,28,52,61,61,55,55,70,70,80,80,65,81,81,81,81,81,85,85,68,65,65,80,80,76,58,58,89,36],"gold":108,"neow_bonus":"","is_daily":false,"chose_seed":false,"campfire_upgraded":5,"win_rate":0.0,"timestamp":1611623320,"path_taken":["M","M","$","?","?","E","?","R","T","E","R","M","?","?","R","BOSS","M","M","?","$","M","E","R","E","T","E","?","$","M","?","R","BOSS","M","?","?","?","$","E","?","E","T","?","R","M","E","M","R","BOSS"],"items_purchased_type":["Card","Relic","Relic","Potion","Card","Relic","Relic","Potion","Potion","Potion"],"build_version":"2020-12-22","purchased_purges":3,"victory":true,"max_hp_per_floor":[75,75,75,75,80,80,80,80,80,80,80,80,80,80,80,80,80,80,80,80,80,80,80,80,80,80,80,80,80,80,80,80,80,85,85,85,85,85,85,85,99,99,99,99,99,99,106,106,106,106],"relic_stats":{"Nunchaku":[10],"Gremlin Horn":[19,19],"counters":[23,85],"Pantograph":42,"MealTicket":34,"Pen Nib":[7],"War Paint":["Reinforced Body","Leap"],"Question Card":3,"obtain_stats":[{"Potion Belt":42,"Tiny House":34,"Gremlin Horn":9,"Vajra":25,"Mango":41,"Pen Nib":21,"War Paint":29,"Question Card":43,"Akabeko":21,"FrozenCore":17,"Old Coin":23,"Nunchaku":6,"DataDisk":14,"HornCleat":40,"DollysMirror":29,"Pantograph":4,"Strawberry":47,"MealTicket":26,"Cracked Core":0,"Symbiotic Virus":27,"Pocketwatch":10},{"Potion Belt":19,"Tiny House":14,"Gremlin Horn":3,"Vajra":11,"Mango":18,"Pen Nib":8,"War Paint":12,"Question Card":19,"Akabeko":8,"FrozenCore":6,"Old Coin":10,"Nunchaku":3,"DataDisk":5,"HornCleat":17,"DollysMirror":12,"Pantograph":2,"Strawberry":21,"MealTicket":11,"Cracked Core":0,"Symbiotic Virus":12,"Pocketwatch":4},{"Potion Belt":64,"Tiny House":45,"Gremlin Horn":7,"Vajra":35,"Mango":59,"Pen Nib":23,"War Paint":39,"Question Card":64,"Akabeko":23,"FrozenCore":16,"Old Coin":32,"Nunchaku":7,"DataDisk":12,"HornCleat":55,"DollysMirror":39,"Pantograph":3,"Strawberry":71,"MealTicket":35,"Cracked Core":0,"Symbiotic Virus":39,"Pocketwatch":10}],"FrozenCore":[45],"Pocketwatch":[75]},"card_choices":[{"not_picked":["Storm","FlurryOfBlows"],"picked":"Indignation","floor":0},{"not_picked":["SandsOfTime","Evaluate"],"picked":"Reinforced Body","floor":0},{"not_picked":["ClearTheMind","Doom and Gloom"],"picked":"PathToVictory","floor":0},{"not_picked":["EmptyBody","Prostrate"],"picked":"FTL","floor":0},{"not_picked":["Adaptation","JustLucky"],"picked":"Wireheading","floor":0},{"not_picked":["Fusion","Pray"],"picked":"Auto Shields","floor":0},{"not_picked":["FTL","Heatsinks"],"picked":"FlyingSleeves","floor":0},{"not_picked":["Weave","Barrage"],"picked":"FTL","floor":0},{"not_picked":["ReachHeaven","ForeignInfluence"],"picked":"CrushJoints","floor":0},{"not_picked":["FollowUp","Evaluate"],"picked":"Tantrum","floor":0},{"not_picked":["Consume","InnerPeace"],"picked":"FollowUp","floor":0},{"not_picked":["Chaos","Capacitor"],"picked":"PathToVictory","floor":0},{"not_picked":["Pray","Barrage"],"picked":"Leap","floor":0},{"not_picked":["CutThroughFate","Weave"],"picked":"Static Discharge","floor":0},{"not_picked":["Redo","Blizzard"],"picked":"Protect","floor":0},{"not_picked":["Undo","FollowUp"],"picked":"FlurryOfBlows","floor":1},{"not_picked":["Loop","BowlingBash"],"picked":"TalkToTheHand","floor":2},{"not_picked":["Leap","Fasting2"],"picked":"Reinforced Body","floor":6},{"not_picked":["SandsOfTime","Compile Driver"],"picked":"PathToVictory","floor":10},{"not_picked":["EmptyMind","FTL"],"picked":"WindmillStrike","floor":12},{"not_picked":["Rip and Tear","FlyingSleeves","EmptyBody"],"picked":"SKIP","floor":18},{"not_picked":["Recycle","FollowUp"],"picked":"PathToVictory","floor":19},{"not_picked":["CutThroughFate","Tempest","Redo+1"],"picked":"SKIP","floor":22},{"not_picked":["Evaluate","Alpha","EmptyBody"],"picked":"SKIP","floor":23},{"not_picked":["Crescendo","Worship+1"],"picked":"Conserve Battery","floor":25},{"not_picked":["Gash","Crescendo"],"picked":"Wallop+1","floor":27},{"not_picked":["Rip and Tear","Go for the Eyes+1","DeusExMachina"],"picked":"SKIP","floor":30},{"not_picked":["Heatsinks+1","Evaluate+1"],"picked":"Wallop","floor":34},{"not_picked":["FollowUp","Wallop+1","Hologram"],"picked":"SKIP","floor":35},{"not_picked":["Compile Driver+1","Skim","Sweeping Beam"],"picked":"SKIP","floor":37},{"not_picked":["Rebound+1","Meditate+1","Steam"],"picked":"SKIP","floor":40},{"not_picked":["FlyingSleeves","Conserve Battery"],"picked":"Turbo+1","floor":41},{"not_picked":["FollowUp+1","CrushJoints","Fusion+1"],"picked":"SKIP","floor":42},{"not_picked":["Scrawl","WheelKick","Rebound+1","Coolheaded+1"],"picked":"SKIP","floor":46},{"not_picked":["Leap","Undo","Protect+1","FlyingSleeves"],"picked":"SKIP","floor":47},{"not_picked":["ClearTheMind","Protect+1","Genetic Algorithm+1","EmptyBody+1"],"picked":"SKIP","floor":48}],"player_experience":170484,"relics_obtained":[{"floor":4,"key":"Pantograph"},{"floor":6,"key":"Nunchaku"},{"floor":9,"key":"Gremlin Horn"},{"floor":10,"key":"Pocketwatch"},{"floor":23,"key":"Old Coin"},{"floor":25,"key":"Vajra"},{"floor":26,"key":"MealTicket"},{"floor":27,"key":"Symbiotic Virus"},{"floor":40,"key":"HornCleat"},{"floor":41,"key":"Mango"},{"floor":42,"key":"Potion Belt"},{"floor":43,"key":"Question Card"},{"floor":47,"key":"Strawberry"}],"event_choices":[{"damage_healed":0,"gold_gain":0,"player_choice":"Donut","damage_taken":0,"max_hp_gain":5,"max_hp_loss":0,"event_name":"Big Fish","floor":5,"gold_loss":0},{"damage_healed":0,"gold_gain":75,"player_choice":"Gather Gold","damage_taken":11,"max_hp_gain":0,"max_hp_loss":0,"event_name":"World of Goop","floor":7,"gold_loss":0},{"cards_removed":["Protect"],"damage_healed":0,"gold_gain":0,"player_choice":"Card Removal","damage_taken":0,"max_hp_gain":0,"max_hp_loss":0,"event_name":"The Cleric","floor":13,"gold_loss":50},{"damage_healed":0,"gold_gain":0,"player_choice":"Success","damage_taken":7,"relics_obtained":["DataDisk"],"max_hp_gain":0,"max_hp_loss":0,"event_name":"Scrap Ooze","floor":14,"gold_loss":0},{"damage_healed":0,"gold_gain":0,"player_choice":"Got Potions","damage_taken":0,"max_hp_gain":0,"max_hp_loss":0,"event_name":"Lab","floor":20,"gold_loss":0},{"cards_removed":["Wireheading"],"damage_healed":0,"gold_gain":0,"player_choice":"Purged","damage_taken":0,"max_hp_gain":0,"max_hp_loss":0,"event_name":"Purifier","floor":28,"gold_loss":0},{"cards_removed":["Static Discharge"],"damage_healed":10,"gold_gain":0,"player_choice":"Offered Uncommon","damage_taken":0,"max_hp_gain":0,"max_hp_loss":0,"event_name":"Bonfire Elementals","floor":31,"gold_loss":0},{"damage_healed":0,"gold_gain":0,"player_choice":"Ignored","damage_taken":0,"max_hp_gain":0,"max_hp_loss":0,"event_name":"SecretPortal","floor":36,"gold_loss":0},{"cards_removed":["FollowUp"],"damage_healed":0,"gold_gain":0,"player_choice":"Removed Attack","damage_taken":0,"max_hp_gain":0,"max_hp_loss":0,"event_name":"Falling","floor":38,"gold_loss":0},{"damage_healed":0,"gold_gain":0,"player_choice":"Fight","damage_taken":0,"max_hp_gain":0,"max_hp_loss":0,"event_name":"Mysterious Sphere","floor":41,"gold_loss":0}],"is_beta":false,"boss_relics":[{"not_picked":["Inserter","Ectoplasm"],"picked":"FrozenCore"},{"not_picked":["Sozu","Cursed Key"],"picked":"Tiny House"}],"items_purged_floors":[3,39,44],"is_endless":false,"potions_floor_spawned":[1,2,10,12,18,23,30,33,41,42,48],"ascension_level":5}}