{"host":"qbvxbacgnxuisbbe","time":1611694982,"event":{"mods":["Alarm Clock","BaseMod","Humility","Minty Spire (QoL Compilation)","StSLib"],"gold_per_floor":[109,127,127,141,141,173,173,173,173],"floor_reached":8,"language":"ENG","playtime":238,"items_purged":[],"score":112,"play_id":"0787fd33-a4f2-4a08-81e7-cfd91741c1d0","local_time":"20210126210302","is_ascension_mode":true,"campfire_choices":[{"data":"Wallop","floor":7,"key":"SMITH"}],"circlet_count":0,"master_deck":["AscendersBane","Strike_P","Strike_P","Strike_P","Strike_P","Defend_P","Defend_P","Defend_P","Defend_P","Eruption+1","Vigilance","Wallop","EmptyBody","EmptyBody","Wallop+1"],"relics":["PureWater","Blood Vial","Du-Vu Doll"],"acts_visited":["Exordium"],"potions_floor_usage":[6,6,6,6,8],"damage_taken":[{"damage":0,"enemies":"2 Louse","floor":1,"turns":4},{"damage":14,"enemies":"Jaw Worm","floor":2,"turns":3},{"damage":0,"enemies":"Cultist","floor":4,"turns":3},{"damage":16,"enemies":"Lagavulin","floor":6,"turns":5},{"damage":47,"enemies":"Gremlin Nob","floor":8,"turns":3}],"seed_played":"-4241531618329196696","potions_obtained":[{"floor":1,"key":"EntropicBrew"},{"floor":2,"key":"SteroidPotion"},{"floor":6,"key":"Dexterity Potion"}],"is_trial":false,"path_per_floor":["M","M","?","M","T","E","R","E"],"character_chosen":"WATCHER","items_purchased":[],"campfire_rested":0,"item_purchase_floors":[],"current_hp_per_floor":[67,53,53,53,53,39,39,0,0],"gold":173,"neow_bonus":"TEN_PERCENT_HP_BONUS","is_daily":false,"chose_seed":false,"campfire_upgraded":1,"win_rate":0.0,"timestamp":1611694982,"path_taken":["M","M","?","M","?","E","R","E"],"items_purchased_type":[],"build_version":"2020-12-22","purchased_purges":0,"victory":false,"max_hp_per_floor":[74,74,74,74,74,74,74,74,74],"card_choices":[{"not_picked":["EmptyMind","FollowUp"],"picked":"Wallop","floor":1},{"not_picked":["Indignation","Prostrate"],"picked":"EmptyBody","floor":2},{"not_picked":["JustLucky","FollowUp"],"picked":"EmptyBody","floor":4},{"not_picked":["ClearTheMind","BattleHymn"],"picked":"Wallop","floor":6}],"player_experience":142971,"relics_obtained":[{"floor":5,"key":"Blood Vial"},{"floor":6,"key":"Du-Vu Doll"}],"event_choices":[{"damage_healed":0,"gold_gain":0,"player_choice":"Grow","damage_taken":0,"max_hp_gain":0,"max_hp_loss":0,"event_name":"Living Wall","floor":3,"gold_loss":0,"cards_upgraded":["Eruption"]}],"is_beta":false,"boss_relics":[],"items_purged_floors":[],"is_endless":false,"potions_floor_spawned":[1,2,6],"killed_by":"Gremlin Nob","ascension_level":20,"is_humility":true}}