{"host":"3xls0xm49ftugio7","time":1611694285,"event":{"mods":["2.2 Compatiblity","A Magickal Journey","AchievementEnabler","Act Like it!","BaseMod","Bestiary","Colored Powertips","Downfall","GifTheSpireLib","Minty Spire (QoL Compilation)","Quick Restart","StSLib","slay the spire mod where everything is the same but ironclad has a cowboy hat"],"gold_per_floor":[99,110,125,36,54,54,54,79,91,3,15,54,87,99,126,240,252,264,293,325,487,41,41,41,61,77,87,113,113,113,126,142,246,246,246,259,259,309,319,350,350,350,350,350,350],"floor_reached":43,"language":"ENG","playtime":2137,"items_purged":["champ:Strike"],"score":599,"play_id":"424973d3-bdeb-4e34-aedd-a162270a9da2","local_time":"20210126225125","is_ascension_mode":true,"campfire_choices":[{"data":"champ:Taunt","floor":1.0,"key":"SMITH"},{"data":"champ:TripleStrike","floor":6.0,"key":"SMITH"},{"floor":10.0,"key":"REST"},{"data":"champ:FlashCut","floor":18,"key":"SMITH"},{"floor":23,"key":"REST"},{"data":"champ:StrikeOfGenius","floor":30,"key":"SMITH"},{"floor":35,"key":"RECALL"}],"circlet_count":0,"master_deck":["champ:Strike","champ:Strike","champ:Defend","champ:Defend+1","champ:Defend+1","champ:Defend","champ:Execute","champ:Taunt+1","champ:DeathBlow","champ:PreciseThrust","champ:TripleStrike+1","champ:Duel+1","champ:FocusedDefense","champ:FanOfKnives","champ:Haymaker","champ:GladiatorStyle","champ:FlashCut+1","champ:Devastate","champ:BringItOn+1","champ:Lariat","champ:BerserkerStyle","champ:Devastate","expansioncontent:QuickStudy","champ:Lariat+1","champ:CrookedStrike+1","champ:StrikeOfGenius+1","champ:GladiatorForm"],"relics":["champ:ChampionCrown","Regal Pillow","Bottled Flame","downfall:HeartBlessingGreen","downfall:ShatteredFragment","Anchor","Odd Mushroom","Velvet Choker","DollysMirror","Mercury Hourglass","War Paint","champ:PowerArmor","champ:DeflectingBracers","Guardian:PocketSentry"],"acts_visited":["Exordium","TheCity","TheBeyond"],"potions_floor_usage":[33,40,43],"damage_taken":[{"damage":23.0,"enemies":"Cultist","floor":2.0,"turns":5.0},{"damage":27.0,"enemies":"Small Slimes","floor":3.0,"turns":4.0},{"damage":20.0,"enemies":"downfall:FleeingMerchant","floor":4.0,"turns":4.0},{"damage":0.0,"enemies":"Jaw Worm","floor":5.0,"turns":2.0},{"damage":41.0,"enemies":"Lagavulin","floor":8.0,"turns":6.0},{"damage":34,"enemies":"3 Sentries","floor":12,"turns":5},{"damage":45,"enemies":"The Mushroom Lair","floor":13,"turns":3},{"damage":10,"enemies":"Gremlin Gang","floor":15,"turns":3},{"damage":23,"enemies":"IC_STATUS_ARCHETYPE","floor":16,"turns":7},{"damage":24,"enemies":"Shell Parasite","floor":19,"turns":3},{"damage":34,"enemies":"3 Cultists","floor":20,"turns":5},{"damage":4,"enemies":"downfall:FleeingMerchant","floor":22,"turns":4},{"damage":20,"enemies":"Sentry and Sphere","floor":25,"turns":3},{"damage":12,"enemies":"Centurion and Healer","floor":26,"turns":5},{"damage":0,"enemies":"Snecko","floor":27,"turns":3},{"damage":14,"enemies":"Slavers","floor":28,"turns":4},{"damage":21,"enemies":"Snake Plant","floor":31,"turns":3},{"damage":42,"enemies":"3 Cultists","floor":32,"turns":3},{"damage":106,"enemies":"DF_ARCHETYPE_CLAW","floor":33,"turns":7},{"damage":43,"enemies":"3 Darklings","floor":36,"turns":3},{"damage":52,"enemies":"3 Darklings","floor":38,"turns":7},{"damage":0,"enemies":"3 Shapes","floor":39,"turns":3},{"damage":80,"enemies":"Reptomancer","floor":40,"turns":7},{"damage":29,"enemies":"Jaw Worm Horde","floor":43,"turns":2}],"seed_played":"-5655395557106240385","potions_obtained":[{"floor":5.0,"key":"Ancient Potion"},{"floor":8.0,"key":"Fire Potion"},{"floor":12,"key":"SteroidPotion"},{"floor":31,"key":"Regen Potion"},{"floor":32,"key":"Fruit Juice"},{"floor":38,"key":"PowerPotion"}],"is_trial":false,"path_per_floor":["R","M","M","$","M","R","T","E","?","R","?","E","?","?","M","B",null,"R","M","M","?","$","R","T","M","M","M","E","?","R","M","M","B",null,"R","M","?","?","M","E","T","?","M"],"character_chosen":"THE_CHAMP","items_purchased":["champ:Duel","champ:BerserkerStyle","DollysMirror","expansioncontent:QuickStudy"],"campfire_rested":2,"item_purchase_floors":[4,22,22,22],"current_hp_per_floor":[81,78,71,71,71,71,71,50,50,90,63,59,44,44,44,41,78,78,64,60,60,56,90,90,90,88,88,84,84,84,73,73,37,77,77,64,64,42,42,20,20,20,0,0,0],"gold":350,"neow_bonus":"RANDOM_COMMON_RELIC","is_daily":false,"chose_seed":false,"campfire_upgraded":4,"win_rate":0.0,"timestamp":1611694285,"path_taken":["R","M","M","$","M","R","T","E","?","R","?","E","?","?","M","BOSS","R","M","M","?","$","R","T","?","M","M","E","?","R","M","M","BOSS","R","M","?","?","M","E","T","?","M"],"items_purchased_type":["Card","Card","Relic","Card"],"build_version":"2020-12-22","purchased_purges":1,"victory":false,"max_hp_per_floor":[90,90,90,90,90,90,90,90,90,90,90,90,90,90,90,90,90,90,90,90,90,90,90,90,90,90,90,90,90,90,90,90,90,90,90,90,90,90,90,95,95,95,95,95,95],"card_choices":[{"not_picked":["champ:CrownThrow","champ:BladeFlurry"],"picked":"champ:DeathBlow","floor":2.0},{"not_picked":["champ:ShieldSigil","champ:SetATrap"],"picked":"champ:PreciseThrust","floor":3.0},{"not_picked":["champ:Lariat","champ:Shatter"],"picked":"champ:TripleStrike","floor":4.0},{"not_picked":["champ:CrownThrow","champ:Shatter"],"picked":"champ:FocusedDefense","floor":5.0},{"not_picked":["champ:EndlessRage","champ:Encircle"],"picked":"champ:FanOfKnives","floor":8.0},{"not_picked":["champ:BladeFlurry","champ:ShieldSlam"],"picked":"champ:Haymaker","floor":12},{"not_picked":["champ:EnGarde","champ:FanOfKnives"],"picked":"champ:GladiatorStyle","floor":13},{"not_picked":["champ:ShieldSigil","champ:Circumvent"],"picked":"champ:FlashCut","floor":15},{"not_picked":["champ:ShieldThrow","champ:EnchantSword"],"picked":"champ:Devastate","floor":16},{"not_picked":["champ:GutPunch","champ:Backstep"],"picked":"champ:BringItOn+1","floor":19},{"not_picked":["champ:PreciseThrust","champ:TornadoPunch"],"picked":"champ:Lariat","floor":20},{"not_picked":["champ:Backstep","champ:TornadoPunch+1","champ:BringItOn"],"picked":"SKIP","floor":22},{"not_picked":["champ:Endure+1","champ:BladeFlurry","champ:AdrenalArmor"],"picked":"SKIP","floor":25},{"not_picked":["champ:BladeFlurry","champ:ShieldSlam"],"picked":"champ:Lariat+1","floor":26},{"not_picked":["champ:ArenaPreparation","champ:ShieldSigil"],"picked":"champ:CrookedStrike+1","floor":27},{"not_picked":["champ:Backstep+1","champ:FocusedBerserking"],"picked":"champ:StrikeOfGenius","floor":28},{"not_picked":["champ:ShieldSigil+1","champ:Haymaker","champ:Backstep+1"],"picked":"SKIP","floor":31},{"not_picked":["champ:ShieldSlam","champ:PerfectedStrike","champ:CrownThrow"],"picked":"SKIP","floor":32},{"not_picked":["champ:SteelEdge","champ:CheapShot"],"picked":"champ:GladiatorForm","floor":33},{"not_picked":["champ:BladeFlurry","champ:AdrenalArmor","champ:StanceDance"],"picked":"SKIP","floor":36},{"not_picked":["expansioncontent:Hexaburn","expansioncontent:HyperBeam"],"picked":"expansioncontent:GuardianWhirl","floor":37},{"not_picked":["champ:CrookedStrike+1","champ:TripleStrike","champ:FlashCut"],"picked":"SKIP","floor":39},{"not_picked":["champ:SetATrap+1","champ:Shatter","champ:SkillfulDodge+1"],"picked":"SKIP","floor":40}],"player_experience":1006558,"relics_obtained":[{"floor":7.0,"key":"Bottled Flame"},{"floor":8.0,"key":"MawBank"},{"floor":12,"key":"Anchor"},{"floor":13,"key":"Odd Mushroom"},{"floor":24,"key":"Mercury Hourglass"},{"floor":28,"key":"War Paint"},{"floor":38,"key":"champ:DeflectingBracers"},{"floor":40,"key":"Guardian:PocketSentry"}],"event_choices":[{"damage_healed":0,"gold_gain":0,"player_choice":"Fought Mushrooms","damage_taken":0,"max_hp_gain":0,"max_hp_loss":0,"event_name":"Mushrooms","floor":13,"gold_loss":0},{"damage_healed":0,"gold_gain":0,"player_choice":"Grow","damage_taken":0,"max_hp_gain":0,"max_hp_loss":0,"event_name":"Living Wall","floor":14,"gold_loss":0,"cards_upgraded":["champ:Duel"]},{"damage_healed":0,"gold_gain":0,"player_choice":"Ignored","damage_taken":0,"max_hp_gain":0,"max_hp_loss":0,"event_name":"Vampires","floor":29,"gold_loss":0},{"cards_removed":["expansioncontent:GuardianWhirl"],"damage_healed":0,"gold_gain":0,"player_choice":"Removed Attack","damage_taken":0,"max_hp_gain":0,"max_hp_loss":0,"event_name":"Falling","floor":42,"gold_loss":0}],"is_beta":false,"boss_relics":[{"not_picked":["Runic Dome","Runic Pyramid"],"picked":"Velvet Choker"},{"not_picked":["Coffee Dripper","expansioncontent:StudyCardRelic"],"picked":"champ:PowerArmor"}],"items_purged_floors":[22],"is_endless":false,"potions_floor_spawned":[5,8,12,15,16,26,27,31,32,38],"killed_by":"Jaw Worm Horde","ascension_level":6}}