{"host":"ncocfkoislda923u","time":1611664207,"event":{"mods":["BaseMod","Downfall","Googly Eyes","Minty Spire (QoL Compilation)","Spire Arcade","StSLib"],"gold_per_floor":[99,109,122,141,51,51,51,62,62,79,79,99,99,125,136,136,136,136],"floor_reached":16,"language":"ENG","playtime":2653,"items_purged":["champ:Strike"],"score":129,"play_id":"465df537-e783-4159-83e4-31ab5b18f1ce","local_time":"20210126133007","is_ascension_mode":false,"campfire_choices":[{"data":"champ:Taunt","floor":1.0,"key":"SMITH"},{"data":"champ:FlashCut","floor":11.0,"key":"SMITH"}],"circlet_count":0,"master_deck":["champ:Strike","champ:Strike","champ:Strike","champ:Defend","champ:Defend","champ:Defend","champ:Defend","champ:Execute","champ:Taunt+1","champ:DefensiveShout","champ:FlashCut+1","champ:Duel","champ:PreciseThrust","champ:Taunt+1","champ:RisingSlash","champ:HoldFirm","champ:TornadoPunch"],"relics":["champ:ChampionCrown","Mango","Akabeko"],"acts_visited":["Exordium"],"potions_floor_usage":[],"damage_taken":[{"damage":35.0,"enemies":"Small Slimes","floor":2.0,"turns":4.0},{"damage":8.0,"enemies":"2 Louse","floor":3.0,"turns":4.0},{"damage":20.0,"enemies":"Cultist","floor":4.0,"turns":4.0},{"damage":20.0,"enemies":"downfall:FleeingMerchant","floor":5.0,"turns":4.0},{"damage":11.0,"enemies":"Blue Slaver","floor":8.0,"turns":2.0},{"damage":17.0,"enemies":"Exordium Thugs","floor":10.0,"turns":5.0},{"damage":13.0,"enemies":"Lots of Slimes","floor":12.0,"turns":3.0},{"damage":21.0,"enemies":"Lagavulin","floor":14.0,"turns":6.0},{"damage":3.0,"enemies":"Red Slaver","floor":15.0,"turns":3.0},{"damage":66,"enemies":"DF_ARCHETYPE_STREAMLINE","floor":16,"turns":11}],"seed_played":"2322982672711326228","potions_obtained":[{"floor":3.0,"key":"Fruit Juice"},{"floor":4.0,"key":"PowerPotion"},{"floor":8.0,"key":"Fire Potion"},{"floor":14.0,"key":"bronze:BurnAndBuffPotion"}],"is_trial":false,"path_per_floor":["R","M","M","M","$","?","T","M","?","M","R","M","?","E","M","B"],"character_chosen":"THE_CHAMP","items_purchased":[],"campfire_rested":0,"item_purchase_floors":[],"current_hp_per_floor":[99,84,81,81,81,81,95,89,89,82,82,79,79,68,65,0,0,0],"gold":136,"neow_bonus":"TEN_PERCENT_HP_BONUS","is_daily":false,"chose_seed":false,"campfire_upgraded":2,"win_rate":0.0,"timestamp":1611664207,"path_taken":["R","M","M","M","$","?","T","M","?","?","R","M","?","E","M","BOSS"],"items_purchased_type":[],"build_version":"2020-12-22","purchased_purges":1,"victory":false,"max_hp_per_floor":[99,99,104,104,104,104,118,118,118,118,118,118,118,118,118,118,118,118],"card_choices":[{"not_picked":["champ:EnGarde","champ:Haymaker"],"picked":"champ:DefensiveShout","floor":2.0},{"not_picked":["champ:Circumvent","champ:AdrenalArmor"],"picked":"champ:FlashCut","floor":3.0},{"not_picked":["champ:CrownThrow","champ:TornadoPunch"],"picked":"champ:Duel","floor":4.0},{"not_picked":["champ:BladeFlurry","champ:Backstep"],"picked":"champ:PreciseThrust","floor":5.0},{"not_picked":["champ:BladeFlurry","champ:GladiatorStyle","champ:DefensiveShout"],"picked":"SKIP","floor":8.0},{"not_picked":["champ:DefensiveShout","champ:GutPunch","champ:EndlessRage"],"picked":"SKIP","floor":10.0},{"not_picked":["champ:SkillfulDodge","champ:FalseCounter"],"picked":"champ:RisingSlash","floor":12.0},{"not_picked":["champ:FalseCounter","champ:Circumvent"],"picked":"champ:HoldFirm","floor":14.0},{"not_picked":["champ:Shatter","champ:CrownThrow"],"picked":"champ:TornadoPunch","floor":15.0}],"player_experience":1476879,"relics_obtained":[{"floor":7.0,"key":"Mango"},{"floor":14.0,"key":"Akabeko"}],"event_choices":[],"is_beta":false,"boss_relics":[],"items_purged_floors":[5],"is_endless":false,"potions_floor_spawned":[3,4,8,14],"killed_by":"DF_ARCHETYPE_STREAMLINE","ascension_level":0}}