{"host":"szp1d6dso4pv7ddl","time":1611633371,"event":{"mods":["AchievementEnabler","Alarm Clock","BaseMod","Bestiary","Block Reminder","Colored Map","Colored Powertips","Curses Come First","Dark Map","Displayed Cursed Tome","Highlight Path","Minty Spire (QoL Compilation)","Permanent Neow","Quick Restart","Relic Sorter","Relic Stats","StSLib","Synergy Search"],"gold_per_floor":[112,187,187,206,221,254,254,267,267,267,285,47,76,4,4,106,406,418,418,418,91,107,132,152,152,176,13,13,13,30,49,49,147,147,162,114,164,164,178,178,196,6,6,6,18,18,0,26,26,26,26],"floor_reached":50,"language":"ENG","playtime":3224,"items_purged":["Strike_B","Zap","Dualcast","Turbo+1"],"score":822,"play_id":"efe10131-cd14-4b4d-a1b4-054b581156ac","local_time":"20210125195611","is_ascension_mode":true,"campfire_choices":[{"floor":7,"key":"REST"},{"floor":10,"key":"REST"},{"data":"Streamline","floor":15,"key":"SMITH"},{"data":"Hyperbeam","floor":25,"key":"SMITH"},{"data":"Self Repair","floor":29,"key":"SMITH"},{"data":"Buffer","floor":32,"key":"SMITH"},{"data":"Cold Snap+1","floor":40,"key":"PURGE"},{"data":"Strike_B+1","floor":46,"key":"PURGE"},{"floor":49,"key":"REST"}],"circlet_count":0,"master_deck":["AscendersBane","Defend_B+1","Defend_B+1","Defend_B+1","Streamline+1","Scrape+1","Self Repair+1","Go for the Eyes","Machine Learning","Core Surge","FTL","Hyperbeam+1","CurseOfTheBell","Hyperbeam+1","Buffer+1","Stack+1","BootSequence","Scrape","Stack+1","Buffer","Sunder+1","Beam Cell","Stack+1","Scrape","Beam Cell","Machine Learning+1"],"relics":["Cracked Core","Happy Flower","MealTicket","FaceOfCleric","Meat on the Bone","Singing Bowl","Bag of Marbles","Calling Bell","HornCleat","Old Coin","Whetstone","Juzu Bracelet","Bag of Preparation","Astrolabe","Peace Pipe","Frozen Egg 2","Red Mask","Gambling Chip"],"acts_visited":["Exordium","TheCity","TheBeyond"],"potions_floor_usage":[6,13,23,33,33,48],"damage_taken":[{"damage":4.0,"enemies":"Small Slimes","floor":1.0,"turns":3.0},{"damage":7.0,"enemies":"Jaw Worm","floor":4.0,"turns":2.0},{"damage":0.0,"enemies":"Cultist","floor":5.0,"turns":2.0},{"damage":35,"enemies":"Lagavulin","floor":6,"turns":5},{"damage":27,"enemies":"3 Louse","floor":8,"turns":4},{"damage":5,"enemies":"2 Fungi Beasts","floor":11,"turns":3},{"damage":49,"enemies":"3 Sentries","floor":13,"turns":9},{"damage":31,"enemies":"The Guardian","floor":16,"turns":11},{"damage":17,"enemies":"Chosen","floor":18,"turns":5},{"damage":4,"enemies":"3 Byrds","floor":22,"turns":3},{"damage":10,"enemies":"Gremlin Leader","floor":23,"turns":5},{"damage":12,"enemies":"Snake Plant","floor":24,"turns":4},{"damage":0,"enemies":"Cultist and Chosen","floor":30,"turns":3},{"damage":0,"enemies":"Centurion and Healer","floor":31,"turns":1},{"damage":43,"enemies":"Champ","floor":33,"turns":13},{"damage":20,"enemies":"3 Darklings","floor":35,"turns":4},{"damage":40,"enemies":"Mind Bloom Boss Battle","floor":37,"turns":9},{"damage":11,"enemies":"3 Shapes","floor":39,"turns":7},{"damage":47,"enemies":"Spire Growth","floor":41,"turns":6},{"damage":0,"enemies":"4 Shapes","floor":45,"turns":7},{"damage":58,"enemies":"Nemesis","floor":48,"turns":15},{"damage":72,"enemies":"Awakened One","floor":50,"turns":11}],"seed_played":"-8234407289804086442","potions_obtained":[{"floor":5.0,"key":"SteroidPotion"},{"floor":6,"key":"Dexterity Potion"},{"floor":8,"key":"FearPotion"},{"floor":18,"key":"Strength Potion"},{"floor":24,"key":"LiquidMemories"},{"floor":33,"key":"Swift Potion"},{"floor":39,"key":"PowerPotion"}],"is_trial":false,"path_per_floor":["M","?","?","M","M","E","R","M","T","R","M","$","E","$","R","B",null,"M","?","?","$","M","E","M","R","T","$","?","R","M","M","R","B",null,"M","$","?","?","M","R","M","$","T","?","M","R","?","E","R","B"],"character_chosen":"DEFECT","items_purchased":["Machine Learning","FTL","Whetstone","Buffer","BootSequence","Beam Cell","Scrape"],"campfire_rested":3,"item_purchase_floors":[12,14,21,21,27,36,42],"current_hp_per_floor":[64,53,53,47,48,14,37,30,30,53,49,64,35,50,50,39,71,64,64,64,79,78,78,74,74,74,89,89,89,93,96,96,64,89,72,87,70,70,72,72,50,65,65,65,76,76,76,41,72,0,0],"gold":26,"neow_bonus":"RANDOM_COMMON_RELIC","is_daily":false,"chose_seed":false,"campfire_upgraded":4,"win_rate":0.0,"timestamp":1611633371,"path_taken":["M","?","?","?","M","E","R","M","T","R","M","$","E","$","R","BOSS","M","?","?","$","M","E","M","R","T","$","?","R","M","M","R","BOSS","M","$","?","?","M","R","M","$","T","?","M","R","?","E","R","BOSS"],"items_purchased_type":["Card","Card","Relic","Card","Card","Card","Card"],"build_version":"2020-12-22","purchased_purges":4,"victory":false,"max_hp_per_floor":[75,75,75,76,77,78,78,79,79,79,80,80,81,81,81,82,82,85,85,85,85,88,91,92,92,92,92,92,92,93,96,96,97,97,100,100,101,96,99,99,102,102,102,102,103,103,103,104,104,104,104],"relic_stats":{"Happy Flower":[31],"Singing Bowl":14,"counters":[22,132],"Astrolabe":["Cold Snap","Sunder","Turbo"],"Juzu Bracelet":1,"Bag of Preparation":[20],"Whetstone":["Hyperbeam","Scrape"],"Peace Pipe":2,"FaceOfCleric":20,"Gambling Chip":[4],"MealTicket":90,"obtain_stats":[{"Singing Bowl":9,"Happy Flower":17,"Astrolabe":34,"Juzu Bracelet":23,"Bag of Preparation":26,"Whetstone":21,"Frozen Egg 2":43,"Old Coin":17,"Calling Bell":17,"Peace Pipe":37,"HornCleat":17,"FaceOfCleric":3,"Gambling Chip":48,"MealTicket":0,"Bag of Marbles":13,"Red Mask":47,"Cracked Core":0,"Meat on the Bone":6},{"Singing Bowl":5,"Happy Flower":8,"Astrolabe":15,"Juzu Bracelet":11,"Bag of Preparation":12,"Whetstone":9,"Frozen Egg 2":19,"Old Coin":8,"Calling Bell":8,"Peace Pipe":17,"HornCleat":8,"FaceOfCleric":1,"Gambling Chip":21,"MealTicket":0,"Bag of Marbles":7,"Red Mask":20,"Cracked Core":0,"Meat on the Bone":4},{"Singing Bowl":16,"Happy Flower":39,"Astrolabe":73,"Juzu Bracelet":52,"Bag of Preparation":56,"Whetstone":44,"Frozen Egg 2":99,"Old Coin":39,"Calling Bell":39,"Peace Pipe":86,"HornCleat":39,"FaceOfCleric":3,"Gambling Chip":121,"MealTicket":0,"Bag of Marbles":28,"Red Mask":106,"Cracked Core":0,"Meat on the Bone":12}],"Meat on the Bone":72},"card_choices":[{"not_picked":["Leap","Rebound"],"picked":"Streamline","floor":1.0},{"not_picked":["FTL","Lockon"],"picked":"Scrape","floor":4.0},{"not_picked":["Coolheaded","Sunder","Barrage"],"picked":"SKIP","floor":5.0},{"not_picked":["Rebound","Double Energy"],"picked":"Self Repair","floor":6},{"not_picked":["Coolheaded","Ball Lightning","Loop"],"picked":"SKIP","floor":8},{"not_picked":["Chaos","Coolheaded"],"picked":"Go for the Eyes","floor":11},{"not_picked":["Chill","Hologram"],"picked":"Core Surge","floor":13},{"not_picked":["Seek","Thunder Strike"],"picked":"Hyperbeam","floor":16},{"not_picked":["Steam","Coolheaded","Redo"],"picked":"Singing Bowl","floor":18},{"not_picked":["Steam+1","Barrage","Redo"],"picked":"Singing Bowl","floor":22},{"not_picked":["Gash","Conserve Battery","Go for the Eyes"],"picked":"Singing Bowl","floor":23},{"not_picked":["Hologram","Amplify"],"picked":"Stack+1","floor":24},{"not_picked":["Sweeping Beam","Go for the Eyes"],"picked":"Stack+1","floor":30},{"not_picked":["Gash","Compile Driver+1","Hologram"],"picked":"Singing Bowl","floor":31},{"not_picked":["Creative AI","Meteor Strike"],"picked":"Buffer","floor":33},{"not_picked":["Compile Driver","Coolheaded","Go for the Eyes"],"picked":"Singing Bowl","floor":35},{"not_picked":["Turbo","Static Discharge"],"picked":"Stack+1","floor":37},{"not_picked":["Coolheaded+1","Chaos+1","Capacitor"],"picked":"Singing Bowl","floor":39},{"not_picked":["Doom and Gloom","Sweeping Beam","Auto Shields"],"picked":"Singing Bowl","floor":41},{"not_picked":["Stack+1","Steam Power"],"picked":"Beam Cell","floor":45},{"not_picked":["Doom and Gloom","Rebound"],"picked":"Machine Learning+1","floor":48}],"player_experience":1276102,"relics_obtained":[{"floor":6,"key":"Meat on the Bone"},{"floor":9,"key":"Singing Bowl"},{"floor":13,"key":"Bag of Marbles"},{"floor":17,"key":"Happy Flower"},{"floor":17,"key":"HornCleat"},{"floor":17,"key":"Old Coin"},{"floor":23,"key":"Juzu Bracelet"},{"floor":26,"key":"Bag of Preparation"},{"floor":37,"key":"Peace Pipe"},{"floor":43,"key":"Frozen Egg 2"},{"floor":48,"key":"Gambling Chip"}],"event_choices":[{"damage_healed":0.0,"max_hp_gain":0.0,"max_hp_loss":0.0,"gold_gain":75.0,"event_name":"World of Goop","player_choice":"Gather Gold","floor":2.0,"gold_loss":0.0,"damage_taken":11.0},{"damage_healed":0.0,"max_hp_gain":0.0,"max_hp_loss":0.0,"gold_gain":0.0,"event_name":"FaceTrader","player_choice":"Trade","floor":3.0,"gold_loss":0.0,"damage_taken":0.0,"relics_obtained":["FaceOfCleric"]},{"damage_healed":0,"gold_gain":0,"player_choice":"Simplicity","damage_taken":0,"max_hp_gain":0,"max_hp_loss":0,"event_name":"Back to Basics","floor":19,"gold_loss":0,"cards_upgraded":["Strike_B","Strike_B","Strike_B","Defend_B","Defend_B","Defend_B","Defend_B"]},{"damage_healed":0,"gold_gain":0,"player_choice":"Copied","damage_taken":0,"max_hp_gain":0,"max_hp_loss":0,"event_name":"Duplicator","floor":20,"gold_loss":0,"cards_obtained":["Hyperbeam"]},{"damage_healed":0,"gold_gain":0,"player_choice":"Read","damage_taken":0,"max_hp_gain":0,"max_hp_loss":0,"event_name":"The Library","floor":28,"gold_loss":0,"cards_obtained":["Scrape"]},{"damage_healed":0,"gold_gain":0,"player_choice":"Fight","damage_taken":0,"max_hp_gain":0,"max_hp_loss":0,"event_name":"MindBloom","floor":37,"gold_loss":0},{"damage_healed":0,"gold_gain":0,"player_choice":"Max HP","damage_taken":0,"max_hp_gain":0,"max_hp_loss":5,"event_name":"Winding Halls","floor":38,"gold_loss":0},{"damage_healed":0,"gold_gain":0,"player_choice":"Ignored","damage_taken":0,"max_hp_gain":0,"max_hp_loss":0,"event_name":"Mysterious Sphere","floor":44,"gold_loss":0},{"damage_healed":0,"gold_gain":0,"player_choice":"Paid","damage_taken":0,"relics_obtained":["Red Mask"],"max_hp_gain":0,"max_hp_loss":0,"event_name":"Tomb of Lord Red Mask","floor":47,"gold_loss":18}],"is_beta":false,"boss_relics":[{"not_picked":["Cursed Key","Tiny House"],"picked":"Calling Bell"},{"not_picked":["Black Star","Snecko Eye"],"picked":"Astrolabe"}],"items_purged_floors":[12,21,27,42],"is_endless":false,"potions_floor_spawned":[5,6,8,18,24,30,31,33,39,41],"killed_by":"Awakened One","ascension_level":12}}