{"host":"c3lc60y5x60jlt1y","time":1611676847,"event":{"mods":["AchievementEnabler","BaseMod","Bestiary","Colored Map","Minty Spire (QoL Compilation)","Quick Restart","StSLib","ojb\u0027s Info Mod"],"gold_per_floor":[111,111,130,150,160,193,211,261,261,261,293,303,303,315,315,315,315],"floor_reached":16,"language":"ENG","playtime":530,"items_purged":[],"score":228,"play_id":"33ca086d-d42d-4991-9369-0f56d29ae9b1","local_time":"20210126180047","is_ascension_mode":true,"campfire_choices":[{"data":"Whirlwind","floor":10,"key":"SMITH"},{"data":"Entrench","floor":13,"key":"SMITH"},{"data":"Shrug It Off","floor":15,"key":"SMITH"}],"circlet_count":0,"master_deck":["AscendersBane","Strike_R","Strike_R","Strike_R","Strike_R","Defend_R","Defend_R","Defend_R","Defend_R","Bash","Pommel Strike","Shockwave","Whirlwind+1","Uppercut","Pummel","Pommel Strike","Disarm","Entrench+1","Shrug It Off+1"],"relics":["Burning Blood","Lizard Tail","Orichalcum","FossilizedHelix","Du-Vu Doll"],"acts_visited":["Exordium"],"potions_floor_usage":[6,6,14],"damage_taken":[{"damage":1.0,"enemies":"Cultist","floor":1.0,"turns":3.0},{"damage":3.0,"enemies":"2 Louse","floor":3.0,"turns":2.0},{"damage":7.0,"enemies":"Small Slimes","floor":4.0,"turns":4.0},{"damage":15.0,"enemies":"Exordium Wildlife","floor":5.0,"turns":5.0},{"damage":60,"enemies":"Lagavulin","floor":6,"turns":7},{"damage":5,"enemies":"Looter","floor":7,"turns":3},{"damage":19,"enemies":"3 Sentries","floor":11,"turns":6},{"damage":0,"enemies":"Exordium Thugs","floor":12,"turns":4},{"damage":0,"enemies":"Exordium Wildlife","floor":14,"turns":1},{"damage":46,"enemies":"The Guardian","floor":16,"turns":10}],"seed_played":"-261493450497642976","potions_obtained":[{"floor":3.0,"key":"FearPotion"},{"floor":5.0,"key":"LiquidMemories"},{"floor":12,"key":"Fire Potion"}],"is_trial":false,"path_per_floor":["M","?","M","M","M","E","M","?","T","R","E","M","R","M","R","B"],"character_chosen":"IRONCLAD","items_purchased":[],"campfire_rested":0,"item_purchase_floors":[],"current_hp_per_floor":[55,55,58,57,48,43,44,44,44,44,31,37,37,43,43,0,0],"gold":315,"neow_bonus":"ONE_RARE_RELIC","is_daily":false,"chose_seed":false,"campfire_upgraded":3,"win_rate":0.0,"timestamp":1611676847,"path_taken":["M","?","?","M","M","E","M","?","T","R","E","M","R","M","R","BOSS"],"items_purchased_type":[],"build_version":"2020-12-22","purchased_purges":0,"victory":false,"max_hp_per_floor":[75,75,75,75,75,75,75,75,75,75,75,75,75,75,75,75,75],"card_choices":[{"not_picked":["Heavy Blade","Rampage"],"picked":"Pommel Strike","floor":1.0},{"not_picked":["Havoc","Anger"],"picked":"Shockwave","floor":3.0},{"not_picked":["Heavy Blade","Pummel"],"picked":"Whirlwind","floor":4.0},{"not_picked":["Twin Strike","Sever Soul"],"picked":"Uppercut","floor":5.0},{"not_picked":["Second Wind","Iron Wave"],"picked":"Pummel","floor":6},{"not_picked":["Havoc","Dropkick"],"picked":"Pommel Strike","floor":7},{"not_picked":["Rampage","Burning Pact"],"picked":"Disarm","floor":11},{"not_picked":["Anger","Body Slam"],"picked":"Entrench","floor":12},{"not_picked":["Carnage","Whirlwind"],"picked":"Shrug It Off","floor":14}],"player_experience":8590937,"relics_obtained":[{"floor":6,"key":"Orichalcum"},{"floor":9,"key":"FossilizedHelix"},{"floor":11,"key":"Du-Vu Doll"}],"event_choices":[{"cards_removed":["Strike_R"],"damage_healed":0.0,"max_hp_gain":0.0,"max_hp_loss":0.0,"gold_gain":0.0,"event_name":"Purifier","player_choice":"Purged","floor":2.0,"gold_loss":0.0,"damage_taken":0.0},{"damage_healed":0,"gold_gain":50,"player_choice":"Pray","damage_taken":0,"max_hp_gain":0,"max_hp_loss":0,"event_name":"Golden Shrine","floor":8,"gold_loss":0}],"is_beta":false,"boss_relics":[],"items_purged_floors":[],"is_endless":false,"potions_floor_spawned":[3,5,12],"killed_by":"The Guardian","ascension_level":20}}