{"host":"vyjryxuuuxkt43k4","time":1611641602,"event":{"mods":["AchievementEnabler","BaseMod","Colored Map","DeckTracker","Keyboard Shortcuts","Minty Spire (QoL Compilation)","Permanent Neow","Quick Restart","Rare Cards Sparkle","StSLib","SuperFastMode","everything is the same but u backflip on backflip"],"gold_per_floor":[117,128,141,91,91,91,125,140,140,140,155,171,44,82,82,181,181,194,213,39,57,75,108,108,131,131,131,131],"floor_reached":27,"language":"KOR","playtime":4207,"items_purged":["Strike_G","Strike_G"],"score":408,"play_id":"39fcefcb-53af-40c0-a472-d8158d30e05d","local_time":"20210126151322","is_ascension_mode":true,"campfire_choices":[{"data":"Backstab","floor":6.0,"key":"SMITH"},{"data":"Masterful Stab","floor":10.0,"key":"SMITH"},{"data":"Acrobatics","floor":15.0,"key":"SMITH"},{"data":"Tactician","floor":24.0,"key":"SMITH"}],"circlet_count":0,"master_deck":["AscendersBane","Strike_G","Defend_G","Defend_G","Defend_G","Defend_G","Defend_G","Survivor","Neutralize","Masterful Stab+1","Backstab+1","Leg Sweep","Cloak And Dagger","Grand Finale","Expertise","Tactician+1","Well Laid Plans","Acrobatics+1","Blur","A Thousand Cuts","Backflip","Expertise+1","Deflect+1","Quick Slash+1","Normality"],"relics":["Ring of the Snake","Golden Idol","Snake Skull","Regal Pillow","Kunai","Cursed Key","Sundial"],"acts_visited":["Exordium","TheCity"],"potions_floor_usage":[27,27],"damage_taken":[{"damage":3.0,"enemies":"2 Louse","floor":1.0,"turns":3.0},{"damage":0.0,"enemies":"Jaw Worm","floor":2.0,"turns":3.0},{"damage":0.0,"enemies":"Small Slimes","floor":3.0,"turns":3.0},{"damage":21.0,"enemies":"Gremlin Nob","floor":7.0,"turns":5.0},{"damage":2.0,"enemies":"Blue Slaver","floor":8.0,"turns":4.0},{"damage":0.0,"enemies":"3 Louse","floor":11.0,"turns":5.0},{"damage":0.0,"enemies":"Looter","floor":12.0,"turns":2.0},{"damage":9.0,"enemies":"Lagavulin","floor":14.0,"turns":7.0},{"damage":22.0,"enemies":"The Guardian","floor":16.0,"turns":17.0},{"damage":11.0,"enemies":"2 Thieves","floor":18.0,"turns":3.0},{"damage":0.0,"enemies":"Chosen","floor":19.0,"turns":7.0},{"damage":6.0,"enemies":"Snake Plant","floor":21.0,"turns":3.0},{"damage":5.0,"enemies":"Snecko","floor":22.0,"turns":5.0},{"damage":10.0,"enemies":"Slavers","floor":23.0,"turns":3.0},{"damage":10.0,"enemies":"Centurion and Healer","floor":25.0,"turns":4.0},{"damage":20,"enemies":"Cultist and Chosen","floor":27,"turns":8}],"seed_played":"-4749959812337142542","potions_obtained":[{"floor":1.0,"key":"SkillPotion"},{"floor":3.0,"key":"DuplicationPotion"},{"floor":7.0,"key":"SteroidPotion"},{"floor":11.0,"key":"Strength Potion"},{"floor":19.0,"key":"Dexterity Potion"},{"floor":22.0,"key":"CunningPotion"},{"floor":23.0,"key":"LiquidMemories"},{"floor":25.0,"key":"GhostInAJar"}],"is_trial":false,"path_per_floor":["M","M","M","?","?","R","E","M","T","R","M","M","$","E","R","B",null,"M","M","$","M","M","E","R","M","T","M"],"character_chosen":"THE_SILENT","items_purchased":["Acrobatics","Regen Potion"],"campfire_rested":0,"item_purchase_floors":[13,20],"current_hp_per_floor":[60,60,60,60,60,60,39,37,37,37,37,37,37,28,28,6,50,39,39,39,42,37,27,27,17,17,0,0],"gold":131,"neow_bonus":"TRANSFORM_CARD","is_daily":false,"chose_seed":false,"campfire_upgraded":4,"win_rate":0.0,"timestamp":1611641602,"path_taken":["M","M","M","?","?","R","E","M","T","R","M","M","$","E","R","BOSS","M","M","$","M","M","E","R","M","T","M"],"items_purchased_type":["Card","Potion"],"build_version":"2020-12-22","purchased_purges":2,"victory":false,"max_hp_per_floor":[70,70,70,70,65,65,65,65,65,65,65,65,65,65,65,65,65,65,65,65,65,65,65,65,65,65,65,65],"card_choices":[{"not_picked":["Escape Plan","Backflip"],"picked":"Backstab","floor":1.0},{"not_picked":["Prepared","Flechettes"],"picked":"Leg Sweep","floor":2.0},{"not_picked":["Expertise","Underhanded Strike"],"picked":"Cloak And Dagger","floor":3.0},{"not_picked":["Bane","Finisher"],"picked":"Grand Finale","floor":7.0},{"not_picked":["Underhanded Strike","Caltrops"],"picked":"Expertise","floor":8.0},{"not_picked":["Escape Plan","Flying Knee"],"picked":"Tactician","floor":11.0},{"not_picked":["Bane","Deflect"],"picked":"Well Laid Plans","floor":12.0},{"not_picked":["Storm of Steel","Crippling Poison"],"picked":"Blur","floor":14.0},{"not_picked":["Night Terror","Bullet Time"],"picked":"A Thousand Cuts","floor":16.0},{"not_picked":["Sucker Punch","Dagger Throw","Cloak And Dagger"],"picked":"SKIP","floor":18.0},{"not_picked":["Expertise","Choke","Blur"],"picked":"SKIP","floor":19.0},{"not_picked":["Deadly Poison","Blade Dance+1"],"picked":"Backflip","floor":21.0},{"not_picked":["Setup","Deflect"],"picked":"Expertise+1","floor":22.0},{"not_picked":["Glass Knife","Prepared"],"picked":"Deflect+1","floor":23.0},{"not_picked":["Dagger Spray","Prepared"],"picked":"Quick Slash+1","floor":25.0}],"player_experience":360527,"relics_obtained":[{"floor":7.0,"key":"Snake Skull"},{"floor":9.0,"key":"Regal Pillow"},{"floor":14.0,"key":"Kunai"},{"floor":26.0,"key":"Sundial"}],"event_choices":[{"cards_removed":["Strike_G"],"damage_healed":0.0,"max_hp_gain":0.0,"max_hp_loss":0.0,"gold_gain":0.0,"event_name":"The Cleric","player_choice":"Card Removal","floor":4.0,"gold_loss":50.0,"damage_taken":0.0},{"damage_healed":0.0,"max_hp_gain":0.0,"max_hp_loss":5.0,"gold_gain":0.0,"event_name":"Golden Idol","player_choice":"Lose Max HP","floor":5.0,"gold_loss":0.0,"damage_taken":0.0,"relics_obtained":["Golden Idol"]}],"is_beta":false,"boss_relics":[{"not_picked":["Astrolabe","Sozu"],"picked":"Cursed Key"}],"items_purged_floors":[13,20],"is_endless":false,"potions_floor_spawned":[1,3,7,11,19,22,23,25],"killed_by":"Cultist and Chosen","ascension_level":13}}