{"host":"e4udrxcgdvpx3wcj","time":1611688779,"event":{"mods":["Act Like it!","Aspiration","Astrologer","BaseMod","Downfall","Gensokyo","Highlight Path","Infinite Spire","Koishi","Marisa????????","Minty Spire (QoL Compilation)","Replay The Spire","StSLib","SuperFastMode","The Bug Knight","The Construct","The Jungle","The Runesmith","The Servant 0.9.4","TheBandit"],"gold_per_floor":[119,119,45,45,45,78,78,105,105,105,124,158,158,172,172,268,268,279,0,0,0,20,20,20,20,20],"floor_reached":24,"language":"ENG","playtime":1668,"items_purged":[],"score":309,"play_id":"2bdc8132-cc50-4e0d-bf48-dbbd7f5c54ae","local_time":"20210126141939","is_ascension_mode":true,"campfire_choices":[{"data":"wariomod:GodlyGift","floor":7.0,"key":"SMITH"},{"data":"wariomod:DeepDig","floor":13.0,"key":"SMITH"},{"data":"wariomod:TrekTime","floor":15.0,"key":"SMITH"},{"floor":23,"key":"REST"}],"circlet_count":0,"master_deck":["AscendersBane","wariomod:Strike","wariomod:Strike","wariomod:Strike","wariomod:Strike+1","wariomod:Defend","wariomod:Defend","wariomod:Defend+1","wariomod:Defend","wariomod:Step","wariomod:Leap","wariomod:Enshrine+1","wariomod:ImFeelingLucky","infinitespire:Collect+1","wariomod:SilenceBombs","wariomod:GodlyGift+1","Clumsy","wariomod:DeepDig+1","wariomod:TrekTime+1","wariomod:PoisonBombs","wariomod:DropBash","Gensokyo:TurboGranny"],"relics":["wariomod:TheHat","Mirror","Singing Bowl","Gensokyo:NagashiBinaDoll","Chameleon Ring","Velvet Choker"],"acts_visited":["Gensokyo:Gensokyo","Gensokyo:Gensokyoer"],"potions_floor_usage":[16],"damage_taken":[{"damage":8.0,"enemies":"Gensokyo:Gryphon","floor":1.0,"turns":3.0},{"damage":22.0,"enemies":"Gensokyo:Aya","floor":6.0,"turns":7.0},{"damage":12.0,"enemies":"Gensokyo:Cirno","floor":8.0,"turns":7.0},{"damage":0.0,"enemies":"Gensokyo:3_Fairies","floor":11.0,"turns":4.0},{"damage":10.0,"enemies":"Gensokyo:Mamizou","floor":12.0,"turns":8.0},{"damage":3.0,"enemies":"Gensokyo:Python","floor":14.0,"turns":3.0},{"damage":20,"enemies":"Gensokyo:Reimu","floor":16,"turns":8},{"damage":37,"enemies":"Gensokyo:CosmicMonolith","floor":18,"turns":6},{"damage":7,"enemies":"Gensokyo:Chomper","floor":22,"turns":4},{"damage":45,"enemies":"Nightmare","floor":24,"turns":10}],"seed_played":"-3506561276185732895","potions_obtained":[{"floor":1.0,"key":"PowerPotion"},{"floor":8.0,"key":"Weak Potion"},{"floor":11.0,"key":"SpeedPotion"},{"floor":16,"key":"Milkshake"}],"is_trial":false,"path_per_floor":["M","?","$","?","?","E","R","E","T","?","M","E","R","M","R","B",null,"M","?","$","?","M","R","NM"],"character_chosen":"THE_BANDIT","items_purchased":["wariomod:SilenceBombs"],"campfire_rested":1,"item_purchase_floors":[3],"current_hp_per_floor":[64,43,43,67,67,45,45,35,35,35,37,27,27,24,24,4,64,27,27,27,27,22,45,0,0,0],"gold":20,"neow_bonus":"ONE_RANDOM_RARE_CARD","is_daily":false,"chose_seed":false,"campfire_upgraded":3,"win_rate":0.0,"timestamp":1611688779,"path_taken":["M","?","$","?","?","E","R","E","T","?","?","E","R","M","R","BOSS","M","?","?","?","M","R","NM"],"items_purchased_type":["Card"],"build_version":"2020-12-22","purchased_purges":0,"victory":false,"max_hp_per_floor":[80,80,80,80,80,80,80,82,82,82,84,84,84,84,84,84,84,84,84,84,76,78,78,78,78,78],"card_choices":[{"not_picked":["wariomod:EndlessBlast","wariomod:Game"],"picked":"wariomod:ImFeelingLucky","floor":1.0},{"not_picked":["infinitespire:SevenWalls","infinitespire:SealOfDarkness+"],"picked":"infinitespire:Collect","floor":2.0},{"not_picked":["wariomod:BoomBoom","wariomod:f"],"picked":"wariomod:GodlyGift","floor":6.0},{"not_picked":["wariomod:SelfImprison","wariomod:ThatsNotAll","wariomod:AwfulLook"],"picked":"Singing Bowl","floor":8.0},{"not_picked":["wariomod:DanceDash","wariomod:DoubleDash","wariomod:EndlessBlast"],"picked":"Singing Bowl","floor":11.0},{"not_picked":["wariomod:PayItForwards","wariomod:ImFeelingLucky"],"picked":"wariomod:DeepDig","floor":12.0},{"not_picked":["wariomod:DamnedStrength","wariomod:OctoJump"],"picked":"wariomod:TrekTime","floor":14.0},{"not_picked":["wariomod:EnergizedBombs","wariomod:ShipSmash"],"picked":"wariomod:PoisonBombs","floor":16},{"not_picked":["wariomod:BlastDash","wariomod:Immortalize"],"picked":"wariomod:DropBash","floor":18},{"not_picked":["Gensokyo:Apocalypse","Gensokyo:MonkeysPaw"],"picked":"Gensokyo:TurboGranny","floor":21},{"not_picked":["wariomod:EmptyMind","wariomod:Leapslam","wariomod:TrekTime+1"],"picked":"Singing Bowl","floor":22}],"player_experience":2490759,"relics_obtained":[{"floor":6.0,"key":"Mirror"},{"floor":8.0,"key":"Singing Bowl"},{"floor":12.0,"key":"Chameleon Ring"}],"event_choices":[],"is_beta":false,"boss_relics":[{"not_picked":["Snecko Heart","bronze:MakeshiftBattery"],"picked":"Velvet Choker"}],"items_purged_floors":[],"is_endless":false,"potions_floor_spawned":[1,8,11,16],"killed_by":"Nightmare","ascension_level":11}}