{"host":"yuoancq4cku3x8wq","time":1611679150,"event":{"mods":["AchievementEnabler","BaseMod","Minty Spire (QoL Compilation)","Quick Restart","StSLib","SuperFastMode"],"gold_per_floor":[111,129,129,143,153,153,180,180,260,286,126,126,126,143,143,217,217,233,52,52,52,70,70,100,118,118,151,151,48,48,60,60,135,135,148,148,166,166,184,214,214,243,293,322,337,337,132,167,167,167,167],"floor_reached":50,"language":"ZHS","playtime":1390,"items_purged":["Defend_P","Strike_P"],"score":1212,"play_id":"130a8e08-642d-4f18-a1e8-027b41a2fc7b","local_time":"20210127003910","is_ascension_mode":true,"campfire_choices":[{"data":"Eruption","floor":6.0,"key":"SMITH"},{"data":"Tantrum","floor":8.0,"key":"SMITH"},{"data":"Consecrate","floor":12.0,"key":"SMITH"},{"floor":15.0,"key":"REST"},{"floor":23.0,"key":"REST"},{"floor":30.0,"key":"REST"},{"floor":32.0,"key":"RECALL"},{"floor":41.0,"key":"REST"},{"data":"Prostrate","floor":49.0,"key":"SMITH"}],"circlet_count":0,"master_deck":["AscendersBane","Strike_P+1","Strike_P","Defend_P","Defend_P+1","Eruption+1","Vigilance","Tantrum+1","FearNoEvil+1","Consecrate+1","CarveReality+1","LessonLearned+1","Fasting2","WheelKick","FlurryOfBlows+1","Flash of Steel","ClearTheMind+1","Ragnarok+1","Prostrate+1"],"relics":["VioletLotus","GoldenEye","Kunai","Centennial Puzzle","Philosopher\u0027s Stone","FossilizedHelix","Ornamental Fan","Juzu Bracelet","Black Star","Omamori","MealTicket","Molten Egg 2","Blue Candle","Gremlin Horn","Pantograph","Toy Ornithopter"],"acts_visited":["Exordium","TheCity","TheBeyond"],"potions_floor_usage":[50],"damage_taken":[{"damage":7.0,"enemies":"Small Slimes","floor":1.0,"turns":5.0},{"damage":9.0,"enemies":"2 Louse","floor":2.0,"turns":4.0},{"damage":7.0,"enemies":"Cultist","floor":4.0,"turns":4.0},{"damage":3.0,"enemies":"Blue Slaver","floor":5.0,"turns":3.0},{"damage":12.0,"enemies":"Lagavulin","floor":7.0,"turns":6.0},{"damage":18.0,"enemies":"3 Sentries","floor":10.0,"turns":3.0},{"damage":0.0,"enemies":"Large Slime","floor":14.0,"turns":1.0},{"damage":9.0,"enemies":"Hexaghost","floor":16.0,"turns":5.0},{"damage":0.0,"enemies":"Chosen","floor":18.0,"turns":3.0},{"damage":24.0,"enemies":"2 Thieves","floor":22.0,"turns":2.0},{"damage":16.0,"enemies":"Book of Stabbing","floor":24.0,"turns":2.0},{"damage":7.0,"enemies":"Shelled Parasite and Fungi","floor":25.0,"turns":2.0},{"damage":15.0,"enemies":"Slavers","floor":27.0,"turns":2.0},{"damage":0.0,"enemies":"Chosen and Byrds","floor":31.0,"turns":2.0},{"damage":26.0,"enemies":"Automaton","floor":33.0,"turns":6.0},{"damage":15.0,"enemies":"3 Shapes","floor":35.0,"turns":5.0},{"damage":11.0,"enemies":"3 Darklings","floor":37.0,"turns":3.0},{"damage":0.0,"enemies":"Spire Growth","floor":39.0,"turns":3.0},{"damage":10.0,"enemies":"Reptomancer","floor":40.0,"turns":2.0},{"damage":5.0,"enemies":"Nemesis","floor":42.0,"turns":5.0},{"damage":8.0,"enemies":"Giant Head","floor":44.0,"turns":5.0},{"damage":18.0,"enemies":"Writhing Mass","floor":45.0,"turns":4.0},{"damage":4.0,"enemies":"Reptomancer","floor":48.0,"turns":3.0},{"damage":62,"enemies":"Time Eater","floor":50,"turns":5}],"seed_played":"7313575428796204637","potions_obtained":[{"floor":1.0,"key":"Ambrosia"},{"floor":2.0,"key":"Block Potion"},{"floor":7.0,"key":"AttackPotion"},{"floor":22.0,"key":"EssenceOfSteel"},{"floor":24.0,"key":"DuplicationPotion"},{"floor":25.0,"key":"Block Potion"},{"floor":27.0,"key":"Ancient Potion"},{"floor":39.0,"key":"PowerPotion"},{"floor":40.0,"key":"LiquidBronze"},{"floor":45.0,"key":"AttackPotion"},{"floor":48.0,"key":"LiquidMemories"}],"is_trial":false,"path_per_floor":["M","M","?","M","M","R","E","R","T","E","$","R","?","M","R","B",null,"M","$","?","?","M","R","E","M","T","E","?","$","R","M","R","B",null,"M","?","M","?","M","E","R","E","T","E","M","?","$","E","R","B"],"character_chosen":"WATCHER","items_purchased":["CarveReality","Fasting2","Flash of Steel","Ragnarok+1","Prostrate"],"campfire_rested":4,"item_purchase_floors":[11,19,29,47,47],"current_hp_per_floor":[54,45,45,38,35,35,23,23,23,5,5,5,5,5,25,16,55,55,55,55,55,31,51,35,28,28,13,13,13,33,33,33,7,53,38,38,27,27,27,17,36,31,31,23,5,53,53,49,49,0,0],"gold":167,"neow_bonus":"BOSS_RELIC","is_daily":false,"chose_seed":false,"campfire_upgraded":4,"win_rate":0.0,"timestamp":1611679150,"path_taken":["M","M","?","M","M","R","E","R","T","E","$","R","?","M","R","BOSS","M","?","?","?","?","R","E","M","T","E","?","$","R","M","R","BOSS","M","?","M","?","M","E","R","E","T","E","M","?","$","E","R","BOSS"],"items_purchased_type":["Card","Card","Card","Card","Card"],"build_version":"2020-12-22","purchased_purges":2,"victory":false,"max_hp_per_floor":[68,68,68,68,68,68,68,68,68,68,68,68,68,68,68,68,68,68,68,68,68,68,68,68,68,68,68,68,68,68,68,68,68,68,68,68,68,65,65,65,65,65,65,65,65,53,53,53,53,53,53],"card_choices":[{"not_picked":["Conclude","WaveOfTheHand"],"picked":"Tantrum","floor":1.0},{"not_picked":["PathToVictory","CrushJoints","ThirdEye"],"picked":"SKIP","floor":2.0},{"not_picked":["Halt","Worship"],"picked":"FearNoEvil","floor":4.0},{"not_picked":["Sanctity","ThirdEye","Swivel"],"picked":"SKIP","floor":5.0},{"not_picked":["FollowUp","PathToVictory"],"picked":"Consecrate","floor":7.0},{"not_picked":["PathToVictory","Meditate","Indignation"],"picked":"SKIP","floor":10.0},{"not_picked":["Conclude","Swivel","CrushJoints"],"picked":"SKIP","floor":14.0},{"not_picked":["ConjureBlade","Alpha"],"picked":"LessonLearned","floor":16.0},{"not_picked":["Meditate","PathToVictory","EmptyFist"],"picked":"SKIP","floor":18.0},{"not_picked":["JustLucky","ReachHeaven","CrushJoints"],"picked":"SKIP","floor":22.0},{"not_picked":["Evaluate","Conclude"],"picked":"FlurryOfBlows","floor":24.0},{"not_picked":["EmptyBody","CrushJoints","Evaluate"],"picked":"SKIP","floor":25.0},{"not_picked":["JustLucky","ThirdEye","EmptyMind"],"picked":"SKIP","floor":27.0},{"not_picked":["Weave","EmptyBody","Consecrate"],"picked":"SKIP","floor":31.0},{"not_picked":["Vengeance","Evaluate","ThirdEye"],"picked":"SKIP","floor":35.0},{"not_picked":["CrushJoints","Meditate","BattleHymn"],"picked":"SKIP","floor":37.0},{"not_picked":["CrushJoints","Protect"],"picked":"ClearTheMind+1","floor":39.0},{"not_picked":["WindmillStrike","Fasting2","CrushJoints"],"picked":"SKIP","floor":40.0},{"not_picked":["Consecrate+1","Vengeance+1","FollowUp+1"],"picked":"SKIP","floor":42.0},{"not_picked":["Perseverance","EmptyBody","Fasting2"],"picked":"SKIP","floor":44.0},{"not_picked":["Prostrate","Crescendo","BowlingBash+1"],"picked":"SKIP","floor":45.0},{"not_picked":["Fasting2","DevaForm","ThirdEye"],"picked":"SKIP","floor":48.0}],"player_experience":304337,"relics_obtained":[{"floor":7.0,"key":"GoldenEye"},{"floor":9.0,"key":"Kunai"},{"floor":10.0,"key":"Centennial Puzzle"},{"floor":24.0,"key":"FossilizedHelix"},{"floor":26.0,"key":"Ornamental Fan"},{"floor":27.0,"key":"Juzu Bracelet"},{"floor":40.0,"key":"Omamori"},{"floor":42.0,"key":"MealTicket"},{"floor":42.0,"key":"Molten Egg 2"},{"floor":44.0,"key":"Blue Candle"},{"floor":44.0,"key":"Gremlin Horn"},{"floor":48.0,"key":"Pantograph"},{"floor":48.0,"key":"Toy Ornithopter"}],"event_choices":[{"cards_removed":["Defend_P"],"damage_healed":0.0,"max_hp_gain":0.0,"max_hp_loss":0.0,"gold_gain":0.0,"event_name":"Living Wall","player_choice":"Forget","floor":3.0,"gold_loss":0.0,"damage_taken":0.0},{"damage_healed":0.0,"max_hp_gain":0.0,"max_hp_loss":0.0,"gold_gain":0.0,"event_name":"Upgrade Shrine","player_choice":"Upgraded","floor":13.0,"gold_loss":0.0,"damage_taken":0.0,"cards_upgraded":["CarveReality"]},{"damage_healed":0.0,"max_hp_gain":0.0,"max_hp_loss":0.0,"gold_gain":0.0,"event_name":"The Library","player_choice":"Read","floor":20.0,"gold_loss":0.0,"damage_taken":0.0,"cards_obtained":["WheelKick"]},{"damage_healed":0.0,"max_hp_gain":0.0,"max_hp_loss":0.0,"gold_gain":0.0,"event_name":"Vampires","player_choice":"Ignored","floor":21.0,"gold_loss":0.0,"damage_taken":0.0},{"cards_removed":["Strike_P"],"damage_healed":0.0,"max_hp_gain":0.0,"max_hp_loss":0.0,"gold_gain":0.0,"event_name":"Back to Basics","player_choice":"Elegance","floor":28.0,"gold_loss":0.0,"damage_taken":0.0},{"damage_healed":0.0,"max_hp_gain":0.0,"max_hp_loss":0.0,"gold_gain":0.0,"event_name":"SensoryStone","player_choice":"Memory 1","floor":36.0,"gold_loss":0.0,"damage_taken":0.0},{"damage_healed":0.0,"max_hp_gain":0.0,"max_hp_loss":3.0,"gold_gain":0.0,"event_name":"Winding Halls","player_choice":"Max HP","floor":38.0,"gold_loss":0.0,"damage_taken":0.0},{"damage_healed":53.0,"max_hp_gain":0.0,"max_hp_loss":12.0,"gold_gain":0.0,"event_name":"The Moai Head","player_choice":"Heal","floor":46.0,"gold_loss":0.0,"damage_taken":0.0}],"is_beta":false,"boss_relics":[{"not_picked":["Tiny House","Snecko Eye"],"picked":"Philosopher\u0027s Stone"},{"not_picked":["Coffee Dripper","Cursed Key"],"picked":"Black Star"}],"items_purged_floors":[11,19],"is_endless":false,"potions_floor_spawned":[1,2,7,22,24,25,27,39,40,45,48],"killed_by":"Time Eater","ascension_level":20}}