{"host":"xp5rvh2jwe2ejyfm","time":1611704948,"event":{"mods":["Aspiration","BaseMod","BetterRewards","Colored Powertips","Conspire","Downfall","Duelist Mod","GifTheSpireLib","Gremlin Mod","Hermit","Hubris","Minty Spire (QoL Compilation)","Robot Space Explorer","StSLib","The Blackbeard","The Clintock","The Construct","The Cursed","The Disciple","The Forsaken","The Hierophant","The Necromancer","The Runesmith","The Servant 0.9.4"],"gold_per_floor":[119,119,133,144,144,144,144,170,170,120,152,180,11,27,27,39,39],"floor_reached":16,"language":"ENG","playtime":505,"items_purged":[],"score":112,"play_id":"8141701d-ae47-4eac-bed2-76e12acfb376","local_time":"20210126184908","is_ascension_mode":false,"campfire_choices":[{"floor":6,"key":"RECALL"},{"floor":15,"key":"REST"}],"circlet_count":0,"master_deck":["RobotSpaceExplorer:Strike","RobotSpaceExplorer:Strike","RobotSpaceExplorer:Strike","RobotSpaceExplorer:Strike","RobotSpaceExplorer:Defend","RobotSpaceExplorer:Defend","RobotSpaceExplorer:Defend","RobotSpaceExplorer:Defend","RobotSpaceExplorer:Scan","RobotSpaceExplorer:MiniLasers","RobotSpaceExplorer:MetalStrike","RobotSpaceExplorer:LaserBurst","RobotSpaceExplorer:Pulsar","RobotSpaceExplorer:Accelerator","RobotSpaceExplorer:FrostMissile","conspire:SpireCoStock","RobotSpaceExplorer:Probe","RobotSpaceExplorer:ScrapShield","RobotSpaceExplorer:SurgingStrike","RobotSpaceExplorer:MiniDrones"],"relics":["RobotSpaceExplorer:RoboCore","NeowsBlessing","hubris:Icosahedron","RobotSpaceExplorer:FoglandsKnife","hubris:BottledRain","HandDrill"],"acts_visited":["Exordium"],"potions_floor_usage":[8,8,16,16],"damage_taken":[{"damage":0,"enemies":"2 Louse","floor":1,"turns":1},{"damage":0,"enemies":"Jaw Worm","floor":2,"turns":1},{"damage":0,"enemies":"Small Slimes","floor":3,"turns":1},{"damage":4,"enemies":"3 Louse","floor":4,"turns":4},{"damage":30,"enemies":"Lagavulin","floor":8,"turns":9},{"damage":10,"enemies":"Looter","floor":11,"turns":3},{"damage":24,"enemies":"Gremlin Nob","floor":12,"turns":5},{"damage":9,"enemies":"Lots of Slimes","floor":14,"turns":4},{"damage":30,"enemies":"Slime Boss","floor":16,"turns":10}],"seed_played":"5149029351032222999","potions_obtained":[{"floor":4,"key":"Fire Potion"},{"floor":8,"key":"Fruit Juice"},{"floor":11,"key":"Swift Potion"},{"floor":14,"key":"champ:CounterPotion"}],"is_trial":false,"path_per_floor":["M","M","M","M","?","R","?","E","T","?","M","E","$","M","R","B"],"character_chosen":"RobotSpaceExplorer","items_purchased":["HandDrill","RobotSpaceExplorer:SurgingStrike"],"campfire_rested":1,"item_purchase_floors":[13,13],"current_hp_per_floor":[75,75,75,71,71,71,71,46,46,46,36,12,12,3,27,0,0],"gold":39,"neow_bonus":"THREE_ENEMY_KILL","is_daily":false,"chose_seed":false,"campfire_upgraded":0,"win_rate":0.0,"timestamp":1611704948,"path_taken":["M","M","M","M","?","R","?","E","T","?","M","E","$","M","R","BOSS"],"items_purchased_type":["Relic","Card"],"build_version":"2020-12-22","purchased_purges":0,"victory":false,"max_hp_per_floor":[75,75,75,75,75,75,75,80,80,80,80,80,80,80,80,80,80],"card_choices":[{"not_picked":["RobotSpaceExplorer:FranticSearch","RobotSpaceExplorer:FrostMissile"],"picked":"RobotSpaceExplorer:MetalStrike","floor":1},{"not_picked":["RobotSpaceExplorer:JunkDive","RobotSpaceExplorer:Smokescreen"],"picked":"RobotSpaceExplorer:LaserBurst","floor":2},{"not_picked":["RobotSpaceExplorer:DoubleBlock","RobotSpaceExplorer:SlimeMissile"],"picked":"RobotSpaceExplorer:Pulsar","floor":3},{"not_picked":["RobotSpaceExplorer:GlueSpray","RobotSpaceExplorer:StunGrenade"],"picked":"RobotSpaceExplorer:Accelerator","floor":4},{"not_picked":["RobotSpaceExplorer:TurboDodge","RobotSpaceExplorer:Arsenal"],"picked":"RobotSpaceExplorer:FrostMissile","floor":8},{"not_picked":["RobotSpaceExplorer:MetalStrike","RobotSpaceExplorer:Electroshield"],"picked":"RobotSpaceExplorer:Probe","floor":11},{"not_picked":["RobotSpaceExplorer:LuckyStrike","RobotSpaceExplorer:Ammunition"],"picked":"RobotSpaceExplorer:ScrapShield","floor":12},{"not_picked":["RobotSpaceExplorer:Calculate","RobotSpaceExplorer:ScrapToss"],"picked":"RobotSpaceExplorer:MiniDrones","floor":14}],"player_experience":358367,"relics_obtained":[{"floor":8,"key":"RobotSpaceExplorer:FoglandsKnife"},{"floor":12,"key":"hubris:BottledRain"}],"event_choices":[{"damage_healed":0,"gold_gain":0,"player_choice":"Leave","damage_taken":0,"max_hp_gain":0,"max_hp_loss":0,"event_name":"The Cleric","floor":7,"gold_loss":0},{"damage_healed":0,"gold_gain":0,"player_choice":"Invest 1","damage_taken":0,"max_hp_gain":0,"max_hp_loss":0,"event_name":"conspire:Investor","floor":10,"gold_loss":0}],"is_beta":false,"boss_relics":[],"items_purged_floors":[],"is_endless":false,"potions_floor_spawned":[4,8,11,14],"killed_by":"Slime Boss","ascension_level":0}}