{"host":"pec1bvkeldr5yzx1","time":1611677049,"event":{"mods":["ATMod(°¢èªMod)","AchievementEnabler","Act Like it!","Aspiration","BaseMod","Better Altar","Better Match","Better Sensory Stone","Better Skull","Better Vampires","BetterRewards","Conspire","Dota2Spire","Energized Spire","Friendly Minions","GifTheSpireLib","Hubris","Minty Spire (QoL Compilation)","Replay The Spire","Spicy Shops","StSLib","Stuff the Spire","SuperFastMode","óô»ðÖ¸ÄÏ"],"gold_per_floor":[113,125,125,1,1,37,81,81,81,91,91],"floor_reached":10,"language":"ZHS","playtime":416,"items_purged":["StuffTheSpire:CuriosityCurse"],"score":83,"play_id":"bf0f7893-7cba-41a3-9d77-11596f0270be","local_time":"20210127000409","is_ascension_mode":true,"campfire_choices":[{"floor":8,"key":"REST"}],"circlet_count":0,"master_deck":["Strike_R","Strike_R","Strike_R","Strike_R","Strike_R","Defend_R","Defend_R","Defend_R","Defend_R","Bash","AT_EssenceShift","Havoc","Power Through","Seeing Red","Flame Barrier+1","Thunderclap","AT_DrawKnifeCut"],"relics":["Burning Blood","AT_ATBox","Toolbox","Ancient Tea Set","Art of War","aspiration:DSix","HandDrill","Replay:Bandana","ReplayTheSpireMod:Shallot","Blue Candle","Happy Flower"],"acts_visited":["Exordium"],"potions_floor_usage":[6,10],"damage_taken":[{"damage":4.0,"enemies":"Jaw Worm","floor":1.0,"turns":3.0},{"damage":4.0,"enemies":"Small Slimes","floor":2.0,"turns":5.0},{"damage":47,"enemies":"Gremlin Nob","floor":6,"turns":6},{"damage":6,"enemies":"conspire:MimicChest","floor":7,"turns":7},{"damage":34,"enemies":"Lagavulin","floor":10,"turns":5}],"seed_played":"-2684358942060041204","potions_obtained":[{"floor":1.0,"key":"Regen Potion"},{"floor":6,"key":"BlessingOfTheForge"},{"floor":7,"key":"Reflective Coating"}],"is_trial":false,"path_per_floor":["M","M","?","$","?","E","?","R","T","E"],"character_chosen":"IRONCLAD","items_purchased":["Toolbox","Havoc","Ancient Tea Set","Art of War","HandDrill","hubris:ReadiedAction"],"campfire_rested":1,"item_purchase_floors":[0,0,0,0,0,4],"current_hp_per_floor":[38,40,40,40,40,8,8,32,32,0,0],"gold":91,"neow_bonus":"","is_daily":false,"chose_seed":false,"campfire_upgraded":0,"win_rate":0.0,"timestamp":1611677049,"path_taken":["M","M","?","$","?","E","?","R","T","E"],"items_purchased_type":["Relic","Card","Relic","Relic","Relic","Card"],"build_version":"2020-12-22","purchased_purges":1,"victory":false,"max_hp_per_floor":[80,80,80,80,80,80,80,80,80,80,80],"card_choices":[{"not_picked":["Headbutt","Defy Death"],"picked":"Power Through","floor":1.0},{"not_picked":["Sword Boomerang","StuffTheSpire:Incineration"],"picked":"Seeing Red","floor":2.0},{"not_picked":["Life Link","AT_IchimonjiDouble"],"picked":"Thunderclap","floor":6},{"not_picked":["Reckless Charge","Twin Strike"],"picked":"AT_DrawKnifeCut","floor":7}],"player_experience":111758,"relics_obtained":[{"floor":6,"key":"ReplayTheSpireMod:Shallot"},{"floor":7,"key":"Blue Candle"},{"floor":9,"key":"Happy Flower"}],"event_choices":[],"is_beta":false,"boss_relics":[],"items_purged_floors":[4],"is_endless":false,"potions_floor_spawned":[1,6,7],"killed_by":"Lagavulin","ascension_level":6}}