{"host":"f0gpob8hq9vgebej","time":1611657783,"event":{"mods":["AchievementEnabler","BaseMod","Minty Spire (QoL Compilation)","Quick Restart","SuperFastMode"],"gold_per_floor":[119,136,147,166,181,181,215,215,264,189,189,139,139,174,174,174,174],"floor_reached":16,"language":"KOR","playtime":486,"items_purged":["Defend_R"],"score":182,"play_id":"35518cef-83ec-4719-bca0-f581825badf3","local_time":"20210126194303","is_ascension_mode":true,"campfire_choices":[{"data":"Shrug It Off","floor":6,"key":"SMITH"},{"data":"Bash","floor":8,"key":"SMITH"},{"data":"Battle Trance","floor":11,"key":"SMITH"},{"floor":13,"key":"REST"},{"data":"Body Slam","floor":15,"key":"SMITH"}],"circlet_count":0,"master_deck":["AscendersBane","Strike_R","Strike_R","Strike_R","Strike_R","Defend_R","Defend_R","Defend_R","Bash+1","Shrug It Off+1","Battle Trance+1","Body Slam+1"],"relics":["Burning Blood","Blood Vial","Bag of Preparation","Shuriken"],"acts_visited":["Exordium"],"potions_floor_usage":[3,7],"damage_taken":[{"damage":10,"enemies":"Small Slimes","floor":1,"turns":4},{"damage":9,"enemies":"Jaw Worm","floor":2,"turns":5},{"damage":1,"enemies":"Cultist","floor":3,"turns":4},{"damage":9,"enemies":"Blue Slaver","floor":4,"turns":7},{"damage":21,"enemies":"Exordium Thugs","floor":5,"turns":7},{"damage":30,"enemies":"3 Sentries","floor":7,"turns":11},{"damage":24,"enemies":"Gremlin Nob","floor":14,"turns":4},{"damage":38,"enemies":"Hexaghost","floor":16,"turns":9}],"seed_played":"-932529496479558912","potions_obtained":[{"floor":2,"key":"SteroidPotion"},{"floor":3,"key":"DistilledChaos"},{"floor":5,"key":"Ancient Potion"}],"is_trial":false,"path_per_floor":["M","M","M","M","M","R","E","R","T","$","R","?","R","E","R","B"],"character_chosen":"IRONCLAD","items_purchased":[],"campfire_rested":1,"item_purchase_floors":[],"current_hp_per_floor":[76,73,78,75,60,60,36,36,36,36,36,36,62,46,46,10,10],"gold":174,"neow_bonus":"TEN_PERCENT_HP_BONUS","is_daily":false,"chose_seed":false,"campfire_upgraded":4,"win_rate":0.0,"timestamp":1611657783,"path_taken":["M","M","M","M","M","R","E","R","T","$","R","?","R","E","R","BOSS"],"items_purchased_type":[],"build_version":"2020-12-22","purchased_purges":1,"victory":false,"max_hp_per_floor":[88,88,88,88,88,88,88,88,88,88,88,88,88,88,88,88,88],"card_choices":[{"not_picked":["True Grit","Blood for Blood","Anger"],"picked":"SKIP","floor":1},{"not_picked":["Havoc","Iron Wave","Heavy Blade"],"picked":"SKIP","floor":2},{"not_picked":["Cleave","True Grit"],"picked":"Shrug It Off","floor":3},{"not_picked":["Havoc","Combust","Bloodletting"],"picked":"SKIP","floor":4},{"not_picked":["Heavy Blade","Feel No Pain"],"picked":"Battle Trance","floor":5},{"not_picked":["Armaments","Heavy Blade","Bloodletting"],"picked":"SKIP","floor":7},{"not_picked":["Havoc","Sentinel"],"picked":"Body Slam","floor":14}],"player_experience":255780,"relics_obtained":[{"floor":7,"key":"Blood Vial"},{"floor":9,"key":"Bag of Preparation"},{"floor":14,"key":"Shuriken"}],"event_choices":[{"cards_removed":["Strike_R"],"damage_healed":0,"gold_gain":0,"player_choice":"Card Removal","damage_taken":0,"max_hp_gain":0,"max_hp_loss":0,"event_name":"The Cleric","floor":12,"gold_loss":50}],"is_beta":false,"boss_relics":[],"items_purged_floors":[10],"is_endless":false,"potions_floor_spawned":[2,3,5],"killed_by":"Hexaghost","ascension_level":13}}