{"host":"80x1ozqd5wpd4nvo","time":1611696146,"event":{"mods":["2.2 Compatiblity","Aspiration","BaseMod","Better Altar","Better Match","Better Note","Better Sensory Stone","Better Skull","Better Third Choice","BetterRewards","CCEM2","Card Forge","Custom Start","DNKmod","Defuse TimeMaze Blight","Dota2Spire","Energized Spire","Friendly Minions","GifTheSpireLib","Hubris","Infinite Spire","Minty Spire (QoL Compilation)","Permanent Neow","Poor People Problems","Shop Mod","Spicy Shops","StS++","StSLib","The Blue Laboratory","??????REMEMod"],"gold_per_floor":[1230,1262,1287,1020,1044,1081,1126,1167,1167,1214,1214,954,1000,1046,1046,1163,1213,1241,1241,1268,1291,1320,1361,1404,1430,1507,1544,1739,1784,1827,1872,1872,2032,2032,2060,2060,2060,2090,2162,2203,2242,2282,2282,2182,2182,2221,2221,2266,2316,2328],"floor_reached":51,"language":"ENG","playtime":1269,"items_purged":[],"score":1879,"play_id":"5a9ac1c7-2a6c-4e5b-8a61-f04b41353d4f","local_time":"20210126222226","daily_mods":["Vintage","Heirloom","Time Dilation","Flight","Elite Swarm","Lethality","Binary"],"is_ascension_mode":false,"campfire_choices":[{"floor":11,"key":"REST"},{"floor":15,"key":"REST"},{"floor":32,"key":"REST"},{"floor":45,"key":"REST"},{"floor":49,"key":"REST"}],"circlet_count":0,"master_deck":["infinitespire:FutureSight+1","Burst+1","Limit Break+1","Whirlwind+1","Double Energy+1","Impervious","Armaments+1"],"relics":["Unceasing Top","Busted Crown","REME_ComplimentaryCards","Dota2Spire:Satanic","hubris:Potato","CCEMRelics:PorcelainBowl","Paper Frog","Chemical X","infinitespire:Burning Sword","Akabeko","FossilizedHelix","infinitespire:EmpoweringShard","Lantern","Membership Card","Dota2Spire:MonkeyKingBar","Dota2Spire:Mjollnir","Philosopher\u0027s Stone","PreservedInsect","Question Card","infinitespire:ShieldingShard","Sling","hubris:SlimyHat","Singing Bowl","SlaversCollar","Vajra","Unceasing Top","Torii","TungstenRod","The Courier","CCEMRelics:TeddyBear","CCEMRelics:TransientCore","White Beast Statue","Potion Belt","hubris:MobiusCoin","aspiration:TomeofQuesting","Omamori","StSpp:Monolith","Medical Kit","hubris:MedicalManual","MealTicket","infinitespire:Magic Flask","HandDrill","StSpp:PetrifiedCaterpillar","ClockworkSouvenir","Dota2Spire:Butterfly","CCEMRelics:BundleOfDynamite","Bronze Scales","Dota2Spire:OctarineCore","Orichalcum","hubris:EmptyBottle","Blue Candle","Eternal Feather","Dream Catcher","Whetstone","CCEMRelics:DissonantTune","StSpp:WoodenPendulum","Sundial","Peace Pipe","hubris:CrystalStatue","Dota2Spire:Desolator","hubris:OldNail","Anchor","Ancient Tea Set","hubris:ToyBattleship","SlaversCollar","Dota2Spire:EchoSabre","Dota2Spire:ArmletOfMordiggian","Dota2Spire:MagicBottle","REME_LimitBreaker","Pear","aspiration:FetidBarrel","REME_HourglassOfDeath","CCEMRelics:SpiritsEdge","Mercury Hourglass","CCEMRelics:TechnogenicHelmet","CCEMRelics:LatexGloves","CCEMRelics:TinyMinotavrHorn","Runic Cube","infinitespire:PuzzleCube","hubris:Metronome","Smiling Mask","hubris:TenFootPole","Toy Ornithopter","Kunai","aspiration:StickyExplosives_weak"],"acts_visited":["Exordium","TheCity","TheBeyond"],"potions_floor_usage":[],"damage_taken":[{"damage":0,"enemies":"Small Slimes","floor":1,"turns":1},{"damage":0,"enemies":"2 Louse","floor":2,"turns":1},{"damage":0,"enemies":"Cultist","floor":3,"turns":1},{"damage":0,"enemies":"3 Louse","floor":5,"turns":1},{"damage":0,"enemies":"Lagavulin","floor":6,"turns":1},{"damage":0,"enemies":"3 Sentries","floor":7,"turns":1},{"damage":0,"enemies":"Gremlin Nob","floor":8,"turns":1},{"damage":0,"enemies":"3 Sentries","floor":10,"turns":1},{"damage":0,"enemies":"Lagavulin","floor":13,"turns":1},{"damage":0,"enemies":"3 Sentries","floor":14,"turns":1},{"damage":0,"enemies":"The Guardian","floor":16,"turns":1},{"damage":0,"enemies":"3 Byrds","floor":18,"turns":1},{"damage":0,"enemies":"Spheric Guardian","floor":20,"turns":1},{"damage":0,"enemies":"Centurion and Healer","floor":21,"turns":1},{"damage":0,"enemies":"Shelled Parasite and Fungi","floor":22,"turns":1},{"damage":0,"enemies":"Slavers","floor":23,"turns":1},{"damage":0,"enemies":"Book of Stabbing","floor":24,"turns":1},{"damage":0,"enemies":"Sentry and Sphere","floor":25,"turns":1},{"damage":0,"enemies":"Gremlin Leader","floor":27,"turns":1},{"damage":0,"enemies":"REME_1_Revenger","floor":28,"turns":1},{"damage":0,"enemies":"Slavers","floor":29,"turns":1},{"damage":0,"enemies":"Nightmare","floor":30,"turns":1},{"damage":0,"enemies":"Slavers","floor":31,"turns":1},{"damage":0,"enemies":"hubris:MusketHawk","floor":33,"turns":1},{"damage":0,"enemies":"3 Darklings","floor":35,"turns":1},{"damage":0,"enemies":"Orb Walker","floor":38,"turns":1},{"damage":0,"enemies":"Transient","floor":39,"turns":1},{"damage":0,"enemies":"Reptomancer","floor":40,"turns":1},{"damage":0,"enemies":"Nemesis","floor":41,"turns":1},{"damage":0,"enemies":"Giant Head","floor":42,"turns":1},{"damage":0,"enemies":"Reptomancer","floor":46,"turns":1},{"damage":0,"enemies":"Nemesis","floor":48,"turns":1},{"damage":0,"enemies":"Time Eater","floor":50,"turns":1}],"seed_played":"9060774494195296366","potions_obtained":[{"floor":1,"key":"StSpp:ScatteredWeakPotion"},{"floor":2,"key":"blueLaboratory:Moonshine"},{"floor":3,"key":"BlessingOfTheForge"},{"floor":5,"key":"blueLaboratory:HorrorPotion"},{"floor":6,"key":"blueLaboratory:EntrenchedPotion"},{"floor":23,"key":"Strength Potion"},{"floor":24,"key":"SteroidPotion"},{"floor":40,"key":"Strength Potion"}],"is_trial":true,"path_per_floor":["M","M","M","$","M","E","E","E","T","E","R","$","E","E","R","B",null,"M","AVR","M","M","M","E","E","M","T","E","E","E","NM","E","R","B",null,"M","?","$","M","M","E","E","E","T","NS","R","E","?","E","R","B",null],"character_chosen":"IRONCLAD","items_purchased":["hubris:EmptyBottle","Blue Candle","Eternal Feather","hubris:CrystalStatue","Dota2Spire:Desolator","hubris:OldNail"],"campfire_rested":5,"item_purchase_floors":[4,4,4,12,12,12],"current_hp_per_floor":[106,112,118,118,124,132,140,148,148,156,158,158,166,174,176,184,184,190,190,196,202,208,216,234,240,240,248,256,264,274,282,284,292,292,298,298,298,304,310,318,326,334,334,334,336,344,344,350,350,356],"gold":2328,"neow_bonus":"","is_daily":false,"chose_seed":false,"campfire_upgraded":0,"win_rate":0.0,"timestamp":1611696146,"path_taken":["M","M","M","$","M","E","E","E","T","E","R","$","E","E","R","BOSS","M","AVR","M","M","M","E","E","M","T","E","E","E","NM","E","R","BOSS","M","?","$","M","M","E","E","E","T","NS","R","E","?","E","R","BOSS"],"items_purchased_type":["Relic","Relic","Relic","Relic","Relic","Relic"],"build_version":"2020-12-22","purchased_purges":0,"victory":true,"max_hp_per_floor":[106,112,118,118,124,132,140,148,148,156,158,158,166,174,176,184,184,190,190,196,202,208,216,234,240,240,248,256,264,274,282,284,292,292,298,298,298,304,310,318,326,334,334,334,336,344,344,350,350,356],"card_choices":[{"not_picked":["StSpp:Turnabout"],"picked":"Singing Bowl","floor":6},{"not_picked":["Feed"],"picked":"Singing Bowl","floor":7},{"not_picked":["REME_TheLastStrike"],"picked":"Singing Bowl","floor":8},{"not_picked":["REME_ACTH","Bludgeon","Immolate"],"picked":"Singing Bowl","floor":10},{"not_picked":["Sword Boomerang","Havoc","Heavy Blade"],"picked":"Singing Bowl","floor":11},{"not_picked":["Feed","Limit Break","Double Tap"],"picked":"Singing Bowl","floor":13},{"not_picked":["Offering","REME_Fury","StSpp:Betrayal"],"picked":"Singing Bowl","floor":14},{"not_picked":["True Grit","Shrug It Off","hubris:CleavingFinish"],"picked":"Singing Bowl","floor":15},{"not_picked":["Offering","Corruption","REME_ACTH"],"picked":"Singing Bowl","floor":16},{"not_picked":["StSpp:Betrayal","Impervious","Brutality"],"picked":"Singing Bowl","floor":23},{"not_picked":["Brutality","Reaper","StSpp:Turnabout"],"picked":"Singing Bowl","floor":24},{"not_picked":["Corruption","Brutality","StSpp:Turnabout"],"picked":"Singing Bowl","floor":27},{"not_picked":["Berserk","Corruption","Limit Break"],"picked":"Singing Bowl","floor":28},{"not_picked":["StSpp:IntoTheAbyss","hubris:StunningStrike","Brutality"],"picked":"Singing Bowl","floor":29},{"not_picked":["StSpp:IntoTheAbyss","Brutality","REME_ACTH"],"picked":"Singing Bowl","floor":30},{"not_picked":["infinitespire:DeathsTouch","infinitespire:SealOfDarkness+","infinitespire:TheBestDefense"],"picked":"Singing Bowl","floor":30},{"not_picked":["Impervious","StSpp:BladeOfBlood","StSpp:Betrayal"],"picked":"Singing Bowl","floor":31},{"not_picked":["Twin Strike","Pummel","Heavy Blade"],"picked":"Singing Bowl","floor":32},{"not_picked":["hubris:StunningStrike","Barricade","StSpp:Betrayal"],"picked":"Singing Bowl","floor":33},{"not_picked":["Double Tap","Feed","Brutality"],"picked":"Singing Bowl","floor":40},{"not_picked":["Immolate","Demon Form","Impervious"],"picked":"Singing Bowl","floor":41},{"not_picked":["Immolate","Feed","Demon Form"],"picked":"Singing Bowl","floor":42},{"not_picked":["Sword Boomerang+1","REME_Cut","Feel No Pain+1"],"picked":"Singing Bowl","floor":45},{"not_picked":["StSpp:Betrayal","REME_TheLastStrike","Feed"],"picked":"Singing Bowl","floor":46},{"not_picked":["Demon Form","REME_TheLastStrike"],"picked":"Impervious","floor":48},{"not_picked":["Pommel Strike+1","Heavy Blade+1"],"picked":"Armaments+1","floor":49}],"player_experience":283678,"relics_obtained":[{"floor":1,"key":"Bronze Scales"},{"floor":2,"key":"Dota2Spire:OctarineCore"},{"floor":3,"key":"Orichalcum"},{"floor":5,"key":"Dream Catcher"},{"floor":6,"key":"Whetstone"},{"floor":7,"key":"CCEMRelics:DissonantTune"},{"floor":8,"key":"StSpp:WoodenPendulum"},{"floor":9,"key":"Sundial"},{"floor":10,"key":"Peace Pipe"},{"floor":13,"key":"Anchor"},{"floor":14,"key":"Ancient Tea Set"},{"floor":18,"key":"hubris:ToyBattleship"},{"floor":20,"key":"Dota2Spire:EchoSabre"},{"floor":21,"key":"Dota2Spire:ArmletOfMordiggian"},{"floor":22,"key":"Dota2Spire:MagicBottle"},{"floor":23,"key":"REME_LimitBreaker"},{"floor":24,"key":"Pear"},{"floor":25,"key":"aspiration:FetidBarrel"},{"floor":26,"key":"REME_HourglassOfDeath"},{"floor":27,"key":"CCEMRelics:SpiritsEdge"},{"floor":28,"key":"Mercury Hourglass"},{"floor":29,"key":"CCEMRelics:TechnogenicHelmet"},{"floor":30,"key":"CCEMRelics:LatexGloves"},{"floor":31,"key":"CCEMRelics:TinyMinotavrHorn"},{"floor":38,"key":"infinitespire:PuzzleCube"},{"floor":39,"key":"hubris:Metronome"},{"floor":40,"key":"Smiling Mask"},{"floor":41,"key":"hubris:TenFootPole"},{"floor":42,"key":"Toy Ornithopter"},{"floor":43,"key":"Kunai"},{"floor":46,"key":"aspiration:StickyExplosives_weak"}],"event_choices":[{"damage_healed":0,"gold_gain":0,"player_choice":"Ignored","damage_taken":0,"max_hp_gain":0,"max_hp_loss":0,"event_name":"Tomb of Lord Red Mask","floor":36,"gold_loss":0}],"is_beta":false,"boss_relics":[{"not_picked":["energizedSpire:SpiderWeb","aspiration:PoetsPen_weak","StSpp:CrystalBall"]},{"not_picked":["energizedSpire:MagnifyingGlass","StSpp:Balance"],"picked":"Runic Cube"}],"items_purged_floors":[],"is_endless":false,"potions_floor_spawned":[1,2,3,5,6,7,8,10,13,14,16,18,20,21,22,23,24,25,27,28,29,30,31,33,35,38,39,40,41,42,46,48],"ascension_level":0}}