{"host":"h0xw20cia6ppa69g","time":1611645686,"event":{"mods":["AchievementEnabler","BaseMod","Colored Map","Filter the Spire","Googly Eyes","Minty Spire (QoL Compilation)","Relic Stats","StSLib","The Awakened One except there are too many feathers","everything is the same but u backflip on backflip"],"gold_per_floor":[114,114,189,32,50,50,77,77,128,153,153,173,205,215,215,310,310,326,326,0,12,12,45,45,79,79,95,95,124,136,136,136,232,232,245,295,295,25,43,75,75,89,89,103,120,154,154,179,179,179,179,179,57,92,92],"floor_reached":56,"language":"ENG","playtime":3130,"items_purged":["Normality","Decay"],"score":1465,"play_id":"16d09e2a-603c-4aab-9648-e1a867464c78","local_time":"20210126012126","is_ascension_mode":true,"campfire_choices":[{"data":"Dualcast","floor":6.0,"key":"SMITH"},{"data":"Redo","floor":8.0,"key":"SMITH"},{"data":"Consume","floor":11.0,"key":"SMITH"},{"data":"Zap","floor":15.0,"key":"SMITH"},{"data":"Defragment","floor":24,"key":"SMITH"},{"data":"Capacitor","floor":32,"key":"SMITH"},{"floor":41,"key":"RECALL"},{"data":"Amplify","floor":49,"key":"SMITH"},{"data":"Reinforced Body","floor":52,"key":"SMITH"}],"circlet_count":0,"master_deck":["Zap+1","Dualcast+1","Hello World+1","Self Repair","Meteor Strike","Conserve Battery","Thunder Strike","Redo+1","Consume+1","Reinforced Body+1","Turbo+1","Turbo+1","Conserve Battery","Defragment+1","Capacitor+1","Stack","Streamline","FTL","Electrodynamics","Leap","Storm","Coolheaded+1","Creative AI+1","Heatsinks+1","Steam+1","Glacier","Amplify+1","Capacitor+1","Capacitor+1","Chaos+1","Capacitor+1","Ball Lightning+1","Reinforced Body","Biased Cognition+1","Turbo"],"relics":["Pandora\u0027s Box","Shuriken","DollysMirror","Art of War","Orichalcum","HornCleat","Potion Belt","Cursed Key","MutagenicStrength","Bird Faced Urn","Frozen Egg 2","Bottled Lightning","Smiling Mask","Snecko Eye","Du-Vu Doll","Runic Capacitor","Centennial Puzzle","TungstenRod","Juzu Bracelet","StrikeDummy","Oddly Smooth Stone"],"acts_visited":["Exordium","TheCity","TheBeyond","TheEnding"],"potions_floor_usage":[21,36,40,55,55,55,55,55,55,55,55,55,55],"damage_taken":[{"damage":5.0,"enemies":"Small Slimes","floor":1.0,"turns":4.0},{"damage":11.0,"enemies":"Jaw Worm","floor":5.0,"turns":2.0},{"damage":18.0,"enemies":"Gremlin Nob","floor":7.0,"turns":4.0},{"damage":13.0,"enemies":"Lagavulin","floor":10.0,"turns":8.0},{"damage":1.0,"enemies":"2 Louse","floor":12.0,"turns":3.0},{"damage":14.0,"enemies":"Gremlin Nob","floor":13.0,"turns":6.0},{"damage":0.0,"enemies":"Blue Slaver","floor":14.0,"turns":3.0},{"damage":29.0,"enemies":"Slime Boss","floor":16.0,"turns":7.0},{"damage":4.0,"enemies":"3 Byrds","floor":18.0,"turns":4.0},{"damage":0,"enemies":"2 Thieves","floor":21,"turns":4},{"damage":16,"enemies":"Slavers","floor":23,"turns":3},{"damage":14,"enemies":"Book of Stabbing","floor":25,"turns":4},{"damage":0,"enemies":"Cultist and Chosen","floor":27,"turns":4},{"damage":38,"enemies":"Slavers","floor":29,"turns":6},{"damage":0,"enemies":"Centurion and Healer","floor":30,"turns":4},{"damage":0,"enemies":"Champ","floor":33,"turns":8},{"damage":16,"enemies":"3 Shapes","floor":35,"turns":4},{"damage":6,"enemies":"Mind Bloom Boss Battle","floor":36,"turns":7},{"damage":6,"enemies":"3 Darklings","floor":39,"turns":6},{"damage":16,"enemies":"Reptomancer","floor":40,"turns":5},{"damage":0,"enemies":"Sphere and 2 Shapes","floor":42,"turns":3},{"damage":6,"enemies":"Jaw Worm Horde","floor":44,"turns":4},{"damage":6,"enemies":"Maw","floor":45,"turns":4},{"damage":0,"enemies":"Nemesis","floor":46,"turns":5},{"damage":0,"enemies":"Giant Head","floor":48,"turns":6},{"damage":26,"enemies":"Donu and Deca","floor":50,"turns":5},{"damage":8,"enemies":"Shield and Spear","floor":54,"turns":4},{"damage":8,"enemies":"The Heart","floor":55,"turns":6}],"seed_played":"9197595508959469626","potions_obtained":[{"floor":5.0,"key":"Swift Potion"},{"floor":12.0,"key":"Explosive Potion"},{"floor":13.0,"key":"Block Potion"},{"floor":25,"key":"PotionOfCapacity"},{"floor":27,"key":"EntropicBrew"},{"floor":30,"key":"DistilledChaos"},{"floor":35,"key":"Energy Potion"},{"floor":42,"key":"LiquidMemories"},{"floor":45,"key":"Energy Potion"},{"floor":46,"key":"EssenceOfSteel"},{"floor":54,"key":"FocusPotion"}],"is_trial":false,"path_per_floor":["M","?","T","$","M","R","E","R","T","E","R","M","E","M","R","B",null,"M","?","$","M","?","E","R","E","T","M","T","E","M","?","R","B",null,"M","?","?","$","M","E","R","M","T","M","M","E","?","E","R","B",null,"R","$","E","B",null],"character_chosen":"DEFECT","items_purchased":["DollysMirror","Bird Faced Urn","Storm","Runic Capacitor","Capacitor+1","Biased Cognition+1"],"campfire_rested":0,"item_purchase_floors":[4,20,20,38,38,53],"current_hp_per_floor":[75,60,60,60,56,56,45,45,45,39,39,45,38,45,45,23,75,71,71,71,75,75,61,61,74,74,75,75,58,75,75,75,75,75,74,75,71,71,71,71,71,71,71,71,71,71,71,71,71,71,71,71,71,71,71],"gold":92,"neow_bonus":"BOSS_RELIC","is_daily":false,"chose_seed":false,"campfire_upgraded":8,"win_rate":0.0,"timestamp":1611645686,"path_taken":["M","?","?","?","M","R","E","R","T","E","R","M","E","M","R","BOSS","M","?","$","M","?","E","R","E","T","M","?","E","M","?","R","BOSS","M","?","?","$","M","E","R","M","T","M","M","E","?","E","R","BOSS","R","$","E","BOSS"],"items_purchased_type":["Relic","Relic","Card","Relic","Card","Card"],"build_version":"2020-12-22","purchased_purges":2,"victory":true,"max_hp_per_floor":[75,75,75,75,75,75,75,75,75,75,75,75,75,75,75,75,75,75,75,75,75,75,75,75,75,75,75,75,75,75,75,75,75,75,75,75,71,71,71,71,71,71,71,71,71,71,71,71,71,71,71,71,71,71,71],"relic_stats":{"counters":[28,133],"Juzu Bracelet":0,"Orichalcum":[108],"Cursed Key":2,"Smiling Mask":75,"Centennial Puzzle":[15],"Shuriken":[9],"Bird Faced Urn":[144],"Snecko Eye":[133,140,146,132],"Pandora\u0027s Box":["Hello World","Self Repair","Meteor Strike","Conserve Battery","Thunder Strike","Redo","Consume","Reinforced Body"],"Art of War":[41],"obtain_stats":[{"Potion Belt":13,"Oddly Smooth Stone":54,"Runic Capacitor":38,"Juzu Bracelet":46,"Orichalcum":9,"Frozen Egg 2":23,"Cursed Key":17,"Smiling Mask":29,"Du-Vu Doll":36,"Centennial Puzzle":40,"HornCleat":10,"Shuriken":3,"DollysMirror":4,"MutagenicStrength":19,"Bird Faced Urn":20,"Snecko Eye":34,"Pandora\u0027s Box":0,"Art of War":7,"Bottled Lightning":25,"Cracked Core":0,"StrikeDummy":48,"TungstenRod":43},{"Potion Belt":6,"Oddly Smooth Stone":27,"Runic Capacitor":18,"Juzu Bracelet":24,"Orichalcum":3,"Frozen Egg 2":11,"Cursed Key":8,"Smiling Mask":14,"Du-Vu Doll":18,"Centennial Puzzle":20,"HornCleat":4,"Shuriken":1,"DollysMirror":1,"MutagenicStrength":9,"Bird Faced Urn":9,"Snecko Eye":16,"Pandora\u0027s Box":0,"Art of War":3,"Bottled Lightning":12,"Cracked Core":0,"StrikeDummy":25,"TungstenRod":21},{"Potion Belt":27,"Oddly Smooth Stone":127,"Runic Capacitor":85,"Juzu Bracelet":112,"Orichalcum":10,"Frozen Egg 2":48,"Cursed Key":37,"Smiling Mask":62,"Du-Vu Doll":85,"Centennial Puzzle":96,"HornCleat":18,"Shuriken":4,"DollysMirror":4,"MutagenicStrength":41,"Bird Faced Urn":41,"Snecko Eye":74,"Pandora\u0027s Box":0,"Art of War":10,"Bottled Lightning":52,"Cracked Core":0,"StrikeDummy":118,"TungstenRod":99}],"TungstenRod":14},"card_choices":[{"not_picked":["Compile Driver","FTL"],"picked":"Turbo","floor":1.0},{"not_picked":["Coolheaded","Stack"],"picked":"Conserve Battery","floor":5.0},{"not_picked":["BootSequence","Reinforced Body"],"picked":"Defragment","floor":7.0},{"not_picked":["Stack","Machine Learning"],"picked":"Capacitor","floor":10.0},{"not_picked":["Hologram","Lockon"],"picked":"Stack","floor":12.0},{"not_picked":["Turbo","Cold Snap"],"picked":"Streamline","floor":13.0},{"not_picked":["Gash","Fusion"],"picked":"FTL","floor":14.0},{"not_picked":["All For One","Hyperbeam"],"picked":"Electrodynamics","floor":16.0},{"not_picked":["Steam","Rip and Tear"],"picked":"Leap","floor":18.0},{"not_picked":["Sweeping Beam","BootSequence"],"picked":"Coolheaded+1","floor":21},{"not_picked":["Steam","Beam Cell"],"picked":"Creative AI+1","floor":23},{"not_picked":["Coolheaded+1","Doom and Gloom+1"],"picked":"Heatsinks+1","floor":25},{"not_picked":["Streamline","Lockon+1","Self Repair+1"],"picked":"SKIP","floor":27},{"not_picked":["White Noise","Go for the Eyes"],"picked":"Steam+1","floor":29},{"not_picked":["Go for the Eyes","Darkness","Steam"],"picked":"SKIP","floor":30},{"not_picked":["Meteor Strike","Reboot"],"picked":"Amplify","floor":33},{"not_picked":["Conserve Battery","Heatsinks+1"],"picked":"Capacitor+1","floor":35},{"not_picked":["Fusion+1","Turbo+1"],"picked":"Chaos+1","floor":39},{"not_picked":["Reboot","Doom and Gloom+1","Melter+1"],"picked":"SKIP","floor":40},{"not_picked":["Conserve Battery","Steam+1"],"picked":"Capacitor+1","floor":42},{"not_picked":["Stack","Go for the Eyes+1"],"picked":"Ball Lightning+1","floor":44},{"not_picked":["Barrage+1","Redo","Leap"],"picked":"SKIP","floor":45},{"not_picked":["Barrage","Sunder"],"picked":"Reinforced Body","floor":46},{"not_picked":["Hello World+1","Conserve Battery","Gash"],"picked":"SKIP","floor":48},{"not_picked":["Beam Cell+1","Hello World+1"],"picked":"Turbo","floor":54}],"player_experience":3772953,"relics_obtained":[{"floor":3.0,"key":"Shuriken"},{"floor":7.0,"key":"Art of War"},{"floor":9.0,"key":"Orichalcum"},{"floor":10.0,"key":"HornCleat"},{"floor":13.0,"key":"Potion Belt"},{"floor":23,"key":"Frozen Egg 2"},{"floor":25,"key":"Bottled Lightning"},{"floor":29,"key":"Smiling Mask"},{"floor":36,"key":"Du-Vu Doll"},{"floor":40,"key":"Centennial Puzzle"},{"floor":43,"key":"TungstenRod"},{"floor":46,"key":"Juzu Bracelet"},{"floor":48,"key":"StrikeDummy"},{"floor":54,"key":"Oddly Smooth Stone"}],"event_choices":[{"damage_healed":0.0,"max_hp_gain":0.0,"max_hp_loss":0.0,"gold_gain":0.0,"event_name":"Shining Light","player_choice":"Entered Light","floor":2.0,"gold_loss":0.0,"damage_taken":15.0,"cards_upgraded":["Turbo","Hello World"]},{"damage_healed":0,"gold_gain":0,"player_choice":"Inject Mutagens","damage_taken":0,"relics_obtained":["MutagenicStrength"],"max_hp_gain":0,"max_hp_loss":0,"event_name":"Drug Dealer","floor":19,"gold_loss":0},{"damage_healed":0,"gold_gain":0,"player_choice":"Ignored","damage_taken":0,"max_hp_gain":0,"max_hp_loss":0,"event_name":"Ghosts","floor":22,"gold_loss":0},{"damage_healed":0,"gold_gain":0,"player_choice":"Read","damage_taken":0,"max_hp_gain":0,"max_hp_loss":0,"event_name":"The Library","floor":31,"gold_loss":0,"cards_obtained":["Glacier"]},{"damage_healed":0,"gold_gain":0,"player_choice":"Fight","damage_taken":0,"max_hp_gain":0,"max_hp_loss":0,"event_name":"MindBloom","floor":36,"gold_loss":0},{"damage_healed":0,"gold_gain":0,"player_choice":"Max HP","damage_taken":0,"max_hp_gain":0,"max_hp_loss":4,"event_name":"Winding Halls","floor":37,"gold_loss":0},{"damage_healed":0,"gold_gain":0,"player_choice":"Ignored","damage_taken":0,"max_hp_gain":0,"max_hp_loss":0,"event_name":"Tomb of Lord Red Mask","floor":47,"gold_loss":0}],"is_beta":false,"boss_relics":[{"not_picked":["Sozu","Ectoplasm"],"picked":"Cursed Key"},{"not_picked":["Busted Crown","Nuclear Battery"],"picked":"Snecko Eye"}],"items_purged_floors":[38,53],"is_endless":false,"potions_floor_spawned":[5,12,13,25,27,30,35,42,45,46,48,54],"ascension_level":1}}