{"host":"qbvxbacgnxuisbbe","time":1611685410,"event":{"mods":["Alarm Clock","BaseMod","Humility","Minty Spire (QoL Compilation)","StSLib"],"gold_per_floor":[116,116,116,191,191,226,31,65,133,158,172,191,191,204,204,204,204],"floor_reached":16,"language":"ENG","playtime":680,"items_purged":["Pain"],"score":336,"play_id":"2e1affca-06a0-412c-9942-3aa15ffa922e","local_time":"20210126182330","is_ascension_mode":true,"campfire_choices":[{"floor":13.0,"key":"REST"},{"data":"BattleHymn","floor":15.0,"key":"SMITH"}],"circlet_count":0,"master_deck":["AscendersBane","Strike_P","Strike_P","Strike_P","Strike_P","Defend_P","Defend_P","Defend_P","Defend_P","Eruption","Vigilance","Consecrate","CrushJoints","BattleHymn+1","Vengeance","Tantrum","Evaluate","CutThroughFate","LikeWater"],"relics":["PureWater","NeowsBlessing","Anchor","WarpedTongs","Toy Ornithopter","Potion Belt","Matryoshka","Bag of Preparation"],"acts_visited":["Exordium"],"potions_floor_usage":[],"damage_taken":[{"damage":0.0,"enemies":"Small Slimes","floor":1.0,"turns":1.0},{"damage":0.0,"enemies":"Gremlin Nob","floor":6.0,"turns":1.0},{"damage":0.0,"enemies":"3 Sentries","floor":8.0,"turns":1.0},{"damage":30.0,"enemies":"Gremlin Nob","floor":10.0,"turns":3.0},{"damage":17.0,"enemies":"Jaw Worm","floor":11.0,"turns":3.0},{"damage":0.0,"enemies":"Cultist","floor":12.0,"turns":2.0},{"damage":11.0,"enemies":"Gremlin Gang","floor":14.0,"turns":3.0},{"damage":35,"enemies":"The Guardian","floor":16,"turns":5}],"seed_played":"-6628082224977027367","potions_obtained":[{"floor":10.0,"key":"BottledMiracle"},{"floor":11.0,"key":"DistilledChaos"},{"floor":12.0,"key":"ColorlessPotion"}],"is_trial":false,"path_per_floor":["M","?","?","?","?","E","$","E","T","E","M","M","R","M","R","B"],"character_chosen":"WATCHER","items_purchased":["BattleHymn","Vengeance"],"campfire_rested":1,"item_purchase_floors":[7,7],"current_hp_per_floor":[61,61,61,50,50,50,50,50,50,20,3,3,23,27,27,0,0],"gold":204,"neow_bonus":"THREE_ENEMY_KILL","is_daily":false,"chose_seed":false,"campfire_upgraded":1,"win_rate":0.0,"timestamp":1611685410,"path_taken":["M","?","?","?","?","E","$","E","T","E","?","?","R","M","R","BOSS"],"items_purchased_type":["Card","Card"],"build_version":"2020-12-22","purchased_purges":1,"victory":false,"max_hp_per_floor":[68,68,68,68,68,68,68,68,68,68,68,68,68,68,68,68,68],"card_choices":[{"not_picked":["Evaluate","Sanctity"],"picked":"Consecrate","floor":1.0},{"not_picked":["Sanctity","Wireheading"],"picked":"CrushJoints","floor":6.0},{"not_picked":["EmptyBody","Consecrate"],"picked":"Tantrum","floor":8.0},{"not_picked":["Swivel","ForeignInfluence"],"picked":"Evaluate","floor":10.0},{"not_picked":["Consecrate","JustLucky"],"picked":"CutThroughFate","floor":11.0},{"not_picked":["ThirdEye","FlurryOfBlows","Weave"],"picked":"SKIP","floor":12.0},{"not_picked":["EmptyFist","SignatureMove"],"picked":"LikeWater","floor":14.0}],"player_experience":137315,"relics_obtained":[{"floor":6.0,"key":"Toy Ornithopter"},{"floor":8.0,"key":"Potion Belt"},{"floor":9.0,"key":"Matryoshka"},{"floor":10.0,"key":"Bag of Preparation"}],"event_choices":[{"damage_healed":0.0,"max_hp_gain":0.0,"max_hp_loss":0.0,"gold_gain":0.0,"event_name":"Big Fish","player_choice":"Box","floor":2.0,"gold_loss":0.0,"damage_taken":0.0,"relics_obtained":["Anchor"],"cards_obtained":["Regret"]},{"cards_removed":["Regret"],"damage_healed":0.0,"max_hp_gain":0.0,"max_hp_loss":0.0,"gold_gain":0.0,"event_name":"Living Wall","player_choice":"Forget","floor":3.0,"gold_loss":0.0,"damage_taken":0.0},{"damage_healed":0.0,"max_hp_gain":0.0,"max_hp_loss":0.0,"gold_gain":75.0,"event_name":"World of Goop","player_choice":"Gather Gold","floor":4.0,"gold_loss":0.0,"damage_taken":11.0},{"damage_healed":0.0,"max_hp_gain":0.0,"max_hp_loss":0.0,"gold_gain":0.0,"event_name":"Accursed Blacksmith","player_choice":"Rummage","floor":5.0,"gold_loss":0.0,"damage_taken":0.0,"relics_obtained":["WarpedTongs"],"cards_obtained":["Pain"]}],"is_beta":false,"boss_relics":[],"items_purged_floors":[7],"is_endless":false,"potions_floor_spawned":[10,11,12],"killed_by":"The Guardian","ascension_level":20,"is_humility":true}}