{"host":"g7mkzn6qfoxkk5sz","time":1611626836,"event":{"mods":["BaseMod","Colored Map","Colored Powertips","Decade(???)","Downfall","Hermit","KinomotoSakuraMod(????)","Koishi","Marisa????????","Minty Spire (QoL Compilation)","Reimu??????","Remilia??????","StSLib","Td1madao Mod","The Administrix","The Animator","The Bug Knight","The Construct","The Cursed","The Disciple","The Gatherer","The Hierophant","The Mystic","The Necromancer","The Runesmith","The Senshi","The Servant 0.9.4","WarShipGirlsR/????R mod","Youmu??????","Yuyuko"],"gold_per_floor":[112,36,49,49,124,124,124,152,152,183,193,193,79,108,108,209,309,320,320,352,376,49,53,53],"floor_reached":23,"language":"ENG","playtime":1850,"items_purged":[],"score":241,"play_id":"3aefe9f8-c2ad-41a5-ba76-4700037ad731","local_time":"20210126040716","is_ascension_mode":false,"campfire_choices":[{"data":"animator:Aqua","floor":7,"key":"SMITH"},{"data":"animator:Darkness","floor":15,"key":"SMITH"}],"circlet_count":0,"master_deck":["animator:Strike_Konosuba+1","animator:Defend_Konosuba+1","animator:Strike+1","animator:Strike+1","animator:Strike+1","animator:Defend+1","animator:Defend+1","animator:Defend+1","animator:Kazuma","animator:Aqua+1","animator:Entoma+3","animator:Yuuichirou","animator:Kazuma","Decay","animator:Shiro","animator:Viivi+1","animator:IzunaHatsuse","animator:Darkness+1","animator:Megumin+1","animator:Kuribayashi","animator:Gilgamesh+4","CurseOfTheBell","animator:Benimaru+1","animator:Chris","animator:Fredrika+1","animator:GazelDwargon"],"relics":["animator:LivingPicture","animator:TheMissingPiece","animator:PurgingStone","NeowsBlessing","Pear","theSenshi:SailorFukuRelic","HornCleat","Calling Bell","Blood Vial","Blue Candle","CaptainsWheel","Molten Egg 2"],"acts_visited":["TheCity"],"potions_floor_usage":[16,16,16],"damage_taken":[{"damage":0,"enemies":"Cultist","floor":1,"turns":1},{"damage":0,"enemies":"2 Louse","floor":3,"turns":1},{"damage":0,"enemies":"3 Sentries","floor":8,"turns":2},{"damage":0,"enemies":"Small Slimes","floor":10,"turns":5},{"damage":3,"enemies":"Gremlin Gang","floor":11,"turns":8},{"damage":5,"enemies":"Looter","floor":14,"turns":4},{"damage":39,"enemies":"The Guardian","floor":16,"turns":14},{"damage":29,"enemies":"Chosen","floor":18,"turns":6},{"damage":17,"enemies":"Snecko","floor":20,"turns":5},{"damage":28,"enemies":"Centurion and Healer","floor":21,"turns":6},{"damage":29,"enemies":"Sentry and Sphere","floor":23,"turns":5}],"seed_played":"6634826388407307529","potions_obtained":[{"floor":8,"key":"PowerPotion"},{"floor":10,"key":"construct:ShiftPotion"},{"floor":11,"key":"CultistPotion"},{"floor":16,"key":"Swift Potion"},{"floor":20,"key":"Weak Potion"}],"is_trial":false,"path_per_floor":["M","$","M","T","?","?","R","E","T","M","M","?","$","M","R","B",null,"M","?","M","M","$","M"],"character_chosen":"THE_ANIMATOR","items_purchased":["animator:Yuuichirou","animator:Darkness","animator:Megumin","Molten Egg 2","animator:GazelDwargon"],"campfire_rested":0,"item_purchase_floors":[2,13,13,22,22],"current_hp_per_floor":[66,66,66,76,65,65,65,70,70,73,75,75,75,73,73,39,82,56,56,44,22,22,0,0],"gold":53,"neow_bonus":"THREE_ENEMY_KILL","is_daily":false,"chose_seed":false,"campfire_upgraded":2,"win_rate":0.0,"timestamp":1611626836,"path_taken":["M","$","M","?","?","?","R","E","T","M","?","?","?","?","R","BOSS","M","?","M","M","$","M"],"items_purchased_type":["Card","Card","Card","Relic","Card"],"build_version":"2020-12-22","purchased_purges":0,"victory":false,"max_hp_per_floor":[66,66,66,76,76,76,76,78,78,78,80,80,80,80,80,82,82,82,82,82,83,83,83,83],"card_choices":[{"not_picked":["animator:Sloth","animator:YaoHaDucy"],"picked":"animator:Entoma","floor":1},{"not_picked":["animator:Togame","animator:Jibril"],"picked":"animator:Kazuma","floor":3},{"not_picked":["animator:Azekura","animator:WinryRockbell"],"picked":"animator:Shiro","floor":8},{"not_picked":["animator:Fredrika","animator:AcuraTooru"],"picked":"animator:Viivi","floor":10},{"not_picked":["animator:FielNirvalen","animator:Add"],"picked":"animator:IzunaHatsuse","floor":11},{"not_picked":["animator:Vanir","animator:Spearman"],"picked":"animator:Kuribayashi","floor":14},{"not_picked":["animator:GoblinSlayer","animator:Wiz"],"picked":"animator:Gilgamesh","floor":16},{"not_picked":["animator:NagisaMomoe+1","animator:Genos+1"],"picked":"animator:Benimaru+1","floor":18},{"not_picked":["animator:Vanir","animator:Darkness"],"picked":"animator:Chris","floor":20},{"not_picked":["animator:Kuribayashi+1","animator:Verdia"],"picked":"animator:Fredrika+1","floor":21}],"player_experience":429444,"relics_obtained":[{"floor":4,"key":"Pear"},{"floor":8,"key":"theSenshi:SailorFukuRelic"},{"floor":9,"key":"HornCleat"},{"floor":17,"key":"Blood Vial"},{"floor":17,"key":"Blue Candle"},{"floor":17,"key":"CaptainsWheel"}],"event_choices":[{"damage_healed":0,"gold_gain":75,"player_choice":"Gather Gold","damage_taken":11,"max_hp_gain":0,"max_hp_loss":0,"event_name":"World of Goop","floor":5,"gold_loss":0},{"damage_healed":0,"gold_gain":0,"player_choice":"Cursed","damage_taken":0,"max_hp_gain":0,"max_hp_loss":0,"event_name":"Wheel of Change","floor":6,"gold_loss":0,"cards_obtained":["Decay"]},{"damage_healed":0,"gold_gain":0,"player_choice":"Grow","damage_taken":0,"max_hp_gain":0,"max_hp_loss":0,"event_name":"Living Wall","floor":12,"gold_loss":0,"cards_upgraded":["animator:Viivi"]},{"damage_healed":0,"gold_gain":0,"player_choice":"Simplicity","damage_taken":0,"max_hp_gain":0,"max_hp_loss":0,"event_name":"Back to Basics","floor":19,"gold_loss":0,"cards_upgraded":["animator:Strike_Konosuba","animator:Defend_Konosuba","animator:Strike","animator:Strike","animator:Strike","animator:Defend","animator:Defend","animator:Defend"]}],"is_beta":false,"boss_relics":[{"not_picked":["Ectoplasm","Philosopher\u0027s Stone"],"picked":"Calling Bell"}],"items_purged_floors":[],"is_endless":false,"potions_floor_spawned":[8,10,11,16,20],"killed_by":"Sentry and Sphere","ascension_level":0}}