{"host":"jo2hy1cuyjtes46m","time":1611699154,"event":{"mods":["BaseMod","Challenge The Spire","Downfall","Minty Spire (QoL Compilation)","Quick Restart","StSLib"],"gold_per_floor":[0,18,193,207,207,238,238,238,238,238,238],"floor_reached":9,"language":"ENG","playtime":453,"items_purged":[],"score":68,"play_id":"5be26e62-6e47-421b-a700-f741511b5aa3","local_time":"20210126221234","is_ascension_mode":true,"campfire_choices":[{"data":"hexamod:Float","floor":1,"key":"SMITH"}],"circlet_count":0,"master_deck":["hexamod:Strike","hexamod:Strike","hexamod:Strike","hexamod:Strike","hexamod:Defend","hexamod:Defend","hexamod:Defend","hexamod:Defend","hexamod:Sear","hexamod:Float+1","Violence","hexamod:AdvancingGuard","Doubt","hexamod:StepThrough","hexamod:FourthSeal"],"relics":["hexamod:SpiritBrand","Matryoshka","HornCleat","Bottled Lightning"],"acts_visited":["Exordium"],"potions_floor_usage":[],"damage_taken":[{"damage":0,"enemies":"Cultist","floor":2,"turns":3},{"damage":1,"enemies":"2 Louse","floor":4,"turns":4},{"damage":49,"enemies":"Lagavulin","floor":6,"turns":9},{"damage":0,"enemies":"3 Sentries","floor":9,"turns":4}],"seed_played":"-8131488200744151124","potions_obtained":[{"floor":4,"key":"ColorlessPotion"},{"floor":6,"key":"FearPotion"}],"is_trial":false,"path_per_floor":["R","M","?","M","?","E","T","?","E"],"character_chosen":"THE_SPIRIT","items_purchased":[],"campfire_rested":0,"item_purchase_floors":[],"current_hp_per_floor":[70,70,70,69,69,20,20,13,13,13,13],"gold":238,"neow_bonus":"RANDOM_COLORLESS_2","is_daily":false,"chose_seed":false,"campfire_upgraded":1,"win_rate":0.0,"timestamp":1611699154,"path_taken":["R","M","?","M","?","E","T","?","E"],"items_purchased_type":[],"build_version":"2020-12-22","purchased_purges":0,"victory":false,"max_hp_per_floor":[70,70,70,70,70,70,70,70,70,70,70],"card_choices":[{"not_picked":["Mayhem","Apotheosis"],"picked":"Violence","floor":0},{"not_picked":["hexamod:Firestarter","hexamod:NecessarySacrifice"],"picked":"hexamod:AdvancingGuard","floor":2},{"not_picked":["hexamod:GhostLash","hexamod:Haunt"],"picked":"hexamod:StepThrough","floor":4},{"not_picked":["hexamod:ThermalTransfer","hexamod:SpectersWail","hexamod:Rewind"],"picked":"SKIP","floor":6}],"player_experience":293245,"relics_obtained":[{"floor":6,"key":"Matryoshka"},{"floor":7,"key":"HornCleat"},{"floor":7,"key":"Bottled Lightning"}],"event_choices":[{"damage_healed":0,"gold_gain":0,"player_choice":"Fled","damage_taken":7,"max_hp_gain":0,"max_hp_loss":0,"event_name":"Scrap Ooze","floor":8,"gold_loss":0}],"is_beta":false,"boss_relics":[],"items_purged_floors":[],"is_endless":false,"potions_floor_spawned":[4],"killed_by":"3 Sentries","ascension_level":3}}