{"host":"auv68s8i97pkmhwr","time":1611659693,"event":{"mods":["A Penny For Your Troubles","AchievementEnabler","BaseMod","Best Route Mod","Bestiary","Better Altar","Better Match","Better Note","Better Sensory Stone","Better Skull","Better Third Choice","Better Vampires","BetterRewards","Block Reminder","Colored Map","Colored Powertips","Dark Map","Displayed Cursed Tome","Minty Spire (QoL Compilation)","StSLib","SuperFastMode","Uncapped","Unceasing Turn Reminder"],"gold_per_floor":[119,129,146,221,239,265,265,283,283,315,315,326,352,352,352,452,452,470,229,229,19,19,19,54,54,54,83,96,111,131,159,159,264,264,277,293,308,324,324,357,357,391,391,391,410,422,422,457,457,458,458,458,25,52,52],"floor_reached":56,"language":"ENG","playtime":2131,"items_purged":["Strike_B","Strike_B","Defend_B"],"score":2538,"play_id":"5623a91e-e49a-48e9-9276-c0f316654414","local_time":"20210126191453","is_ascension_mode":true,"campfire_choices":[{"data":"Defragment","floor":7.0,"key":"SMITH"},{"data":"Defragment","floor":15.0,"key":"SMITH"},{"data":"Defragment","floor":23.0,"key":"SMITH"},{"data":"Chill","floor":25.0,"key":"SMITH"},{"data":"Seek","floor":32.0,"key":"SMITH"},{"data":"Fission","floor":41,"key":"SMITH"},{"data":"Capacitor","floor":44,"key":"SMITH"},{"data":"Coolheaded","floor":47,"key":"SMITH"},{"floor":49,"key":"RECALL"},{"data":"Echo Form","floor":52,"key":"SMITH"}],"circlet_count":0,"master_deck":["AscendersBane","Strike_B+1","Strike_B+1","Defend_B","Defend_B","Zap","Dualcast","Defragment+1","Coolheaded+1","Defragment+1","Capacitor+1","Streamline","Leap","Chill+1","White Noise","Seek+1","Ball Lightning+1","Defragment+1","Coolheaded","Fission+1","Echo Form+1","Ball Lightning","Electrodynamics"],"relics":["Cracked Core","DollysMirror","Prayer Wheel","Pocketwatch","Ice Cream","Akabeko","White Beast Statue","Dead Branch","Whetstone","The Courier","Shuriken","Boot","Tiny Chest","Busted Crown","DataDisk","Potion Belt","Runic Capacitor","Pantograph","Cables","Matryoshka","Emotion Chip","Bottled Lightning","Nuclear Battery","Omamori","Mummified Hand","Pen Nib","PreservedInsect","InkBottle","Toy Ornithopter","Bag of Marbles","Gremlin Horn","Pear"],"acts_visited":["Exordium","TheCity","TheBeyond","TheEnding"],"potions_floor_usage":[42,42,50,50,55,55,55,55,55,55,55,55,55,55,55],"damage_taken":[{"damage":2.0,"enemies":"Jaw Worm","floor":1.0,"turns":3.0},{"damage":0.0,"enemies":"2 Louse","floor":2.0,"turns":2.0},{"damage":3.0,"enemies":"Small Slimes","floor":3.0,"turns":3.0},{"damage":0.0,"enemies":"2 Fungi Beasts","floor":5.0,"turns":4.0},{"damage":4.0,"enemies":"Gremlin Nob","floor":6.0,"turns":3.0},{"damage":4.0,"enemies":"Exordium Wildlife","floor":8.0,"turns":3.0},{"damage":0.0,"enemies":"Lagavulin","floor":10.0,"turns":6.0},{"damage":4.0,"enemies":"Looter","floor":12.0,"turns":3.0},{"damage":4.0,"enemies":"Gremlin Nob","floor":13.0,"turns":3.0},{"damage":12.0,"enemies":"The Guardian","floor":16.0,"turns":10.0},{"damage":0.0,"enemies":"Spheric Guardian","floor":18.0,"turns":4.0},{"damage":21.0,"enemies":"Gremlin Leader","floor":24.0,"turns":4.0},{"damage":0.0,"enemies":"Book of Stabbing","floor":27.0,"turns":4.0},{"damage":0.0,"enemies":"Shell Parasite","floor":28.0,"turns":4.0},{"damage":0.0,"enemies":"Snecko","floor":29.0,"turns":3.0},{"damage":0.0,"enemies":"Centurion and Healer","floor":30.0,"turns":6.0},{"damage":0.0,"enemies":"Slavers","floor":31.0,"turns":5.0},{"damage":0.0,"enemies":"Automaton","floor":33.0,"turns":7.0},{"damage":0.0,"enemies":"3 Darklings","floor":35.0,"turns":3.0},{"damage":0.0,"enemies":"Orb Walker","floor":36.0,"turns":3.0},{"damage":0.0,"enemies":"4 Shapes","floor":37.0,"turns":6.0},{"damage":0.0,"enemies":"Jaw Worm Horde","floor":38.0,"turns":4.0},{"damage":0,"enemies":"Giant Head","floor":40,"turns":6},{"damage":0,"enemies":"Reptomancer","floor":42,"turns":5},{"damage":0,"enemies":"Sphere and 2 Shapes","floor":45,"turns":3},{"damage":0,"enemies":"Writhing Mass","floor":46,"turns":6},{"damage":0,"enemies":"Giant Head","floor":48,"turns":5},{"damage":2,"enemies":"Time Eater","floor":50,"turns":4},{"damage":33,"enemies":"Shield and Spear","floor":54,"turns":4},{"damage":86,"enemies":"The Heart","floor":55,"turns":7}],"seed_played":"7329854906209339060","potions_obtained":[{"floor":1.0,"key":"Explosive Potion"},{"floor":2.0,"key":"Explosive Potion"},{"floor":3.0,"key":"ColorlessPotion"},{"floor":5.0,"key":"Fruit Juice"},{"floor":6.0,"key":"FocusPotion"},{"floor":8.0,"key":"Weak Potion"},{"floor":10.0,"key":"Block Potion"},{"floor":13.0,"key":"CultistPotion"},{"floor":16.0,"key":"LiquidMemories"},{"floor":18.0,"key":"Block Potion"},{"floor":24.0,"key":"Block Potion"},{"floor":27.0,"key":"FairyPotion"},{"floor":28.0,"key":"DuplicationPotion"},{"floor":29.0,"key":"Fire Potion"},{"floor":30.0,"key":"Regen Potion"},{"floor":31.0,"key":"Explosive Potion"},{"floor":33.0,"key":"BlessingOfTheForge"},{"floor":35.0,"key":"BlessingOfTheForge"},{"floor":36.0,"key":"Block Potion"},{"floor":37.0,"key":"EntropicBrew"},{"floor":38.0,"key":"DistilledChaos"},{"floor":40,"key":"Weak Potion"},{"floor":42,"key":"EssenceOfSteel"},{"floor":45,"key":"LiquidMemories"},{"floor":46,"key":"Swift Potion"},{"floor":54,"key":"Block Potion"}],"is_trial":false,"path_per_floor":["M","M","M","?","M","E","R","M","T","E","?","M","E","?","R","B",null,"M","$","?","$","T","R","E","R","T","E","M","M","M","E","R","B",null,"M","M","M","M","?","E","R","E","T","R","M","M","R","E","R","B",null,"R","$","E","B",null],"character_chosen":"DEFECT","items_purchased":["Defragment","Coolheaded","DollysMirror","Capacitor","Pocketwatch","Akabeko","White Beast Statue","Streamline","Whetstone","DataDisk","Potion Belt","Runic Capacitor","Defragment","Coolheaded","Toy Ornithopter","Bag of Marbles","Gremlin Horn"],"campfire_rested":0,"item_purchase_floors":[0,0,0,0,0,0,0,0,0,19,19,21,21,21,53,53,53],"current_hp_per_floor":[66,66,63,52,52,53,53,49,49,49,46,42,38,38,38,26,67,67,67,67,67,67,67,46,46,46,46,46,46,46,60,60,80,80,80,80,80,80,80,80,80,80,80,80,80,80,80,80,80,78,80,80,80,57,9],"gold":52,"neow_bonus":"","is_daily":false,"chose_seed":false,"campfire_upgraded":9,"win_rate":0.0,"timestamp":1611659693,"path_taken":["M","M","M","?","M","E","R","M","T","E","?","M","E","?","R","BOSS","M","?","?","$","?","R","E","R","T","E","M","M","M","E","R","BOSS","M","M","M","?","?","E","R","E","T","R","M","M","R","E","R","BOSS","R","$","E","BOSS"],"items_purchased_type":["Card","Card","Relic","Card","Relic","Relic","Relic","Card","Relic","Relic","Relic","Relic","Card","Card","Relic","Relic","Relic"],"build_version":"2020-12-22","purchased_purges":3,"victory":true,"max_hp_per_floor":[75,75,75,75,75,80,80,80,80,80,80,80,80,80,80,80,80,80,80,80,80,80,80,80,80,80,80,80,80,80,80,80,80,80,80,80,80,80,80,80,80,80,80,80,80,80,80,80,80,80,80,80,80,90,90],"card_choices":[{"not_picked":["Go for the Eyes","Recycle","Turbo"],"picked":"SKIP","floor":1.0},{"not_picked":["Sweeping Beam","Steam","Undo"],"picked":"SKIP","floor":1.0},{"not_picked":["Hologram","Auto Shields","Compile Driver"],"picked":"SKIP","floor":2.0},{"not_picked":["Heatsinks","Loop","Undo"],"picked":"SKIP","floor":2.0},{"not_picked":["Force Field","Coolheaded"],"picked":"Leap","floor":3.0},{"not_picked":["BootSequence","Streamline","All For One"],"picked":"SKIP","floor":3.0},{"not_picked":["Turbo","Cold Snap","Stack"],"picked":"SKIP","floor":5.0},{"not_picked":["Rebound","FTL","Conserve Battery"],"picked":"SKIP","floor":5.0},{"not_picked":["Gash","Sweeping Beam","Leap"],"picked":"SKIP","floor":6.0},{"not_picked":["Compile Driver","FTL","Redo"],"picked":"SKIP","floor":8.0},{"not_picked":["Go for the Eyes","Chill","Coolheaded"],"picked":"SKIP","floor":8.0},{"not_picked":["Go for the Eyes","Coolheaded"],"picked":"Chill","floor":8.0},{"not_picked":["Compile Driver","FTL","Redo"],"picked":"SKIP","floor":8.0},{"not_picked":["Hello World","Steam"],"picked":"White Noise","floor":10.0},{"not_picked":["Coolheaded","Barrage","Streamline"],"picked":"SKIP","floor":12.0},{"not_picked":["Conserve Battery","Barrage","FTL"],"picked":"SKIP","floor":12.0},{"not_picked":["Beam Cell","Aggregate","Stack"],"picked":"SKIP","floor":13.0},{"not_picked":["Echo Form","Amplify"],"picked":"Seek","floor":16.0},{"not_picked":["Steam+1"],"picked":"SKIP","floor":18.0},{"not_picked":["Gash"],"picked":"SKIP","floor":18.0},{"not_picked":["Hello World+1"],"picked":"SKIP","floor":24.0},{"not_picked":["Reprogram"],"picked":"SKIP","floor":27.0},{"not_picked":["Rebound+1"],"picked":"SKIP","floor":28.0},{"not_picked":["White Noise"],"picked":"SKIP","floor":28.0},{"not_picked":["Skim"],"picked":"SKIP","floor":29.0},{"not_picked":["Chaos"],"picked":"SKIP","floor":29.0},{"not_picked":["Tempest+1"],"picked":"SKIP","floor":30.0},{"not_picked":["Compile Driver"],"picked":"SKIP","floor":30.0},{"not_picked":["Steam"],"picked":"SKIP","floor":31.0},{"not_picked":[],"picked":"Fission","floor":33.0},{"not_picked":["Aggregate"],"picked":"SKIP","floor":35.0},{"not_picked":["Redo"],"picked":"SKIP","floor":35.0},{"not_picked":["Redo"],"picked":"SKIP","floor":36.0},{"not_picked":["Turbo+1"],"picked":"SKIP","floor":36.0},{"not_picked":["Rebound"],"picked":"SKIP","floor":37.0},{"not_picked":["Cold Snap"],"picked":"SKIP","floor":37.0},{"not_picked":["Reprogram+1"],"picked":"SKIP","floor":38.0},{"not_picked":["Compile Driver"],"picked":"SKIP","floor":38.0},{"not_picked":["Rip and Tear+1"],"picked":"SKIP","floor":40},{"not_picked":[],"picked":"Echo Form","floor":42},{"not_picked":[],"picked":"Ball Lightning","floor":45},{"not_picked":["BootSequence"],"picked":"SKIP","floor":45},{"not_picked":["Conserve Battery+1"],"picked":"SKIP","floor":46},{"not_picked":["Barrage"],"picked":"SKIP","floor":46},{"not_picked":[],"picked":"Electrodynamics","floor":48},{"not_picked":["Gash+1"],"picked":"SKIP","floor":54}],"player_experience":1260684,"relics_obtained":[{"floor":6.0,"key":"The Courier"},{"floor":10.0,"key":"Shuriken"},{"floor":13.0,"key":"Tiny Chest"},{"floor":22.0,"key":"Pantograph"},{"floor":24.0,"key":"Cables"},{"floor":26.0,"key":"Matryoshka"},{"floor":27.0,"key":"Emotion Chip"},{"floor":31.0,"key":"Bottled Lightning"},{"floor":40,"key":"Omamori"},{"floor":42,"key":"Mummified Hand"},{"floor":43,"key":"Pen Nib"},{"floor":43,"key":"PreservedInsect"},{"floor":48,"key":"InkBottle"},{"floor":54,"key":"Pear"}],"event_choices":[{"damage_healed":0.0,"max_hp_gain":0.0,"max_hp_loss":0.0,"gold_gain":75.0,"event_name":"betterThird:BetterGoop","player_choice":"Gold","floor":4.0,"gold_loss":0.0,"damage_taken":11.0},{"damage_healed":0.0,"max_hp_gain":0.0,"max_hp_loss":0.0,"gold_gain":0.0,"event_name":"betterThird:BetterScrap","player_choice":"Relic ","floor":11.0,"gold_loss":0.0,"damage_taken":3.0,"cards_obtained":["Skewer"]},{"cards_removed":["Defend_B"],"damage_healed":0.0,"max_hp_gain":0.0,"max_hp_loss":0.0,"gold_gain":0.0,"event_name":"Purifier","player_choice":"Purged","floor":14.0,"gold_loss":0.0,"damage_taken":0.0},{"damage_healed":0.0,"max_hp_gain":0.0,"max_hp_loss":0.0,"gold_gain":0.0,"event_name":"betterNote:BetterNote","player_choice":"Take","floor":20.0,"gold_loss":0.0,"damage_taken":0.0,"cards_obtained":["Ball Lightning"]},{"damage_healed":0,"gold_gain":0,"player_choice":"Ignored","damage_taken":0,"max_hp_gain":0,"max_hp_loss":0,"event_name":"betterThird:BetterPortal","floor":39,"gold_loss":0}],"is_beta":false,"boss_relics":[{"not_picked":["Inserter","Sozu"],"picked":"Busted Crown"},{"not_picked":["Runic Pyramid","Tiny House"],"picked":"Nuclear Battery"}],"items_purged_floors":[0,0,0],"is_endless":false,"potions_floor_spawned":[1,2,3,5,6,8,10,12,13,16,18,24,27,28,29,30,31,33,35,36,37,38,40,42,45,46,48,54],"ascension_level":10}}