{"host":"ojezjkpqju62j8xy","time":1611644404,"event":{"mods":["ATMod(°¢èªMod)","Act Like it!","Aspiration","BaseMod","Conspire","Minty Spire (QoL Compilation)","Pale of the Ancients","Replay The Spire","Spicy Shops","StSLib","[GremlinLeader]The Maniac","¡¾ÒÅÎï¿¨ÅÆ¡¿REMEMod"],"gold_per_floor":[119,119,139,49,59,90,90,101,125,150,167,342,342,342,342,444,444,463,46,57,57,57,92,19,19,19,44,62,87,97,128,128,226,226,245,258,275,275,275,301,301,330,330,347,357,389,400,66,66,66,80,99,134,7,7,18,18,18,18,18],"floor_reached":61,"language":"ZHS","playtime":2513,"items_purged":["Doubt","Defend_P"],"score":1908,"play_id":"f6de8af0-073e-4d43-85b5-e0da63069d21","local_time":"20210126150004","is_ascension_mode":true,"campfire_choices":[{"floor":7.0,"key":"RECALL"},{"data":"AT_EmpoweredMortalDraw","floor":13,"key":"SMITH"},{"data":"BattleHymn","floor":15,"key":"SMITH"},{"floor":25,"key":"REST"},{"floor":32,"key":"REST"},{"data":"AT_IrregularMenstruation","floor":41,"key":"SMITH"},{"floor":49,"key":"REST"},{"data":"Ragnarok","floor":55,"key":"SMITH"},{"floor":57,"key":"REST"}],"circlet_count":0,"master_deck":["Strike_P+1","Strike_P","Strike_P","Strike_P","Defend_P","Defend_P","Defend_P","Eruption","Vigilance","AT_IchimonjiDouble+1","AT_EmpoweredMortalDraw+1","SandsOfTime","Replay:BluntJabs","BattleHymn+1","Consecrate","Pot Of Greed","Pot Of Greed+1","REME_Repentance","EmptyBody","FollowUp","AT_IrregularMenstruation+1","FlyingSleeves+1","Pot Of Greed","REME_Repentance","WindmillStrike+1","FlurryOfBlows","Indignation+1","EmptyMind","FollowUp","EmptyBody","FlyingSleeves+1","AT_OneInchPunch+1","Ragnarok+1","BattleHymn+1","AT_ChampionStep+1","Pot Of Greed","EmptyBody+1","EmptyFist","FlurryOfBlows","Replay:BluntJabs+1","Halt","DeceiveReality+1","Fasting2+1","Halt+1","BattleHymn+1","Conclude+1","Crescendo+1","FollowUp","Pot Of Greed","Vengeance+1","Halt+1","REME_CRH+1","Prostrate+1","Worship"],"relics":["PureWater","AT_ATBox","REME_ComplimentaryCards","Grinning Jar","conspire:TopHat","Calling Bell","Omamori","Replay:Ringing Soul","Gambling Chip","Membership Card","Kunai","aspiration:Stabinomicon","aspiration:RitualStick","Bronze Scales","REME_HandOfSuture","Bottled Tornado","Bag of Preparation","Gremlin Food","Red Mask","Painkiller Herb","Ring of Misfortune","ReplayTheSpireMod:Ring of Challenge","StrikeDummy","TeardropLocket","Pear","Prayer Wheel","Meat on the Bone","Damaru","Sling","paleoftheancients:Timepiece","paleoftheancients:KeyRelic","CultistMask","paleoftheancients:SoulOfTheShowman","aspiration:Lifesprig","OrangePellets","Replay:Kaleidoscope"],"acts_visited":["Exordium","TheCity","TheBeyond","paleoftheancients:PaleOfTheAncients"],"potions_floor_usage":[10,10,18,20,23,30,31,40,40,45,46,48,60,60,60],"damage_taken":[{"damage":0.0,"enemies":"Small Slimes","floor":1.0,"turns":2.0},{"damage":0.0,"enemies":"Cultist","floor":3.0,"turns":2.0},{"damage":0.0,"enemies":"2 Louse","floor":5.0,"turns":2.0},{"damage":0.0,"enemies":"Gremlin Nob","floor":6.0,"turns":2.0},{"damage":0.0,"enemies":"2 Fungi Beasts","floor":8.0,"turns":2.0},{"damage":0,"enemies":"3 Sentries","floor":10,"turns":3},{"damage":4,"enemies":"Blue Slaver","floor":11,"turns":4},{"damage":30,"enemies":"Fading Forest","floor":16,"turns":11},{"damage":2,"enemies":"Shell Parasite","floor":18,"turns":3},{"damage":12,"enemies":"3 Byrds","floor":20,"turns":3},{"damage":16,"enemies":"Book of Stabbing","floor":23,"turns":3},{"damage":0,"enemies":"Gremlin Leader","floor":27,"turns":4},{"damage":0,"enemies":"Centurion and Healer","floor":28,"turns":2},{"damage":23,"enemies":"Book of Stabbing","floor":29,"turns":3},{"damage":14,"enemies":"Shelled Parasite and Fungi","floor":30,"turns":3},{"damage":4,"enemies":"Masked Bandits","floor":31,"turns":3},{"damage":12,"enemies":"conspire:MysteriousRune","floor":33,"turns":3},{"damage":8,"enemies":"3 Darklings","floor":35,"turns":3},{"damage":0,"enemies":"Orb Walker","floor":36,"turns":1},{"damage":7,"enemies":"3 Darklings","floor":37,"turns":2},{"damage":15,"enemies":"R_Hoarder","floor":40,"turns":3},{"damage":26,"enemies":"Giant Head","floor":42,"turns":4},{"damage":0,"enemies":"Jaw Worm Horde","floor":44,"turns":1},{"damage":0,"enemies":"Writhing Mass","floor":45,"turns":2},{"damage":24,"enemies":"Reptomancer","floor":46,"turns":3},{"damage":21,"enemies":"Maw","floor":47,"turns":3},{"damage":73,"enemies":"Donu and Deca","floor":50,"turns":4},{"damage":41,"enemies":"Donu and Deca","floor":51,"turns":3},{"damage":50,"enemies":"Donu and Deca","floor":52,"turns":5},{"damage":0,"enemies":"conspire:MimicChest","floor":53,"turns":2},{"damage":66,"enemies":"conspire:MimicChest","floor":56,"turns":5},{"damage":7,"enemies":"paleoftheancients:N","floor":60,"turns":3}],"seed_played":"1469424946991683173","potions_obtained":[{"floor":1.0,"key":"SteroidPotion"},{"floor":5.0,"key":"SteroidPotion"},{"floor":6.0,"key":"Swift Potion"},{"floor":10,"key":"Ambrosia"},{"floor":16,"key":"Dexterity Potion"},{"floor":18,"key":"LiquidMemories"},{"floor":28,"key":"Fire Potion"},{"floor":30,"key":"Energy Potion"},{"floor":31,"key":"Energy Potion"},{"floor":33,"key":"ColorlessPotion"},{"floor":40,"key":"Swift Potion"},{"floor":44,"key":"EssenceOfSteel"},{"floor":46,"key":"DuplicationPotion"},{"floor":51,"key":"SkillPotion"}],"is_trial":false,"path_per_floor":["M","?","M","$","M","E","R","M","T","E","M","?","R","?","R","B",null,"M","$","M","?","?","E","$","R","T","E","M","E","M","?","R","B",null,"?","?","?","?","?","E","T","E","T","?","?","E","?","T","T","B","?","?","?","T","T","?","T","T","?","B",null],"character_chosen":"WATCHER","items_purchased":["Replay:BluntJabs","Membership Card","REME_Repentance","Ambrosia","Kunai","WindmillStrike","REME_HandOfSuture","Meat on the Bone","Damaru","Sling","REME_GoldPotion","BattleHymn+1","OrangePellets","REME_CRH+1"],"campfire_rested":4,"item_purchase_floors":[4,19,19,19,19,19,24,48,48,48,48,48,54,54],"current_hp_per_floor":[79,79,79,79,79,79,79,79,79,79,75,75,75,75,75,53,79,80,83,74,58,40,27,27,54,54,57,60,40,29,28,59,50,109,104,107,103,103,103,91,91,68,78,81,84,63,45,48,92,149,132,121,142,145,145,124,164,164,164,161],"gold":18,"neow_bonus":"TEN_PERCENT_HP_BONUS","is_daily":false,"chose_seed":false,"campfire_upgraded":4,"win_rate":0.0,"timestamp":1611644404,"path_taken":["M","?","?","?","M","E","R","M","T","E","M","?","R","?","R","BOSS","M","$","M","?","?","E","?","R","T","E","M","E","M","?","R","BOSS","?","?","?","?","?","E","T","E","T","?","?","E","?","T","T","BOSS","?","?","?","T","T","?","T","T","?","BOSS"],"items_purchased_type":["Card","Relic","Card","Potion","Relic","Card","Relic","Relic","Relic","Relic","Potion","Card","Relic","Card"],"build_version":"2020-12-22","purchased_purges":2,"victory":true,"max_hp_per_floor":[79,79,79,79,79,79,79,79,79,79,79,79,79,79,79,79,79,82,85,88,88,88,91,91,91,91,94,97,100,103,106,106,109,109,112,115,118,118,118,121,121,124,134,137,140,143,146,149,149,149,152,155,158,161,161,164,164,164,164,164],"card_choices":[{"not_picked":["SashWhip","AT_DivineConfetti"],"picked":"FlurryOfBlows","floor":1.0},{"not_picked":["Prostrate","EmptyFist"],"picked":"SandsOfTime","floor":3.0},{"not_picked":["PathToVictory","FlyingSleeves"],"picked":"BattleHymn","floor":5.0},{"not_picked":["Worship","Evaluate"],"picked":"Consecrate","floor":6.0},{"not_picked":["PathToVictory","Replay:ManipulateFuture"],"picked":"REME_Repentance","floor":8.0},{"not_picked":["Evaluate","SashWhip"],"picked":"EmptyBody","floor":10},{"not_picked":["FlyingSleeves","Replay:Battleflow"],"picked":"FollowUp","floor":11},{"not_picked":["Omniscience","DevaForm"],"picked":"AT_IrregularMenstruation","floor":16},{"not_picked":["Prostrate","REME_Repentance"],"picked":"FlyingSleeves+1","floor":18},{"not_picked":["Replay:AtTheReady","Replay:ManipulateFuture"],"picked":"FlurryOfBlows","floor":20},{"not_picked":["Prostrate","WindmillStrike+1"],"picked":"Indignation+1","floor":23},{"not_picked":["DeceiveReality","AT_SoftenMuscles+1"],"picked":"EmptyMind","floor":27},{"not_picked":["Evaluate","ForeignInfluence"],"picked":"FollowUp","floor":28},{"not_picked":["Blasphemy","Replay:Battleflow"],"picked":"EmptyBody","floor":29},{"not_picked":["Swivel","FollowUp"],"picked":"FlyingSleeves+1","floor":30},{"not_picked":["Perseverance","ReachHeaven+1"],"picked":"AT_OneInchPunch+1","floor":31},{"not_picked":["Judgement","SpiritShield"],"picked":"Ragnarok","floor":33},{"not_picked":["EmptyBody","EmptyFist"],"picked":"BattleHymn+1","floor":35},{"not_picked":["Protect","SashWhip"],"picked":"AT_ChampionStep+1","floor":36},{"not_picked":["FollowUp+1","Protect"],"picked":"EmptyBody+1","floor":37},{"not_picked":["SashWhip+1","SandsOfTime+1"],"picked":"EmptyFist","floor":40},{"not_picked":["PathToVictory","AT_RealColorLess"],"picked":"FlurryOfBlows","floor":42},{"not_picked":["WindmillStrike+1","BowlingBash"],"picked":"Replay:BluntJabs+1","floor":44},{"not_picked":["Meditate+1","PathToVictory"],"picked":"Halt","floor":45},{"not_picked":["LessonLearned","Halt"],"picked":"DeceiveReality+1","floor":46},{"not_picked":["Prostrate","CutThroughFate"],"picked":"Fasting2+1","floor":47},{"not_picked":["ThirdEye","CarveReality+1"],"picked":"Halt+1","floor":47},{"not_picked":["Replay:AtTheReady","Replay:Vibes"],"picked":"Conclude+1","floor":51},{"not_picked":["REME_Repentance","FlurryOfBlows"],"picked":"Crescendo+1","floor":51},{"not_picked":["Evaluate","WheelKick"],"picked":"FollowUp","floor":52},{"not_picked":["Halt","AT_OneInchPunch"],"picked":"Vengeance+1","floor":52},{"not_picked":["EmptyFist","Replay:BluntJabs"],"picked":"Halt+1","floor":53},{"not_picked":["ThirdEye+1","EmptyBody"],"picked":"Prostrate+1","floor":56},{"not_picked":["Replay:Vibes+1","CutThroughFate+1"],"picked":"Worship","floor":56}],"player_experience":1380584,"relics_obtained":[{"floor":6.0,"key":"Grinning Jar"},{"floor":10,"key":"conspire:TopHat"},{"floor":17,"key":"Omamori"},{"floor":17,"key":"Replay:Ringing Soul"},{"floor":17,"key":"Gambling Chip"},{"floor":21,"key":"aspiration:Stabinomicon"},{"floor":23,"key":"Bronze Scales"},{"floor":26,"key":"Bottled Tornado"},{"floor":27,"key":"Bag of Preparation"},{"floor":29,"key":"Gremlin Food"},{"floor":31,"key":"Red Mask"},{"floor":39,"key":"Ring of Misfortune"},{"floor":39,"key":"ReplayTheSpireMod:Ring of Challenge"},{"floor":40,"key":"StrikeDummy"},{"floor":42,"key":"TeardropLocket"},{"floor":43,"key":"Pear"},{"floor":46,"key":"Prayer Wheel"},{"floor":52,"key":"paleoftheancients:SoulOfTheShowman"},{"floor":53,"key":"aspiration:Lifesprig"},{"floor":58,"key":"Replay:Kaleidoscope"}],"event_choices":[{"damage_healed":0,"gold_gain":175,"player_choice":"AGREE","damage_taken":0,"max_hp_gain":0,"max_hp_loss":0,"event_name":"Liars Game","floor":12,"gold_loss":0,"cards_obtained":["Doubt"]},{"damage_healed":0,"gold_gain":0,"player_choice":"Grow","damage_taken":0,"max_hp_gain":0,"max_hp_loss":0,"event_name":"Living Wall","floor":14,"gold_loss":0,"cards_upgraded":["AT_IchimonjiDouble"]},{"damage_healed":0,"gold_gain":0,"player_choice":"Obtained Book","damage_taken":16,"max_hp_gain":0,"max_hp_loss":0,"event_name":"Cursed Tome","floor":21,"gold_loss":0},{"damage_healed":0,"gold_gain":0,"player_choice":"Fought Bandits","damage_taken":0,"max_hp_gain":0,"max_hp_loss":0,"event_name":"Masked Bandits","floor":31,"gold_loss":0},{"cards_removed":["FlurryOfBlows"],"damage_healed":0,"gold_gain":0,"player_choice":"Removed Attack","damage_taken":0,"max_hp_gain":0,"max_hp_loss":0,"event_name":"Falling","floor":38,"gold_loss":0}],"is_beta":false,"boss_relics":[{"not_picked":["Empty Cage","conspire:SpecialSausage"],"picked":"Calling Bell"},{"not_picked":["Replay:Wanted Poster","Runic Pyramid"],"picked":"Painkiller Herb"}],"items_purged_floors":[19,48],"is_endless":false,"potions_floor_spawned":[1,5,6,10,16,18,28,30,31,33,35,40,44,46,51,56],"ascension_level":4}}