{"host":"vpcwwncyo54nsck6","time":1611653109,"event":{"mods":["BaseMod","Downfall","Minty Spire (QoL Compilation)","StSLib"],"gold_per_floor":[99,114,125,125,300,300,300,300,315,331,231,296,327,338,355,455,455,355,368,380,480,500,51,51,51,64,64,94,113,132,132,148,250,250,150,166,166,178,38,38,38,51,51,77,77,91,91,118,132,132,132,132,132,132],"floor_reached":52,"language":"ENG","playtime":8043,"items_purged":["hexamod:Strike"],"score":811,"play_id":"1a0e61cc-3e2e-49fb-8933-4b4f66369815","local_time":"20210126012509","is_ascension_mode":false,"campfire_choices":[{"floor":1.0,"key":"RECALL"},{"data":"hexamod:Float","floor":11.0,"key":"SMITH"},{"data":"hexamod:SkipABeat","floor":18.0,"key":"SMITH"},{"floor":25.0,"key":"REST"},{"data":"hexamod:EtherealExpedition","floor":35,"key":"SMITH"},{"data":"hexamod:Hexaguard","floor":45,"key":"SMITH"},{"data":"hexamod:GhostOfSpireFuture","floor":47,"key":"SMITH"}],"circlet_count":0,"master_deck":["hexamod:Strike+1","hexamod:Strike+1","hexamod:Strike+1","hexamod:Defend+1","hexamod:Defend+1","hexamod:Defend+1","hexamod:Defend+1","hexamod:Sear+1","hexamod:Float+1","hexamod:SkipABeat+1","hexamod:Again","hexamod:PowerFromBeyond+1","hexamod:Incineration+1","hexamod:StepThrough+1","hexamod:SixthSeal","hexamod:NightmareGuise+1","hexamod:FastForward+1","hexamod:PhantomFireball+1","hexamod:GhostOfSpireFuture+1","hexamod:TimeOfNeed","hexamod:StepThrough+1","hexamod:EtherealExpedition+1","hexamod:Again+1","hexamod:ThirdSeal","hexamod:PhantomFireball+1","hexamod:SpectersWail+1","hexamod:TurnItUp+1","hexamod:NightmareGuise+1","hexamod:Hexaguard+1","hexamod:Again+1","hexamod:NightmareStrike+1","hexamod:FirstSeal","hexamod:Again+1","expansioncontent:PolyBeam","expansioncontent:PolyBeam+1","expansioncontent:YouAreMine+1","hexamod:GhostOfSpireFuture+1","hexamod:FastForward+1","hexamod:ApocalypseNow","hexamod:GhostOfSpireFuture+1","hexamod:EtherealExpedition+1"],"relics":["hexamod:SpiritBrand","Anchor","downfall:HeartBlessingRed","Thread and Needle","Potion Belt","expansioncontent:StudyCardRelic","downfall:HeartBlessingGreen","Toy Ornithopter","Mercury Hourglass","hexamod:SoulConsumer","Eternal Feather","Philosopher\u0027s Stone","downfall:HeartBlessingBlue","TungstenRod","Smiling Mask","Mango"],"acts_visited":["Exordium","TheCity","TheBeyond","TheEnding"],"potions_floor_usage":[28,33,38,42,42,50,50,50,50,52],"damage_taken":[{"damage":0.0,"enemies":"Small Slimes","floor":2.0,"turns":4.0},{"damage":0.0,"enemies":"2 Louse","floor":3.0,"turns":3.0},{"damage":2.0,"enemies":"Jaw Worm","floor":9.0,"turns":3.0},{"damage":0.0,"enemies":"2 Fungi Beasts","floor":10.0,"turns":4.0},{"damage":20.0,"enemies":"3 Sentries","floor":12.0,"turns":9.0},{"damage":0.0,"enemies":"3 Sentries","floor":13.0,"turns":7.0},{"damage":0.0,"enemies":"Exordium Thugs","floor":14.0,"turns":4.0},{"damage":0.0,"enemies":"Exordium Wildlife","floor":15.0,"turns":3.0},{"damage":23.0,"enemies":"SI_SHIV_ARCHETYPE","floor":16.0,"turns":8.0},{"damage":3.0,"enemies":"Shell Parasite","floor":19.0,"turns":5.0},{"damage":0.0,"enemies":"3 Byrds","floor":20.0,"turns":5.0},{"damage":11.0,"enemies":"downfall:LadyInBlue","floor":21.0,"turns":10.0},{"damage":14.0,"enemies":"3 Cultists","floor":22.0,"turns":5.0},{"damage":0.0,"enemies":"downfall:FleeingMerchant","floor":23.0,"turns":4.0},{"damage":0.0,"enemies":"Cultist and Chosen","floor":26.0,"turns":6.0},{"damage":6,"enemies":"Slavers","floor":28,"turns":4},{"damage":15,"enemies":"Shelled Parasite and Fungi","floor":29,"turns":6},{"damage":0,"enemies":"Centurion and Healer","floor":30,"turns":4},{"damage":1,"enemies":"3 Cultists","floor":32,"turns":4},{"damage":13,"enemies":"IC_MUSHROOM_ARCHETYPE","floor":33,"turns":5},{"damage":15,"enemies":"Orb Walker","floor":36,"turns":3},{"damage":10,"enemies":"3 Shapes","floor":38,"turns":5},{"damage":0,"enemies":"downfall:FleeingMerchant","floor":39,"turns":4},{"damage":0,"enemies":"Transient","floor":42,"turns":5},{"damage":13,"enemies":"Nemesis","floor":44,"turns":5},{"damage":0,"enemies":"Spire Growth","floor":46,"turns":4},{"damage":41,"enemies":"Reptomancer","floor":48,"turns":8},{"damage":2,"enemies":"Maw","floor":49,"turns":7},{"damage":79,"enemies":"WA_ARCHETYPE_DIVINITY","floor":50,"turns":13},{"damage":179,"enemies":"downfall:CharBossMerchant","floor":52,"turns":11}],"seed_played":"9204077474199242136","potions_obtained":[{"floor":2.0,"key":"champ:CounterPotion"},{"floor":9.0,"key":"hexamod:EctoCoolerPotion"},{"floor":12.0,"key":"FairyPotion"},{"floor":15.0,"key":"Swift Potion"},{"floor":16.0,"key":"bronze:BurnAndBuffPotion"},{"floor":20.0,"key":"sneckomod:MuddlingPotion"},{"floor":21.0,"key":"hexamod:InfernoChargePotion"},{"floor":21.0,"key":"hexamod:SoulburnPotion"},{"floor":26.0,"key":"ColorlessPotion"},{"floor":32,"key":"SkillPotion"},{"floor":36,"key":"Explosive Potion"},{"floor":42,"key":"LiquidBronze"},{"floor":44,"key":"GamblersBrew"},{"floor":48,"key":"Weak Potion"},{"floor":49,"key":"SkillPotion"}],"is_trial":false,"path_per_floor":["R","M","M","?","?","?","T","?","M","M","R","?","E","M","M","B",null,"R","M","M","?","M","$","T","R","M","T","E","M","M","?","M","B",null,"R","M","?","M","$","?","T","M","?","E","R","M","R","E","M","B",null,"E"],"character_chosen":"THE_SPIRIT","items_purchased":["hexamod:TimeOfNeed","hexamod:StepThrough","Mercury Hourglass","Swift Potion"],"campfire_rested":1,"item_purchase_floors":[23,23,23,39],"current_hp_per_floor":[77,77,77,82,82,82,82,82,80,80,80,60,60,60,60,37,82,82,79,79,68,54,59,59,82,82,82,80,69,73,73,76,72,82,92,81,81,80,84,84,84,92,83,81,92,92,92,76,78,30,106,0,0,0],"gold":132,"neow_bonus":"TEN_PERCENT_HP_BONUS","is_daily":false,"chose_seed":false,"campfire_upgraded":5,"win_rate":0.0,"timestamp":1611653109,"path_taken":["R","M","M","?","?","?","T","?","?","M","R","?","E","M","M","BOSS","R","M","M","?","M","?","T","R","M","?","E","?","M","?","M","BOSS","R","M","?","M","$","?","T","M","?","E","R","M","R","E","M","BOSS","E"],"items_purchased_type":["Card","Card","Relic","Potion"],"build_version":"2020-12-22","purchased_purges":1,"victory":false,"max_hp_per_floor":[77,77,77,82,82,82,82,82,82,82,82,82,82,82,82,82,82,82,82,82,82,82,82,82,82,82,82,82,82,82,82,82,82,82,92,92,92,92,92,92,92,92,92,92,92,92,92,106,106,106,106,106,106,106],"card_choices":[{"not_picked":["hexamod:RetreatToShadows","hexamod:FastForward"],"picked":"hexamod:SkipABeat","floor":2.0},{"not_picked":["hexamod:GhostLash","hexamod:ShieldOfDarkness","hexamod:AdvancingGuard"],"picked":"SKIP","floor":3.0},{"not_picked":["hexamod:CatchUp","hexamod:NecessarySacrifice"],"picked":"hexamod:Again","floor":9.0},{"not_picked":["hexamod:SwordOfDarkness","hexamod:HauntingEcho"],"picked":"hexamod:PowerFromBeyond","floor":10.0},{"not_picked":["hexamod:GhostOfSpirePast","hexamod:AdvancingGuard"],"picked":"hexamod:Incineration","floor":13.0},{"not_picked":["hexamod:SpectersWail","hexamod:Incineration"],"picked":"hexamod:StepThrough","floor":14.0},{"not_picked":["hexamod:BacktrackSmack","hexamod:HauntingEcho","hexamod:GhostLash"],"picked":"SKIP","floor":15.0},{"not_picked":["hexamod:TurnItUp","hexamod:ParanormalForm"],"picked":"hexamod:SixthSeal","floor":16.0},{"not_picked":["hexamod:PhantomCloak","hexamod:ShieldOfDarkness"],"picked":"hexamod:NightmareGuise","floor":19.0},{"not_picked":["hexamod:GhostOfSpireFuture+1","hexamod:SpectralSpark"],"picked":"hexamod:FastForward+1","floor":20.0},{"not_picked":["hexamod:BurningTouch","hexamod:GhostflameBarrier"],"picked":"hexamod:PhantomFireball","floor":21.0},{"not_picked":["hexamod:SuperheatedStrike+1","hexamod:BacktrackSmack+1","hexamod:FastForward"],"picked":"SKIP","floor":22.0},{"not_picked":["hexamod:GhostflameBarrier+1","hexamod:ThermalTransfer"],"picked":"hexamod:GhostOfSpireFuture","floor":23.0},{"not_picked":["hexamod:HauntingEcho+1","hexamod:SwordOfDarkness+1","hexamod:InspiringFlames"],"picked":"SKIP","floor":26.0},{"not_picked":["hexamod:AdvancingGuard","hexamod:PowerFromBeyond"],"picked":"hexamod:EtherealExpedition","floor":28},{"not_picked":["hexamod:Incineration","hexamod:NightmareStrike"],"picked":"hexamod:Again","floor":29},{"not_picked":["hexamod:AdvancingGuard+1","hexamod:GhostOfSpirePresent"],"picked":"hexamod:ThirdSeal","floor":30},{"not_picked":["hexamod:FlamesFromBeyond","hexamod:ThermalTransfer"],"picked":"hexamod:PhantomFireball+1","floor":32},{"not_picked":["hexamod:NightmareGuise","hexamod:SpectersWail","hexamod:SpectralAdrenaline"],"picked":"SKIP","floor":32},{"not_picked":["hexamod:NightmareGuise","hexamod:SpectralAdrenaline"],"picked":"hexamod:SpectersWail","floor":32},{"not_picked":["hexamod:HexaLevel","hexamod:UnleashSpirits"],"picked":"hexamod:TurnItUp","floor":33},{"not_picked":["hexamod:GhostOfSpirePast+1","hexamod:BacktrackSmack+1"],"picked":"hexamod:NightmareGuise+1","floor":36},{"not_picked":["hexamod:NightmareStrike","hexamod:PhantomFireball"],"picked":"hexamod:Hexaguard","floor":36},{"not_picked":["hexamod:RadiantFlame","hexamod:InspiringFlames+1"],"picked":"hexamod:Again+1","floor":38},{"not_picked":["hexamod:EmpoweredFlame+1","hexamod:SuperheatedStrike+1"],"picked":"hexamod:NightmareStrike+1","floor":38},{"not_picked":["hexamod:Hexaguard+1","hexamod:UnlimitedPower"],"picked":"hexamod:FirstSeal","floor":39},{"not_picked":["hexamod:ShieldOfDarkness+1","hexamod:HeatMetal","hexamod:BacktrackSmack"],"picked":"SKIP","floor":39},{"not_picked":["hexamod:Firestarter+1","hexamod:SuperheatedStrike"],"picked":"hexamod:Again+1","floor":42},{"not_picked":["hexamod:AdvancingGuard+1","hexamod:GhostflameBarrier","hexamod:FastForward"],"picked":"SKIP","floor":42},{"not_picked":["expansioncontent:GuardianWhirl","expansioncontent:AwakenDeath"],"picked":"expansioncontent:PolyBeam","floor":43},{"not_picked":["expansioncontent:AwakenDeath","expansioncontent:GuardianWhirl"],"picked":"expansioncontent:PolyBeam","floor":43},{"not_picked":["expansioncontent:AwakenDeath","expansioncontent:PolyBeam"],"picked":"expansioncontent:YouAreMine","floor":43},{"not_picked":["hexamod:SearingWound","hexamod:ExtraCrispy"],"picked":"hexamod:GhostOfSpireFuture","floor":44},{"not_picked":["hexamod:AdvancingGuard","hexamod:EtherealExpedition+1"],"picked":"hexamod:FastForward+1","floor":46},{"not_picked":["hexamod:GhostLash","hexamod:BurningTouch","hexamod:ThirdSeal"],"picked":"SKIP","floor":46},{"not_picked":["hexamod:ChargedBarrage+1","hexamod:DynamicBlow"],"picked":"hexamod:ApocalypseNow","floor":48},{"not_picked":["hexamod:PhantomCloak","hexamod:RainOfEmbers+1","hexamod:Hexaguard"],"picked":"SKIP","floor":48},{"not_picked":["hexamod:AdvancingGuard+1","hexamod:Hexaguard+1"],"picked":"hexamod:GhostOfSpireFuture+1","floor":49},{"not_picked":["hexamod:NightmareGuise","hexamod:GhostLash"],"picked":"hexamod:EtherealExpedition+1","floor":49}],"player_experience":2458910,"relics_obtained":[{"floor":7.0,"key":"Anchor"},{"floor":13.0,"key":"Potion Belt"},{"floor":21.0,"key":"Toy Ornithopter"},{"floor":27.0,"key":"hexamod:SoulConsumer"},{"floor":28,"key":"Eternal Feather"},{"floor":41,"key":"TungstenRod"},{"floor":44,"key":"Smiling Mask"},{"floor":48,"key":"Mango"}],"event_choices":[{"damage_healed":0.0,"max_hp_gain":5.0,"max_hp_loss":0.0,"gold_gain":0.0,"event_name":"Big Fish","player_choice":"Donut","floor":4.0,"gold_loss":0.0,"damage_taken":0.0},{"cards_removed":["Doubt"],"damage_healed":0.0,"max_hp_gain":0.0,"max_hp_loss":0.0,"gold_gain":0.0,"event_name":"The Cleric","player_choice":"Card Removal","floor":8.0,"gold_loss":0.0,"damage_taken":0.0}],"is_beta":false,"boss_relics":[{"not_picked":["Runic Dome","Snecko Eye"],"picked":"expansioncontent:StudyCardRelic"},{"not_picked":["Runic Pyramid","hexamod:UnbrokenSoul"],"picked":"Philosopher\u0027s Stone"}],"items_purged_floors":[39],"is_endless":false,"potions_floor_spawned":[2,9,12,15,16,20,21,26,32,36,42,44,48,49],"killed_by":"downfall:CharBossMerchant","ascension_level":0}}