{"host":"6xsbn6ynqlzwllfm","time":1611692853,"event":{"mods":["2.2 Compatiblity","BaseMod","Bestiary","Colored Map","Colored Powertips","Curses Come First","Highlight Path","Keyboard Shortcuts","Minty Spire (QoL Compilation)","Relic Stats","Slay the Relics Exporter","StSLib","SuperFastMode"],"gold_per_floor":[117,137,157,174,174,211,237,281,281,293,314,368,380,362,374,490,502,564,23,44,101,111,111,154,154,154,190,209,235,235,150,159,272,272,331,390,114,172,230,264,264,296,305,17,78,78,7,37,46,46],"floor_reached":51,"language":"ENG","playtime":3045,"items_purged":["Strike_P","Defend_P","Pain"],"score":1159,"play_id":"1d3181e8-0c8e-4565-99c9-17254416337e","local_time":"20210126152733","is_ascension_mode":true,"campfire_choices":[{"data":"TalkToTheHand","floor":10,"key":"SMITH"},{"data":"TalkToTheHand","floor":13,"key":"SMITH"},{"data":"Eruption","floor":15,"key":"SMITH"},{"floor":23,"key":"REST"},{"data":"EmptyMind","floor":25,"key":"SMITH"},{"floor":30,"key":"REST"},{"floor":32,"key":"REST"},{"floor":41,"key":"REST"},{"floor":46,"key":"REST"},{"floor":49,"key":"REST"}],"circlet_count":0,"master_deck":["Strike_P","Strike_P","Strike_P","Defend_P+1","Defend_P+1","Eruption+1","Vigilance","TalkToTheHand+1","Weave","FlurryOfBlows","Consecrate+1","FlyingSleeves","EmptyMind+1","TalkToTheHand+1","MasterReality","CarveReality","Wish+1","JustLucky+1","Pray+1","Weave","JustLucky","Vengeance+1","Protect+1","TalkToTheHand","ConjureBlade+1","Wireheading","TalkToTheHand+1","WreathOfFlame+1","DeusExMachina+1","CutThroughFate","DeceiveReality+1","EmptyMind+1","TalkToTheHand+1","ConjureBlade+1","ThirdEye+1","Parasite","Collect+1","Crescendo+1"],"relics":["SlaversCollar","CeramicFish","Toxic Egg 2","MawBank","Orichalcum","Cursed Key","Vajra","Medical Kit","White Beast Statue","War Paint","Dream Catcher","Black Star","Chemical X","Strawberry","PreservedInsect","Ancient Tea Set","TeardropLocket","Akabeko","Toy Ornithopter","Thread and Needle","CaptainsWheel"],"acts_visited":["Exordium","TheCity","TheBeyond"],"potions_floor_usage":[6,8,22,22,27,35,35,36,39,39,40,40,48,50,50,50],"damage_taken":[{"damage":0,"enemies":"Cultist","floor":1,"turns":2},{"damage":0,"enemies":"Small Slimes","floor":2,"turns":3},{"damage":4,"enemies":"Jaw Worm","floor":3,"turns":4},{"damage":0,"enemies":"Exordium Wildlife","floor":4,"turns":2},{"damage":20,"enemies":"3 Sentries","floor":6,"turns":7},{"damage":9,"enemies":"3 Louse","floor":7,"turns":2},{"damage":5,"enemies":"Lagavulin","floor":8,"turns":5},{"damage":0,"enemies":"Gremlin Nob","floor":12,"turns":4},{"damage":7,"enemies":"The Guardian","floor":16,"turns":9},{"damage":4,"enemies":"3 Byrds","floor":18,"turns":4},{"damage":0,"enemies":"Chosen","floor":20,"turns":4},{"damage":18,"enemies":"Snake Plant","floor":21,"turns":4},{"damage":2,"enemies":"Sentry and Sphere","floor":22,"turns":3},{"damage":4,"enemies":"Book of Stabbing","floor":24,"turns":4},{"damage":6,"enemies":"Slavers","floor":27,"turns":6},{"damage":6,"enemies":"Shelled Parasite and Fungi","floor":28,"turns":3},{"damage":10,"enemies":"Snake Plant","floor":29,"turns":4},{"damage":0,"enemies":"Champ","floor":33,"turns":7},{"damage":4,"enemies":"3 Darklings","floor":35,"turns":4},{"damage":18,"enemies":"3 Shapes","floor":36,"turns":5},{"damage":10,"enemies":"Jaw Worm Horde","floor":38,"turns":6},{"damage":27,"enemies":"3 Darklings","floor":39,"turns":5},{"damage":9,"enemies":"Reptomancer","floor":40,"turns":5},{"damage":0,"enemies":"Nemesis","floor":42,"turns":5},{"damage":7,"enemies":"Giant Head","floor":45,"turns":6},{"damage":0,"enemies":"Writhing Mass","floor":48,"turns":6},{"damage":66,"enemies":"Donu and Deca","floor":50,"turns":8}],"seed_played":"4825821991689416565","potions_obtained":[{"floor":1,"key":"Weak Potion"},{"floor":2,"key":"LiquidBronze"},{"floor":3,"key":"Strength Potion"},{"floor":7,"key":"Ancient Potion"},{"floor":14,"key":"Explosive Potion"},{"floor":20,"key":"SpeedPotion"},{"floor":21,"key":"Regen Potion"},{"floor":24,"key":"Swift Potion"},{"floor":27,"key":"Dexterity Potion"},{"floor":28,"key":"Explosive Potion"},{"floor":35,"key":"Block Potion"},{"floor":36,"key":"BlessingOfTheForge"},{"floor":38,"key":"Explosive Potion"},{"floor":39,"key":"Explosive Potion"},{"floor":40,"key":"Fruit Juice"},{"floor":42,"key":"Weak Potion"},{"floor":45,"key":"Strength Potion"},{"floor":48,"key":"Regen Potion"}],"is_trial":false,"path_per_floor":["M","M","M","M","?","E","M","E","T","R","?","E","R","?","R","B",null,"M","$","M","M","M","R","E","R","T","E","M","M","R","?","R","B",null,"M","M","$","M","M","E","R","E","T","$","E","R","?","M","R","B",null],"character_chosen":"WATCHER","items_purchased":["Pray+1","Weave","JustLucky","Vajra","Medical Kit","Chemical X","EmptyMind+1","ThirdEye+1","Akabeko"],"campfire_rested":6,"item_purchase_floors":[19,19,19,19,19,37,37,44,44],"current_hp_per_floor":[72,72,68,68,68,48,39,34,34,34,34,34,34,34,34,27,61,57,57,57,39,42,63,59,59,59,53,47,37,58,58,72,72,72,68,50,50,40,13,11,34,34,34,34,27,50,50,60,84,38],"gold":46,"neow_bonus":"BOSS_RELIC","is_daily":false,"chose_seed":false,"campfire_upgraded":4,"win_rate":0.0,"timestamp":1611692853,"path_taken":["M","M","?","M","?","E","?","E","T","R","?","E","R","?","R","BOSS","M","$","M","M","M","R","E","R","T","E","M","?","R","?","R","BOSS","M","M","$","M","M","E","R","E","T","$","E","R","?","M","R","BOSS"],"items_purchased_type":["Card","Card","Card","Relic","Relic","Relic","Card","Card","Relic"],"build_version":"2020-12-22","purchased_purges":3,"victory":true,"max_hp_per_floor":[72,72,72,72,72,72,72,72,72,72,72,72,72,72,72,72,72,72,72,72,72,72,72,72,72,72,72,72,72,72,72,72,72,72,72,72,72,72,72,79,79,79,79,79,79,79,79,84,84,84],"relic_stats":{"counters":[27,127],"CeramicFish":252,"PreservedInsect":172,"Orichalcum":[54],"War Paint":["Defend_P","Defend_P"],"MawBank":120,"Cursed Key":1,"Medical Kit":[8],"Dream Catcher":4,"Black Star":3,"Chemical X":[9],"obtain_stats":[{"CeramicFish":6,"Vajra":19,"Thread and Needle":45,"PreservedInsect":40,"TeardropLocket":42,"Orichalcum":12,"War Paint":27,"MawBank":9,"Cursed Key":17,"Medical Kit":19,"Ancient Tea Set":42,"White Beast Statue":24,"Akabeko":44,"SlaversCollar":0,"Dream Catcher":31,"CaptainsWheel":47,"Strawberry":40,"Black Star":34,"Chemical X":37,"PureWater":0,"Toxic Egg 2":8,"Toy Ornithopter":45},{"CeramicFish":5,"Vajra":10,"Thread and Needle":25,"PreservedInsect":23,"TeardropLocket":24,"Orichalcum":8,"War Paint":15,"MawBank":7,"Cursed Key":9,"Medical Kit":10,"Ancient Tea Set":24,"White Beast Statue":14,"Akabeko":24,"SlaversCollar":0,"Dream Catcher":17,"CaptainsWheel":25,"Strawberry":23,"Black Star":18,"Chemical X":20,"PureWater":0,"Toxic Egg 2":7,"Toy Ornithopter":25},{"CeramicFish":18,"Vajra":42,"Thread and Needle":113,"PreservedInsect":102,"TeardropLocket":107,"Orichalcum":29,"War Paint":63,"MawBank":25,"Cursed Key":38,"Medical Kit":42,"Ancient Tea Set":107,"White Beast Statue":57,"Akabeko":107,"SlaversCollar":0,"Dream Catcher":70,"CaptainsWheel":113,"Strawberry":102,"Black Star":77,"Chemical X":86,"PureWater":0,"Toxic Egg 2":25,"Toy Ornithopter":113}],"Toy Ornithopter":10},"card_choices":[{"not_picked":["Sanctity","FlyingSleeves"],"picked":"TalkToTheHand","floor":1},{"not_picked":["EmptyMind","Prostrate"],"picked":"Weave","floor":2},{"not_picked":["Consecrate","SashWhip"],"picked":"FlurryOfBlows","floor":3},{"not_picked":["ClearTheMind","Prostrate"],"picked":"Consecrate","floor":4},{"not_picked":["DevaForm","SashWhip"],"picked":"FlyingSleeves","floor":6},{"not_picked":["Collect","LikeWater"],"picked":"EmptyMind","floor":7},{"not_picked":["FlyingSleeves","JustLucky"],"picked":"TalkToTheHand","floor":8},{"not_picked":["FlyingSleeves","Nirvana"],"picked":"CarveReality","floor":12},{"not_picked":["Ragnarok","Blasphemy+1"],"picked":"Wish+1","floor":16},{"not_picked":["WindmillStrike","Worship+1"],"picked":"JustLucky+1","floor":18},{"not_picked":["Weave","FlyingSleeves"],"picked":"Vengeance+1","floor":20},{"not_picked":["CrushJoints","ReachHeaven"],"picked":"Protect+1","floor":21},{"not_picked":["Vengeance+1","FearNoEvil"],"picked":"TalkToTheHand","floor":24},{"not_picked":["Consecrate","SignatureMove"],"picked":"ConjureBlade+1","floor":27},{"not_picked":["Study","Consecrate"],"picked":"Wireheading","floor":28},{"not_picked":["Indignation+1","SashWhip"],"picked":"TalkToTheHand+1","floor":29},{"not_picked":["FlurryOfBlows","Vengeance+1"],"picked":"WreathOfFlame+1","floor":32},{"not_picked":["Alpha+1","Blasphemy+1"],"picked":"DeusExMachina+1","floor":33},{"not_picked":["BowlingBash","EmptyFist"],"picked":"CutThroughFate","floor":35},{"not_picked":["WheelKick","Protect+1"],"picked":"DeceiveReality+1","floor":36},{"not_picked":["Adaptation","InnerPeace+1"],"picked":"TalkToTheHand+1","floor":38},{"not_picked":["SandsOfTime+1","WindmillStrike+1"],"picked":"ConjureBlade+1","floor":39},{"not_picked":["Consecrate","DeceiveReality+1","Crescendo+1"],"picked":"SKIP","floor":40},{"not_picked":["EmptyBody+1","ThirdEye+1"],"picked":"Collect+1","floor":48},{"not_picked":["CutThroughFate","FollowUp+1"],"picked":"Crescendo+1","floor":49}],"player_experience":1136786,"relics_obtained":[{"floor":6,"key":"CeramicFish"},{"floor":8,"key":"Toxic Egg 2"},{"floor":9,"key":"MawBank"},{"floor":12,"key":"Orichalcum"},{"floor":24,"key":"White Beast Statue"},{"floor":27,"key":"War Paint"},{"floor":40,"key":"Strawberry"},{"floor":40,"key":"PreservedInsect"},{"floor":42,"key":"Ancient Tea Set"},{"floor":42,"key":"TeardropLocket"},{"floor":45,"key":"Toy Ornithopter"},{"floor":45,"key":"Thread and Needle"}],"event_choices":[{"damage_healed":0,"gold_gain":0,"player_choice":"Upgraded","damage_taken":0,"max_hp_gain":0,"max_hp_loss":0,"event_name":"Upgrade Shrine","floor":5,"gold_loss":0,"cards_upgraded":["Consecrate"]},{"damage_healed":0,"gold_gain":0,"cards_transformed":["Defend_P"],"player_choice":"Change","damage_taken":0,"max_hp_gain":0,"max_hp_loss":0,"event_name":"Living Wall","floor":11,"gold_loss":0,"cards_obtained":["MasterReality"]},{"damage_healed":0,"gold_gain":0,"player_choice":"Bought 2 Potions","damage_taken":0,"max_hp_gain":0,"max_hp_loss":0,"event_name":"The Woman in Blue","floor":14,"gold_loss":0},{"damage_healed":0,"gold_gain":0,"player_choice":"Obtained Relic","damage_taken":0,"relics_obtained":["Dream Catcher"],"max_hp_gain":0,"max_hp_loss":0,"event_name":"Addict","floor":31,"gold_loss":85},{"damage_healed":0,"gold_gain":0,"player_choice":"Paid Gold","damage_taken":0,"relics_obtained":["CaptainsWheel"],"max_hp_gain":0,"max_hp_loss":0,"event_name":"WeMeetAgain","floor":47,"gold_loss":71}],"is_beta":false,"boss_relics":[{"not_picked":["Coffee Dripper","Astrolabe"],"picked":"Cursed Key"},{"not_picked":["Busted Crown","Runic Dome"],"picked":"Black Star"}],"items_purged_floors":[19,37,44],"is_endless":false,"potions_floor_spawned":[1,2,3,7,20,21,24,27,28,29,33,35,36,38,39,40,42,45,48],"ascension_level":5}}