{"host":"1tl36azeqm6yhdgj","time":1611678007,"event":{"mods":["AchievementEnabler","BaseMod","Minty Spire (QoL Compilation)","StSLib","The IronCluck","everything is the same but u backflip on backflip"],"gold_per_floor":[119,131,131,131,131,156,53,78,153,183,195,208,236,250,250,327,327,342,65,84,84,101,101,101],"floor_reached":23,"language":"ENG","playtime":595,"items_purged":[],"score":472,"play_id":"b6e60b98-3215-4db5-9467-887db5142263","local_time":"20210126112007","is_ascension_mode":true,"campfire_choices":[{"floor":15.0,"key":"REST"}],"circlet_count":0,"master_deck":["AscendersBane","Strike_R","Strike_R","Strike_R","Defend_R","Defend_R","Defend_R","Defend_R","Bash","Cleave","Inflame","Flash of Steel","Dropkick","Dropkick","Demon Form","Shockwave","Anger","Berserk","CurseOfTheBell","Metallicize","Clash","Inflame","Uppercut","Flame Barrier+1"],"relics":["Burning Blood","NeowsBlessing","Ginger","Bronze Scales","StoneCalendar","Ornamental Fan","Nunchaku","Odd Mushroom","Calling Bell","Bag of Preparation","Blue Candle","Turnip","White Beast Statue"],"acts_visited":["Exordium","TheCity"],"potions_floor_usage":[16,22,22],"damage_taken":[{"damage":0.0,"enemies":"Jaw Worm","floor":1.0,"turns":1.0},{"damage":0.0,"enemies":"Cultist","floor":2.0,"turns":1.0},{"damage":0.0,"enemies":"Gremlin Nob","floor":6.0,"turns":1.0},{"damage":30.0,"enemies":"3 Sentries","floor":8.0,"turns":6.0},{"damage":13.0,"enemies":"Lagavulin","floor":10.0,"turns":7.0},{"damage":0.0,"enemies":"Small Slimes","floor":11.0,"turns":2.0},{"damage":6.0,"enemies":"2 Fungi Beasts","floor":12.0,"turns":3.0},{"damage":14.0,"enemies":"The Mushroom Lair","floor":13.0,"turns":3.0},{"damage":15.0,"enemies":"Looter","floor":14.0,"turns":3.0},{"damage":5,"enemies":"Slime Boss","floor":16,"turns":7},{"damage":18,"enemies":"Spheric Guardian","floor":18,"turns":5},{"damage":35,"enemies":"Shell Parasite","floor":20,"turns":5},{"damage":26,"enemies":"Centurion and Healer","floor":22,"turns":6},{"damage":39,"enemies":"Book of Stabbing","floor":23,"turns":4}],"seed_played":"7626443813792311258","potions_obtained":[{"floor":1.0,"key":"Explosive Potion"},{"floor":3.0,"key":"BloodPotion"},{"floor":8.0,"key":"Weak Potion"},{"floor":11.0,"key":"Ancient Potion"},{"floor":14.0,"key":"Energy Potion"},{"floor":20,"key":"ColorlessPotion"},{"floor":22,"key":"Weak Potion"}],"is_trial":false,"path_per_floor":["M","M","?","$","T","E","$","E","T","E","M","M","?","M","R","B",null,"M","$","M","?","M","E"],"character_chosen":"IRONCLAD","items_purchased":["Flash of Steel","White Beast Statue"],"campfire_rested":1,"item_purchase_floors":[7,19],"current_hp_per_floor":[74,75,75,75,75,75,75,51,51,44,50,50,42,33,55,56,70,58,58,29,29,24,0,0],"gold":101,"neow_bonus":"THREE_ENEMY_KILL","is_daily":false,"chose_seed":false,"campfire_upgraded":0,"win_rate":0.0,"timestamp":1611678007,"path_taken":["M","M","?","?","?","E","?","E","T","E","?","M","?","M","R","BOSS","M","$","M","?","M","E"],"items_purchased_type":["Card","Relic"],"build_version":"2020-12-22","purchased_purges":0,"victory":false,"max_hp_per_floor":[75,75,75,75,75,75,75,75,75,75,75,75,75,75,75,75,75,75,75,75,75,75,75,75],"card_choices":[{"not_picked":["Reckless Charge","Second Wind"],"picked":"Cleave","floor":1.0},{"not_picked":["Body Slam","Feel No Pain"],"picked":"Inflame","floor":2.0},{"not_picked":["Headbutt","Entrench","Cleave"],"picked":"SKIP","floor":6.0},{"not_picked":["Pommel Strike","Entrench"],"picked":"Dropkick","floor":8.0},{"not_picked":["Cleave","Dual Wield"],"picked":"Dropkick","floor":10.0},{"not_picked":["Wild Strike","Clash"],"picked":"Demon Form","floor":11.0},{"not_picked":["True Grit","Searing Blow"],"picked":"Shockwave","floor":12.0},{"not_picked":["Headbutt","Havoc"],"picked":"Anger","floor":14.0},{"not_picked":["Offering","Feed"],"picked":"Berserk","floor":16},{"not_picked":["True Grit","Headbutt"],"picked":"Metallicize","floor":18},{"not_picked":["Ghostly Armor","Armaments"],"picked":"Clash","floor":20},{"not_picked":["Sword Boomerang","Pommel Strike"],"picked":"Flame Barrier+1","floor":22}],"player_experience":2068229,"relics_obtained":[{"floor":5.0,"key":"Ginger"},{"floor":6.0,"key":"Bronze Scales"},{"floor":8.0,"key":"StoneCalendar"},{"floor":9.0,"key":"Ornamental Fan"},{"floor":10.0,"key":"Nunchaku"},{"floor":13.0,"key":"Odd Mushroom"},{"floor":17,"key":"Bag of Preparation"},{"floor":17,"key":"Blue Candle"},{"floor":17,"key":"Turnip"}],"event_choices":[{"damage_healed":0.0,"max_hp_gain":0.0,"max_hp_loss":0.0,"gold_gain":0.0,"event_name":"Lab","player_choice":"Got Potions","floor":3.0,"gold_loss":0.0,"damage_taken":0.0},{"damage_healed":0.0,"max_hp_gain":0.0,"max_hp_loss":0.0,"gold_gain":0.0,"event_name":"Mushrooms","player_choice":"Fought Mushrooms","floor":13.0,"gold_loss":0.0,"damage_taken":0.0},{"damage_healed":0,"gold_gain":0,"cards_transformed":["Strike_R","Strike_R"],"player_choice":"Became Test Subject","damage_taken":0,"max_hp_gain":0,"max_hp_loss":0,"event_name":"Drug Dealer","floor":21,"gold_loss":0,"cards_obtained":["Inflame","Uppercut"]}],"is_beta":false,"boss_relics":[{"not_picked":["Pandora\u0027s Box","Fusion Hammer"],"picked":"Calling Bell"}],"items_purged_floors":[],"is_endless":false,"potions_floor_spawned":[1,8,11,14,20,22],"killed_by":"Book of Stabbing","ascension_level":20}}