{"host":"8fjsnt81u6xsmhji","time":1611650045,"event":{"mods":["BaseMod","Beaked The Cultist","Colored Powertips","Downfall","Glutton Mod","Hermit","Minty Spire (QoL Compilation)","Quick Restart","StSLib","The Bug Knight","The Forsaken","The Hierophant","The Runesmith"],"gold_per_floor":[199,211,225,238,238,75,98,125,137,168,210,222,274,271,296,403,415,427,439,467,165,345,345,345,361,374,374,409,422,322,339,353,353,353],"floor_reached":33,"language":"ENG","playtime":2123,"items_purged":[],"score":346,"play_id":"7e6c8579-810d-4672-a30a-bdc71e3123ff","local_time":"20210126023405","is_ascension_mode":true,"campfire_choices":[{"data":"hermit:Snapshot","floor":1.0,"key":"SMITH"},{"floor":9.0,"key":"REST"},{"data":"hermit:Showdown","floor":18.0,"key":"SMITH"},{"floor":23.0,"key":"REST"},{"floor":30.0,"key":"REST"}],"circlet_count":0,"master_deck":["hermit:Strike_Hermit","hermit:Strike_Hermit","hermit:Strike_Hermit","hermit:Defend_Hermit","hermit:Defend_Hermit","hermit:Defend_Hermit","hermit:Defend_Hermit","hermit:Snapshot+1","hermit:Covet","hermit:Headshot","hermit:FlashPowder","hermit:Showdown+1","hermit:RoundhouseKick","hermit:WideOpen+1","hermit:Determination","hermit:Glare","hermit:EyeOfTheStorm"],"relics":["hermit:Momento","NlothsMask","Toolbox","MawBank","SlaversCollar","downfall:KnowingSkull","Singing Bowl","Strange Spoon","Omamori","downfall:HeartBlessingBlue"],"acts_visited":["Exordium","TheCity"],"potions_floor_usage":[33,33,33],"damage_taken":[{"damage":0.0,"enemies":"2 Louse","floor":2.0,"turns":2.0},{"damage":1.0,"enemies":"Cultist","floor":3.0,"turns":3.0},{"damage":2.0,"enemies":"Jaw Worm","floor":4.0,"turns":3.0},{"damage":0.0,"enemies":"downfall:FleeingMerchant","floor":6.0,"turns":4.0},{"damage":14.0,"enemies":"Lagavulin","floor":8.0,"turns":6.0},{"damage":3.0,"enemies":"Blue Slaver","floor":10.0,"turns":3.0},{"damage":1.0,"enemies":"Red Slaver","floor":13.0,"turns":3.0},{"damage":10.0,"enemies":"downfall:FleeingMerchant","floor":14.0,"turns":4.0},{"damage":11.0,"enemies":"Lots of Slimes","floor":15.0,"turns":5.0},{"damage":38.0,"enemies":"The Guardian","floor":16.0,"turns":11.0},{"damage":3.0,"enemies":"Shell Parasite","floor":20.0,"turns":4.0},{"damage":8.0,"enemies":"downfall:FleeingMerchant","floor":21.0,"turns":5.0},{"damage":13.0,"enemies":"downfall:FleeingMerchant","floor":22.0,"turns":4.0},{"damage":41.0,"enemies":"3 Cultists","floor":25.0,"turns":5.0},{"damage":1.0,"enemies":"Chosen and Byrds","floor":26.0,"turns":5.0},{"damage":45.0,"enemies":"Slavers","floor":28.0,"turns":5.0},{"damage":0.0,"enemies":"Cultist and Chosen","floor":29.0,"turns":5.0},{"damage":14.0,"enemies":"Centurion and Healer","floor":31.0,"turns":5.0},{"damage":31.0,"enemies":"Shelled Parasite and Fungi","floor":32.0,"turns":8.0},{"damage":14,"enemies":"IC_MUSHROOM_ARCHETYPE","floor":33,"turns":7}],"seed_played":"3268984251613047384","potions_obtained":[{"floor":3.0,"key":"BlessingOfTheForge"},{"floor":4.0,"key":"PowerPotion"},{"floor":8.0,"key":"DistilledChaos"},{"floor":16.0,"key":"Block Potion"},{"floor":25.0,"key":"SpeedPotion"},{"floor":26.0,"key":"Fire Potion"},{"floor":29.0,"key":"FearPotion"},{"floor":32.0,"key":"Explosive Potion"}],"is_trial":false,"path_per_floor":["R","M","M","M","?","$","T","E","R","M","?","?","M","$","M","B",null,"R","?","M","$","$","R","T","M","M","?","E","M","R","M","M","B"],"character_chosen":"HERMIT","items_purchased":["Toolbox","Singing Bowl","hermit:Determination","Strange Spoon","hermit:Glare"],"campfire_rested":3,"item_purchase_floors":[6,21,21,22,22],"current_hp_per_floor":[75,75,74,72,72,72,72,58,75,72,72,72,71,61,50,12,75,75,71,68,60,49,72,72,33,34,61,16,18,55,43,14,0,0],"gold":353,"neow_bonus":"HUNDRED_GOLD","is_daily":false,"chose_seed":false,"campfire_upgraded":2,"win_rate":0.0,"timestamp":1611650045,"path_taken":["R","M","M","M","?","$","T","E","R","?","?","?","?","?","M","BOSS","R","?","M","?","$","R","T","M","M","?","E","M","R","M","M","BOSS"],"items_purchased_type":["Relic","Relic","Card","Relic","Card"],"build_version":"2020-12-22","purchased_purges":0,"victory":false,"max_hp_per_floor":[75,75,75,75,75,75,75,75,75,75,75,75,75,75,75,75,75,75,75,75,75,77,77,77,79,81,81,81,83,93,95,97,97,97],"card_choices":[{"not_picked":["hermit:Ricochet","hermit:Combo","hermit:Scavenge"],"picked":"SKIP","floor":2.0},{"not_picked":["hermit:Combo","hermit:HoleUp"],"picked":"hermit:Headshot","floor":3.0},{"not_picked":["hermit:Midnight","hermit:Desperado"],"picked":"hermit:FlashPowder","floor":4.0},{"not_picked":["hermit:Snipe","hermit:Roulette","hermit:Ricochet"],"picked":"SKIP","floor":6.0},{"not_picked":["hermit:Dissolve","hermit:BigShot"],"picked":"hermit:Showdown","floor":8.0},{"not_picked":["hermit:Combo","hermit:Desperado","hermit:TrackingShot"],"picked":"SKIP","floor":10.0},{"not_picked":["hermit:Roulette","hermit:ItchyTrigger","hermit:Scavenge"],"picked":"SKIP","floor":13.0},{"not_picked":["hermit:Misfire","hermit:FullyLoaded","hermit:Gestalt"],"picked":"SKIP","floor":14.0},{"not_picked":["hermit:NoHoldsBarred","hermit:DeadMansHand","hermit:FullyLoaded"],"picked":"SKIP","floor":15.0},{"not_picked":["hermit:FatalDesire","hermit:Dissolve"],"picked":"hermit:RoundhouseKick","floor":16.0},{"not_picked":["hermit:Roulette","hermit:Cheat","hermit:TrackingShot+1"],"picked":"SKIP","floor":20.0},{"not_picked":["hermit:HighCaliber+1","hermit:Headshot+1"],"picked":"hermit:WideOpen+1","floor":21.0},{"not_picked":["hermit:Grudge+1","hermit:Roulette+1","hermit:ShadowCloak"],"picked":"Singing Bowl","floor":22.0},{"not_picked":["hermit:Grudge","hermit:CalledShot","hermit:BigShot"],"picked":"Singing Bowl","floor":25.0},{"not_picked":["hermit:Manifest","hermit:Determination","hermit:Enervate+1"],"picked":"Singing Bowl","floor":26.0},{"not_picked":["hermit:FullyLoaded","hermit:FlashPowder"],"picked":"hermit:EyeOfTheStorm","floor":28.0},{"not_picked":["hermit:DeadMansHand","hermit:ItchyTrigger","hermit:Malice"],"picked":"Singing Bowl","floor":29.0},{"not_picked":["hermit:Ricochet","hermit:Spite+1","hermit:Malice"],"picked":"Singing Bowl","floor":31.0},{"not_picked":["hermit:Ricochet","hermit:HoleUp","hermit:Spite"],"picked":"Singing Bowl","floor":32.0}],"player_experience":719329,"relics_obtained":[{"floor":8.0,"key":"MawBank"},{"floor":28.0,"key":"Omamori"}],"event_choices":[{"damage_healed":0.0,"max_hp_gain":0.0,"max_hp_loss":0.0,"gold_gain":0.0,"event_name":"FaceTrader","player_choice":"Trade","floor":5.0,"gold_loss":0.0,"damage_taken":0.0,"relics_obtained":["NlothsMask"]},{"damage_healed":0.0,"max_hp_gain":0.0,"max_hp_loss":0.0,"gold_gain":30.0,"event_name":"Dead Adventurer","player_choice":"Searched \u00271\u0027 times","floor":11.0,"gold_loss":0.0,"damage_taken":0.0},{"cards_removed":["hermit:Strike_Hermit"],"damage_healed":0.0,"max_hp_gain":0.0,"max_hp_loss":0.0,"gold_gain":0.0,"event_name":"Purifier","player_choice":"Purged","floor":12.0,"gold_loss":0.0,"damage_taken":0.0},{"damage_healed":27.0,"max_hp_gain":0.0,"max_hp_loss":0.0,"gold_gain":0.0,"event_name":"The Library","player_choice":"Heal","floor":27.0,"gold_loss":0.0,"damage_taken":0.0}],"is_beta":false,"boss_relics":[{"not_picked":["Runic Dome","theForsaken:PaleLantern"],"picked":"SlaversCollar"}],"items_purged_floors":[],"is_endless":false,"potions_floor_spawned":[3,4,8,13,15,16,25,26,29,32],"killed_by":"IC_MUSHROOM_ARCHETYPE","ascension_level":2}}