{"host":"5mo0809oo9tcrmpl","time":1611620766,"event":{"mods":["BaseMod","Highlight Path","Minty Spire (QoL Compilation)","Relic Stats","Slay the Relics Exporter"],"gold_per_floor":[115,129,142,153,169,169,169,169,169,169,169],"floor_reached":10,"language":"ENG","playtime":437,"items_purged":[],"score":120,"play_id":"7e1c389d-f845-4dd4-b484-5cd42ec50fcd","local_time":"20210125182606","is_ascension_mode":true,"campfire_choices":[{"data":"Terror","floor":6,"key":"SMITH"}],"circlet_count":0,"master_deck":["AscendersBane","Strike_G","Strike_G","Strike_G","Strike_G","Strike_G","Defend_G","Defend_G","Defend_G","Defend_G","Defend_G","Survivor","Neutralize+1","Deflect","Sucker Punch+1","Blade Dance","Terror+1"],"relics":["Ring of the Snake","Golden Idol","Anchor"],"acts_visited":["Exordium"],"potions_floor_usage":[10,10],"damage_taken":[{"damage":0,"enemies":"2 Louse","floor":1,"turns":3},{"damage":0,"enemies":"Small Slimes","floor":2,"turns":5},{"damage":4,"enemies":"Cultist","floor":3,"turns":4},{"damage":0,"enemies":"Looter","floor":4,"turns":4},{"damage":11,"enemies":"Exordium Thugs","floor":5,"turns":9},{"damage":26,"enemies":"3 Sentries","floor":10,"turns":10}],"seed_played":"28505838085883935","potions_obtained":[{"floor":3,"key":"SpeedPotion"},{"floor":4,"key":"Block Potion"}],"is_trial":false,"path_per_floor":["M","M","M","M","M","R","?","?","T","E"],"character_chosen":"THE_SILENT","items_purchased":[],"campfire_rested":0,"item_purchase_floors":[],"current_hp_per_floor":[59,59,55,55,44,44,21,21,21,0,0],"gold":169,"neow_bonus":"UPGRADE_CARD","is_daily":false,"chose_seed":false,"campfire_upgraded":1,"win_rate":0.0,"timestamp":1611620766,"path_taken":["M","M","M","M","M","R","?","?","T","E"],"items_purchased_type":[],"build_version":"2020-12-22","purchased_purges":0,"victory":false,"max_hp_per_floor":[66,66,66,66,66,66,66,66,66,66,66],"relic_stats":{"counters":[6,35],"Golden Idol":0,"obtain_stats":[{"Anchor":9,"Golden Idol":7,"Ring of the Snake":0},{"Anchor":5,"Golden Idol":5,"Ring of the Snake":0},{"Anchor":25,"Golden Idol":25,"Ring of the Snake":0}],"Ring of the Snake":[12]},"card_choices":[{"not_picked":["Bane","Calculated Gamble"],"picked":"Deflect","floor":1},{"not_picked":["Underhanded Strike","Tactician","Prepared"],"picked":"SKIP","floor":2},{"not_picked":["Outmaneuver","Calculated Gamble"],"picked":"Sucker Punch","floor":3},{"not_picked":["Flechettes","Deflect"],"picked":"Blade Dance","floor":4},{"not_picked":["Blade Dance","Riddle With Holes"],"picked":"Terror","floor":5}],"player_experience":1223871,"relics_obtained":[{"floor":9,"key":"Anchor"}],"event_choices":[{"damage_healed":0,"gold_gain":0,"player_choice":"Take Damage","damage_taken":23,"relics_obtained":["Golden Idol"],"max_hp_gain":0,"max_hp_loss":0,"event_name":"Golden Idol","floor":7,"gold_loss":0},{"damage_healed":0,"gold_gain":0,"player_choice":"Forge","damage_taken":0,"max_hp_gain":0,"max_hp_loss":0,"event_name":"Accursed Blacksmith","floor":8,"gold_loss":0,"cards_upgraded":["Sucker Punch"]}],"is_beta":false,"boss_relics":[],"items_purged_floors":[],"is_endless":false,"potions_floor_spawned":[3,4],"killed_by":"3 Sentries","ascension_level":20}}