{"host":"iy54rgx5egu9t31x","time":1611704970,"event":{"mods":["2.2 Compatiblity","Act Like it!","Always Whale","BaseMod","Gensokyo","Koishi","Marisa£®ÏF”Í°°ƒß¿Ì…≥£©","Minty Spire (QoL Compilation)","Quick Restart","Reimu£®≤©¿ˆ¡È√Œ£©","StSLib","SuperFastMode"],"gold_per_floor":[113,28,28,28,28,56,56,80,128,148,24,324,324],"floor_reached":12,"language":"ZHS","playtime":281,"items_purged":[],"score":77,"play_id":"3c5935ad-32b3-4f3c-995d-6ce4b800ff4f","local_time":"20210127074930","is_ascension_mode":true,"campfire_choices":[{"data":"SpringWay:ReiMu","floor":7,"key":"SMITH"}],"circlet_count":0,"master_deck":["Strike_Lin:ReiMu","Strike_Lin:ReiMu","Strike_Lin:ReiMu","Defend_Lin:ReiMu","Defend_Lin:ReiMu","Defend_Lin:ReiMu","Defend_Lin:ReiMu","NB:ReiMu","Stagnation:ReiMu","SpringWay:ReiMu+1","Gensokyo:TarnishedGold","Pain","Conquer:ReiMu","KamiSacrifice:ReiMu"],"relics":["FlyPower:ReiMu","Gensokyo:LunaticRedEyes","Gensokyo:Mercy","The Courier","Strawberry","Anchor","Blood Vial"],"acts_visited":["Gensokyo:Gensokyo"],"potions_floor_usage":[],"damage_taken":[{"damage":4,"enemies":"Gensokyo:Python","floor":1,"turns":5},{"damage":47,"enemies":"Gensokyo:Aya","floor":6,"turns":9},{"damage":8,"enemies":"Gensokyo:2_Kodama","floor":10,"turns":6},{"damage":22,"enemies":"Gensokyo:Mamizou","floor":12,"turns":6}],"seed_played":"8465684759050816242","potions_obtained":[{"floor":10,"key":"Dexterity Potion"}],"is_trial":false,"path_per_floor":["M","COS","?","?","?","E","R","T","T","M","$","E"],"character_chosen":"REIMU","items_purchased":["Blood Vial"],"campfire_rested":0,"item_purchase_floors":[11],"current_hp_per_floor":[61,61,61,61,61,14,14,14,21,13,13,0,0],"gold":324,"neow_bonus":"ONE_RANDOM_RARE_CARD","is_daily":false,"chose_seed":false,"campfire_upgraded":1,"win_rate":0.0,"timestamp":1611704970,"path_taken":["M","COS","?","?","?","E","R","?","T","M","$","E"],"items_purchased_type":["Relic"],"build_version":"2020-12-22","purchased_purges":0,"victory":false,"max_hp_per_floor":[65,65,65,65,65,65,65,65,72,72,72,72,72],"card_choices":[{"not_picked":["FoulBorder2:ReiMu","CollectionFlower2:ReiMu"],"picked":"SpringWay:ReiMu","floor":1},{"not_picked":["SubAcupoint:ReiMu","TightArray:ReiMu"],"picked":"Conquer:ReiMu","floor":6},{"not_picked":["SpringWay:ReiMu","Intuition:ReiMu"],"picked":"KamiSacrifice:ReiMu","floor":10}],"player_experience":1088875,"relics_obtained":[{"floor":6,"key":"The Courier"},{"floor":9,"key":"Strawberry"}],"event_choices":[],"is_beta":false,"boss_relics":[],"items_purged_floors":[],"is_endless":false,"potions_floor_spawned":[10],"killed_by":"Gensokyo:Mamizou","ascension_level":1}}