{"host":"a5lz0e76zb3fcwkm","time":1611671135,"event":{"mods":["AchievementEnabler","BaseMod","Colored Map","Colored Powertips","Minty Spire (QoL Compilation)","StSLib","SuperFastMode"],"gold_per_floor":[359,373,373,220,220,220,249,249,249,249,249],"floor_reached":10,"language":"KOR","playtime":173,"items_purged":["Strike_G"],"score":128,"play_id":"e403b800-3478-4e26-9d7e-b966c8564f1b","local_time":"20210126232535","is_ascension_mode":true,"campfire_choices":[{"data":"Noxious Fumes","floor":6,"key":"SMITH"},{"data":"Deadly Poison","floor":8,"key":"SMITH"}],"circlet_count":0,"master_deck":["AscendersBane","Strike_G","Strike_G","Strike_G","Strike_G+1","Defend_G","Defend_G","Defend_G","Defend_G+1","Defend_G","Survivor","Neutralize","Well Laid Plans","Tactician","Noxious Fumes+1","Deadly Poison+1"],"relics":["Ring of the Snake","Thread and Needle","Bag of Preparation","Lantern"],"acts_visited":["Exordium"],"potions_floor_usage":[],"damage_taken":[{"damage":3,"enemies":"Small Slimes","floor":1,"turns":4},{"damage":1,"enemies":"2 Louse","floor":2,"turns":3},{"damage":20,"enemies":"3 Sentries","floor":7,"turns":8},{"damage":32,"enemies":"Gremlin Nob","floor":10,"turns":3}],"seed_played":"-518866306157554126","potions_obtained":[{"floor":1,"key":"SkillPotion"}],"is_trial":false,"path_per_floor":["M","M","?","$","?","R","E","R","T","E"],"character_chosen":"THE_SILENT","items_purchased":["Noxious Fumes"],"campfire_rested":0,"item_purchase_floors":[4],"current_hp_per_floor":[56,55,37,37,37,37,17,17,17,0,0],"gold":249,"neow_bonus":"TWO_FIFTY_GOLD","is_daily":false,"chose_seed":false,"campfire_upgraded":2,"win_rate":0.0,"timestamp":1611671135,"path_taken":["M","M","?","$","?","R","E","R","T","E"],"items_purchased_type":["Card"],"build_version":"2020-12-22","purchased_purges":1,"victory":false,"max_hp_per_floor":[60,60,60,60,60,60,60,60,60,60,60],"card_choices":[{"not_picked":["Dodge and Roll","Flying Knee"],"picked":"Well Laid Plans","floor":1},{"not_picked":["Flying Knee","Sucker Punch"],"picked":"Tactician","floor":2},{"not_picked":["Masterful Stab","Accuracy"],"picked":"Deadly Poison","floor":7}],"player_experience":1810360,"relics_obtained":[{"floor":7,"key":"Bag of Preparation"},{"floor":9,"key":"Lantern"}],"event_choices":[{"damage_healed":0,"gold_gain":0,"player_choice":"Entered Light","damage_taken":18,"max_hp_gain":0,"max_hp_loss":0,"event_name":"Shining Light","floor":3,"gold_loss":0,"cards_upgraded":["Strike_G","Defend_G"]},{"damage_healed":0,"gold_gain":0,"player_choice":"Gave Potion","damage_taken":0,"relics_obtained":["Thread and Needle"],"max_hp_gain":0,"max_hp_loss":0,"event_name":"WeMeetAgain","floor":5,"gold_loss":0}],"is_beta":false,"boss_relics":[],"items_purged_floors":[4],"is_endless":false,"potions_floor_spawned":[1],"killed_by":"Gremlin Nob","ascension_level":20}}