{"host":"qbvxbacgnxuisbbe","time":1611692377,"event":{"mods":["Alarm Clock","BaseMod","Humility","Minty Spire (QoL Compilation)","StSLib"],"gold_per_floor":[114,114,131,131,141,141,174,186,232,232,246,246,246],"floor_reached":12,"language":"ENG","playtime":393,"items_purged":[],"score":160,"play_id":"7d3d5549-efa8-4539-912f-4d2926e00da5","local_time":"20210126201937","is_ascension_mode":true,"campfire_choices":[{"data":"Metallicize","floor":6.0,"key":"SMITH"},{"data":"Offering","floor":10.0,"key":"SMITH"}],"circlet_count":0,"master_deck":["AscendersBane","Strike_R","Strike_R","Strike_R","Strike_R","Strike_R","Defend_R","Defend_R","Defend_R","Defend_R","Bash","Metallicize+1","Cleave","Offering+1","Clothesline","Burning Pact"],"relics":["Burning Blood","Mercury Hourglass","Toy Ornithopter"],"acts_visited":["Exordium"],"potions_floor_usage":[12,12],"damage_taken":[{"damage":6.0,"enemies":"2 Louse","floor":1.0,"turns":6.0},{"damage":3.0,"enemies":"Cultist","floor":3.0,"turns":3.0},{"damage":6.0,"enemies":"Small Slimes","floor":5.0,"turns":2.0},{"damage":54.0,"enemies":"Lagavulin","floor":7.0,"turns":6.0},{"damage":0.0,"enemies":"2 Fungi Beasts","floor":8.0,"turns":2.0},{"damage":18.0,"enemies":"Exordium Thugs","floor":11.0,"turns":5.0},{"damage":18,"enemies":"Gremlin Nob","floor":12,"turns":3}],"seed_played":"1151573071700547473","potions_obtained":[{"floor":1.0,"key":"FearPotion"},{"floor":3.0,"key":"PowerPotion"},{"floor":11.0,"key":"Ancient Potion"}],"is_trial":false,"path_per_floor":["M","?","M","?","M","R","E","M","T","R","M","E"],"character_chosen":"IRONCLAD","items_purchased":[],"campfire_rested":0,"item_purchase_floors":[],"current_hp_per_floor":[75,75,78,78,78,78,30,36,36,36,24,16,16],"gold":246,"neow_bonus":"TEN_PERCENT_HP_BONUS","is_daily":false,"chose_seed":false,"campfire_upgraded":2,"win_rate":0.0,"timestamp":1611692377,"path_taken":["M","?","M","?","?","R","E","?","T","R","M","E"],"items_purchased_type":[],"build_version":"2020-12-22","purchased_purges":0,"victory":false,"max_hp_per_floor":[82,82,82,82,82,82,82,82,82,82,82,82,82],"card_choices":[{"not_picked":["Feel No Pain","Iron Wave"],"picked":"Metallicize","floor":1.0},{"not_picked":["Havoc","Body Slam"],"picked":"Cleave","floor":3.0},{"not_picked":["Clash","Sever Soul","Perfected Strike"],"picked":"SKIP","floor":5.0},{"not_picked":["Brutality","Feel No Pain"],"picked":"Clothesline","floor":7.0},{"not_picked":["Anger","Dark Embrace","Clash"],"picked":"SKIP","floor":8.0},{"not_picked":["Havoc","Body Slam"],"picked":"Burning Pact","floor":11.0}],"player_experience":140426,"relics_obtained":[{"floor":7.0,"key":"Mercury Hourglass"},{"floor":9.0,"key":"Toy Ornithopter"}],"event_choices":[{"damage_healed":0.0,"max_hp_gain":0.0,"max_hp_loss":0.0,"gold_gain":0.0,"event_name":"Shining Light","player_choice":"Ignored","floor":2.0,"gold_loss":0.0,"damage_taken":0.0},{"damage_healed":0.0,"max_hp_gain":0.0,"max_hp_loss":0.0,"gold_gain":0.0,"event_name":"Match and Keep!","player_choice":"1 cards matched","floor":4.0,"gold_loss":0.0,"damage_taken":0.0,"cards_obtained":["Offering"]},{"damage_healed":0.0,"max_hp_gain":0.0,"max_hp_loss":0.0,"gold_gain":0.0,"event_name":"Match and Keep!","player_choice":"1 cards matched","floor":4.0,"gold_loss":0.0,"damage_taken":0.0,"cards_obtained":["Offering"]}],"is_beta":false,"boss_relics":[],"items_purged_floors":[],"is_endless":false,"potions_floor_spawned":[1,3,11],"killed_by":"Gremlin Nob","ascension_level":20,"is_humility":true}}