{"host":"3a1ypf1irl30q4k8","time":1611695761,"event":{"mods":["AchievementEnabler","BaseMod","Bestiary","Colored Map","Minty Spire (QoL Compilation)","Relic Stats"],"gold_per_floor":[116,131,204,223,173,207,207,226,226,226,257,39,39,50,50,155,155,167,182,107,124,138,138,138],"floor_reached":23,"language":"ENG","playtime":763,"items_purged":["Defend_P"],"score":291,"play_id":"9ab438d2-23f6-47af-b71a-95c147123c83","local_time":"20210126211601","is_ascension_mode":true,"campfire_choices":[{"floor":7,"key":"REST"},{"data":"Conclude","floor":15,"key":"SMITH"}],"circlet_count":0,"master_deck":["Strike_P","Strike_P","Defend_P","Defend_P","Defend_P","Eruption","Vigilance","ReachHeaven","Tantrum","Fasting2","Conclude+1","ReachHeaven","FlyingSleeves","Evaluate","Scrawl","EmptyBody","Swivel"],"relics":["Philosopher\u0027s Stone","Dead Branch","Blue Candle","Shuriken","Akabeko","Black Star"],"acts_visited":["Exordium","TheCity"],"potions_floor_usage":[6,18,22,23,23],"damage_taken":[{"damage":0,"enemies":"Jaw Worm","floor":1,"turns":3},{"damage":0,"enemies":"Small Slimes","floor":2,"turns":3},{"damage":3,"enemies":"2 Louse","floor":4,"turns":2},{"damage":42,"enemies":"Lagavulin","floor":6,"turns":4},{"damage":4,"enemies":"2 Fungi Beasts","floor":8,"turns":3},{"damage":18,"enemies":"Gremlin Nob","floor":11,"turns":3},{"damage":0,"enemies":"Blue Slaver","floor":14,"turns":1},{"damage":0,"enemies":"Slime Boss","floor":16,"turns":2},{"damage":12,"enemies":"2 Thieves","floor":18,"turns":2},{"damage":0,"enemies":"Shell Parasite","floor":19,"turns":1},{"damage":6,"enemies":"Centurion and Healer","floor":21,"turns":3},{"damage":20,"enemies":"Snake Plant","floor":22,"turns":3},{"damage":42,"enemies":"Slavers","floor":23,"turns":4}],"seed_played":"83987496900113969","potions_obtained":[{"floor":1,"key":"Swift Potion"},{"floor":11,"key":"SkillPotion"},{"floor":14,"key":"SneckoOil"},{"floor":16,"key":"Fire Potion"},{"floor":18,"key":"PowerPotion"},{"floor":21,"key":"SpeedPotion"}],"is_trial":false,"path_per_floor":["M","M","?","M","?","E","R","M","T","?","E","$","?","M","R","B",null,"M","M","?","M","M","E"],"character_chosen":"WATCHER","items_purchased":["Akabeko"],"campfire_rested":1,"item_purchase_floors":[12],"current_hp_per_floor":[72,72,72,69,69,27,48,44,44,68,50,50,50,50,50,50,72,60,60,60,54,34,0,0],"gold":138,"neow_bonus":"BOSS_RELIC","is_daily":false,"chose_seed":false,"campfire_upgraded":1,"win_rate":0.0,"timestamp":1611695761,"path_taken":["M","M","?","M","?","E","R","M","T","?","E","$","?","M","R","BOSS","M","M","?","M","M","E"],"items_purchased_type":["Relic"],"build_version":"2020-12-22","purchased_purges":1,"victory":false,"max_hp_per_floor":[72,72,72,72,72,72,72,72,72,72,72,72,72,72,72,72,72,72,72,72,72,72,72,72],"relic_stats":{"counters":[13,34],"Shuriken":[6],"Dead Branch":[4],"Blue Candle":[0],"Black Star":0,"obtain_stats":[{"Shuriken":11,"Dead Branch":6,"Blue Candle":9,"Philosopher\u0027s Stone":0,"Black Star":17,"PureWater":0,"Akabeko":12},{"Shuriken":6,"Dead Branch":4,"Blue Candle":5,"Philosopher\u0027s Stone":0,"Black Star":8,"PureWater":0,"Akabeko":6},{"Shuriken":18,"Dead Branch":12,"Blue Candle":15,"Philosopher\u0027s Stone":0,"Black Star":21,"PureWater":0,"Akabeko":18}]},"card_choices":[{"not_picked":["BowlingBash","EmptyBody"],"picked":"ReachHeaven","floor":1},{"not_picked":["FlurryOfBlows","CrushJoints"],"picked":"Tantrum","floor":2},{"not_picked":["BowlingBash","Halt"],"picked":"Fasting2","floor":4},{"not_picked":["FlyingSleeves","Nirvana"],"picked":"Conclude","floor":6},{"not_picked":["SashWhip","WindmillStrike"],"picked":"ReachHeaven","floor":8},{"not_picked":["FlurryOfBlows","BowlingBash"],"picked":"FlyingSleeves","floor":11},{"not_picked":["Perseverance","ForeignInfluence"],"picked":"Evaluate","floor":14},{"not_picked":["ConjureBlade","DeusExMachina"],"picked":"Scrawl","floor":16},{"not_picked":["Study","FlyingSleeves"],"picked":"EmptyBody","floor":18},{"not_picked":["Meditate","FlyingSleeves"],"picked":"Swivel","floor":19},{"not_picked":["JustLucky+1","CrushJoints","BattleHymn"],"picked":"SKIP","floor":21},{"not_picked":["Consecrate","Prostrate","Fasting2"],"picked":"SKIP","floor":22}],"player_experience":1222992,"relics_obtained":[{"floor":6,"key":"Dead Branch"},{"floor":9,"key":"Blue Candle"},{"floor":11,"key":"Shuriken"}],"event_choices":[{"damage_healed":0,"gold_gain":73,"player_choice":"Gained Gold","damage_taken":0,"max_hp_gain":0,"max_hp_loss":0,"event_name":"Golden Wing","floor":3,"gold_loss":0},{"cards_removed":["Strike_P"],"damage_healed":0,"gold_gain":0,"player_choice":"Card Removal","damage_taken":0,"max_hp_gain":0,"max_hp_loss":0,"event_name":"The Cleric","floor":5,"gold_loss":50},{"damage_healed":24,"gold_gain":0,"player_choice":"Banana","damage_taken":0,"max_hp_gain":0,"max_hp_loss":0,"event_name":"Big Fish","floor":10,"gold_loss":0},{"damage_healed":0,"gold_gain":0,"player_choice":"Ignored","damage_taken":0,"max_hp_gain":0,"max_hp_loss":0,"event_name":"Golden Idol","floor":13,"gold_loss":0},{"cards_removed":["Strike_P"],"damage_healed":0,"gold_gain":0,"player_choice":"Gave Gold","damage_taken":0,"max_hp_gain":0,"max_hp_loss":0,"event_name":"Beggar","floor":20,"gold_loss":75}],"is_beta":false,"boss_relics":[{"not_picked":["Velvet Choker","Empty Cage"],"picked":"Black Star"}],"items_purged_floors":[12],"is_endless":false,"potions_floor_spawned":[1,11,14,16,18,21],"killed_by":"Slavers","ascension_level":3}}