{"host":"njo8qgvy2a57fcny","time":1611637149,"event":{"mods":["Aspiration","BaseMod","BetterRewards","CCEM","Colored Map","Colored Powertips","Conspire","Custom Start","Downfall","Energized Spire","GifTheSpireLib","Halation","Hermit","Hubris","Infinite Spire","Jedi Mod","Jorbs\u0027s Wanderer Trilogy","Mimic Mod","Minty Spire (QoL Compilation)","Quick Restart","Random Character Button","Random Character Mod","Rare Cards Sparkle","Relic Sorter","Replay The Spire","Shop Mod","StSLib","Stuff the Spire","The Animator","The Jungle","The Runesmith","The Servant 0.9.4","Unceasing Turn Reminder","thorton"],"gold_per_floor":[99,117,131,131,145,145,168,18,38,57,71,91,122,10,23,23,23,23],"floor_reached":16,"language":"ENG","playtime":819,"items_purged":[],"score":237,"play_id":"fcd0a86b-0c53-41c5-b874-b342c1cad2ab","local_time":"20210126155909","is_ascension_mode":true,"campfire_choices":[{"data":"Slimebound:CorrosiveSpit","floor":1,"key":"SMITH"}],"circlet_count":0,"master_deck":["AscendersBane","Slimebound:Strike_Slimebound","Slimebound:Tackle","Slimebound:Defend_Slimebound","Slimebound:Defend_Slimebound","Slimebound:Defend_Slimebound","Slimebound:Split","Slimebound:CorrosiveSpit+1","Sadistic Nature","Slimebound:LevelUp","Slimebound:AcidTongue","hubris:Envy","Slimebound:SplitMire","Slimebound:SplitMire","Slimebound:Prepare","Slimebound:SamplingLick","Slimebound:SplitMire","Slimebound:SpikyOuterGoop","Slimebound:LeechingTouch","Slimebound:LeechingTouch","Slimebound:SplitMire","Slimebound:ViciousTackle","Slimebound:SplitMire"],"relics":["Slimebound:AbsorbEndCombat","infinitespire:EmpoweringShard"],"acts_visited":["Exordium"],"potions_floor_usage":[5,12,12,16],"damage_taken":[{"damage":1,"enemies":"Cultist","floor":2,"turns":4},{"damage":8,"enemies":"Small Slimes","floor":3,"turns":4},{"damage":6,"enemies":"2 Louse","floor":5,"turns":3},{"damage":33,"enemies":"Gremlin Gang","floor":9,"turns":5},{"damage":3,"enemies":"Exordium Wildlife","floor":10,"turns":2},{"damage":12,"enemies":"2 Fungi Beasts","floor":11,"turns":3},{"damage":10,"enemies":"Blue Slaver","floor":12,"turns":4},{"damage":5,"enemies":"Lagavulin","floor":13,"turns":5},{"damage":2,"enemies":"downfall:FleeingMerchant","floor":14,"turns":4},{"damage":14,"enemies":"3 Louse","floor":15,"turns":3},{"damage":24,"enemies":"DF_ARCHETYPE_STREAMLINE","floor":16,"turns":3}],"seed_played":"-7745781989522663995","potions_obtained":[{"floor":2,"key":"Weak Potion"},{"floor":3,"key":"ColorlessPotion"},{"floor":9,"key":"BlessingOfTheForge"},{"floor":15,"key":"FearPotion"}],"is_trial":false,"path_per_floor":["R","M","M","?","M","?","T","?","M","M","M","M","E","$","M","B"],"character_chosen":"SLIMEBOUND","items_purchased":["Slimebound:SplitMire","Slimebound:ViciousTackle"],"campfire_rested":0,"item_purchase_floors":[14,14],"current_hp_per_floor":[53,54,48,48,46,46,46,64,35,34,24,16,13,15,3,0,0,0],"gold":23,"neow_bonus":"RANDOM_COLORLESS_2","is_daily":false,"chose_seed":false,"campfire_upgraded":1,"win_rate":0.0,"timestamp":1611637149,"path_taken":["R","M","M","?","?","?","T","?","?","M","M","?","E","$","M","BOSS"],"items_purchased_type":["Card","Card"],"build_version":"2020-12-22","purchased_purges":0,"victory":false,"max_hp_per_floor":[54,54,54,54,54,54,54,64,64,64,64,64,64,64,64,64,64,64],"card_choices":[{"not_picked":["Magnetism","ReplayTheSpireMod:Necrogeddon"],"picked":"Sadistic Nature","floor":0},{"not_picked":["Slimebound:SplitBruiser","Slimebound:SlimeSpikes"],"picked":"Slimebound:LevelUp","floor":2},{"not_picked":["Slimebound:GoopTackle","Slimebound:SplitAcid"],"picked":"Slimebound:AcidTongue","floor":3},{"not_picked":["Slimebound:SlimeBrawl","Slimebound:Chomp"],"picked":"Slimebound:SplitMire","floor":5},{"not_picked":["Slimebound:SlimeTap","Slimebound:LevelUp"],"picked":"Slimebound:Prepare","floor":9},{"not_picked":["Slimebound:Overexert","Slimebound:Prepare"],"picked":"Slimebound:SamplingLick","floor":10},{"not_picked":["Slimebound:RollThrough","Slimebound:GrowthPunch"],"picked":"Slimebound:SplitMire","floor":11},{"not_picked":["Slimebound:ForwardTackle","Slimebound:PressTheAttack"],"picked":"Slimebound:SpikyOuterGoop","floor":12},{"not_picked":["Slimebound:ViciousTackle","Slimebound:ItLooksTasty"],"picked":"Slimebound:LeechingTouch","floor":13},{"not_picked":["Slimebound:SplitLeeching","Slimebound:GoopTackle"],"picked":"Slimebound:LeechingTouch","floor":14},{"not_picked":["Slimebound:DivideAndConquer","Slimebound:Nibble"],"picked":"Slimebound:SplitMire","floor":15}],"player_experience":703687,"relics_obtained":[{"floor":13,"key":"infinitespire:EmpoweringShard"}],"event_choices":[],"is_beta":false,"boss_relics":[],"items_purged_floors":[],"is_endless":false,"potions_floor_spawned":[2,3,9,11,15],"killed_by":"DF_ARCHETYPE_STREAMLINE","ascension_level":20}}