{"host":"xi8yg1ddhptuxb9d","time":1611686200,"event":{"mods":["AchievementEnabler","AlwaysNeverKeys","BaseMod","Block Reminder","Minty Spire (QoL Compilation)","Relic Sorter","StSLib"],"gold_per_floor":[111,111,130,143,157,157,171,203,230,230,380,380,77,96,96,169,169,187,187,200,217,252,252,252],"floor_reached":23,"language":"ENG","playtime":1122,"items_purged":["Doubt"],"score":386,"play_id":"04bb298f-a7f7-42ce-a78a-29cf31e343e9","local_time":"20210126133640","is_ascension_mode":true,"campfire_choices":[{"floor":6.0,"key":"REST"},{"data":"Eruption","floor":10.0,"key":"SMITH"},{"data":"Blasphemy","floor":15.0,"key":"SMITH"}],"circlet_count":0,"master_deck":["AscendersBane","Strike_P","Strike_P","Strike_P","Strike_P","Defend_P","Defend_P","Defend_P","Defend_P","Eruption+1","Vigilance","FearNoEvil","Conclude","ThirdEye","Evaluate","FlyingSleeves","DeceiveReality","Blasphemy+1","MasterReality","TalkToTheHand"],"relics":["PureWater","Smiling Mask","Blood Vial","Juzu Bracelet","Omamori","Busted Crown","Red Mask"],"acts_visited":["Exordium","TheCity"],"potions_floor_usage":[18,22],"damage_taken":[{"damage":0.0,"enemies":"Small Slimes","floor":1.0,"turns":2.0},{"damage":4.0,"enemies":"Jaw Worm","floor":3.0,"turns":5.0},{"damage":0.0,"enemies":"2 Louse","floor":4.0,"turns":2.0},{"damage":0.0,"enemies":"2 Fungi Beasts","floor":5.0,"turns":2.0},{"damage":0.0,"enemies":"3 Louse","floor":7.0,"turns":3.0},{"damage":3.0,"enemies":"3 Sentries","floor":8.0,"turns":3.0},{"damage":0.0,"enemies":"Large Slime","floor":14.0,"turns":4.0},{"damage":30.0,"enemies":"The Guardian","floor":16.0,"turns":18.0},{"damage":19,"enemies":"Shell Parasite","floor":18,"turns":6},{"damage":4,"enemies":"Chosen","floor":20,"turns":4},{"damage":12,"enemies":"Centurion and Healer","floor":21,"turns":10},{"damage":0,"enemies":"Masked Bandits","floor":22,"turns":2},{"damage":36,"enemies":"Book of Stabbing","floor":23,"turns":5}],"seed_played":"-1092955147995913180","potions_obtained":[{"floor":1.0,"key":"ColorlessPotion"},{"floor":3.0,"key":"Explosive Potion"},{"floor":4.0,"key":"Swift Potion"},{"floor":14.0,"key":"FearPotion"},{"floor":20,"key":"Energy Potion"},{"floor":22,"key":"Ancient Potion"}],"is_trial":false,"path_per_floor":["M","?","M","M","M","R","M","E","T","R","?","?","$","M","R","B",null,"M","?","M","M","?","E"],"character_chosen":"WATCHER","items_purchased":["Omamori","DeceiveReality"],"campfire_rested":1,"item_purchase_floors":[13,13],"current_hp_per_floor":[67,22,18,18,18,40,40,37,37,37,37,37,37,39,39,11,58,41,41,39,29,31,0,0],"gold":252,"neow_bonus":"TEN_PERCENT_HP_BONUS","is_daily":false,"chose_seed":false,"campfire_upgraded":2,"win_rate":0.0,"timestamp":1611686200,"path_taken":["M","?","M","M","M","R","M","E","T","R","?","?","$","M","R","BOSS","M","?","M","M","?","E"],"items_purchased_type":["Relic","Card"],"build_version":"2020-12-22","purchased_purges":1,"victory":false,"max_hp_per_floor":[74,74,74,74,74,74,74,74,74,74,74,74,74,74,74,74,74,74,74,74,74,74,74,74],"card_choices":[{"not_picked":["ClearTheMind","WheelKick"],"picked":"FearNoEvil","floor":1.0},{"not_picked":["CutThroughFate","PathToVictory"],"picked":"Conclude","floor":3.0},{"not_picked":["SashWhip","MentalFortress"],"picked":"ThirdEye","floor":4.0},{"not_picked":["Crescendo","SashWhip"],"picked":"Evaluate","floor":5.0},{"not_picked":["ClearTheMind","InnerPeace"],"picked":"FlyingSleeves","floor":7.0},{"not_picked":["Halt","Swivel","WreathOfFlame"],"picked":"SKIP","floor":8.0},{"not_picked":["ThirdEye","JustLucky"],"picked":"Blasphemy","floor":14.0},{"not_picked":["Omniscience","ConjureBlade"],"picked":"MasterReality","floor":16.0},{"not_picked":[],"picked":"TalkToTheHand","floor":18},{"not_picked":["ThirdEye"],"picked":"SKIP","floor":20},{"not_picked":["Prostrate+1"],"picked":"SKIP","floor":21}],"player_experience":673331,"relics_obtained":[{"floor":8.0,"key":"Blood Vial"},{"floor":9.0,"key":"Juzu Bracelet"},{"floor":22,"key":"Red Mask"}],"event_choices":[{"damage_healed":0.0,"max_hp_gain":0.0,"max_hp_loss":0.0,"gold_gain":0.0,"event_name":"Scrap Ooze","player_choice":"Success","floor":2.0,"gold_loss":0.0,"damage_taken":45.0,"relics_obtained":["Smiling Mask"]},{"damage_healed":0.0,"max_hp_gain":0.0,"max_hp_loss":0.0,"gold_gain":150.0,"event_name":"Liars Game","player_choice":"AGREE","floor":11.0,"gold_loss":0.0,"damage_taken":0.0,"cards_obtained":["Doubt"]},{"damage_healed":0.0,"max_hp_gain":0.0,"max_hp_loss":0.0,"gold_gain":0.0,"event_name":"Dead Adventurer","player_choice":"Searched \u00271\u0027 times","floor":12.0,"gold_loss":0.0,"damage_taken":0.0},{"damage_healed":0,"gold_gain":0,"player_choice":"Ignored","damage_taken":0,"max_hp_gain":0,"max_hp_loss":0,"event_name":"Beggar","floor":19,"gold_loss":0},{"damage_healed":0,"gold_gain":0,"player_choice":"Fought Bandits","damage_taken":0,"max_hp_gain":0,"max_hp_loss":0,"event_name":"Masked Bandits","floor":22,"gold_loss":0}],"is_beta":false,"boss_relics":[{"not_picked":["Fusion Hammer","HolyWater"],"picked":"Busted Crown"}],"items_purged_floors":[13],"is_endless":false,"potions_floor_spawned":[1,3,4,5,14,20,22],"killed_by":"Book of Stabbing","ascension_level":20}}