{"host":"f5gffvlv6a66yqkd","time":1611628159,"event":{"mods":["2.2 Compatiblity","BaseMod","Colored Map","Custom Start","DeckTracker","Keyboard Shortcuts","Minty Spire (QoL Compilation)","Permanent Neow","Quick Restart","Relic Stats","StSLib","SuperFastMode"],"gold_per_floor":[119,15,15,32,52,52,10,27,27,27,27,27,53,53,53,53,53],"floor_reached":16,"language":"KOR","playtime":206,"items_purged":["Strike_B"],"score":196,"play_id":"a1a0fab9-b3d6-48e4-8e37-2886dedba267","local_time":"20210126112919","is_ascension_mode":true,"campfire_choices":[{"data":"Zap","floor":6,"key":"SMITH"},{"data":"Dualcast","floor":11,"key":"SMITH"},{"data":"Beam Cell","floor":15,"key":"SMITH"}],"circlet_count":0,"master_deck":["AscendersBane","Strike_B","Strike_B","Strike_B","Defend_B","Defend_B","Defend_B","Defend_B","Zap+1","Dualcast+1","All For One","Coolheaded","Beam Cell+1","Coolheaded","Go for the Eyes","Undo","Fission"],"relics":["Cracked Core","Meat on the Bone","Molten Egg 2","Darkstone Periapt"],"acts_visited":["Exordium"],"potions_floor_usage":[],"damage_taken":[{"damage":7,"enemies":"Small Slimes","floor":1,"turns":3},{"damage":0,"enemies":"2 Louse","floor":4,"turns":2},{"damage":0,"enemies":"Cultist","floor":5,"turns":3},{"damage":1,"enemies":"Red Slaver","floor":8,"turns":2},{"damage":52,"enemies":"Gremlin Nob","floor":13,"turns":6},{"damage":29,"enemies":"The Guardian","floor":16,"turns":2}],"seed_played":"-1755245849917311667","potions_obtained":[{"floor":5,"key":"Dexterity Potion"},{"floor":13,"key":"EssenceOfSteel"}],"is_trial":false,"path_per_floor":["M","$","?","M","M","R","$","M","T","?","R","?","E","$","R","B"],"character_chosen":"DEFECT","items_purchased":["Beam Cell","Undo"],"campfire_rested":0,"item_purchase_floors":[2,7],"current_hp_per_floor":[57,57,57,57,57,57,57,56,56,61,61,61,21,21,21,0,0],"gold":53,"neow_bonus":"ONE_RANDOM_RARE_CARD","is_daily":false,"chose_seed":false,"campfire_upgraded":3,"win_rate":0.0,"timestamp":1611628159,"path_taken":["M","$","?","M","M","R","$","M","T","?","R","?","E","$","R","BOSS"],"items_purchased_type":["Card","Card"],"build_version":"2020-12-22","purchased_purges":1,"victory":false,"max_hp_per_floor":[71,71,71,71,71,71,71,71,71,76,76,76,76,76,76,76,76],"relic_stats":{"Darkstone Periapt":0,"counters":[6,18],"obtain_stats":[{"Darkstone Periapt":13,"Molten Egg 2":12,"Cracked Core":0,"Meat on the Bone":9},{"Darkstone Periapt":5,"Molten Egg 2":4,"Cracked Core":0,"Meat on the Bone":4},{"Darkstone Periapt":16,"Molten Egg 2":10,"Cracked Core":0,"Meat on the Bone":10}],"Meat on the Bone":12},"card_choices":[{"not_picked":["Hologram","Consume"],"picked":"Coolheaded","floor":1},{"not_picked":["Redo","Loop"],"picked":"Coolheaded","floor":4},{"not_picked":["Hologram","Conserve Battery"],"picked":"Go for the Eyes","floor":5},{"not_picked":["Ball Lightning","Coolheaded","Reinforced Body"],"picked":"SKIP","floor":8},{"not_picked":["Barrage+1","Steam"],"picked":"Fission","floor":13}],"player_experience":1626339,"relics_obtained":[{"floor":9,"key":"Meat on the Bone"},{"floor":13,"key":"Darkstone Periapt"}],"event_choices":[{"damage_healed":0,"gold_gain":0,"player_choice":"Ignored","damage_taken":0,"max_hp_gain":0,"max_hp_loss":0,"event_name":"Liars Game","floor":3,"gold_loss":0},{"damage_healed":0,"gold_gain":0,"player_choice":"Donut","damage_taken":0,"max_hp_gain":5,"max_hp_loss":0,"event_name":"Big Fish","floor":10,"gold_loss":0},{"damage_healed":0,"gold_gain":0,"player_choice":"Gave Potion","damage_taken":0,"relics_obtained":["Molten Egg 2"],"max_hp_gain":0,"max_hp_loss":0,"event_name":"WeMeetAgain","floor":12,"gold_loss":0}],"is_beta":false,"boss_relics":[],"items_purged_floors":[2],"is_endless":false,"potions_floor_spawned":[5,13],"killed_by":"The Guardian","ascension_level":20}}