{"host":"r53pw7z744tg3fxg","time":1611685780,"event":{"mods":["AchievementEnabler","BaseMod","Colored Map","Colored Powertips","Highlight Path","Minty Spire (QoL Compilation)","Quick Restart","Transform Curses"],"gold_per_floor":[117,130,130,145,162,162,188,188,188,217,20,34,34,34,34,108,108,127,142,112,124,124,124],"floor_reached":22,"language":"ENG","playtime":896,"items_purged":[],"score":363,"play_id":"94704565-d78d-4b99-aa51-e38256bf31ae","local_time":"20210126112940","is_ascension_mode":true,"campfire_choices":[{"data":"Eruption","floor":6.0,"key":"SMITH"},{"data":"Conclude","floor":8.0,"key":"SMITH"},{"floor":13.0,"key":"REST"},{"data":"Metamorphosis","floor":15.0,"key":"SMITH"}],"circlet_count":0,"master_deck":["AscendersBane","Strike_P","Strike_P","Strike_P","Defend_P","Defend_P","Defend_P","Defend_P","Eruption+1","Vigilance","ReachHeaven","Conclude+1","Crescendo","DeceiveReality","BowlingBash","EmptyBody","Prostrate","Metamorphosis+1","Wish","CarveReality","WaveOfTheHand"],"relics":["PureWater","Pear","Gremlin Horn","Bottled Lightning"],"acts_visited":["Exordium","TheCity"],"potions_floor_usage":[21],"damage_taken":[{"damage":0.0,"enemies":"Small Slimes","floor":1.0,"turns":2.0},{"damage":0.0,"enemies":"Cultist","floor":2.0,"turns":2.0},{"damage":2.0,"enemies":"Jaw Worm","floor":4.0,"turns":2.0},{"damage":1.0,"enemies":"Blue Slaver","floor":5.0,"turns":5.0},{"damage":16.0,"enemies":"Gremlin Nob","floor":7.0,"turns":3.0},{"damage":2.0,"enemies":"3 Sentries","floor":10.0,"turns":3.0},{"damage":16.0,"enemies":"Exordium Wildlife","floor":12.0,"turns":3.0},{"damage":59.0,"enemies":"The Guardian","floor":16.0,"turns":11.0},{"damage":8,"enemies":"3 Byrds","floor":18,"turns":6},{"damage":36,"enemies":"Shell Parasite","floor":19,"turns":5},{"damage":20,"enemies":"Centurion and Healer","floor":21,"turns":4},{"damage":41,"enemies":"Snecko","floor":22,"turns":6}],"seed_played":"8010775938023062386","potions_obtained":[{"floor":5.0,"key":"ColorlessPotion"},{"floor":10.0,"key":"Swift Potion"},{"floor":20,"key":"FairyPotion"},{"floor":20,"key":"SneckoOil"}],"is_trial":false,"path_per_floor":["M","M","?","M","M","R","E","R","T","E","$","M","R","$","R","B",null,"M","M","?","M","M"],"character_chosen":"WATCHER","items_purchased":["Metamorphosis"],"campfire_rested":1,"item_purchase_floors":[11],"current_hp_per_floor":[67,67,67,65,64,64,58,58,58,56,56,40,65,65,65,6,65,57,21,21,1,0,0],"gold":124,"neow_bonus":"TEN_PERCENT_HP_BONUS","is_daily":false,"chose_seed":false,"campfire_upgraded":3,"win_rate":0.0,"timestamp":1611685780,"path_taken":["M","M","?","M","?","R","E","R","T","E","?","M","R","$","R","BOSS","M","M","?","?","M"],"items_purchased_type":["Card"],"build_version":"2020-12-22","purchased_purges":0,"victory":false,"max_hp_per_floor":[74,74,74,74,74,74,84,84,84,84,84,84,84,84,84,84,84,84,84,84,84,84,84],"card_choices":[{"not_picked":["Evaluate","ClearTheMind"],"picked":"ReachHeaven","floor":1.0},{"not_picked":["MentalFortress","EmptyBody"],"picked":"Conclude","floor":2.0},{"not_picked":["Crescendo","WreathOfFlame"],"picked":"DeceiveReality","floor":4.0},{"not_picked":["SashWhip","JustLucky"],"picked":"BowlingBash","floor":5.0},{"not_picked":["Evaluate","Prostrate"],"picked":"EmptyBody","floor":7.0},{"not_picked":["WaveOfTheHand","FlurryOfBlows"],"picked":"Prostrate","floor":10.0},{"not_picked":["SandsOfTime","WreathOfFlame"],"picked":"Wish","floor":12.0},{"not_picked":["JustLucky","CrushJoints","Conclude"],"picked":"SKIP","floor":18},{"not_picked":["Evaluate","FlyingSleeves"],"picked":"CarveReality","floor":19},{"not_picked":["JustLucky","Collect"],"picked":"WaveOfTheHand","floor":21}],"player_experience":1365498,"relics_obtained":[{"floor":7.0,"key":"Pear"},{"floor":9.0,"key":"Gremlin Horn"},{"floor":10.0,"key":"Bottled Lightning"}],"event_choices":[{"damage_healed":0.0,"max_hp_gain":0.0,"max_hp_loss":0.0,"gold_gain":0.0,"cards_transformed":["Strike_P"],"event_name":"Transmorgrifier","player_choice":"Transformed","floor":3.0,"gold_loss":0.0,"damage_taken":0.0,"cards_obtained":["Crescendo"]},{"damage_healed":0,"gold_gain":0,"player_choice":"Bought 2 Potions","damage_taken":0,"max_hp_gain":0,"max_hp_loss":0,"event_name":"The Woman in Blue","floor":20,"gold_loss":0}],"is_beta":false,"boss_relics":[{"not_picked":["Philosopher\u0027s Stone","Ectoplasm","Fusion Hammer"]}],"items_purged_floors":[],"is_endless":false,"potions_floor_spawned":[5,10],"killed_by":"Snecko","ascension_level":17}}