{"host":"i0avyit1s6jb1siw","time":1611666501,"event":{"mods":["BaseMod","DeckTracker","Dota2Spire","Highlight Path","Minty Spire (QoL Compilation)","Quick Restart","StSLib","SuperFastMode"],"gold_per_floor":[14,34,49,49,49,49,67,67,91,116,41,41,66,106,125,125,224,224,224,323,323,346,261,186,200,100,47,47,85,109,122,149,149,149,220,236,19,70,115,115,238,238,238,366,366,379,427,472,525,544,544,544,494,518,257,307,307,347,392,392,422,482,482,482,351,395,425],"floor_reached":68,"language":"ENG","playtime":1624,"items_purged":["Strike_G","Strike_G","Strike_G","Backstab+1","Defend_G","Dagger Throw"],"score":4641,"play_id":"b252094a-e992-42dd-b9e0-0ae60857a6a4","local_time":"20210126140821","is_ascension_mode":true,"campfire_choices":[{"data":"Neutralize","floor":6.0,"key":"SMITH"},{"data":"Crippling Poison","floor":8.0,"key":"SMITH"},{"data":"Backstab","floor":12.0,"key":"SMITH"},{"data":"Bane","floor":16.0,"key":"SMITH"},{"floor":19.0,"key":"REST"},{"data":"Corpse Explosion","floor":28.0,"key":"SMITH"},{"data":"Wraith Form v2","floor":34.0,"key":"SMITH"},{"data":"Catalyst","floor":40.0,"key":"SMITH"},{"data":"Predator","floor":43.0,"key":"SMITH"},{"floor":51.0,"key":"RECALL"},{"data":"Catalyst","floor":60.0,"key":"SMITH"},{"data":"After Image","floor":64.0,"key":"SMITH"}],"circlet_count":0,"master_deck":["AscendersBane","Defend_G","Defend_G","Defend_G+1","Defend_G+1","Survivor","Neutralize+1","Wraith Form v2+1","Crippling Poison+1","Deadly Poison","Quick Slash","Bane+1","Corpse Explosion+1","Night Terror","Leg Sweep","Predator+1","Backflip","Dash+1","Catalyst+1","Bullet Time","After Image+1","Blur","Noxious Fumes+1","Catalyst+1","PiercingWail","Dodge and Roll+1"],"relics":["Ring of the Snake","Dota2Spire:ShivaGuard","Golden Idol","Potion Belt","War Paint","Dota2Spire:ShadowBlade","Snecko Eye","Dota2Spire:Bloodstone","Paper Crane","Blood Vial","Smiling Mask","Dota2Spire:HandOfMidas","PreservedInsect","Membership Card","SacredBark","Black Star","Dota2Spire:EchoSabre","Lee\u0027s Waffle","Strawberry","Sundial","Dota2Spire:PhaseBoots","Happy Flower","Torii","Dota2Spire:PowerTreads"],"acts_visited":["Exordium","TheCity","TheBeyond","TheEnding"],"potions_floor_usage":[66],"damage_taken":[{"damage":0.0,"enemies":"Cultist","floor":1.0,"turns":4.0},{"damage":2.0,"enemies":"Small Slimes","floor":2.0,"turns":4.0},{"damage":5.0,"enemies":"Jaw Worm","floor":3.0,"turns":5.0},{"damage":0.0,"enemies":"Exordium Wildlife","floor":7.0,"turns":3.0},{"damage":0.0,"enemies":"3 Louse","floor":13.0,"turns":2.0},{"damage":0.0,"enemies":"3 Sentries","floor":14.0,"turns":5.0},{"damage":6.0,"enemies":"Blue Slaver","floor":15.0,"turns":3.0},{"damage":34.0,"enemies":"Slime Boss","floor":17.0,"turns":10.0},{"damage":16.0,"enemies":"Slime Boss","floor":20.0,"turns":12.0},{"damage":0.0,"enemies":"Chosen","floor":22.0,"turns":2.0},{"damage":2.0,"enemies":"2 Thieves","floor":25.0,"turns":2.0},{"damage":6.0,"enemies":"Book of Stabbing","floor":29.0,"turns":4.0},{"damage":0.0,"enemies":"3 Cultists","floor":30.0,"turns":2.0},{"damage":0.0,"enemies":"Snecko","floor":31.0,"turns":3.0},{"damage":6.0,"enemies":"Slavers","floor":35.0,"turns":3.0},{"damage":0.0,"enemies":"Centurion and Healer","floor":36.0,"turns":3.0},{"damage":0.0,"enemies":"3 Cultists","floor":39.0,"turns":3.0},{"damage":0.0,"enemies":"Automaton","floor":41.0,"turns":6.0},{"damage":0.0,"enemies":"Automaton","floor":44.0,"turns":6.0},{"damage":0.0,"enemies":"3 Darklings","floor":46.0,"turns":2.0},{"damage":0.0,"enemies":"3 Shapes","floor":47.0,"turns":3.0},{"damage":0.0,"enemies":"Transient","floor":48.0,"turns":6.0},{"damage":0.0,"enemies":"Maw","floor":49.0,"turns":5.0},{"damage":0.0,"enemies":"Sphere and 2 Shapes","floor":50.0,"turns":4.0},{"damage":0.0,"enemies":"3 Darklings","floor":56.0,"turns":2.0},{"damage":0.0,"enemies":"Giant Head","floor":58.0,"turns":4.0},{"damage":0.0,"enemies":"Maw","floor":59.0,"turns":3.0},{"damage":0.0,"enemies":"Time Eater","floor":61.0,"turns":5.0},{"damage":0.0,"enemies":"Awakened One","floor":62.0,"turns":11.0},{"damage":0,"enemies":"Shield and Spear","floor":66,"turns":3},{"damage":0,"enemies":"The Heart","floor":67,"turns":7}],"seed_played":"3770378634241084777","potions_obtained":[{"floor":2.0,"key":"DuplicationPotion"},{"floor":3.0,"key":"Explosive Potion"},{"floor":15.0,"key":"LiquidMemories"},{"floor":17.0,"key":"SteroidPotion"},{"floor":25.0,"key":"Weak Potion"},{"floor":35.0,"key":"Dota2Spire:HealingSalve"},{"floor":36.0,"key":"AttackPotion"},{"floor":41.0,"key":"Swift Potion"},{"floor":49.0,"key":"GhostInAJar"}],"is_trial":false,"path_per_floor":["M","M","M","?","?","R","M","R","T","T","$","R","M","E","M","R","B",null,"R","B",null,"M","?","?","M","$","$","R","E","M","M","T","T","R","E","M","$","T","M","R","B",null,"R","B",null,"M","M","M","M","M","R","?","$","T","$","M","?","E","M","R","B","B",null,"R","$","E","B",null],"character_chosen":"THE_SILENT","items_purchased":["Block Potion","Membership Card","Lee\u0027s Waffle","Strawberry","Catalyst","Happy Flower"],"campfire_rested":1,"item_purchase_floors":[27,37,55,55,55,65],"current_hp_per_floor":[59,57,52,52,52,52,52,52,52,52,52,52,52,52,46,46,12,12,30,14,49,49,49,49,47,47,47,47,41,43,45,45,45,45,41,43,43,43,45,45,47,47,47,49,57,59,60,60,60,60,60,60,60,60,74,74,70,70,70,70,70,70,70,70,70,70,70],"gold":425,"neow_bonus":"ONE_RARE_RELIC","is_daily":false,"chose_seed":false,"campfire_upgraded":10,"win_rate":0.0,"timestamp":1611666501,"path_taken":["M","?","M","?","?","R","M","R","T","T","?","R","M","E","M","R","BOSS","R","BOSS","M","?","?","M","?","$","R","E","M","M","T","T","R","E","?","$","?","M","R","BOSS","R","BOSS","M","M","M","M","M","R","?","$","T","$","?","?","E","M","R","BOSS","BOSS","R","$","E","BOSS"],"items_purchased_type":["Potion","Relic","Relic","Relic","Card","Relic"],"build_version":"2020-12-22","purchased_purges":6,"victory":true,"max_hp_per_floor":[66,66,66,66,60,60,60,60,60,60,60,60,60,60,60,60,60,60,60,60,60,60,60,60,60,60,60,60,60,60,60,60,60,60,60,60,60,60,60,60,60,60,60,60,60,60,60,60,60,60,60,60,60,60,74,74,70,70,70,70,70,70,70,70,70,70,70],"card_choices":[{"not_picked":["Acrobatics","Caltrops"],"picked":"Dagger Throw","floor":1.0},{"not_picked":["Underhanded Strike","Sucker Punch"],"picked":"Wraith Form v2","floor":2.0},{"not_picked":["Flying Knee","Catalyst"],"picked":"Backstab","floor":3.0},{"not_picked":["Flechettes","Backflip"],"picked":"Crippling Poison","floor":7.0},{"not_picked":["Unload","Terror"],"picked":"Deadly Poison","floor":13.0},{"not_picked":["Backflip","Slice"],"picked":"Quick Slash","floor":14.0},{"not_picked":["Catalyst","Endless Agony"],"picked":"Bane","floor":15.0},{"not_picked":["Die Die Die","Grand Finale"],"picked":"Corpse Explosion","floor":17.0},{"not_picked":["Corpse Explosion","Adrenaline"],"picked":"Night Terror","floor":20.0},{"not_picked":["Poisoned Stab","Outmaneuver","Prepared"],"picked":"SKIP","floor":22.0},{"not_picked":["Terror","Sucker Punch","Outmaneuver"],"picked":"SKIP","floor":25.0},{"not_picked":["Cloak And Dagger+1","Blur"],"picked":"Leg Sweep","floor":29.0},{"not_picked":["Blur","Underhanded Strike"],"picked":"Predator","floor":30.0},{"not_picked":["Skewer","Acrobatics","Prepared"],"picked":"SKIP","floor":31.0},{"not_picked":["Underhanded Strike","Accuracy"],"picked":"Backflip","floor":35.0},{"not_picked":["Masterful Stab","Backflip"],"picked":"Dash+1","floor":36.0},{"not_picked":["Terror","Venomology"],"picked":"Catalyst","floor":39.0},{"not_picked":["Die Die Die","Storm of Steel"],"picked":"Bullet Time","floor":41.0},{"not_picked":["A Thousand Cuts","Storm of Steel"],"picked":"After Image","floor":44.0},{"not_picked":["Outmaneuver+1","Acrobatics+1"],"picked":"Blur","floor":46.0},{"not_picked":["Skewer","Blade Dance","Prepared"],"picked":"SKIP","floor":47.0},{"not_picked":["Outmaneuver","Unload","Acrobatics"],"picked":"SKIP","floor":48.0},{"not_picked":["Blade Dance","Riddle With Holes","Underhanded Strike"],"picked":"SKIP","floor":49.0},{"not_picked":["Backflip","Underhanded Strike+1"],"picked":"Noxious Fumes+1","floor":50.0},{"not_picked":["Dagger Throw","Heel Hook"],"picked":"PiercingWail","floor":56.0},{"not_picked":["Envenom","Infinite Blades"],"picked":"Dodge and Roll+1","floor":58.0},{"not_picked":["Dodge and Roll+1","Flechettes","Outmaneuver"],"picked":"SKIP","floor":59.0},{"not_picked":["Bane+1","Predator","Outmaneuver"],"picked":"SKIP","floor":66}],"player_experience":2347931,"relics_obtained":[{"floor":9.0,"key":"Potion Belt"},{"floor":10.0,"key":"War Paint"},{"floor":14.0,"key":"Dota2Spire:ShadowBlade"},{"floor":29.0,"key":"Blood Vial"},{"floor":32.0,"key":"Smiling Mask"},{"floor":33.0,"key":"Dota2Spire:HandOfMidas"},{"floor":35.0,"key":"PreservedInsect"},{"floor":54.0,"key":"Dota2Spire:EchoSabre"},{"floor":58.0,"key":"Sundial"},{"floor":58.0,"key":"Dota2Spire:PhaseBoots"},{"floor":66,"key":"Torii"},{"floor":66,"key":"Dota2Spire:PowerTreads"}],"event_choices":[{"damage_healed":0.0,"max_hp_gain":0.0,"max_hp_loss":0.0,"gold_gain":0.0,"event_name":"Liars Game","player_choice":"Ignored","floor":4.0,"gold_loss":0.0,"damage_taken":0.0},{"damage_healed":0.0,"max_hp_gain":0.0,"max_hp_loss":6.0,"gold_gain":0.0,"event_name":"Golden Idol","player_choice":"Lose Max HP","floor":5.0,"gold_loss":0.0,"damage_taken":0.0,"relics_obtained":["Golden Idol"]},{"damage_healed":0.0,"max_hp_gain":0.0,"max_hp_loss":0.0,"gold_gain":0.0,"event_name":"Addict","player_choice":"Obtained Relic","floor":23.0,"gold_loss":85.0,"damage_taken":0.0,"relics_obtained":["Paper Crane"]},{"cards_removed":["Strike_G"],"damage_healed":0.0,"max_hp_gain":0.0,"max_hp_loss":0.0,"gold_gain":0.0,"event_name":"Beggar","player_choice":"Gave Gold","floor":24.0,"gold_loss":75.0,"damage_taken":0.0},{"cards_removed":["Strike_G"],"damage_healed":0.0,"max_hp_gain":0.0,"max_hp_loss":0.0,"gold_gain":0.0,"event_name":"Bonfire Elementals","player_choice":"Offered Basic","floor":52.0,"gold_loss":0.0,"damage_taken":0.0},{"damage_healed":0.0,"max_hp_gain":0.0,"max_hp_loss":4.0,"gold_gain":0.0,"event_name":"Winding Halls","player_choice":"Max HP","floor":57.0,"gold_loss":0.0,"damage_taken":0.0}],"is_beta":false,"boss_relics":[{"not_picked":["Sozu","Fusion Hammer"],"picked":"Snecko Eye"},{"not_picked":["Ectoplasm","Ring of the Serpent"],"picked":"Dota2Spire:Bloodstone"},{"not_picked":["Empty Cage","Philosopher\u0027s Stone"],"picked":"SacredBark"},{"not_picked":["Velvet Choker","Dota2Spire:RefresherOrb"],"picked":"Black Star"}],"items_purged_floors":[11,26,37,53,55,65],"is_endless":false,"potions_floor_spawned":[2,3,15,17,25,35,36,41,49,50,56],"ascension_level":20}}