{"host":"zk71suw73lg2r165","time":1611688608,"event":{"mods":["BaseMod","Colored Map","Minty Spire (QoL Compilation)","Permanent Neow","Relic Stats","StSLib"],"gold_per_floor":[115,134,148,163,177,203,203,217,217,217,233,249,249,249],"floor_reached":13,"language":"ENG","playtime":409,"items_purged":[],"score":182,"play_id":"79ba1cca-0fb7-4aca-ac9e-4464891dbee9","local_time":"20210126141648","is_ascension_mode":true,"campfire_choices":[{"data":"Capacitor","floor":7,"key":"SMITH"},{"data":"Defragment","floor":10,"key":"SMITH"}],"circlet_count":0,"master_deck":["AscendersBane","Strike_B","Strike_B","Strike_B","Strike_B","Defend_B","Defend_B","Defend_B","Defend_B","Zap","Dualcast","Electrodynamics","Cold Snap","Self Repair","Consume","Tempest","Capacitor+1","Reinforced Body","Defragment+1","Genetic Algorithm","Self Repair"],"relics":["Cracked Core","HornCleat","Gremlin Horn"],"acts_visited":["Exordium"],"potions_floor_usage":[11],"damage_taken":[{"damage":1.0,"enemies":"Cultist","floor":1.0,"turns":3.0},{"damage":7.0,"enemies":"Jaw Worm","floor":2.0,"turns":3.0},{"damage":0.0,"enemies":"2 Louse","floor":3.0,"turns":2.0},{"damage":8.0,"enemies":"Large Slime","floor":4.0,"turns":5.0},{"damage":16,"enemies":"Blue Slaver","floor":5,"turns":3},{"damage":20,"enemies":"Lagavulin","floor":6,"turns":7},{"damage":7,"enemies":"2 Fungi Beasts","floor":8,"turns":3},{"damage":0,"enemies":"3 Louse","floor":11,"turns":1},{"damage":23,"enemies":"Exordium Thugs","floor":12,"turns":4},{"damage":27,"enemies":"Gremlin Nob","floor":13,"turns":3}],"seed_played":"1032373163066888802","potions_obtained":[{"floor":3.0,"key":"Dexterity Potion"},{"floor":5,"key":"Dexterity Potion"},{"floor":6,"key":"PowerPotion"}],"is_trial":false,"path_per_floor":["M","M","M","M","M","E","R","M","T","R","M","M","E"],"character_chosen":"DEFECT","items_purchased":[],"campfire_rested":0,"item_purchase_floors":[],"current_hp_per_floor":[63,56,56,55,46,33,33,33,33,33,33,17,0,0],"gold":249,"neow_bonus":"THREE_RARE_CARDS","is_daily":false,"chose_seed":false,"campfire_upgraded":2,"win_rate":0.0,"timestamp":1611688608,"path_taken":["M","?","M","M","M","E","R","M","T","R","M","M","E"],"items_purchased_type":[],"build_version":"2020-12-22","purchased_purges":0,"victory":false,"max_hp_per_floor":[64,64,64,64,64,64,64,64,64,64,64,64,64,64],"relic_stats":{"Gremlin Horn":[1,1],"counters":[10,34],"obtain_stats":[{"HornCleat":6,"Gremlin Horn":9,"Cracked Core":0},{"HornCleat":6,"Gremlin Horn":7,"Cracked Core":0},{"HornCleat":23,"Gremlin Horn":26,"Cracked Core":0}]},"card_choices":[{"not_picked":["Amplify","All For One"],"picked":"Electrodynamics","floor":0.0},{"not_picked":["Turbo","Coolheaded"],"picked":"Cold Snap","floor":1.0},{"not_picked":["Fusion","Darkness"],"picked":"Self Repair","floor":2.0},{"not_picked":["Gash","Hologram"],"picked":"Consume","floor":3.0},{"not_picked":["Hello World","Leap"],"picked":"Tempest","floor":4},{"not_picked":["Fusion","Turbo"],"picked":"Capacitor","floor":5},{"not_picked":["Loop","Blizzard"],"picked":"Reinforced Body","floor":6},{"not_picked":["Streamline","Steam"],"picked":"Defragment","floor":8},{"not_picked":["Stack","Sweeping Beam"],"picked":"Genetic Algorithm","floor":11},{"not_picked":["Reprogram","Streamline"],"picked":"Self Repair","floor":12}],"player_experience":1383631,"relics_obtained":[{"floor":6,"key":"HornCleat"},{"floor":9,"key":"Gremlin Horn"}],"event_choices":[],"is_beta":false,"boss_relics":[],"items_purged_floors":[],"is_endless":false,"potions_floor_spawned":[3,5,6],"killed_by":"Gremlin Nob","ascension_level":20}}