{"host":"kvo7eymyd21g9abd","time":1611691995,"event":{"mods":["AchievementEnabler","BaseMod","Bestiary","Colored Map","Minty Spire (QoL Compilation)","StSLib"],"gold_per_floor":[112,129,204,204,204,233,233,250,277,123,153,153,172,137,137,237,237,250,250,250,269,45,45,64,89,89,89,99,134,148,183,183,183,183],"floor_reached":33,"language":"ENG","playtime":1112,"items_purged":[],"score":407,"play_id":"30a45358-5add-481b-bf88-4986fcafba52","local_time":"20210126151315","is_ascension_mode":true,"campfire_choices":[{"floor":7,"key":"RECALL"},{"data":"BattleHymn","floor":12,"key":"SMITH"},{"data":"MentalFortress","floor":15,"key":"SMITH"},{"floor":23,"key":"REST"},{"floor":27,"key":"REST"},{"floor":32,"key":"REST"}],"circlet_count":0,"master_deck":["Strike_P+1","Strike_P+1","Strike_P+1","Strike_P+1","Defend_P+1","Defend_P+1","Defend_P+1","Defend_P+1","Eruption+1","Vigilance+1","Indignation","EmptyBody","EmptyBody","BattleHymn+1","MentalFortress+1","Omniscience","LikeWater+1","FollowUp","Adaptation","Omniscience","EmptyFist+1","MentalFortress+1","SashWhip","WreathOfFlame"],"relics":["PureWater","NeowsBlessing","Omamori","Regal Pillow","Torii","SlaversCollar","PreservedInsect","MealTicket","Tiny Chest","Akabeko","Frozen Egg 2","Pen Nib"],"acts_visited":["Exordium","TheCity"],"potions_floor_usage":[16,16,16,21,24,25,28,30,31],"damage_taken":[{"damage":0,"enemies":"Cultist","floor":1,"turns":1},{"damage":0,"enemies":"Small Slimes","floor":2,"turns":1},{"damage":0,"enemies":"Lagavulin","floor":6,"turns":1},{"damage":0,"enemies":"2 Louse","floor":8,"turns":3},{"damage":12,"enemies":"Gremlin Nob","floor":11,"turns":3},{"damage":9,"enemies":"Exordium Wildlife","floor":13,"turns":5},{"damage":0,"enemies":"Hexaghost","floor":16,"turns":7},{"damage":7,"enemies":"3 Byrds","floor":18,"turns":6},{"damage":40,"enemies":"2 Thieves","floor":21,"turns":3},{"damage":55,"enemies":"3 Cultists","floor":24,"turns":4},{"damage":10,"enemies":"Gremlin Leader","floor":25,"turns":5},{"damage":8,"enemies":"Snake Plant","floor":28,"turns":5},{"damage":8,"enemies":"Book of Stabbing","floor":29,"turns":5},{"damage":0,"enemies":"Centurion and Healer","floor":30,"turns":3},{"damage":21,"enemies":"Slavers","floor":31,"turns":5},{"damage":91,"enemies":"Automaton","floor":33,"turns":6}],"seed_played":"-6776078846057609158","potions_obtained":[{"floor":1,"key":"LiquidBronze"},{"floor":8,"key":"BottledMiracle"},{"floor":11,"key":"Weak Potion"},{"floor":16,"key":"GamblersBrew"},{"floor":18,"key":"LiquidBronze"},{"floor":24,"key":"DistilledChaos"},{"floor":28,"key":"Explosive Potion"},{"floor":29,"key":"AttackPotion"},{"floor":30,"key":"SmokeBomb"}],"is_trial":false,"path_per_floor":["M","M","?","?","?","E","R","M","T","$","E","R","M","?","R","B",null,"M","?","?","M","$","R","M","E","T","R","M","E","M","E","R","B"],"character_chosen":"WATCHER","items_purchased":["Regal Pillow","Regen Potion","MealTicket"],"campfire_rested":3,"item_purchase_floors":[10,22,22],"current_hp_per_floor":[72,72,61,61,61,61,61,61,61,61,49,49,40,58,58,58,72,65,65,65,25,25,61,6,10,10,46,38,30,30,9,45,0,0],"gold":183,"neow_bonus":"THREE_ENEMY_KILL","is_daily":false,"chose_seed":false,"campfire_upgraded":2,"win_rate":0.0,"timestamp":1611691995,"path_taken":["M","M","?","?","?","E","R","M","T","$","E","R","?","?","R","BOSS","M","?","?","M","$","R","?","E","T","R","M","E","M","E","R","BOSS"],"items_purchased_type":["Relic","Potion","Relic"],"build_version":"2020-12-22","purchased_purges":0,"victory":false,"max_hp_per_floor":[72,72,72,72,72,72,72,72,72,72,72,72,72,72,72,72,72,72,72,72,72,72,72,72,72,72,72,72,72,72,72,72,72,72],"card_choices":[{"not_picked":["Tantrum","WheelKick"],"picked":"Indignation","floor":1},{"not_picked":["Prostrate","PathToVictory"],"picked":"EmptyBody","floor":2},{"not_picked":["PathToVictory","FlyingSleeves"],"picked":"EmptyBody","floor":6},{"not_picked":["SashWhip","FlurryOfBlows"],"picked":"BattleHymn","floor":8},{"not_picked":["JustLucky","Pray","CrushJoints"],"picked":"SKIP","floor":11},{"not_picked":["WreathOfFlame","BowlingBash"],"picked":"MentalFortress","floor":13},{"not_picked":["Brilliance","Scrawl"],"picked":"Omniscience","floor":16},{"not_picked":["Evaluate","Weave"],"picked":"LikeWater+1","floor":18},{"not_picked":["WheelKick","Conclude"],"picked":"FollowUp","floor":21},{"not_picked":["Swivel","SashWhip"],"picked":"Adaptation","floor":24},{"not_picked":["PathToVictory","Protect"],"picked":"Omniscience","floor":25},{"not_picked":["Evaluate","CrushJoints"],"picked":"EmptyFist+1","floor":28},{"not_picked":["Prostrate","Meditate"],"picked":"MentalFortress+1","floor":29},{"not_picked":["FlurryOfBlows","FlyingSleeves"],"picked":"SashWhip","floor":30},{"not_picked":["SashWhip","Meditate+1"],"picked":"WreathOfFlame","floor":31}],"player_experience":424413,"relics_obtained":[{"floor":6,"key":"Omamori"},{"floor":11,"key":"Torii"},{"floor":25,"key":"Tiny Chest"},{"floor":26,"key":"Akabeko"},{"floor":29,"key":"Frozen Egg 2"},{"floor":31,"key":"Pen Nib"}],"event_choices":[{"damage_healed":0,"gold_gain":75,"player_choice":"Gather Gold","damage_taken":11,"max_hp_gain":0,"max_hp_loss":0,"event_name":"World of Goop","floor":3,"gold_loss":0},{"damage_healed":0,"gold_gain":0,"player_choice":"Grow","damage_taken":0,"max_hp_gain":0,"max_hp_loss":0,"event_name":"Living Wall","floor":4,"gold_loss":0,"cards_upgraded":["Eruption"]},{"damage_healed":0,"gold_gain":0,"player_choice":"Forge","damage_taken":0,"max_hp_gain":0,"max_hp_loss":0,"event_name":"Accursed Blacksmith","floor":5,"gold_loss":0,"cards_upgraded":["Vigilance"]},{"damage_healed":18,"gold_gain":0,"player_choice":"Healed","damage_taken":0,"max_hp_gain":0,"max_hp_loss":0,"event_name":"The Cleric","floor":14,"gold_loss":35},{"damage_healed":0,"gold_gain":0,"player_choice":"Simplicity","damage_taken":0,"max_hp_gain":0,"max_hp_loss":0,"event_name":"Back to Basics","floor":19,"gold_loss":0,"cards_upgraded":["Strike_P","Strike_P","Strike_P","Strike_P","Defend_P","Defend_P","Defend_P","Defend_P"]},{"damage_healed":0,"gold_gain":0,"player_choice":"Opened","damage_taken":0,"relics_obtained":["PreservedInsect"],"max_hp_gain":0,"max_hp_loss":0,"event_name":"The Mausoleum","floor":20,"gold_loss":0,"cards_obtained":["Writhe"]}],"is_beta":false,"boss_relics":[{"not_picked":["Runic Pyramid","SacredBark"],"picked":"SlaversCollar"}],"items_purged_floors":[],"is_endless":false,"potions_floor_spawned":[1,8,11,13,16,18,24,28,29,30],"killed_by":"Automaton","ascension_level":1}}