{"host":"f0gpob8hq9vgebej","time":1611635936,"event":{"mods":["AchievementEnabler","BaseMod","Minty Spire (QoL Compilation)","Quick Restart","SuperFastMode"],"gold_per_floor":[119,38,57,157,173,173,192,192,216,216,216,228,243,262,262,365,365,378,189,20,20,32,32,131,145,170,170,186,200,210,224,224,327,327,338,87,135,148,158,158,184,184,184,198,213,225,240,11,11,11],"floor_reached":51,"language":"KOR","playtime":1811,"items_purged":["Strike_B","Strike_B","All For One","Dualcast"],"score":995,"play_id":"13f1bf94-0d0c-4133-9618-34ca4eb00331","local_time":"20210126133856","is_ascension_mode":true,"campfire_choices":[{"data":"Zap","floor":6.0,"key":"SMITH"},{"data":"Defragment","floor":8.0,"key":"SMITH"},{"data":"Conserve Battery","floor":11.0,"key":"SMITH"},{"floor":15.0,"key":"REST"},{"data":"Defragment","floor":23.0,"key":"SMITH"},{"data":"Thunder Strike","floor":27.0,"key":"SMITH"},{"data":"Blizzard","floor":32,"key":"SMITH"},{"data":"Buffer","floor":40,"key":"SMITH"},{"data":"Echo Form","floor":42,"key":"SMITH"},{"data":"Coolheaded","floor":49,"key":"SMITH"}],"circlet_count":0,"master_deck":["Zap+1","Defragment+1","Conserve Battery+1","BootSequence","Turbo","Machine Learning","Seek","Steam Power","Ball Lightning","Self Repair","Thunder Strike+1","Rainbow","Ball Lightning","Defragment+1","Conserve Battery+1","Loop+1","Blizzard+1","Buffer+1","Tempest","White Noise","Chaos","Barrage","Double Energy+1","Capacitor","Echo Form+1","Coolheaded+1","Capacitor"],"relics":["FrozenCore","Juzu Bracelet","CaptainsWheel","Oddly Smooth Stone","Pandora\u0027s Box","Bird Faced Urn","Akabeko","Omamori"],"acts_visited":["Exordium","TheCity","TheBeyond"],"potions_floor_usage":[33,33,33,37,39,50,50,50],"damage_taken":[{"damage":0.0,"enemies":"2 Louse","floor":1.0,"turns":3.0},{"damage":11.0,"enemies":"Cultist","floor":3.0,"turns":4.0},{"damage":2.0,"enemies":"Small Slimes","floor":5.0,"turns":4.0},{"damage":0.0,"enemies":"2 Fungi Beasts","floor":7.0,"turns":3.0},{"damage":4.0,"enemies":"Exordium Wildlife","floor":12.0,"turns":5.0},{"damage":15.0,"enemies":"Gremlin Gang","floor":13.0,"turns":5.0},{"damage":15.0,"enemies":"Large Slime","floor":14.0,"turns":4.0},{"damage":37.0,"enemies":"Hexaghost","floor":16.0,"turns":8.0},{"damage":0.0,"enemies":"Spheric Guardian","floor":18.0,"turns":6.0},{"damage":16.0,"enemies":"3 Byrds","floor":22.0,"turns":5.0},{"damage":4.0,"enemies":"Centurion and Healer","floor":25.0,"turns":7.0},{"damage":4,"enemies":"Sentry and Sphere","floor":28,"turns":5},{"damage":27,"enemies":"Shelled Parasite and Fungi","floor":29,"turns":6},{"damage":0,"enemies":"Snecko","floor":30,"turns":6},{"damage":21,"enemies":"Cultist and Chosen","floor":31,"turns":6},{"damage":4,"enemies":"Champ","floor":33,"turns":9},{"damage":0,"enemies":"3 Shapes","floor":35,"turns":6},{"damage":45,"enemies":"2 Orb Walkers","floor":37,"turns":5},{"damage":27,"enemies":"3 Darklings","floor":38,"turns":6},{"damage":14,"enemies":"Spire Growth","floor":39,"turns":6},{"damage":0,"enemies":"Giant Head","floor":41,"turns":8},{"damage":40,"enemies":"Jaw Worm Horde","floor":44,"turns":5},{"damage":0,"enemies":"Sphere and 2 Shapes","floor":45,"turns":8},{"damage":0,"enemies":"Maw","floor":46,"turns":6},{"damage":19,"enemies":"Writhing Mass","floor":47,"turns":5},{"damage":80,"enemies":"Awakened One","floor":50,"turns":10}],"seed_played":"2898138506977091404","potions_obtained":[{"floor":5.0,"key":"PowerPotion"},{"floor":7.0,"key":"ColorlessPotion"},{"floor":14.0,"key":"Regen Potion"},{"floor":16.0,"key":"BlessingOfTheForge"},{"floor":25.0,"key":"LiquidBronze"},{"floor":28,"key":"PotionOfCapacity"},{"floor":33,"key":"SkillPotion"},{"floor":35,"key":"Strength Potion"},{"floor":38,"key":"Swift Potion"},{"floor":41,"key":"FocusPotion"},{"floor":46,"key":"DuplicationPotion"}],"is_trial":false,"path_per_floor":["M","$","M","?","M","R","M","R","T","T","R","M","M","M","R","B",null,"M","$","$","?","M","R","?","M","T","R","M","M","M","M","R","B",null,"M","$","?","M","M","R","E","R","T","M","M","M","M","$","R","B",null],"character_chosen":"DEFECT","items_purchased":["Defragment","Ball Lightning","Self Repair","Thunder Strike","Barrage","PotionOfCapacity","Capacitor"],"campfire_rested":1,"item_purchase_floors":[2,19,19,20,36,36,48],"current_hp_per_floor":[75,75,64,64,62,62,62,62,62,62,62,58,43,28,52,15,65,65,65,65,65,56,56,56,59,59,59,62,42,49,35,35,53,75,82,82,44,49,45,45,68,68,68,51,76,82,70,70,70,17],"gold":11,"neow_bonus":"TEN_PERCENT_HP_BONUS","is_daily":false,"chose_seed":false,"campfire_upgraded":9,"win_rate":0.0,"timestamp":1611635936,"path_taken":["M","$","M","?","M","R","?","R","T","?","R","M","M","M","R","BOSS","M","?","$","?","M","R","?","M","T","R","M","M","M","M","R","BOSS","M","$","?","M","M","R","E","R","T","M","M","M","M","$","R","BOSS"],"items_purchased_type":["Card","Card","Card","Card","Card","Potion","Card"],"build_version":"2020-12-22","purchased_purges":4,"victory":true,"max_hp_per_floor":[82,82,82,82,82,82,82,82,82,82,82,82,82,82,82,82,82,82,82,82,82,82,82,82,82,82,82,82,82,82,82,82,82,82,82,82,82,82,82,82,82,82,82,82,82,82,82,82,82,82],"card_choices":[{"not_picked":["Gash","Blizzard","Chaos"],"picked":"SKIP","floor":1.0},{"not_picked":["Coolheaded","Stack"],"picked":"Conserve Battery","floor":3.0},{"not_picked":["Consume","Redo"],"picked":"BootSequence","floor":5.0},{"not_picked":["Cold Snap","Rebound","Hologram"],"picked":"SKIP","floor":7.0},{"not_picked":["Rip and Tear","Reinforced Body"],"picked":"Turbo","floor":12.0},{"not_picked":["FTL","Consume","Compile Driver"],"picked":"SKIP","floor":13.0},{"not_picked":["Gash","Beam Cell"],"picked":"Machine Learning","floor":14.0},{"not_picked":["Machine Learning","All For One"],"picked":"Seek","floor":16.0},{"not_picked":["Redo","Hologram"],"picked":"Steam Power","floor":18.0},{"not_picked":["Compile Driver+1","Conserve Battery"],"picked":"Defragment","floor":22.0},{"not_picked":["Consume","Leap+1","Go for the Eyes"],"picked":"SKIP","floor":25.0},{"not_picked":["Stack","Ball Lightning","Reinforced Body"],"picked":"SKIP","floor":28},{"not_picked":["Glacier","Leap"],"picked":"Conserve Battery+1","floor":29},{"not_picked":["Machine Learning","Cold Snap"],"picked":"Loop+1","floor":30},{"not_picked":["Chaos","Compile Driver"],"picked":"Blizzard","floor":31},{"not_picked":["Core Surge","Rainbow"],"picked":"Buffer","floor":33},{"not_picked":["Rebound+1","Fusion","Ball Lightning+1"],"picked":"SKIP","floor":35},{"not_picked":["Ball Lightning+1","Sweeping Beam"],"picked":"Double Energy+1","floor":37},{"not_picked":["Undo","Beam Cell","Cold Snap"],"picked":"SKIP","floor":38},{"not_picked":["Chaos","Static Discharge"],"picked":"Capacitor","floor":39},{"not_picked":["Beam Cell+1","Turbo"],"picked":"Echo Form","floor":41},{"not_picked":["Compile Driver","Undo"],"picked":"Coolheaded","floor":44},{"not_picked":["Streamline+1","Sweeping Beam+1","Barrage+1"],"picked":"SKIP","floor":45},{"not_picked":["Aggregate","Compile Driver","Chaos"],"picked":"SKIP","floor":46},{"not_picked":["Auto Shields","Sweeping Beam","Streamline"],"picked":"SKIP","floor":47}],"player_experience":248520,"relics_obtained":[{"floor":9.0,"key":"Juzu Bracelet"},{"floor":10.0,"key":"CaptainsWheel"},{"floor":26.0,"key":"Oddly Smooth Stone"},{"floor":37,"key":"Bird Faced Urn"},{"floor":41,"key":"Akabeko"},{"floor":43,"key":"Omamori"}],"event_choices":[{"damage_healed":0.0,"max_hp_gain":0.0,"max_hp_loss":0.0,"gold_gain":100.0,"event_name":"Golden Shrine","player_choice":"Pray","floor":4.0,"gold_loss":0.0,"damage_taken":0.0},{"damage_healed":0.0,"max_hp_gain":0.0,"max_hp_loss":0.0,"gold_gain":0.0,"cards_transformed":["Strike_B","Defend_B"],"event_name":"Drug Dealer","player_choice":"Became Test Subject","floor":21.0,"gold_loss":0.0,"damage_taken":0.0,"cards_obtained":["Rainbow","Ball Lightning"]},{"damage_healed":0.0,"max_hp_gain":0.0,"max_hp_loss":0.0,"gold_gain":99.0,"event_name":"Nest","player_choice":"Stole From Cult","floor":24.0,"gold_loss":0.0,"damage_taken":0.0},{"damage_healed":0,"gold_gain":0,"player_choice":"Fight","damage_taken":0,"max_hp_gain":0,"max_hp_loss":0,"event_name":"Mysterious Sphere","floor":37,"gold_loss":0}],"is_beta":false,"boss_relics":[{"not_picked":["Tiny House","SlaversCollar"],"picked":"FrozenCore"},{"not_picked":["Sozu","Snecko Eye"],"picked":"Pandora\u0027s Box"}],"items_purged_floors":[19,20,36,48],"is_endless":false,"potions_floor_spawned":[5,7,14,16,25,28,29,30,33,35,38,41,46,47],"ascension_level":9}}