{"host":"gln8pem4hnwuntpa","time":1611692929,"event":{"mods":["BaseMod","Lobotomy","Minty Spire (QoL Compilation)","Quick Restart","Replay The Spire","StSLib"],"gold_per_floor":[119,119,44,44,44,44,44,44,67,67,83,158,168,199,199,304,304,324,324,49,49,59,86,86,115,185,210,210,210],"floor_reached":28,"language":"ZHS","playtime":1692,"items_purged":["Strike_B","Strike_B"],"score":332,"play_id":"e30cc212-81d7-4159-8519-123570f6e968","local_time":"20210127042849","is_ascension_mode":true,"campfire_choices":[{"data":"Zap","floor":7,"key":"SMITH"},{"data":"Scorching Beam","floor":10,"key":"SMITH"},{"floor":15,"key":"REST"},{"data":"Limit Break","floor":24,"key":"SMITH"}],"circlet_count":0,"master_deck":["Strike_B","Strike_B","Defend_B+1","Defend_B+1","Defend_B","Defend_B","Zap+1","VoidDream","Auto Shields+1","Bash","Scorching Beam+1","Chaos","Defragment","OSAHOGD","Limit Break+1","Electrodynamics","Cold Snap","Coolheaded","Capacitor","MHz","Go for the Eyes","Wellcheers","ReplayTheSpireMod:Calculation Training"],"relics":["CogitoBucket","Iron Core","Eternal Feather","Anchor","Replay:Baseball","Black Star","Membership Card","Omamori","Replay:Mystery Machine","Blue Doll","Strawberry","Mango","Shuriken","Replay:Antivirus Software","Pen Nib"],"acts_visited":["Exordium","TheCity"],"potions_floor_usage":[8,16,23,23,25,25,25,27,27],"damage_taken":[{"damage":6,"enemies":"Jaw Worm","floor":1,"turns":3},{"damage":13,"enemies":"Lagavulin","floor":6,"turns":9},{"damage":4,"enemies":"3 Sentries","floor":8,"turns":5},{"damage":2,"enemies":"2 Louse","floor":11,"turns":3},{"damage":0,"enemies":"Cultist","floor":13,"turns":4},{"damage":19,"enemies":"Lagavulin","floor":14,"turns":6},{"damage":37,"enemies":"Slime Boss","floor":16,"turns":7},{"damage":14,"enemies":"Shell Parasite","floor":18,"turns":4},{"damage":0,"enemies":"2 Thieves","floor":21,"turns":4},{"damage":2,"enemies":"Snecko","floor":22,"turns":5},{"damage":9,"enemies":"Replay:Snechameleon","floor":23,"turns":8},{"damage":29,"enemies":"Gremlin Leader","floor":25,"turns":7},{"damage":24,"enemies":"Slavers","floor":27,"turns":5},{"damage":30,"enemies":"Cultist and Chosen","floor":28,"turns":6}],"seed_played":"-4840877998775073446","potions_obtained":[{"floor":1,"key":"Flashbang"},{"floor":6,"key":"Elixir"},{"floor":8,"key":"PowerPotion"},{"floor":19,"key":"EntropicBrew"},{"floor":19,"key":"GamblersBrew"},{"floor":21,"key":"ColorlessPotion"},{"floor":23,"key":"BlessingOfTheForge"},{"floor":27,"key":"LiquidBronze"}],"is_trial":false,"path_per_floor":["M","?","$","?","?","E","R","E","T","R","M","?","M","E","R","B",null,"M","?","$","M","M","E","R","E","T","E","M"],"character_chosen":"DEFECT","items_purchased":["Membership Card","Omamori"],"campfire_rested":1,"item_purchase_floors":[20,20],"current_hp_per_floor":[69,54,54,54,54,41,47,43,43,49,47,40,40,21,52,15,75,61,61,61,61,59,50,62,54,54,30,0,0],"gold":210,"neow_bonus":"","is_daily":false,"chose_seed":false,"campfire_upgraded":3,"win_rate":0.0,"timestamp":1611692929,"path_taken":["M","?","$","?","?","E","R","E","T","R","M","?","?","E","R","BOSS","M","?","$","M","M","E","R","E","T","E","M"],"items_purchased_type":["Relic","Relic"],"build_version":"2020-12-22","purchased_purges":2,"victory":false,"max_hp_per_floor":[75,75,75,75,75,75,75,75,75,75,75,75,75,75,75,75,75,75,75,75,75,75,75,75,96,96,96,96,96],"card_choices":[{"not_picked":["BodiesMountain","Laetitia"],"picked":"VoidDream","floor":1},{"not_picked":["Ball Lightning","Hello World"],"picked":"Auto Shields","floor":1},{"not_picked":["Leap","BasicCrystalCard"],"picked":"Scorching Beam","floor":6},{"not_picked":["Body Slam","Flex"],"picked":"Chaos","floor":8},{"not_picked":["Evolve","Clash","Headbutt"],"picked":"SKIP","floor":11},{"not_picked":["Iron Wave","BootSequence"],"picked":"Defragment","floor":13},{"not_picked":["Wellcheers","BeautyBeast"],"picked":"OSAHOGD","floor":14},{"not_picked":["Steam Power","Reprogram"],"picked":"Limit Break","floor":14},{"not_picked":["ReplayRNGCard","Reboot"],"picked":"Electrodynamics","floor":16},{"not_picked":["Steam","Consume"],"picked":"Cold Snap","floor":18},{"not_picked":["Steam+1","Rebound","Reinforced Body+1"],"picked":"SKIP","floor":21},{"not_picked":["Barrage","Streamline"],"picked":"Coolheaded","floor":22},{"not_picked":["Sweeping Beam","All For One"],"picked":"Capacitor","floor":23},{"not_picked":["BodiesMountain","UniverseFragment"],"picked":"MHz","floor":23},{"not_picked":["Coolheaded+1","Sweeping Beam"],"picked":"Go for the Eyes","floor":25},{"not_picked":["ShyLook","BigBird"],"picked":"Wellcheers","floor":27},{"not_picked":["Barrage","Rip and Tear+1"],"picked":"ReplayTheSpireMod:Calculation Training","floor":27}],"player_experience":103394,"relics_obtained":[{"floor":6,"key":"Eternal Feather"},{"floor":8,"key":"Anchor"},{"floor":14,"key":"Replay:Baseball"},{"floor":23,"key":"Replay:Mystery Machine"},{"floor":23,"key":"Blue Doll"},{"floor":25,"key":"Strawberry"},{"floor":25,"key":"Mango"},{"floor":26,"key":"Shuriken"},{"floor":27,"key":"Replay:Antivirus Software"},{"floor":27,"key":"Pen Nib"}],"event_choices":[{"damage_healed":0,"gold_gain":0,"player_choice":"Entered Light","damage_taken":15,"max_hp_gain":0,"max_hp_loss":0,"event_name":"Shining Light","floor":2,"gold_loss":0,"cards_upgraded":["Auto Shields","Defend_B"]},{"damage_healed":0,"gold_gain":75,"player_choice":"Touch","damage_taken":7,"max_hp_gain":0,"max_hp_loss":0,"event_name":"FaceTrader","floor":12,"gold_loss":0},{"damage_healed":0,"gold_gain":0,"player_choice":"Got Potions","damage_taken":0,"max_hp_gain":0,"max_hp_loss":0,"event_name":"Lab","floor":19,"gold_loss":0}],"is_beta":false,"boss_relics":[{"not_picked":["Runic Dome","Inserter"],"picked":"Black Star"}],"items_purged_floors":[3,20],"is_endless":false,"potions_floor_spawned":[1,6,8,21,23,27],"killed_by":"Cultist and Chosen","ascension_level":1}}