{"host":"a0d98l75j0h1o085","time":1611637640,"event":{"mods":["AlwaysNeverKeys","BaseMod","Downfall","Highlight Path","Minty Spire (QoL Compilation)","StSLib"],"gold_per_floor":[99,118,131,131,144,144,144,164,164,195,206,206,217,227,242,339,339,339,350,363,392,113,113,113,125,143,191,76,86,86,112,128,128,128,128],"floor_reached":33,"language":"ENG","playtime":4583,"items_purged":["Pain","hexamod:Defend"],"score":323,"play_id":"b7bc4c8e-db0f-4435-866e-b7b170e79918","local_time":"20210126050720","is_ascension_mode":false,"campfire_choices":[{"data":"hexamod:Float","floor":1.0,"key":"SMITH"},{"data":"hexamod:ShieldOfDarkness","floor":9.0,"key":"SMITH"},{"data":"hexamod:TimeOfNeed","floor":18,"key":"SMITH"}],"circlet_count":0,"master_deck":["hexamod:Strike","hexamod:Strike","hexamod:Strike","hexamod:Strike","hexamod:Defend","hexamod:Defend","hexamod:Defend","hexamod:Sear","hexamod:Float+1","hexamod:ShieldOfDarkness+1","hexamod:ThirdSeal","hexamod:SpectersWail","hexamod:StepThrough","hexamod:Hexaguard","hexamod:TimeOfNeed+1","hexamod:UnlimitedPower","hexamod:VolcanoVisage","hexamod:FastForward","hexamod:GhostflameInferno","expansioncontent:QuickStudy","hexamod:FastForward","hexamod:FourthSeal","hexamod:Hexaguard","hexamod:FastForward+1","hexamod:FourthSeal"],"relics":["hexamod:SpiritBrand","MealTicket","Blue Candle","Blood Vial","WarpedTongs","SacredBark","Red Mask","HornCleat","Oddly Smooth Stone","Thread and Needle"],"acts_visited":["Exordium","TheCity"],"potions_floor_usage":[19,20,21,29,31,32],"damage_taken":[{"damage":0.0,"enemies":"Jaw Worm","floor":2.0,"turns":3.0},{"damage":1.0,"enemies":"Cultist","floor":3.0,"turns":3.0},{"damage":0.0,"enemies":"Small Slimes","floor":5.0,"turns":3.0},{"damage":3.0,"enemies":"3 Louse","floor":8.0,"turns":4.0},{"damage":0.0,"enemies":"3 Sentries","floor":10.0,"turns":8.0},{"damage":6.0,"enemies":"Gremlin Gang","floor":11.0,"turns":5.0},{"damage":2.0,"enemies":"Large Slime","floor":13.0,"turns":6.0},{"damage":1.0,"enemies":"Blue Slaver","floor":14.0,"turns":3.0},{"damage":12.0,"enemies":"Red Slaver","floor":15.0,"turns":4.0},{"damage":27.0,"enemies":"WA_ARCHETYPE_RETAIN","floor":16.0,"turns":9.0},{"damage":0,"enemies":"3 Byrds","floor":19,"turns":2},{"damage":14,"enemies":"Snake Plant","floor":20,"turns":4},{"damage":25,"enemies":"Masked Bandits","floor":21,"turns":4},{"damage":1,"enemies":"downfall:FleeingMerchant","floor":22,"turns":4},{"damage":8,"enemies":"3 Cultists","floor":25,"turns":4},{"damage":30,"enemies":"Chosen and Byrds","floor":26,"turns":7},{"damage":0,"enemies":"downfall:FleeingMerchant","floor":28,"turns":4},{"damage":5,"enemies":"Centurion and Healer","floor":29,"turns":6},{"damage":9,"enemies":"Book of Stabbing","floor":31,"turns":7},{"damage":5,"enemies":"Shelled Parasite and Fungi","floor":32,"turns":4},{"damage":67,"enemies":"DF_ARCHETYPE_CLAW","floor":33,"turns":9}],"seed_played":"617225958016157677","potions_obtained":[{"floor":0.0,"key":"Block Potion"},{"floor":0.0,"key":"hexamod:DoubleChargePotion"},{"floor":0.0,"key":"sneckomod:MuddlingPotion"},{"floor":11.0,"key":"PowerPotion"},{"floor":14.0,"key":"Strength Potion"},{"floor":16.0,"key":"LiquidBronze"},{"floor":19,"key":"Swift Potion"},{"floor":20,"key":"Dexterity Potion"},{"floor":26,"key":"Swift Potion"},{"floor":29,"key":"Fruit Juice"},{"floor":29,"key":"Weak Potion"},{"floor":32,"key":"LiquidBronze"}],"is_trial":false,"path_per_floor":["R","M","M","?","M","?","T","M","R","E","M","?","M","M","M","B",null,"R","M","M","?","$","?","T","M","M","T","$","M","?","E","M","B"],"character_chosen":"THE_SPIRIT","items_purchased":["expansioncontent:QuickStudy"],"campfire_rested":0,"item_purchase_floors":[22],"current_hp_per_floor":[70,70,69,69,69,44,44,41,41,41,37,37,37,38,28,3,70,70,70,56,33,49,36,36,30,2,2,19,26,54,47,44,0,0,0],"gold":128,"neow_bonus":"THREE_SMALL_POTIONS","is_daily":false,"chose_seed":false,"campfire_upgraded":3,"win_rate":0.0,"timestamp":1611637640,"path_taken":["R","M","M","?","?","?","T","M","R","E","M","?","?","M","M","BOSS","R","M","M","?","$","?","T","M","M","?","$","?","?","E","M","BOSS"],"items_purchased_type":["Card"],"build_version":"2020-12-22","purchased_purges":2,"victory":false,"max_hp_per_floor":[70,70,70,70,70,70,70,70,70,70,70,70,70,70,70,70,70,70,70,70,70,70,75,75,75,75,75,75,85,85,85,85,85,85,85],"card_choices":[{"not_picked":["hexamod:CatchUp","hexamod:AdvancingGuard","hexamod:ExtraCrispy"],"picked":"SKIP","floor":2.0},{"not_picked":["hexamod:RainOfEmbers","hexamod:ThermalTransfer"],"picked":"hexamod:ShieldOfDarkness","floor":3.0},{"not_picked":["hexamod:Firestarter","hexamod:SecondSeal"],"picked":"hexamod:ThirdSeal","floor":5.0},{"not_picked":["hexamod:BurningTouch","hexamod:BacktrackSmack"],"picked":"hexamod:SpectersWail","floor":8.0},{"not_picked":["hexamod:CatchUp","hexamod:GhostOfSpirePresent"],"picked":"hexamod:StepThrough","floor":10.0},{"not_picked":["hexamod:BurningTouch","hexamod:RetreatToShadows"],"picked":"hexamod:Hexaguard","floor":11.0},{"not_picked":["hexamod:NightmareStrike","hexamod:DynamicBlow","hexamod:StepThrough"],"picked":"SKIP","floor":13.0},{"not_picked":["hexamod:ThermalTransfer","hexamod:PhantomFireball","hexamod:Again"],"picked":"SKIP","floor":13.0},{"not_picked":["hexamod:BacktrackSmack","hexamod:Again"],"picked":"hexamod:TimeOfNeed","floor":14.0},{"not_picked":["hexamod:RainOfEmbers","hexamod:GhostShield","hexamod:ExtraCrispy"],"picked":"SKIP","floor":14.0},{"not_picked":["hexamod:PhantomCloak","hexamod:HeatMetal","hexamod:NightmareStrike"],"picked":"SKIP","floor":15.0},{"not_picked":["hexamod:SpectersWail","hexamod:BurningTouch","hexamod:PhantomFireball"],"picked":"SKIP","floor":15.0},{"not_picked":["hexamod:GhostOfSpirePresent","hexamod:GhostflameInferno"],"picked":"hexamod:UnlimitedPower","floor":16.0},{"not_picked":["hexamod:TimeWarp","hexamod:GhostOfSpirePresent"],"picked":"hexamod:VolcanoVisage","floor":16.0},{"not_picked":["hexamod:NightmareStrike","hexamod:HeatMetal"],"picked":"hexamod:FastForward","floor":19},{"not_picked":["hexamod:ThermalTransfer","hexamod:NightmareGuise+1","hexamod:Incineration"],"picked":"SKIP","floor":20},{"not_picked":["hexamod:HeatCrush","hexamod:NightmareGuise+1"],"picked":"hexamod:GhostflameInferno","floor":22},{"not_picked":["hexamod:PhantomFireball","hexamod:Haunt","hexamod:GhostLash"],"picked":"SKIP","floor":22},{"not_picked":["hexamod:HeatMetal","hexamod:ThermalTransfer+1"],"picked":"hexamod:FastForward","floor":25},{"not_picked":["hexamod:SpectersWail","hexamod:HauntingEcho","hexamod:Firestarter"],"picked":"SKIP","floor":26},{"not_picked":["hexamod:Hexaguard+1","hexamod:ThermalTransfer"],"picked":"hexamod:FourthSeal","floor":28},{"not_picked":["hexamod:BacktrackSmack","hexamod:RetreatToShadows+1"],"picked":"hexamod:Hexaguard","floor":28},{"not_picked":["hexamod:Firestarter","hexamod:InspiringFlames","hexamod:GhostflameInferno"],"picked":"SKIP","floor":29},{"not_picked":["hexamod:RecurringNightmare+1","hexamod:GhostShield","hexamod:CatchUp"],"picked":"SKIP","floor":31},{"not_picked":["hexamod:NightmareStrike","hexamod:BacktrackSmack"],"picked":"hexamod:FastForward+1","floor":32},{"not_picked":["hexamod:FastForward+1","hexamod:AdvancingGuard"],"picked":"hexamod:FourthSeal","floor":32}],"player_experience":808843,"relics_obtained":[{"floor":7.0,"key":"Blue Candle"},{"floor":10.0,"key":"Blood Vial"},{"floor":21,"key":"Red Mask"},{"floor":24,"key":"HornCleat"},{"floor":27,"key":"Oddly Smooth Stone"},{"floor":31,"key":"Thread and Needle"}],"event_choices":[{"damage_healed":0.0,"max_hp_gain":0.0,"max_hp_loss":0.0,"gold_gain":0.0,"event_name":"NoteForYourself","player_choice":"Ignored","floor":4.0,"gold_loss":0.0,"damage_taken":0.0},{"damage_healed":0.0,"max_hp_gain":0.0,"max_hp_loss":0.0,"gold_gain":0.0,"event_name":"Scrap Ooze","player_choice":"Success","floor":6.0,"gold_loss":0.0,"damage_taken":25.0,"relics_obtained":["MealTicket"]},{"damage_healed":0.0,"max_hp_gain":0.0,"max_hp_loss":0.0,"gold_gain":0.0,"event_name":"Accursed Blacksmith","player_choice":"Rummage","floor":12.0,"gold_loss":0.0,"damage_taken":0.0,"relics_obtained":["WarpedTongs"],"cards_obtained":["Pain"]},{"damage_healed":0,"gold_gain":0,"player_choice":"Fought Bandits","damage_taken":0,"max_hp_gain":0,"max_hp_loss":0,"event_name":"Masked Bandits","floor":21,"gold_loss":0},{"damage_healed":28,"gold_gain":0,"player_choice":"Heal","damage_taken":0,"max_hp_gain":0,"max_hp_loss":0,"event_name":"The Library","floor":30,"gold_loss":0}],"is_beta":false,"boss_relics":[{"not_picked":["Snecko Eye","Pandora\u0027s Box"],"picked":"SacredBark"}],"items_purged_floors":[22,28],"is_endless":false,"potions_floor_spawned":[2,11,14,16,19,20,26,29],"killed_by":"DF_ARCHETYPE_CLAW","ascension_level":0}}