{"host":"lte3xujvwediduij","time":1611691078,"event":{"mods":["Aspiration","BaseMod","Better-Laid Plans","BetterRewards","Challenge The Spire","Colored Map","Colored Powertips","Energized Spire","Minty Spire (QoL Compilation)","Permanent Neow","Replay The Spire","Spicy Shops","StSLib","The Runesmith","¡¾ÒÅÎï¿¨ÅÆ¡¿REMEMod","óô»ðÖ¸ÄÏ"],"gold_per_floor":[115,32,32,47,47,47,72,72,72,99,113,0,0,18,18,145,145,163,163,74,11,11,11,40,40,40,40,72,171,171,84,84,182,182,198,212,212,136,151,28,141,13,13,137,196,235,289,332,5,68,68,68,6,80,147],"floor_reached":56,"language":"ZHS","playtime":5874,"items_purged":["Voices","Runesmith:Strike_RS","Runesmith:Defend_RS","Decay","ReplayTheSpireMod:Splinters","Runesmith:Defend_RS"],"score":1378,"play_id":"0730f6f9-8dfc-4a3d-83da-db4bb757b32a","local_time":"20210127035758","is_ascension_mode":false,"campfire_choices":[{"floor":6.0,"key":"RECALL"},{"data":"Runesmith:CraftIncendium","floor":8.0,"key":"SMITH"},{"data":"Runesmith:Fortify","floor":13.0,"key":"SMITH"},{"data":"Runesmith:Defend_RS","floor":15.0,"key":"PURGE"},{"data":"Runesmith:ReplicatingBarrier","floor":23.0,"key":"SMITH"},{"data":"REME_EyeOfCthun","floor":25.0,"key":"SMITH"},{"data":"Runesmith:FieryHammer","floor":27.0,"key":"SMITH"},{"data":"Runesmith:PoweredAnvil","floor":32.0,"key":"SMITH"},{"data":"Runesmith:CraftMagma","floor":52.0,"key":"SMITH"}],"circlet_count":0,"master_deck":["Runesmith:Strike_RS","Runesmith:Fortify+1","Mind Blast","Runesmith:FieryHammer+1","REME_EyeOfCthun+1","Bandage Up","Runesmith:CraftProtectio","REME_AllRoundStrike+1","Runesmith:CraftIncendium+1","Runesmith:Supernova","Runesmith:ReplicatingBarrier+1","Runesmith:PerfectChisel+1","Runesmith:MakeshiftArmor+1","REME_HeartOfCthun+1","REME_MawOfCthun","Runesmith:CraftMagma+1","Runesmith:PoweredAnvil+1","Runesmith:LithiumIon+1","Runesmith:EarthShield","Runesmith:BackupBattery","Runesmith:UnlimitedPower","Runesmith:Grindstone","Runesmith:Firestorm","Runesmith:PoweredAnvil","Runesmith:Attraction+1","Runesmith:Refine+1"],"relics":["Runesmith:BrokenRuby","REME_ComplimentaryCards","ReplayTheSpireMod:CursedCoin","Eternal Feather","Iron Hammer","ReplayTheSpireMod:ShopPack","Membership Card","Replay:Wax Seal","Chemical X","REME_IWantAll","Replay:Ringing Soul","Ice Cream","Astrolabe","Blue Doll","Regal Pillow","ReplayTheSpireMod:Shallot","Runesmith:AutoHammer","Replay:Bronze Core","Replay:Baseball","REME_ArchaeologicalTools","Shovel","Replay:Bandana","Replay:Accelerometer","Gremlin Horn","Bag of Marbles","aspiration:Nostalgia","Sizzling Blood","ReplayTheSpireMod:TigerMarble"],"acts_visited":["Exordium","TheCity","TheBeyond","TheEnding"],"potions_floor_usage":[55],"damage_taken":[{"damage":0.0,"enemies":"Cultist","floor":1.0,"turns":2.0},{"damage":4.0,"enemies":"Small Slimes","floor":2.0,"turns":2.0},{"damage":0.0,"enemies":"2 Louse","floor":4.0,"turns":1.0},{"damage":7.0,"enemies":"Gremlin Nob","floor":7.0,"turns":3.0},{"damage":19.0,"enemies":"Lagavulin","floor":10.0,"turns":4.0},{"damage":7.0,"enemies":"Large Slime","floor":11.0,"turns":4.0},{"damage":4.0,"enemies":"Exordium Thugs","floor":14.0,"turns":2.0},{"damage":74.0,"enemies":"Fading Forest","floor":16.0,"turns":11.0},{"damage":0.0,"enemies":"Spheric Guardian","floor":18.0,"turns":1.0},{"damage":19.0,"enemies":"3 Byrds","floor":20.0,"turns":5.0},{"damage":24.0,"enemies":"Slavers","floor":24.0,"turns":2.0},{"damage":15.0,"enemies":"Gremlin Leader","floor":28.0,"turns":4.0},{"damage":0.0,"enemies":"Snecko","floor":31.0,"turns":3.0},{"damage":7.0,"enemies":"Automaton","floor":33.0,"turns":6.0},{"damage":7.0,"enemies":"Orb Walker","floor":35.0,"turns":3.0},{"damage":13.0,"enemies":"3 Shapes","floor":36.0,"turns":2.0},{"damage":29.0,"enemies":"Transient","floor":39.0,"turns":5.0},{"damage":0.0,"enemies":"Nemesis","floor":41.0,"turns":4.0},{"damage":0.0,"enemies":"Giant Head","floor":44.0,"turns":8.0},{"damage":14.0,"enemies":"4 Shapes","floor":45.0,"turns":4.0},{"damage":58.0,"enemies":"Jaw Worm Horde","floor":46.0,"turns":4.0},{"damage":7.0,"enemies":"3 Darklings","floor":47.0,"turns":3.0},{"damage":35.0,"enemies":"Donu and Deca","floor":50.0,"turns":6.0},{"damage":67.0,"enemies":"Shield and Spear","floor":54.0,"turns":6.0},{"damage":61,"enemies":"The Heart","floor":55,"turns":14}],"seed_played":"-6925859919710408443","potions_obtained":[{"floor":4.0,"key":"Elixir"},{"floor":7.0,"key":"Elixir"},{"floor":11.0,"key":"REME_GoldPotion"},{"floor":14.0,"key":"Fruit Juice"},{"floor":18.0,"key":"Strength Potion"},{"floor":20.0,"key":"Doom Potion"},{"floor":31.0,"key":"Elixir"},{"floor":39.0,"key":"SpeedPotion"},{"floor":41.0,"key":"Explosive Potion"},{"floor":44.0,"key":"FearPotion"},{"floor":48.0,"key":"LiquidMemories"}],"is_trial":false,"path_per_floor":["M","M","T","M","?","R","E","R","T","E","M","$","R","M","R_BF","B",null,"M","?","M","$","?","R","E","R","T","R","E","?","?","M","R","B",null,"M","M","?","$","M","R","E","R","T","E","M","M","M","?","R","B",null,"R","$","E","B",null],"character_chosen":"RUNESMITH_CLASS","items_purchased":["ReplayTheSpireMod:CursedCoin","Eternal Feather","Mind Blast","Runesmith:FieryHammer","Iron Hammer","ReplayTheSpireMod:ShopPack","Membership Card","Replay:Wax Seal","REME_EyeOfCthun","Chemical X","REME_MawOfCthun","Blue Doll","Replay:Baseball","REME_ArchaeologicalTools","Replay:Bandana","REME_GoldPotion","REME_GoldPotion","aspiration:Nostalgia","Runesmith:Grindstone","Runesmith:Firestorm","Runesmith:PoweredAnvil","Runesmith:Attraction+1"],"campfire_rested":0,"item_purchase_floors":[0,0,0,0,0,0,0,0,0,0,21,21,38,40,42,42,42,49,49,49,53,53],"current_hp_per_floor":[44,40,40,40,40,49,49,58,58,46,45,45,54,56,65,35,87,87,87,74,77,77,86,66,75,75,84,78,78,78,81,90,87,96,93,86,86,86,64,76,83,95,95,102,94,36,36,39,58,31,121,121,124,68,15],"gold":147,"neow_bonus":"","is_daily":false,"chose_seed":false,"campfire_upgraded":7,"win_rate":0.0,"timestamp":1611691078,"path_taken":["M","M","?","M","?","R","E","R","T","E","M","$","R","M","R_BF","BOSS","M","?","M","$","?","R","E","R","T","R","E","?","?","M","R","BOSS","M","M","?","$","M","R","E","R","T","E","M","?","M","?","R","BOSS","R","$","E","BOSS"],"items_purchased_type":["Relic","Relic","Card","Card","Relic","Relic","Relic","Relic","Card","Relic","Card","Relic","Relic","Relic","Relic","Potion","Potion","Relic","Card","Card","Card","Card"],"build_version":"2020-12-22","purchased_purges":6,"victory":true,"max_hp_per_floor":[70,70,70,70,70,70,73,73,73,76,76,76,76,76,76,84,87,87,87,87,90,90,90,90,90,90,90,93,93,93,96,96,96,96,96,96,96,96,99,102,105,105,105,108,108,108,111,114,121,121,121,121,124,127,127],"card_choices":[{"not_picked":["Magnetism","REME_BattleFury"],"picked":"Secret Technique","floor":0.0},{"not_picked":["PanicButton","Swift Strike"],"picked":"Bandage Up","floor":0.0},{"not_picked":["Runesmith:FieryHammer","Runesmith:GoWithTheFlow","Runesmith:UnstableHammer"],"picked":"SKIP","floor":1.0},{"not_picked":["Runesmith:Permafrost","Runesmith:HammerThrow","Runesmith:MetallurgicalResearch"],"picked":"SKIP","floor":2.0},{"not_picked":["Runesmith:ChiselStab","Runesmith:RuneHurl"],"picked":"Runesmith:CraftProtectio","floor":4.0},{"not_picked":["Runesmith:FieryHammer","Runesmith:StaticCage"],"picked":"Runesmith:CraftIncendium","floor":7.0},{"not_picked":["Runesmith:MakeshiftArmor","Runesmith:FieryHammer"],"picked":"Runesmith:Supernova","floor":10.0},{"not_picked":["Runesmith:ChiselStab","Runesmith:ShiftingStrike","Runesmith:Overpower"],"picked":"SKIP","floor":11.0},{"not_picked":["Runesmith:HammerThrow","Runesmith:HeatedChisel","Runesmith:ChiselStab"],"picked":"SKIP","floor":14.0},{"not_picked":["Runesmith:LastStand","Runesmith:Supernova"],"picked":"Runesmith:ReplicatingBarrier","floor":16.0},{"not_picked":["Runesmith:BackupBattery+1","Runesmith:Overpower","Runesmith:FrozenChisel"],"picked":"SKIP","floor":18.0},{"not_picked":["Runesmith:Overpower","Runesmith:StaticCage+1","Runesmith:CraftProtectio+1"],"picked":"SKIP","floor":20.0},{"not_picked":["Runesmith:BackupBattery","Runesmith:Refine","Runesmith:Superposition"],"picked":"SKIP","floor":24.0},{"not_picked":["Runesmith:ReplicatingBarrier","Runesmith:StaticCage"],"picked":"Runesmith:CraftMagma","floor":28.0},{"not_picked":["aspiration:UnbridledHammer","Runesmith:Superposition"],"picked":"Runesmith:PoweredAnvil","floor":31.0},{"not_picked":["Runesmith:Attraction+1","Runesmith:Discharge","Runesmith:DoubleUp"],"picked":"SKIP","floor":35.0},{"not_picked":["Runesmith:ChaoticBlast","Runesmith:CraftVitae","Runesmith:HeatExchange"],"picked":"SKIP","floor":36.0},{"not_picked":["Runesmith:HeatedChisel+1","Runesmith:HeatExchange+1"],"picked":"Runesmith:LithiumIon+1","floor":39.0},{"not_picked":["Runesmith:DuctTape","Runesmith:Overpower+1"],"picked":"Runesmith:EarthShield","floor":41.0},{"not_picked":["Runesmith:Prism+1","Runesmith:UnstableHammer+1"],"picked":"Runesmith:BackupBattery","floor":44.0},{"not_picked":["Runesmith:UnstableHammer+1","Runesmith:Repurpose+1","Runesmith:HeatExchange+1"],"picked":"SKIP","floor":45.0},{"not_picked":["Runesmith:Prism+1","Runesmith:FieryHammer","Runesmith:EarthShield+1"],"picked":"SKIP","floor":46.0},{"not_picked":["Runesmith:NanitesCloud+1","Runesmith:Malloc"],"picked":"Runesmith:UnlimitedPower","floor":47.0},{"not_picked":["Runesmith:CraftMagma+1","Runesmith:PerfectChisel"],"picked":"Runesmith:Refine+1","floor":54.0}],"player_experience":84827,"relics_obtained":[{"floor":3.0,"key":"REME_IWantAll"},{"floor":7.0,"key":"Replay:Ringing Soul"},{"floor":10.0,"key":"Ice Cream"},{"floor":24.0,"key":"Regal Pillow"},{"floor":26.0,"key":"ReplayTheSpireMod:Shallot"},{"floor":28.0,"key":"Runesmith:AutoHammer"},{"floor":41.0,"key":"Shovel"},{"floor":43.0,"key":"Replay:Accelerometer"},{"floor":44.0,"key":"Gremlin Horn"},{"floor":48.0,"key":"Bag of Marbles"},{"floor":54.0,"key":"ReplayTheSpireMod:TigerMarble"}],"event_choices":[{"cards_removed":["Runesmith:Strike_RS"],"damage_healed":0.0,"max_hp_gain":0.0,"max_hp_loss":0.0,"gold_gain":0.0,"event_name":"Back to Basics","player_choice":"Elegance","floor":19.0,"gold_loss":0.0,"damage_taken":0.0},{"damage_healed":0.0,"max_hp_gain":0.0,"max_hp_loss":0.0,"gold_gain":0.0,"event_name":"Ghosts","player_choice":"Ignored","floor":22.0,"gold_loss":0.0,"damage_taken":0.0},{"damage_healed":0.0,"max_hp_gain":0.0,"max_hp_loss":0.0,"gold_gain":99.0,"event_name":"Nest","player_choice":"Stole From Cult","floor":29.0,"gold_loss":0.0,"damage_taken":0.0},{"cards_removed":["Runesmith:CraftFirestone"],"damage_healed":0.0,"max_hp_gain":0.0,"max_hp_loss":0.0,"gold_gain":0.0,"event_name":"Purifier","player_choice":"Purged","floor":37.0,"gold_loss":0.0,"damage_taken":0.0}],"is_beta":false,"boss_relics":[{"not_picked":["Busted Crown","aspiration:RunicSpoon"],"picked":"Astrolabe"},{"not_picked":["Velvet Choker","aspiration:IroncladSkillbook"],"picked":"Replay:Bronze Core"}],"items_purged_floors":[0,12,12,40,49,49],"is_endless":false,"potions_floor_spawned":[4,7,11,14,18,20,31,39,41,44],"ascension_level":0}}