{"host":"kqmpijrcxbgb80ry","time":1611634389,"event":{"mods":["BaseMod","Colored Map","Colored Powertips","Duelist Mod","Highlight Path","Hubris","Infinite Spire","Mimic Mod","Minty Spire (QoL Compilation)","Permanent Neow","Replay The Spire","Shop Mod","StSLib","SuperFastMode"],"gold_per_floor":[135,155,169,169,169,169,186,198,235,235,246,265,67,102,102,207,207,177,177],"floor_reached":18,"language":"ENG","playtime":1018,"items_purged":["theDuelist:CurseAging"],"score":164,"play_id":"2c6c7a04-8620-46f8-b479-75088c61dec5","local_time":"20210125231309","is_ascension_mode":false,"campfire_choices":[{"data":"theDuelist:GhostrickMummy","floor":6,"key":"SMITH"},{"data":"theDuelist:Mispolymerization","floor":10,"key":"SMITH"},{"floor":15,"key":"REST"}],"circlet_count":0,"master_deck":["theDuelist:ArchfiendZombieSkull","theDuelist:ArmoredZombie","theDuelist:ArmoredZombie","theDuelist:ClownZombie","theDuelist:ClownZombie","theDuelist:PatricianDarkness","theDuelist:ShallowGrave+1","theDuelist:SkullConductor","theDuelist:Mispolymerization+1","theDuelist:GhostrickMummy+1","theDuelist:SpiritReaper","theDuelist:GhostrickMummy","theDuelist:ShiranuiSpectralswordShade","theDuelist:VampireScarletScourge","theDuelist:MonsterReborn"],"relics":["theDuelist:MillenniumPuzzle","theDuelist:CardPoolRelic","theDuelist:CardPoolBasicRelic","theDuelist:BoosterPackPoolRelic","theDuelist:CardPoolAddRelic","theDuelist:CardPoolMinusRelic","theDuelist:CardPoolSaveRelic","theDuelist:CardPoolOptionsRelic","NeowsBlessing","theDuelist:MillenniumSymbol","Smiling Mask","ReplayFunnel","Red Skull","Empty Cage"],"acts_visited":["Exordium","TheCity"],"potions_floor_usage":[],"damage_taken":[{"damage":0,"enemies":"Small Slimes","floor":1,"turns":1},{"damage":0,"enemies":"Jaw Worm","floor":2,"turns":1},{"damage":0,"enemies":"Cultist","floor":3,"turns":1},{"damage":9,"enemies":"Red Slaver","floor":7,"turns":4},{"damage":20,"enemies":"Exordium Thugs","floor":8,"turns":5},{"damage":3,"enemies":"Large Slime","floor":9,"turns":3},{"damage":2,"enemies":"Large Slime","floor":11,"turns":4},{"damage":2,"enemies":"Looter","floor":12,"turns":2},{"damage":13,"enemies":"3 Sentries","floor":14,"turns":4},{"damage":16,"enemies":"The Guardian","floor":16,"turns":8},{"damage":4,"enemies":"2 Thieves","floor":18,"turns":1}],"seed_played":"-2566725162544570261","potions_obtained":[{"floor":3,"key":"theDuelist:FlamingBottle"},{"floor":11,"key":"theDuelist:WhiteBottle"},{"floor":12,"key":"AttackPotion"}],"is_trial":false,"path_per_floor":["M","M","M","?","?","R","M","M","MIM","R","M","M","$","E","R","B",null,"M"],"character_chosen":"THE_DUELIST","items_purchased":["ReplayFunnel"],"campfire_rested":1,"item_purchase_floors":[13],"current_hp_per_floor":[80,80,80,80,80,80,71,51,48,48,46,44,44,31,55,39,80,76,76],"gold":177,"neow_bonus":"THREE_ENEMY_KILL","is_daily":false,"chose_seed":false,"campfire_upgraded":2,"win_rate":0.0,"timestamp":1611634389,"path_taken":["M","M","M","?","?","R","?","M","MIM","R","M","M","$","E","R","BOSS","M"],"items_purchased_type":["Relic"],"build_version":"2020-12-22","purchased_purges":1,"victory":false,"max_hp_per_floor":[80,80,80,80,80,80,80,80,80,80,80,80,80,80,80,80,80,80,80],"card_choices":[{"not_picked":["theDuelist:CorrodingShark","theDuelist:GhostrickNekomusume","theDuelist:GhostrickDullahan","theDuelist:BlackPendant"],"picked":"theDuelist:CalledByGrave","floor":1},{"not_picked":["theDuelist:Necroface","theDuelist:RegenMummy","theDuelist:ZombiePowerStruggle","theDuelist:VendreadDaybreak"],"picked":"theDuelist:Mispolymerization","floor":2},{"not_picked":["theDuelist:GhostrickJackfrost","theDuelist:Tsukahagi","theDuelist:Tengu","theDuelist:Necroface"],"picked":"theDuelist:GhostrickMummy","floor":3},{"not_picked":["theDuelist:ZombieWarrior","theDuelist:VampireLady","theDuelist:VampireGrimson","theDuelist:MechMoleZombie"],"picked":"theDuelist:SpiritReaper","floor":7},{"not_picked":["theDuelist:VampireDuke","theDuelist:VendreadStriges","theDuelist:VendreadChimera","theDuelist:GhostrickYeti"],"picked":"theDuelist:GhostrickMummy","floor":8},{"not_picked":["theDuelist:Relinkuriboh","theDuelist:FlameGhost","theDuelist:FossilDragon","theDuelist:PMCaptor"],"picked":"theDuelist:ShiranuiSpectralswordShade","floor":11},{"not_picked":["theDuelist:VampireFamiliar","theDuelist:GhostrickSpecter","theDuelist:BoneMouse","theDuelist:FusionTag","theDuelist:MechMoleZombie"],"picked":"SKIP","floor":12},{"not_picked":["theDuelist:VampireFamiliar","theDuelist:BoneMouse","theDuelist:OvertexQoatlus","theDuelist:VampireGrimson"],"picked":"theDuelist:VampireScarletScourge","floor":14},{"not_picked":["theDuelist:YukiOnnaAbsolute","theDuelist:VendreadDaybreak","theDuelist:VampireGrace","theDuelist:SoulRelease"],"picked":"theDuelist:MonsterReborn","floor":16}],"player_experience":364337,"relics_obtained":[{"floor":9,"key":"Smiling Mask"},{"floor":14,"key":"Red Skull"}],"event_choices":[{"damage_healed":0,"gold_gain":0,"player_choice":"Grow","damage_taken":0,"max_hp_gain":0,"max_hp_loss":0,"event_name":"Living Wall","floor":4,"gold_loss":0,"cards_upgraded":["theDuelist:ShallowGrave"]},{"damage_healed":0,"gold_gain":0,"player_choice":"Took item - Received: Millennium Symbol","duelist":true,"damage_taken":0,"max_hp_gain":0,"max_hp_loss":0,"event_name":"Millennium Items","floor":5,"gold_loss":0}],"is_beta":false,"boss_relics":[{"not_picked":["SlaversCollar","Replay:Bronze Core"],"picked":"Empty Cage"}],"items_purged_floors":[13],"is_endless":false,"potions_floor_spawned":[3,11,12],"killed_by":"2 Thieves","ascension_level":0}}