{"host":"zxkjcgzis4pm3za5","time":1611637502,"event":{"mods":["AchievementEnabler","Act Like it!","BaseMod","Colored Map","Colored Powertips","Friendly Minions","GifTheSpireLib","Minty Spire (QoL Compilation)","Quick Restart","RNG Fix","Random Character Button","Relic Filter Mod","Relic Sorter","Relic Stats","StSLib"],"gold_per_floor":[114,130,130,130,140,172,172,197,197,216,246,257,13,13,13,85,85,95,95,113,13,31,31,44,44,44,79,112,112,141,160,160,235,235,252,267,142,142,178,178,213,241,267,217,217,237,248,275,275,275,275,275,61,117,117,117],"floor_reached":55,"language":"ENG","playtime":1574,"items_purged":["Strike_B","Strike_B","Strike_B","Defend_B","Defend_B"],"score":2011,"play_id":"7f34c026-1f93-49b8-b235-747b6e6cd549","local_time":"20210126103502","is_ascension_mode":true,"campfire_choices":[{"data":"Meteor Strike","floor":7,"key":"SMITH"},{"data":"Hyperbeam","floor":15,"key":"SMITH"},{"data":"Sunder","floor":23,"key":"SMITH"},{"data":"Sunder","floor":25,"key":"SMITH"},{"data":"Meteor Strike","floor":29,"key":"SMITH"},{"data":"Doom and Gloom","floor":32,"key":"SMITH"},{"floor":40,"key":"RECALL"},{"data":"Meteor Strike","floor":45,"key":"SMITH"},{"data":"Reinforced Body","floor":49,"key":"SMITH"},{"data":"HandOfGreed","floor":52,"key":"SMITH"}],"circlet_count":0,"master_deck":["AscendersBane","Defend_B","Defend_B","Zap","Dualcast","Sunder+1","Sunder+1","Meteor Strike+1","Ball Lightning","Conserve Battery","Rainbow","Undo","Hyperbeam+1","Meteor Strike+1","Undo","Conserve Battery+1","Doom and Gloom+1","Conserve Battery+1","Reinforced Body+1","Meteor Strike+1","Force Field+1","HandOfGreed+1","Tempest+1","Undo","Sunder"],"relics":["Snecko Eye","Question Card","Lantern","Cables","TheAbacus","Nuclear Battery","Mercury Hourglass","Omamori","Red Mask","Centennial Puzzle","Cursed Key","Smiling Mask","Strawberry","Bag of Preparation","Incense Burner"],"acts_visited":["Exordium","TheCity","TheBeyond","TheEnding"],"potions_floor_usage":[27,33,46,55,55,55],"damage_taken":[{"damage":16,"enemies":"Jaw Worm","floor":1,"turns":6},{"damage":0,"enemies":"Small Slimes","floor":2,"turns":2},{"damage":0,"enemies":"2 Louse","floor":5,"turns":1},{"damage":0,"enemies":"Gremlin Nob","floor":6,"turns":2},{"damage":8,"enemies":"Lagavulin","floor":8,"turns":4},{"damage":0,"enemies":"2 Fungi Beasts","floor":10,"turns":2},{"damage":0,"enemies":"Gremlin Nob","floor":11,"turns":2},{"damage":0,"enemies":"Red Slaver","floor":12,"turns":2},{"damage":0,"enemies":"Slime Boss","floor":16,"turns":4},{"damage":0,"enemies":"Chosen","floor":18,"turns":1},{"damage":0,"enemies":"Spheric Guardian","floor":20,"turns":2},{"damage":0,"enemies":"Centurion and Healer","floor":22,"turns":3},{"damage":0,"enemies":"3 Cultists","floor":24,"turns":2},{"damage":0,"enemies":"Slavers","floor":27,"turns":3},{"damage":0,"enemies":"Masked Bandits","floor":28,"turns":2},{"damage":0,"enemies":"Gremlin Leader","floor":30,"turns":3},{"damage":0,"enemies":"Cultist and Chosen","floor":31,"turns":2},{"damage":16,"enemies":"Champ","floor":33,"turns":8},{"damage":0,"enemies":"3 Darklings","floor":35,"turns":3},{"damage":0,"enemies":"Orb Walker","floor":36,"turns":2},{"damage":2,"enemies":"Sphere and 2 Shapes","floor":39,"turns":3},{"damage":9,"enemies":"3 Darklings","floor":41,"turns":3},{"damage":11,"enemies":"Reptomancer","floor":42,"turns":3},{"damage":3,"enemies":"Spire Growth","floor":46,"turns":4},{"damage":0,"enemies":"Jaw Worm Horde","floor":47,"turns":2},{"damage":1,"enemies":"Nemesis","floor":48,"turns":7},{"damage":27,"enemies":"Awakened One","floor":50,"turns":9},{"damage":2,"enemies":"Shield and Spear","floor":54,"turns":4},{"damage":72,"enemies":"The Heart","floor":55,"turns":5}],"seed_played":"-6341302253327995978","potions_obtained":[{"floor":2,"key":"Ancient Potion"},{"floor":10,"key":"AttackPotion"},{"floor":16,"key":"FearPotion"},{"floor":22,"key":"LiquidMemories"},{"floor":28,"key":"AttackPotion"},{"floor":36,"key":"Regen Potion"},{"floor":42,"key":"EntropicBrew"},{"floor":48,"key":"DistilledChaos"}],"is_trial":false,"path_per_floor":["M","M","?","?","M","E","R","E","T","M","E","M","$","?","R","B",null,"M","$","M","$","M","R","M","R","T","E","?","R","E","M","R","B",null,"M","M","$","?","M","R","M","E","T","$","R","M","M","E","R","B",null,"R","$","E","B"],"character_chosen":"DEFECT","items_purchased":["TheAbacus","Sunder","GamblersBrew"],"campfire_rested":0,"item_purchase_floors":[13,53,53],"current_hp_per_floor":[48,48,48,48,48,48,48,40,40,40,40,40,40,45,45,45,68,68,68,68,68,68,68,68,68,68,68,68,68,68,68,68,52,70,70,70,70,70,68,68,59,48,55,55,55,64,64,63,63,36,71,71,71,69,0,0],"gold":117,"neow_bonus":"BOSS_RELIC","is_daily":false,"chose_seed":false,"campfire_upgraded":9,"win_rate":0.0,"timestamp":1611637502,"path_taken":["M","M","?","?","M","E","R","E","T","M","E","?","?","?","R","BOSS","M","?","M","$","M","R","M","R","T","E","?","R","E","M","R","BOSS","M","M","$","?","?","R","M","E","T","$","R","M","M","E","R","BOSS","R","$","E","BOSS"],"items_purchased_type":["Relic","Card","Potion"],"build_version":"2020-12-22","purchased_purges":5,"victory":false,"max_hp_per_floor":[71,71,71,71,71,71,71,71,71,71,71,71,71,76,76,76,76,76,76,76,76,76,76,76,76,76,76,76,76,76,76,76,76,76,76,76,76,76,76,76,76,76,83,83,83,83,83,83,83,83,83,83,83,83,83,83],"relic_stats":{"Centennial Puzzle":[27],"TheAbacus":[78],"counters":[29,96],"Snecko Eye":[155,156,146,164],"Bag of Preparation":[6],"Question Card":24,"Cursed Key":1,"Smiling Mask":225,"obtain_stats":[{"Lantern":8,"Omamori":27,"Bag of Preparation":48,"Incense Burner":54,"Question Card":6,"Cursed Key":34,"Smiling Mask":42,"Cables":11,"Nuclear Battery":17,"Mercury Hourglass":26,"Centennial Puzzle":30,"TheAbacus":13,"Strawberry":43,"Snecko Eye":0,"Red Mask":28,"Cracked Core":0},{"Lantern":5,"Omamori":14,"Bag of Preparation":26,"Incense Burner":28,"Question Card":4,"Cursed Key":18,"Smiling Mask":23,"Cables":7,"Nuclear Battery":9,"Mercury Hourglass":13,"Centennial Puzzle":16,"TheAbacus":8,"Strawberry":23,"Snecko Eye":0,"Red Mask":15,"Cracked Core":0},{"Lantern":15,"Omamori":36,"Bag of Preparation":78,"Incense Burner":91,"Question Card":11,"Cursed Key":51,"Smiling Mask":65,"Cables":19,"Nuclear Battery":25,"Mercury Hourglass":33,"Centennial Puzzle":41,"TheAbacus":21,"Strawberry":65,"Snecko Eye":0,"Red Mask":38,"Cracked Core":0}],"Cables":[74,5,5,6,58],"Mercury Hourglass":[228]},"card_choices":[{"not_picked":["Turbo","Sweeping Beam"],"picked":"Sunder","floor":1},{"not_picked":["Skim","BootSequence"],"picked":"Sunder","floor":2},{"not_picked":["Rebound","Lockon"],"picked":"Ball Lightning","floor":5},{"not_picked":["Chill","Capacitor"],"picked":"Conserve Battery","floor":6},{"not_picked":["Blizzard","Steam","Rip and Tear"],"picked":"Rainbow","floor":8},{"not_picked":["Rebound","Ball Lightning","Storm","Gash"],"picked":"SKIP","floor":10},{"not_picked":["Beam Cell","Capacitor","Turbo"],"picked":"Undo","floor":11},{"not_picked":["Doom and Gloom","Blizzard","Capacitor"],"picked":"Hyperbeam","floor":12},{"not_picked":["Fission","Core Surge","Amplify"],"picked":"Meteor Strike","floor":16},{"not_picked":["Gash","Ball Lightning","Chill","Auto Shields"],"picked":"SKIP","floor":18},{"not_picked":["Darkness","Streamline","Genetic Algorithm","Cold Snap"],"picked":"SKIP","floor":20},{"not_picked":["BootSequence+1","Barrage","Sweeping Beam"],"picked":"Undo","floor":22},{"not_picked":["Go for the Eyes","Rebound+1","Consume+1"],"picked":"Conserve Battery+1","floor":24},{"not_picked":["Hello World","Static Discharge","Steam"],"picked":"Doom and Gloom","floor":27},{"not_picked":["Glacier","Go for the Eyes","Coolheaded"],"picked":"Conserve Battery+1","floor":28},{"not_picked":["Multi-Cast","Conserve Battery","Ball Lightning"],"picked":"Reinforced Body","floor":30},{"not_picked":["Capacitor","Hologram","Steam","Gash"],"picked":"SKIP","floor":31},{"not_picked":["Thunder Strike","Amplify","Fission"],"picked":"Meteor Strike","floor":33},{"not_picked":["Cold Snap","Redo","Undo"],"picked":"Force Field+1","floor":35},{"not_picked":["Barrage","Redo","Storm","Go for the Eyes"],"picked":"SKIP","floor":36},{"not_picked":["Violence","Blind","PanicButton"],"picked":"HandOfGreed","floor":38},{"not_picked":["Rebound","Capacitor","Conserve Battery","Sweeping Beam"],"picked":"SKIP","floor":39},{"not_picked":["Steam","Coolheaded","Sweeping Beam"],"picked":"Tempest+1","floor":41},{"not_picked":["Storm","Ball Lightning","Beam Cell","Go for the Eyes"],"picked":"SKIP","floor":42},{"not_picked":["Steam","Rebound","Sweeping Beam","Self Repair"],"picked":"SKIP","floor":46},{"not_picked":["Reboot","Streamline","Go for the Eyes+1"],"picked":"Undo","floor":47},{"not_picked":["Amplify","Capacitor","Steam","Stack"],"picked":"SKIP","floor":48},{"not_picked":["Melter","Barrage","Consume","FTL+1"],"picked":"SKIP","floor":54}],"player_experience":275534,"relics_obtained":[{"floor":6,"key":"Question Card"},{"floor":8,"key":"Lantern"},{"floor":11,"key":"Cables"},{"floor":26,"key":"Mercury Hourglass"},{"floor":27,"key":"Omamori"},{"floor":28,"key":"Red Mask"},{"floor":30,"key":"Centennial Puzzle"},{"floor":42,"key":"Smiling Mask"},{"floor":43,"key":"Strawberry"},{"floor":48,"key":"Bag of Preparation"},{"floor":54,"key":"Incense Burner"}],"event_choices":[{"cards_removed":["Strike_B"],"damage_healed":0,"gold_gain":0,"player_choice":"Purged","damage_taken":0,"max_hp_gain":0,"max_hp_loss":0,"event_name":"Purifier","floor":3,"gold_loss":0},{"damage_healed":0,"gold_gain":0,"player_choice":"1 cards matched","damage_taken":0,"max_hp_gain":0,"max_hp_loss":0,"event_name":"Match and Keep!","floor":4,"gold_loss":0,"cards_obtained":["Meteor Strike"]},{"damage_healed":0,"gold_gain":0,"player_choice":"Donut","damage_taken":0,"max_hp_gain":5,"max_hp_loss":0,"event_name":"Big Fish","floor":14,"gold_loss":0},{"damage_healed":0,"gold_gain":0,"player_choice":"Fought Bandits","damage_taken":0,"max_hp_gain":0,"max_hp_loss":0,"event_name":"Masked Bandits","floor":28,"gold_loss":0},{"damage_healed":0,"gold_gain":0,"player_choice":"Memory 1","damage_taken":0,"max_hp_gain":0,"max_hp_loss":0,"event_name":"SensoryStone","floor":38,"gold_loss":0}],"is_beta":false,"boss_relics":[{"not_picked":["Inserter","Fusion Hammer"],"picked":"Nuclear Battery"},{"not_picked":["Black Star","Busted Crown"],"picked":"Cursed Key"}],"items_purged_floors":[13,21,37,44,53],"is_endless":false,"potions_floor_spawned":[2,10,12,16,22,24,28,30,36,39,42,48],"killed_by":"The Heart","ascension_level":17}}