{"host":"6q94iy5iz6612v89","time":1611701815,"event":{"mods":["2.2 Compatiblity","AchievementEnabler","BaseMod","Colored Map","DeckTracker","Keyboard Shortcuts","Marisa£¨Ùöéë¡¡Øª×âÞÞ£©","Minty Spire (QoL Compilation)","Permanent Neow","StSLib","SuperFastMode"],"gold_per_floor":[114,39,51,67,87,116,116,141,141,141,167,167,167,17,17,116,116,134,44,58,72,72,101,101,136,136,151,171,171,197,208,208,311,311,330,350,360,360,360,391,391,439,465,491,491,520,542,574,586,598,610,622,324,359,359],"floor_reached":56,"language":"KOR","playtime":1569,"items_purged":["Decay","Strike_MRS"],"score":2051,"play_id":"904966bc-2290-4b23-a5aa-773da38cd5d3","local_time":"20210127075655","is_ascension_mode":true,"campfire_choices":[{"floor":10,"key":"REST"},{"data":"Apotheosis","floor":12,"key":"SMITH"},{"floor":15,"key":"RECALL"},{"floor":24,"key":"REST"},{"floor":29,"key":"REST"},{"floor":32,"key":"REST"},{"floor":41,"key":"DIG"},{"floor":49,"key":"REST"},{"floor":52,"key":"DIG"}],"circlet_count":0,"master_deck":["AscendersBane","Strike_MRS","Defend_MRS","Defend_MRS+1","Defend_MRS","Defend_MRS+1","MasterSpark","UpSweep","Apotheosis+1","GrandCross","GalacticHalo","NonDirectionalLaser","TreasureHunter","CollectingQuirk","MagicAbsorber","AsteroidBelt+1","GalacticHalo","EnergyRecoil+1","OortCloud+1","MilkyWay+1"],"relics":["MiniHakkero","Singing Bowl","Turnip","Pantograph","PreservedInsect","Question Card","BreadOfAWashokuLover","Matryoshka","Membership Card","Pocketwatch","Runic Dome","Blood Vial","Du-Vu Doll","Mummified Hand","Mango","Juzu Bracelet","White Beast Statue","Kunai","Bronze Scales","Shovel","SlaversCollar","Ancient Tea Set","Smiling Mask","Omamori","CatCart","MealTicket","StrikeDummy","MagicBroom","CaptainsWheel","MawBank","Mercury Hourglass","ClockworkSouvenir","Bag of Marbles","War Paint","Bag of Preparation","Bottled Lightning"],"acts_visited":["Exordium","TheCity","TheBeyond","TheEnding"],"potions_floor_usage":[5,11,16,23,28,30,33,33,36,37,40,42,46,50,55],"damage_taken":[{"damage":0,"enemies":"Cultist","floor":1,"turns":3},{"damage":4,"enemies":"Jaw Worm","floor":3,"turns":3},{"damage":5,"enemies":"Small Slimes","floor":4,"turns":3},{"damage":1,"enemies":"Exordium Wildlife","floor":5,"turns":3},{"damage":12,"enemies":"Lagavulin","floor":6,"turns":7},{"damage":35,"enemies":"Gremlin Nob","floor":8,"turns":5},{"damage":17,"enemies":"3 Sentries","floor":11,"turns":8},{"damage":42,"enemies":"Slime Boss","floor":16,"turns":8},{"damage":0,"enemies":"Chosen","floor":18,"turns":6},{"damage":7,"enemies":"3 Byrds","floor":20,"turns":4},{"damage":3,"enemies":"Centurion and Healer","floor":21,"turns":5},{"damage":21,"enemies":"Gremlin Leader","floor":23,"turns":5},{"damage":16,"enemies":"Book of Stabbing","floor":25,"turns":4},{"damage":12,"enemies":"Cultist and Chosen","floor":27,"turns":5},{"damage":2,"enemies":"Snecko","floor":28,"turns":7},{"damage":29,"enemies":"Slavers","floor":30,"turns":6},{"damage":4,"enemies":"Shelled Parasite and Fungi","floor":31,"turns":5},{"damage":74,"enemies":"Automaton","floor":33,"turns":11},{"damage":6,"enemies":"Orb Walker","floor":35,"turns":3},{"damage":0,"enemies":"3 Darklings","floor":36,"turns":3},{"damage":14,"enemies":"Jaw Worm Horde","floor":37,"turns":3},{"damage":3,"enemies":"Reptomancer","floor":40,"turns":5},{"damage":33,"enemies":"Orin","floor":42,"turns":8},{"damage":0,"enemies":"Giant Head","floor":44,"turns":4},{"damage":38,"enemies":"Reptomancer","floor":46,"turns":3},{"damage":6,"enemies":"Spire Growth","floor":47,"turns":5},{"damage":8,"enemies":"Sphere and 2 Shapes","floor":48,"turns":4},{"damage":14,"enemies":"Time Eater","floor":50,"turns":5},{"damage":0,"enemies":"Shield and Spear","floor":54,"turns":2},{"damage":69,"enemies":"The Heart","floor":55,"turns":8}],"seed_played":"8623258220292167135","potions_obtained":[{"floor":1,"key":"SneckoOil"},{"floor":3,"key":"Energy Potion"},{"floor":11,"key":"SkillPotion"},{"floor":16,"key":"Weak Potion"},{"floor":25,"key":"ColorlessPotion"},{"floor":27,"key":"BottledSpark"},{"floor":28,"key":"Strength Potion"},{"floor":30,"key":"Fire Potion"},{"floor":31,"key":"SteroidPotion"},{"floor":33,"key":"Strength Potion"},{"floor":35,"key":"SkillPotion"},{"floor":36,"key":"GamblersBrew"},{"floor":37,"key":"AttackPotion"},{"floor":40,"key":"SpeedPotion"},{"floor":42,"key":"FearPotion"},{"floor":44,"key":"FairyPotion"},{"floor":46,"key":"EssenceOfSteel"}],"is_trial":false,"path_per_floor":["M","$","M","M","M","E","?","E","T","R","E","R","$","$","R","B",null,"M","?","M","M","?","E","R","E","T","M","M","R","E","M","R","B",null,"M","M","M","?","?","E","R","?","T","E","T","E","M","M","R","B",null,"R","$","E","B",null],"character_chosen":"MARISA","items_purchased":["Membership Card","ClockworkSouvenir","Bag of Marbles","War Paint","LiquidMemories"],"campfire_rested":5,"item_purchase_floors":[14,53,53,53,53],"current_hp_per_floor":[68,68,64,59,58,48,48,15,15,38,21,21,21,21,21,8,63,69,69,63,61,61,43,68,69,69,63,79,113,88,88,120,48,104,102,106,96,96,96,95,95,66,66,70,70,36,34,28,68,81,122,122,136,138,69],"gold":359,"neow_bonus":"RANDOM_COLORLESS_2","is_daily":false,"chose_seed":false,"campfire_upgraded":1,"win_rate":0.0,"timestamp":1611701815,"path_taken":["M","$","M","M","?","E","?","E","T","R","E","R","?","$","R","BOSS","M","?","M","?","?","E","R","E","T","M","M","R","E","M","R","BOSS","M","M","M","?","?","E","R","?","T","E","?","E","M","M","R","BOSS","R","$","E","BOSS"],"items_purchased_type":["Relic","Relic","Relic","Relic","Potion"],"build_version":"2020-12-22","purchased_purges":2,"victory":true,"max_hp_per_floor":[75,75,75,75,75,77,77,79,79,79,79,79,79,79,79,81,81,83,83,83,83,83,85,85,99,99,101,116,116,118,120,120,122,122,124,126,128,128,128,128,128,130,130,132,132,134,136,136,136,136,136,136,136,138,138],"card_choices":[{"not_picked":["Panache","HandOfGreed"],"picked":"Apotheosis","floor":0},{"not_picked":["ShootingEcho","MeteoricShower"],"picked":"GrandCross","floor":1},{"not_picked":["Singularity","UnstableBomb"],"picked":"GalacticHalo","floor":3},{"not_picked":["EnergyRecoil","SporeBomb"],"picked":"NonDirectionalLaser","floor":4},{"not_picked":["MagicAbsorber","SprinkleStarSeal"],"picked":"TreasureHunter","floor":5},{"not_picked":["6A","MysteriousBeam","PulseMagic"],"picked":"Singing Bowl","floor":6},{"not_picked":["OrrerysSun","GrandCross","6A"],"picked":"Singing Bowl","floor":8},{"not_picked":["6A","OrrerysSun","DC"],"picked":"MagicAbsorber","floor":11},{"not_picked":["BlazingStar","CollectingQuirk","MillisecondPulsars","MaximisePower"],"picked":"Singing Bowl","floor":16},{"not_picked":["LuminesStrike+1","SporeBomb","MilkyWay","GravityBeat+1"],"picked":"Singing Bowl","floor":18},{"not_picked":["NonDirectionalLaser","OneTimeOff+1","MysteriousBeam"],"picked":"AsteroidBelt+1","floor":20},{"not_picked":["DoubleSpark+1","6A","OneTimeOff+1"],"picked":"GalacticHalo","floor":21},{"not_picked":["MagicAbsorber","ManaRampage","UnstableBomb+1","IllusionStar"],"picked":"Singing Bowl","floor":23},{"not_picked":["GrandCross","OrrerysSun+1","EventHorizon"],"picked":"EnergyRecoil","floor":25},{"not_picked":["Orbital","GravityBeat","MysteriousBeam+1","GalacticHalo"],"picked":"Singing Bowl","floor":27},{"not_picked":["MagicAbsorber","SporeBomb","RefractionSpark+1","Orbital"],"picked":"Singing Bowl","floor":28},{"not_picked":["EventHorizon","StarlightTyphoon","PowerUp+1","Orbital+1"],"picked":"Singing Bowl","floor":30},{"not_picked":["RefractionSpark","MysteriousBeam","ManaConvection","LuminesStrike"],"picked":"Singing Bowl","floor":31},{"not_picked":["FinalSpark","ManaRampage","BlazingStar","MillisecondPulsars"],"picked":"Singing Bowl","floor":33},{"not_picked":["MysteriousBeam","NonDirectionalLaser+1","GrandCross","DoubleSpark+1"],"picked":"Singing Bowl","floor":35},{"not_picked":["6A+1","EventHorizon","AlicesGift+1","PowerUp+1"],"picked":"Singing Bowl","floor":36},{"not_picked":["MagicAbsorber","AsteroidBelt","Occultation+1","DC+1"],"picked":"Singing Bowl","floor":37},{"not_picked":["DarkSpark","MagicAbsorber+1","UltimateShortwave"],"picked":"OortCloud+1","floor":40},{"not_picked":["MysteriousBeam","Acceleration+1","GasGiant+1","ShootingEcho"],"picked":"Singing Bowl","floor":42},{"not_picked":["Acceleration+1","MysteriousBeam+1","ChargeUpSpray+1","DarkSpark+1"],"picked":"Singing Bowl","floor":44},{"not_picked":["GrandCross+1","PropBag","Acceleration","NonDirectionalLaser"],"picked":"Singing Bowl","floor":46},{"not_picked":["Singularity+1","Acceleration","UnstableBomb+1","Robbery"],"picked":"Singing Bowl","floor":47},{"not_picked":["SporeBomb","WitchOfGreed+1","ShootingEcho+1"],"picked":"MilkyWay+1","floor":48},{"not_picked":["OrrerysSun","EventHorizon+1","JA","StarBarrage"],"picked":"Singing Bowl","floor":54}],"player_experience":1500275,"relics_obtained":[{"floor":6,"key":"Singing Bowl"},{"floor":6,"key":"Turnip"},{"floor":8,"key":"Pantograph"},{"floor":8,"key":"PreservedInsect"},{"floor":9,"key":"Question Card"},{"floor":11,"key":"BreadOfAWashokuLover"},{"floor":11,"key":"Matryoshka"},{"floor":16,"key":"Pocketwatch"},{"floor":23,"key":"Blood Vial"},{"floor":23,"key":"Du-Vu Doll"},{"floor":25,"key":"Mummified Hand"},{"floor":25,"key":"Mango"},{"floor":26,"key":"Juzu Bracelet"},{"floor":26,"key":"White Beast Statue"},{"floor":30,"key":"Kunai"},{"floor":30,"key":"Bronze Scales"},{"floor":33,"key":"Shovel"},{"floor":40,"key":"Ancient Tea Set"},{"floor":40,"key":"Smiling Mask"},{"floor":41,"key":"Omamori"},{"floor":42,"key":"CatCart"},{"floor":43,"key":"MealTicket"},{"floor":44,"key":"StrikeDummy"},{"floor":44,"key":"MagicBroom"},{"floor":45,"key":"CaptainsWheel"},{"floor":46,"key":"MawBank"},{"floor":52,"key":"Mercury Hourglass"},{"floor":54,"key":"Bag of Preparation"},{"floor":54,"key":"Bottled Lightning"}],"event_choices":[{"damage_healed":0,"gold_gain":0,"player_choice":"1 cards matched","damage_taken":0,"max_hp_gain":0,"max_hp_loss":0,"event_name":"Match and Keep!","floor":7,"gold_loss":0,"cards_obtained":["CollectingQuirk"]},{"cards_removed":["Strike_MRS"],"damage_healed":0,"gold_gain":0,"player_choice":"Upgrade and Remove","damage_taken":0,"max_hp_gain":0,"max_hp_loss":0,"event_name":"Designer","floor":19,"gold_loss":90,"cards_upgraded":["Defend_MRS"]},{"damage_healed":0,"gold_gain":0,"player_choice":"Ignored","damage_taken":0,"max_hp_gain":0,"max_hp_loss":0,"event_name":"Vampires","floor":22,"gold_loss":0},{"cards_removed":["Strike_MRS"],"damage_healed":0,"gold_gain":0,"player_choice":"Removed Attack","damage_taken":0,"max_hp_gain":0,"max_hp_loss":0,"event_name":"Falling","floor":38,"gold_loss":0},{"damage_healed":0,"gold_gain":0,"player_choice":"Ignored","damage_taken":0,"max_hp_gain":0,"max_hp_loss":0,"event_name":"Tomb of Lord Red Mask","floor":39,"gold_loss":0},{"damage_healed":0,"gold_gain":0,"player_choice":"Fight","damage_taken":0,"max_hp_gain":0,"max_hp_loss":0,"event_name":"OrinTheCat","floor":42,"gold_loss":0}],"is_beta":false,"boss_relics":[{"not_picked":["ExperimentalFamiliar","Runic Pyramid"],"picked":"Runic Dome"},{"not_picked":["Busted Crown","Pandora\u0027s Box"],"picked":"SlaversCollar"}],"items_purged_floors":[2,53],"is_endless":false,"potions_floor_spawned":[1,3,11,16,25,27,28,30,31,33,35,36,37,40,42,44,46,47,48,54],"ascension_level":11}}