{"host":"xi8yg1ddhptuxb9d","time":1611666029,"event":{"mods":["AchievementEnabler","AlwaysNeverKeys","BaseMod","Block Reminder","Minty Spire (QoL Compilation)","Relic Sorter","StSLib"],"gold_per_floor":[111,111,122,138,217,217,248,248,248,248,283,126,137,137,137,214,514,525,306,306,321,360,390,390,403,403,430,443,471,471,471],"floor_reached":30,"language":"ENG","playtime":1381,"items_purged":[],"score":553,"play_id":"64ec3c28-df35-4c18-ba75-d14774c8eba2","local_time":"20210126080029","is_ascension_mode":true,"campfire_choices":[{"data":"Neutralize","floor":6.0,"key":"SMITH"},{"floor":8.0,"key":"REST"},{"data":"Crippling Poison","floor":10.0,"key":"SMITH"},{"data":"Catalyst","floor":15.0,"key":"SMITH"},{"data":"Bouncing Flask","floor":24.0,"key":"SMITH"}],"circlet_count":0,"master_deck":["AscendersBane","Defend_G","Defend_G","Defend_G","Defend_G+1","Defend_G","Survivor","Neutralize+1","Dagger Spray","Corpse Explosion","Crippling Poison+1","Backstab","Cloak And Dagger+1","Noxious Fumes+1","Catalyst+1","Unload","CurseOfTheBell","Backflip","Footwork+1","HandOfGreed","Bite","Bite","Bite","Bite","Bite","Backflip","Sucker Punch","Bouncing Flask+1","Catalyst","Unload"],"relics":["Ring of the Snake","Frozen Egg 2","Kunai","Tough Bandages","Bottled Lightning","Calling Bell","Bronze Scales","InkBottle","Old Coin","Torii","Darkstone Periapt","War Paint","Meat on the Bone"],"acts_visited":["Exordium","TheCity"],"potions_floor_usage":[],"damage_taken":[{"damage":0.0,"enemies":"Jaw Worm","floor":1.0,"turns":5.0},{"damage":8.0,"enemies":"Cultist","floor":3.0,"turns":4.0},{"damage":1.0,"enemies":"2 Louse","floor":4.0,"turns":2.0},{"damage":22.0,"enemies":"3 Sentries","floor":7.0,"turns":3.0},{"damage":23.0,"enemies":"Gremlin Nob","floor":11.0,"turns":4.0},{"damage":2.0,"enemies":"Blue Slaver","floor":13.0,"turns":3.0},{"damage":24.0,"enemies":"Hexaghost","floor":16.0,"turns":8.0},{"damage":12.0,"enemies":"2 Thieves","floor":18.0,"turns":4.0},{"damage":6.0,"enemies":"3 Byrds","floor":21.0,"turns":3.0},{"damage":13.0,"enemies":"Snake Plant","floor":22.0,"turns":3.0},{"damage":25.0,"enemies":"Gremlin Leader","floor":23.0,"turns":7.0},{"damage":12.0,"enemies":"Centurion and Healer","floor":25.0,"turns":7.0},{"damage":1.0,"enemies":"Snecko","floor":28.0,"turns":3.0},{"damage":14.0,"enemies":"Book of Stabbing","floor":29.0,"turns":7.0},{"damage":13,"enemies":"Snake Plant","floor":30,"turns":3}],"seed_played":"-1996583560226336251","potions_obtained":[{"floor":4.0,"key":"Swift Potion"},{"floor":13.0,"key":"Block Potion"},{"floor":18.0,"key":"Swift Potion"},{"floor":21.0,"key":"Fire Potion"},{"floor":25.0,"key":"LiquidMemories"},{"floor":28.0,"key":"CultistPotion"}],"is_trial":false,"path_per_floor":["M","?","M","M","?","R","E","R","T","R","E","$","M","T","R","B",null,"M","$","?","M","M","E","R","M","T","T","M","E","M"],"character_chosen":"THE_SILENT","items_purchased":["Noxious Fumes+1","Catalyst","Footwork+1","HandOfGreed"],"campfire_rested":1,"item_purchase_floors":[12,12,19,19],"current_hp_per_floor":[65,65,57,56,56,56,34,55,55,55,32,32,30,30,30,6,56,44,44,44,42,33,18,18,14,14,14,15,11,0,0],"gold":471,"neow_bonus":"TEN_PERCENT_HP_BONUS","is_daily":false,"chose_seed":false,"campfire_upgraded":4,"win_rate":0.0,"timestamp":1611666029,"path_taken":["M","?","?","M","?","R","E","R","T","R","E","$","M","?","R","BOSS","M","$","?","M","M","E","R","M","T","?","M","E","?"],"items_purchased_type":["Card","Card","Card","Card"],"build_version":"2020-12-22","purchased_purges":0,"victory":false,"max_hp_per_floor":[72,72,72,72,72,72,72,72,72,72,72,72,72,72,72,72,72,72,72,50,50,50,50,50,50,50,50,50,50,50,50],"card_choices":[{"not_picked":["Heel Hook","Dagger Throw"],"picked":"Dagger Spray","floor":1.0},{"not_picked":["Outmaneuver","Distraction"],"picked":"Crippling Poison","floor":3.0},{"not_picked":["Endless Agony","Outmaneuver"],"picked":"Backstab","floor":4.0},{"not_picked":["Storm of Steel","Dash","Expertise"],"picked":"SKIP","floor":7.0},{"not_picked":["Tactician","Dagger Spray"],"picked":"Cloak And Dagger","floor":11.0},{"not_picked":["Choke","Slice","Acrobatics"],"picked":"SKIP","floor":13.0},{"not_picked":["Malaise","Glass Knife"],"picked":"Unload","floor":16.0},{"not_picked":["Bane","Flying Knee"],"picked":"Backflip","floor":18.0},{"not_picked":["Poisoned Stab","Prepared"],"picked":"Backflip","floor":21.0},{"not_picked":["Poisoned Stab","Underhanded Strike"],"picked":"Sucker Punch","floor":22.0},{"not_picked":["Underhanded Strike","Poisoned Stab"],"picked":"Bouncing Flask","floor":23.0},{"not_picked":["Accuracy+1","PiercingWail"],"picked":"Catalyst","floor":25.0},{"not_picked":["Prepared","Expertise+1","PiercingWail"],"picked":"SKIP","floor":28.0},{"not_picked":["Reflex","Corpse Explosion"],"picked":"Unload","floor":29.0}],"player_experience":671950,"relics_obtained":[{"floor":7.0,"key":"Frozen Egg 2"},{"floor":9.0,"key":"Kunai"},{"floor":11.0,"key":"Tough Bandages"},{"floor":14.0,"key":"Bottled Lightning"},{"floor":17.0,"key":"Bronze Scales"},{"floor":17.0,"key":"InkBottle"},{"floor":17.0,"key":"Old Coin"},{"floor":23.0,"key":"Torii"},{"floor":26.0,"key":"Darkstone Periapt"},{"floor":27.0,"key":"War Paint"},{"floor":29.0,"key":"Meat on the Bone"}],"event_choices":[{"damage_healed":0.0,"max_hp_gain":0.0,"max_hp_loss":0.0,"gold_gain":0.0,"event_name":"Match and Keep!","player_choice":"1 cards matched","floor":2.0,"gold_loss":0.0,"damage_taken":0.0,"cards_obtained":["Corpse Explosion"]},{"damage_healed":0.0,"max_hp_gain":0.0,"max_hp_loss":0.0,"gold_gain":79.0,"event_name":"Golden Wing","player_choice":"Gained Gold","floor":5.0,"gold_loss":0.0,"damage_taken":0.0},{"damage_healed":0.0,"max_hp_gain":0.0,"max_hp_loss":22.0,"gold_gain":0.0,"event_name":"Vampires","player_choice":"Became a vampire","floor":20.0,"gold_loss":0.0,"damage_taken":0.0,"cards_obtained":["Bite","Bite","Bite","Bite","Bite"]}],"is_beta":false,"boss_relics":[{"not_picked":["SacredBark","Fusion Hammer"],"picked":"Calling Bell"}],"items_purged_floors":[],"is_endless":false,"potions_floor_spawned":[4,13,18,21,25,28],"killed_by":"Snake Plant","ascension_level":18}}