{"host":"a5lz0e76zb3fcwkm","time":1611666185,"event":{"mods":["AchievementEnabler","BaseMod","Colored Map","Colored Powertips","Minty Spire (QoL Compilation)","StSLib","SuperFastMode"],"gold_per_floor":[119,130,140,140,151,182,198,210,234,384,411,411,5,5,5,80,80,92,92,92,92,111,146,146,158,158,172,172,72,72,91,91,91,91],"floor_reached":33,"language":"KOR","playtime":905,"items_purged":["Strike_G","Strike_G"],"score":638,"play_id":"742660ec-067b-43f4-b80a-acd6ad937532","local_time":"20210126220305","is_ascension_mode":true,"campfire_choices":[{"data":"Burst","floor":15.0,"key":"SMITH"},{"data":"Footwork","floor":24.0,"key":"SMITH"},{"data":"Reflex","floor":28.0,"key":"SMITH"},{"data":"Prepared","floor":32,"key":"SMITH"}],"circlet_count":0,"master_deck":["AscendersBane","Strike_G","Strike_G","Defend_G","Defend_G","Defend_G","Defend_G","Defend_G","Survivor","Neutralize","Cloak And Dagger","Bouncing Flask+1","Reflex+1","Deadly Poison","Acrobatics","Escape Plan","Footwork+1","Burst+1","Wraith Form v2+1","Prepared+1","Backflip","Blur"],"relics":["Ring of the Snake","NeowsBlessing","Omamori","Art of War","PreservedInsect","ClockworkSouvenir","Sozu","Eternal Feather"],"acts_visited":["Exordium","TheCity"],"potions_floor_usage":[],"damage_taken":[{"damage":0.0,"enemies":"Cultist","floor":1.0,"turns":1.0},{"damage":0.0,"enemies":"Jaw Worm","floor":2.0,"turns":1.0},{"damage":0.0,"enemies":"2 Louse","floor":3.0,"turns":1.0},{"damage":4.0,"enemies":"Exordium Thugs","floor":5.0,"turns":5.0},{"damage":48.0,"enemies":"3 Sentries","floor":6.0,"turns":10.0},{"damage":3.0,"enemies":"Looter","floor":7.0,"turns":3.0},{"damage":0.0,"enemies":"Red Slaver","floor":8.0,"turns":4.0},{"damage":0.0,"enemies":"3 Louse","floor":12.0,"turns":1.0},{"damage":0.0,"enemies":"Hexaghost","floor":16.0,"turns":6.0},{"damage":2.0,"enemies":"Shell Parasite","floor":18.0,"turns":5.0},{"damage":15.0,"enemies":"3 Byrds","floor":22.0,"turns":7.0},{"damage":10.0,"enemies":"Book of Stabbing","floor":23.0,"turns":6.0},{"damage":26.0,"enemies":"Cultist and Chosen","floor":25.0,"turns":8.0},{"damage":0.0,"enemies":"Centurion and Healer","floor":27.0,"turns":8.0},{"damage":0,"enemies":"Snecko","floor":31,"turns":5},{"damage":30,"enemies":"Champ","floor":33,"turns":13}],"seed_played":"-587113626681201686","potions_obtained":[{"floor":2.0,"key":"SmokeBomb"},{"floor":3.0,"key":"BlessingOfTheForge"},{"floor":6.0,"key":"DuplicationPotion"}],"is_trial":false,"path_per_floor":["M","M","M","?","M","E","M","M","T","?","T","M","$","?","R","B",null,"M","?","$","?","M","E","R","M","T","M","R","$","?","M","R","B"],"character_chosen":"THE_SILENT","items_purchased":["ClockworkSouvenir","Escape Plan","Footwork"],"campfire_rested":0,"item_purchase_floors":[13,13,13],"current_hp_per_floor":[59,59,59,59,55,7,4,4,4,4,4,4,4,4,4,4,51,49,49,49,40,25,15,27,1,1,1,13,13,13,13,25,0,0],"gold":91,"neow_bonus":"THREE_ENEMY_KILL","is_daily":false,"chose_seed":false,"campfire_upgraded":4,"win_rate":0.0,"timestamp":1611666185,"path_taken":["M","M","?","?","M","E","?","M","T","?","?","?","?","?","R","BOSS","M","?","?","?","M","E","R","M","T","?","R","$","?","M","R","BOSS"],"items_purchased_type":["Relic","Card","Card"],"build_version":"2020-12-22","purchased_purges":2,"victory":false,"max_hp_per_floor":[66,66,66,66,66,66,66,66,66,66,66,66,66,66,66,66,66,66,66,66,66,66,66,66,66,66,66,66,66,66,66,66,66,66],"card_choices":[{"not_picked":["Sucker Punch","Backflip"],"picked":"Cloak And Dagger","floor":1.0},{"not_picked":["Finisher","Deflect"],"picked":"Bouncing Flask","floor":2.0},{"not_picked":["Underhanded Strike","Caltrops"],"picked":"Reflex","floor":3.0},{"not_picked":["Dagger Throw","Bane"],"picked":"Deadly Poison","floor":5.0},{"not_picked":["Flechettes","Flying Knee","Quick Slash"],"picked":"SKIP","floor":6.0},{"not_picked":["Quick Slash","Distraction","Deadly Poison"],"picked":"SKIP","floor":7.0},{"not_picked":["Riddle With Holes","Skewer"],"picked":"Acrobatics","floor":8.0},{"not_picked":["Venomology","Bullet Time"],"picked":"Wraith Form v2","floor":16.0},{"not_picked":["Footwork","Dodge and Roll"],"picked":"Prepared","floor":18.0},{"not_picked":["Expertise","Dagger Throw"],"picked":"Backflip","floor":22.0},{"not_picked":["Finisher","Underhanded Strike","Deflect"],"picked":"SKIP","floor":23.0},{"not_picked":["Cloak And Dagger","Dagger Spray","Quick Slash"],"picked":"SKIP","floor":25.0},{"not_picked":["Deflect","Dash","Poisoned Stab+1"],"picked":"SKIP","floor":27.0},{"not_picked":["Flying Knee","Flechettes"],"picked":"Blur","floor":31}],"player_experience":1809455,"relics_obtained":[{"floor":6.0,"key":"Omamori"},{"floor":9.0,"key":"Art of War"},{"floor":11.0,"key":"PreservedInsect"},{"floor":23.0,"key":"Eternal Feather"}],"event_choices":[{"damage_healed":0.0,"max_hp_gain":0.0,"max_hp_loss":0.0,"gold_gain":0.0,"event_name":"Upgrade Shrine","player_choice":"Upgraded","floor":4.0,"gold_loss":0.0,"damage_taken":0.0,"cards_upgraded":["Bouncing Flask"]},{"damage_healed":0.0,"max_hp_gain":0.0,"max_hp_loss":0.0,"gold_gain":150.0,"event_name":"Liars Game","player_choice":"AGREE","floor":10.0,"gold_loss":0.0,"damage_taken":0.0,"cards_obtained":["Doubt"]},{"damage_healed":0.0,"max_hp_gain":0.0,"max_hp_loss":0.0,"gold_gain":0.0,"cards_transformed":["Strike_G"],"event_name":"Living Wall","player_choice":"Change","floor":14.0,"gold_loss":0.0,"damage_taken":0.0,"cards_obtained":["Burst"]},{"damage_healed":0.0,"max_hp_gain":0.0,"max_hp_loss":0.0,"gold_gain":0.0,"event_name":"Accursed Blacksmith","player_choice":"Forge","floor":19.0,"gold_loss":0.0,"damage_taken":0.0,"cards_upgraded":["Wraith Form v2"]},{"damage_healed":0.0,"max_hp_gain":0.0,"max_hp_loss":0.0,"gold_gain":0.0,"event_name":"Wheel of Change","player_choice":"Damaged","floor":21.0,"gold_loss":0.0,"damage_taken":9.0},{"damage_healed":0,"gold_gain":0,"player_choice":"Ignored","damage_taken":0,"max_hp_gain":0,"max_hp_loss":0,"event_name":"Cursed Tome","floor":30,"gold_loss":0}],"is_beta":false,"boss_relics":[{"not_picked":["WristBlade","Ectoplasm"],"picked":"Sozu"}],"items_purged_floors":[13,29],"is_endless":false,"potions_floor_spawned":[2,3,6,12,18,23,25,27],"killed_by":"Champ","ascension_level":20}}