{"host":"mj8akmyfd5lo602f","time":1611700642,"event":{"mods":["2.2 Compatiblity","Act Like it!","BaseMod","Bestiary","BshForSts","Colored Map","Colored Powertips","DeckTracker","Downfall","Highlight Path","Minty Spire (QoL Compilation)","Relic Stats","StSLib"],"gold_per_floor":[99,99,99,99,99,99,148,148,174,34,34,34,34,48,64,165,165,65,84,96,96,113,133,133,133,184,194,210,195,95,115,127,232,232,232,248,261,261,517,533,533,533,558,64,64,82,113,13,33,33,33,62,14,14,14,14],"floor_reached":57,"language":"ENG","playtime":5203,"items_purged":["bronze:Strike"],"score":1210,"play_id":"4bb6fd51-ca92-4672-b312-46a955f46846","local_time":"20210126223722","is_ascension_mode":false,"campfire_choices":[{"floor":1.0,"key":"RECALL"},{"data":"bronze:Overheat","floor":6.0,"key":"SMITH"},{"floor":13.0,"key":"REST"},{"data":"bronze:Repulsor","floor":18.0,"key":"SMITH"},{"floor":30.0,"key":"REST"},{"data":"bronze:MaxOutput","floor":35,"key":"SMITH"},{"data":"bronze:BuggyMess","floor":42,"key":"SMITH"},{"floor":48,"key":"REST"},{"floor":54,"key":"REST"}],"circlet_count":0,"master_deck":["bronze:Strike","bronze:Strike","bronze:Defend","bronze:Defend","bronze:Defend","bronze:Defend","bronze:Replicate","bronze:Goto","bronze:Overheat+1","bronze:Optimize","bronze:ChildClass","bronze:Spike","bronze:DazingPulse","bronze:MaxOutput+1","bronze:Repulsor+1","bronze:Fortify","bronze:BuggyMess+1","bronze:Safeguard","bronze:CleanCode","bronze:FollowUp+1","bronze:Turbo+1","bronze:ChildClass+1","bronze:Frontload+1","bronze:WhirlingStrike","bronze:ShipIt","bronze:WildBeam+1","bronze:BronzeOrb","bronze:ItsAFeature","bronze:Flail+1","bronze:HardenedForm","bronze:Branch+1"],"relics":["bronze:BronzeCore","downfall:HeartsMalice","Gremlin Horn","Shuriken","bronze:BottledCode","Art of War","expansioncontent:StudyCardRelic","downfall:HeartBlessingRed","Bottled Lightning","Strawberry","downfall:HeartBlessingBlue","Philosopher\u0027s Stone","Mummified Hand","Pocketwatch","hexamod:CandleOfCauterizing","Kunai","Ancient Tea Set","downfall:HeartBlessingGreen","Bottled Flame"],"acts_visited":["Exordium","TheCity","TheBeyond","TheEnding"],"potions_floor_usage":[32,33,33,52,52,56,56],"damage_taken":[{"damage":0.0,"enemies":"Jaw Worm","floor":2.0,"turns":1.0},{"damage":0.0,"enemies":"Small Slimes","floor":4.0,"turns":1.0},{"damage":0.0,"enemies":"2 Louse","floor":5.0,"turns":1.0},{"damage":14.0,"enemies":"2 Louse","floor":8.0,"turns":8.0},{"damage":27.0,"enemies":"Lagavulin","floor":9.0,"turns":7.0},{"damage":0.0,"enemies":"downfall:FleeingMerchant","floor":10.0,"turns":4.0},{"damage":1.0,"enemies":"Red Slaver","floor":14.0,"turns":3.0},{"damage":6.0,"enemies":"Exordium Wildlife","floor":15.0,"turns":3.0},{"damage":30.0,"enemies":"WA_ARCHETYPE_RETAIN","floor":16.0,"turns":10.0},{"damage":25.0,"enemies":"Chosen","floor":19.0,"turns":5.0},{"damage":27.0,"enemies":"Centurion and Healer","floor":20.0,"turns":8.0},{"damage":0.0,"enemies":"Snake Plant","floor":22.0,"turns":4.0},{"damage":0.0,"enemies":"Sentry and Sphere","floor":23.0,"turns":2.0},{"damage":0.0,"enemies":"Cultist and Chosen","floor":27.0,"turns":6.0},{"damage":0.0,"enemies":"Snecko","floor":28.0,"turns":4.0},{"damage":0.0,"enemies":"downfall:FleeingMerchant","floor":29.0,"turns":4.0},{"damage":5,"enemies":"Centurion and Healer","floor":31,"turns":3},{"damage":0,"enemies":"Snake Plant","floor":32,"turns":5},{"damage":10,"enemies":"SI_MIRROR_ARCHETYPE","floor":33,"turns":9},{"damage":6,"enemies":"3 Darklings","floor":36,"turns":5},{"damage":0,"enemies":"Orb Walker","floor":37,"turns":2},{"damage":0,"enemies":"downfall:FleeingMerchant","floor":39,"turns":4},{"damage":0,"enemies":"4 Shapes","floor":40,"turns":3},{"damage":3,"enemies":"Nemesis","floor":43,"turns":5},{"damage":7,"enemies":"Sphere and 2 Shapes","floor":46,"turns":3},{"damage":18,"enemies":"Reptomancer","floor":47,"turns":4},{"damage":0,"enemies":"3 Darklings","floor":49,"turns":3},{"damage":31,"enemies":"DF_ARCHETYPE_ORBS","floor":50,"turns":8},{"damage":45,"enemies":"downfall:CharBossMerchant","floor":52,"turns":9},{"damage":10,"enemies":"downfall:NeowBoss","floor":55,"turns":14},{"damage":0,"enemies":"downfall:NeowBossFinal","floor":56,"turns":9}],"seed_played":"-1305940018855691577","potions_obtained":[{"floor":8.0,"key":"Block Potion"},{"floor":14.0,"key":"SteroidPotion"},{"floor":15.0,"key":"Fruit Juice"},{"floor":19.0,"key":"Fire Potion"},{"floor":20.0,"key":"Block Potion"},{"floor":23.0,"key":"Energy Potion"},{"floor":37,"key":"SpeedPotion"},{"floor":47,"key":"Block Potion"},{"floor":49,"key":"PowerPotion"}],"is_trial":false,"path_per_floor":["R","M","?","M","M","R","T","?","E","$","?","T","R","M","M","B",null,"R","M","M","?","M","M","T","?","T","M","M","$","R","M","M","B",null,"R","M","M","?","$","M","T","R","E","$","?","M","E","R","M","B",null,"E","$","R","B","B",null],"character_chosen":"THE_AUTOMATON","items_purchased":["bronze:BuggyMess","bronze:ItsAFeature","hexamod:CandleOfCauterizing","Kunai","Dexterity Potion"],"campfire_rested":4,"item_purchase_floors":[10,39,44,44,53],"current_hp_per_floor":[70,70,67,67,67,67,67,53,26,26,26,26,44,43,37,12,65,65,40,13,13,13,13,13,13,20,20,20,20,54,49,49,39,82,82,76,76,76,76,76,76,76,73,73,73,66,48,72,72,41,82,37,37,61,51,51],"gold":14,"neow_bonus":"THREE_ENEMY_KILL","is_daily":false,"chose_seed":false,"campfire_upgraded":4,"win_rate":0.0,"timestamp":1611700642,"path_taken":["R","M","?","M","M","R","T","?","E","$","?","?","R","M","M","BOSS","R","M","M","?","M","M","T","?","?","M","?","$","R","M","M","BOSS","R","M","M","?","$","M","T","R","E","$","?","M","E","R","M","BOSS","E","$","R","BOSS","BOSS"],"items_purchased_type":["Card","Card","Relic","Relic","Potion"],"build_version":"2020-12-22","purchased_purges":1,"victory":true,"max_hp_per_floor":[70,70,70,70,70,70,70,70,70,70,60,60,60,60,60,65,65,65,65,65,65,65,65,65,65,72,72,72,72,82,82,82,82,82,82,82,82,82,82,82,82,82,82,82,82,82,82,82,82,82,82,82,82,82,82,82],"relic_stats":{"Gremlin Horn":[33,34],"counters":[31,154],"Shuriken":[86],"Mummified Hand":[54],"Art of War":[7],"Kunai":[35],"obtain_stats":[{"hexamod:CandleOfCauterizing":44,"bronze:BronzeCore":0,"Gremlin Horn":3,"downfall:HeartBlessingRed":18,"downfall:HeartsMalice":0,"downfall:HeartBlessingGreen":48,"expansioncontent:StudyCardRelic":17,"Ancient Tea Set":47,"bronze:BottledCode":11,"Bottled Flame":52,"Shuriken":9,"downfall:HeartBlessingBlue":30,"Mummified Hand":41,"Strawberry":26,"Philosopher\u0027s Stone":34,"Art of War":12,"Bottled Lightning":24,"Kunai":44,"Pocketwatch":43},{"hexamod:CandleOfCauterizing":24,"bronze:BronzeCore":0,"Gremlin Horn":1,"downfall:HeartBlessingRed":9,"downfall:HeartsMalice":0,"downfall:HeartBlessingGreen":26,"expansioncontent:StudyCardRelic":9,"Ancient Tea Set":26,"bronze:BottledCode":6,"Bottled Flame":29,"Shuriken":5,"downfall:HeartBlessingBlue":16,"Mummified Hand":23,"Strawberry":13,"Philosopher\u0027s Stone":19,"Art of War":6,"Bottled Lightning":13,"Kunai":24,"Pocketwatch":24},{"hexamod:CandleOfCauterizing":104,"bronze:BronzeCore":0,"Gremlin Horn":0,"downfall:HeartBlessingRed":35,"downfall:HeartsMalice":0,"downfall:HeartBlessingGreen":111,"expansioncontent:StudyCardRelic":35,"Ancient Tea Set":111,"bronze:BottledCode":19,"Bottled Flame":131,"Shuriken":15,"downfall:HeartBlessingBlue":68,"Mummified Hand":99,"Strawberry":54,"Philosopher\u0027s Stone":85,"Art of War":19,"Bottled Lightning":54,"Kunai":104,"Pocketwatch":104}],"Pocketwatch":[18]},"card_choices":[{"not_picked":["bronze:Allocate","bronze:Invalidate"],"picked":"bronze:Overheat","floor":2.0},{"not_picked":["bronze:WhirlingStrike","bronze:BugBarrage"],"picked":"bronze:Optimize","floor":4.0},{"not_picked":["bronze:Deprecate","bronze:BronzeArmor"],"picked":"bronze:ChildClass","floor":5.0},{"not_picked":[],"picked":"bronze:Spike","floor":8.0},{"not_picked":[],"picked":"bronze:DazingPulse","floor":8.0},{"not_picked":["bronze:GetLatest","bronze:DelayedSlice"],"picked":"bronze:MaxOutput","floor":8.0},{"not_picked":["bronze:DelayedSlice","bronze:Frontload"],"picked":"bronze:Repulsor","floor":9.0},{"not_picked":["bronze:Constructor","bronze:BitShift"],"picked":"bronze:Fortify","floor":10.0},{"not_picked":["bronze:ForLoop","bronze:Invalidate","bronze:Optimize"],"picked":"SKIP","floor":14.0},{"not_picked":["bronze:Overheat","bronze:CloningBeam"],"picked":"bronze:Safeguard","floor":15.0},{"not_picked":["bronze:Verify","bronze:BurnOut"],"picked":"bronze:CleanCode","floor":16.0},{"not_picked":["bronze:CutThrough","bronze:DelayedGuard"],"picked":"bronze:FollowUp+1","floor":19.0},{"not_picked":["bronze:BugBarrage+1","bronze:Overload+1"],"picked":"bronze:Turbo+1","floor":20.0},{"not_picked":["bronze:NullPointer","bronze:Backtrace+1","bronze:HyperBeam"],"picked":"SKIP","floor":22.0},{"not_picked":["bronze:Separator+1","bronze:BugBarrage","bronze:Turbo"],"picked":"SKIP","floor":23.0},{"not_picked":["bronze:BuggyMess","bronze:DelayedGuard"],"picked":"bronze:ChildClass+1","floor":27.0},{"not_picked":["bronze:Repulsor","bronze:Iterate+1"],"picked":"bronze:Frontload+1","floor":28.0},{"not_picked":["bronze:Repulsor","bronze:Constructor","bronze:DelayedSlice+1"],"picked":"SKIP","floor":29.0},{"not_picked":["bronze:Frontload","bronze:BitShift+1"],"picked":"bronze:WhirlingStrike","floor":31},{"not_picked":["bronze:ForceShield","bronze:Invalidate+1","bronze:WhirlingStrike"],"picked":"SKIP","floor":32},{"not_picked":["bronze:ThunderWave","bronze:BurnOut"],"picked":"bronze:ShipIt","floor":33},{"not_picked":["bronze:ChosenStrike","bronze:DelayedSlice+1"],"picked":"bronze:WildBeam+1","floor":36},{"not_picked":["bronze:BuggyMess","bronze:WildBeam+1","bronze:Return+1"],"picked":"SKIP","floor":37},{"not_picked":["bronze:Repair+1","bronze:ChosenStrike+1"],"picked":"bronze:BronzeOrb","floor":39},{"not_picked":["bronze:NullPointer+1","bronze:Constructor"],"picked":"bronze:Flail+1","floor":40},{"not_picked":["bronze:BugBarrage","bronze:WhirlingStrike+1","bronze:Separator+1"],"picked":"SKIP","floor":43},{"not_picked":["bronze:ChildClass","bronze:Deprecate"],"picked":"bronze:HardenedForm","floor":46},{"not_picked":["bronze:Return+1","bronze:DelayedGuard"],"picked":"bronze:Branch+1","floor":47},{"not_picked":["bronze:DelayedGuard+1","bronze:Return","bronze:Terminator+1"],"picked":"SKIP","floor":49},{"not_picked":["bronze:Backtrace+1","bronze:ForceShield+1","bronze:Allocate"],"picked":"SKIP","floor":52}],"player_experience":437298,"relics_obtained":[{"floor":9.0,"key":"Shuriken"},{"floor":12.0,"key":"Art of War"},{"floor":24.0,"key":"Bottled Lightning"},{"floor":26.0,"key":"Strawberry"},{"floor":41,"key":"Mummified Hand"},{"floor":43,"key":"Pocketwatch"},{"floor":47,"key":"Ancient Tea Set"},{"floor":52,"key":"Bottled Flame"}],"event_choices":[{"damage_healed":0.0,"max_hp_gain":0.0,"max_hp_loss":0.0,"gold_gain":0.0,"event_name":"Scrap Ooze","player_choice":"Success","floor":3.0,"gold_loss":0.0,"damage_taken":3.0,"relics_obtained":["Gremlin Horn"]},{"cards_removed":["bronze:Strike"],"damage_healed":0,"gold_gain":0,"player_choice":"Removed Attack","damage_taken":0,"max_hp_gain":0,"max_hp_loss":0,"event_name":"Falling","floor":38,"gold_loss":0}],"is_beta":false,"boss_relics":[{"not_picked":["Snecko Eye","Pandora\u0027s Box"],"picked":"expansioncontent:StudyCardRelic"},{"not_picked":["Tiny House","Sozu"],"picked":"Philosopher\u0027s Stone"}],"items_purged_floors":[10],"is_endless":false,"potions_floor_spawned":[8,14,15,19,20,23,28,37,47,49],"ascension_level":0}}