{"host":"n43wxkei7kulhi8o","time":1611676310,"event":{"mods":["BaseMod","Bestiary","Block Reminder","Colored Map","Curses Come First","Custom Start","Highlight Path","Minty Spire (QoL Compilation)","Quick Restart","Relic Stats","StSLib"],"gold_per_floor":[112,112,112,112,131,162,162,174,174,174,30,45,45,62,62,165,165,183,26,37,49,60,60,75,75,100,100,132,132,92,106,106,206,206,225,241,241,107,125,125,138,153,153,166,166,180,180,104,104,104],"floor_reached":51,"language":"ENG","playtime":1862,"items_purged":[],"score":696,"play_id":"261099a4-1f71-48ef-bb3c-a0b980a3e6b4","local_time":"20210126105150","is_ascension_mode":false,"campfire_choices":[{"data":"Defragment","floor":7,"key":"SMITH"},{"data":"Coolheaded","floor":10,"key":"SMITH"},{"data":"Zap","floor":15,"key":"SMITH"},{"data":"Creative AI","floor":23,"key":"SMITH"},{"data":"Dualcast","floor":25,"key":"SMITH"},{"floor":27,"key":"REST"},{"data":"Machine Learning","floor":29,"key":"SMITH"},{"floor":32,"key":"REST"},{"data":"Thunder Strike","floor":40,"key":"SMITH"},{"floor":45,"key":"REST"},{"floor":49,"key":"REST"}],"circlet_count":0,"master_deck":["Strike_B","Strike_B","Strike_B","Strike_B","Defend_B+1","Defend_B","Defend_B+1","Defend_B","Zap+1","Dualcast+1","Sweeping Beam","Defragment+1","Coolheaded+1","Defragment+1","Coolheaded+1","Ball Lightning","Creative AI+1","Redo+1","Conserve Battery+1","Turbo+1","Multi-Cast+1","Conserve Battery+1","Machine Learning+1","Thunder Strike+1","Zap+1","Trip+1","Auto Shields+1","Ball Lightning+1","Glacier+1","Barrage","Defragment"],"relics":["Cracked Core","NeowsBlessing","Ornamental Fan","Toxic Egg 2","DollysMirror","Inserter","Anchor","Bronze Scales","Regal Pillow","Velvet Choker","Kunai"],"acts_visited":["Exordium","TheCity","TheBeyond"],"potions_floor_usage":[16,16,18,24,33,42],"damage_taken":[{"damage":0,"enemies":"Jaw Worm","floor":1,"turns":1},{"damage":0,"enemies":"Small Slimes","floor":5,"turns":1},{"damage":0,"enemies":"3 Sentries","floor":6,"turns":1},{"damage":0,"enemies":"Cultist","floor":8,"turns":3},{"damage":1,"enemies":"Blue Slaver","floor":12,"turns":4},{"damage":19,"enemies":"Gremlin Gang","floor":14,"turns":5},{"damage":24,"enemies":"Hexaghost","floor":16,"turns":8},{"damage":0,"enemies":"3 Byrds","floor":18,"turns":3},{"damage":0,"enemies":"Chosen","floor":20,"turns":3},{"damage":6,"enemies":"Centurion and Healer","floor":21,"turns":7},{"damage":11,"enemies":"3 Cultists","floor":22,"turns":6},{"damage":11,"enemies":"Snake Plant","floor":24,"turns":5},{"damage":10,"enemies":"Book of Stabbing","floor":28,"turns":7},{"damage":16,"enemies":"Snecko","floor":31,"turns":5},{"damage":28,"enemies":"Champ","floor":33,"turns":10},{"damage":4,"enemies":"3 Shapes","floor":35,"turns":3},{"damage":8,"enemies":"Orb Walker","floor":36,"turns":3},{"damage":9,"enemies":"Jaw Worm Horde","floor":39,"turns":4},{"damage":14,"enemies":"Sphere and 2 Shapes","floor":41,"turns":5},{"damage":7,"enemies":"Writhing Mass","floor":42,"turns":6},{"damage":17,"enemies":"4 Shapes","floor":44,"turns":4},{"damage":9,"enemies":"Transient","floor":46,"turns":5},{"damage":41,"enemies":"Time Eater","floor":50,"turns":18}],"seed_played":"5642924128194525106","potions_obtained":[{"floor":5,"key":"Fire Potion"},{"floor":6,"key":"Regen Potion"},{"floor":12,"key":"Strength Potion"},{"floor":18,"key":"PowerPotion"},{"floor":20,"key":"SpeedPotion"},{"floor":22,"key":"Ancient Potion"},{"floor":30,"key":"DistilledChaos"},{"floor":30,"key":"ColorlessPotion"},{"floor":30,"key":"LiquidMemories"},{"floor":35,"key":"AttackPotion"},{"floor":42,"key":"AttackPotion"}],"is_trial":false,"path_per_floor":["M","?","$","?","M","E","R","M","T","R","$","M","$","M","R","B",null,"M","$","M","M","M","R","M","R","T","R","E","R","?","M","R","B",null,"M","M","?","$","M","R","M","M","T","M","R","M","?","$","R","B",null],"character_chosen":"DEFECT","items_purchased":["DollysMirror","Anchor","Explosive Potion","Trip+1","Defragment"],"campfire_rested":4,"item_purchase_floors":[11,19,38,38,48],"current_hp_per_floor":[75,60,60,60,60,60,60,60,60,60,60,59,59,40,40,31,75,75,75,75,69,58,58,47,47,47,69,59,59,59,43,75,47,75,71,63,63,63,54,54,40,33,33,16,53,44,41,41,75,34],"gold":104,"neow_bonus":"THREE_ENEMY_KILL","is_daily":false,"chose_seed":false,"campfire_upgraded":7,"win_rate":0.0,"timestamp":1611676310,"path_taken":["M","?","$","?","M","E","R","M","T","R","$","M","$","M","R","BOSS","M","$","M","M","M","R","M","R","T","R","E","R","?","M","R","BOSS","M","?","?","$","?","R","M","M","T","M","R","M","?","$","R","BOSS"],"items_purchased_type":["Relic","Relic","Potion","Card","Card"],"build_version":"2020-12-22","purchased_purges":0,"victory":true,"max_hp_per_floor":[75,75,75,75,75,75,75,75,75,75,75,75,75,75,75,75,75,75,75,75,75,75,75,75,75,75,75,75,75,75,75,75,75,75,75,75,75,75,75,75,75,75,75,75,75,75,75,75,75,75],"relic_stats":{"Regal Pillow":37,"Inserter":[45],"counters":[23,117],"Ornamental Fan":[12],"Bronze Scales":[232],"Kunai":[0],"obtain_stats":[{"Anchor":19,"Regal Pillow":28,"Inserter":17,"NeowsBlessing":0,"Ornamental Fan":6,"DollysMirror":11,"Bronze Scales":26,"Velvet Choker":34,"Kunai":43,"Toxic Egg 2":9,"Cracked Core":0},{"Anchor":8,"Regal Pillow":13,"Inserter":7,"NeowsBlessing":0,"Ornamental Fan":3,"DollysMirror":4,"Bronze Scales":12,"Velvet Choker":15,"Kunai":20,"Toxic Egg 2":4,"Cracked Core":0},{"Anchor":26,"Regal Pillow":54,"Inserter":23,"NeowsBlessing":0,"Ornamental Fan":3,"DollysMirror":6,"Bronze Scales":47,"Velvet Choker":69,"Kunai":90,"Toxic Egg 2":6,"Cracked Core":0}]},"card_choices":[{"not_picked":["Rebound","Barrage","Hologram"],"picked":"SKIP","floor":1},{"not_picked":["Compile Driver","Gash"],"picked":"Sweeping Beam","floor":5},{"not_picked":["Beam Cell","Compile Driver"],"picked":"Defragment","floor":6},{"not_picked":["Steam","Turbo"],"picked":"Coolheaded","floor":8},{"not_picked":["Rebound","Redo+1"],"picked":"Coolheaded+1","floor":12},{"not_picked":["White Noise+1","Stack+1"],"picked":"Ball Lightning","floor":14},{"not_picked":["Buffer","Hyperbeam"],"picked":"Creative AI","floor":16},{"not_picked":["Turbo+1","Sweeping Beam"],"picked":"Redo+1","floor":18},{"not_picked":["Hologram+1","Steam+1"],"picked":"Conserve Battery+1","floor":20},{"not_picked":["Turbo+1","Beam Cell","Lockon"],"picked":"SKIP","floor":21},{"not_picked":["Beam Cell","Lockon"],"picked":"Turbo+1","floor":21},{"not_picked":["Coolheaded+1","Aggregate+1"],"picked":"Multi-Cast+1","floor":22},{"not_picked":["Barrage","Go for the Eyes"],"picked":"Conserve Battery+1","floor":24},{"not_picked":["Stack+1","Storm+1"],"picked":"Machine Learning","floor":28},{"not_picked":["Hologram+1","Sunder","Darkness+1"],"picked":"SKIP","floor":31},{"not_picked":["Amplify+1","Fission+1"],"picked":"Thunder Strike","floor":33},{"not_picked":["Steam+1","Force Field+1","Rip and Tear+1"],"picked":"SKIP","floor":35},{"not_picked":["Coolheaded+1","Fusion+1","Hologram+1"],"picked":"SKIP","floor":36},{"not_picked":["Gash","Chaos+1"],"picked":"Auto Shields+1","floor":39},{"not_picked":["Steam+1","Gash"],"picked":"Ball Lightning+1","floor":41},{"not_picked":["Go for the Eyes","Steam+1","Darkness+1"],"picked":"SKIP","floor":42},{"not_picked":["Fission+1","Turbo+1"],"picked":"Glacier+1","floor":44},{"not_picked":["Darkness+1","Streamline+1"],"picked":"Barrage","floor":46}],"player_experience":658576,"relics_obtained":[{"floor":6,"key":"Ornamental Fan"},{"floor":9,"key":"Toxic Egg 2"},{"floor":26,"key":"Bronze Scales"},{"floor":28,"key":"Regal Pillow"},{"floor":43,"key":"Kunai"}],"event_choices":[{"damage_healed":0,"gold_gain":0,"player_choice":"Entered Light","damage_taken":15,"max_hp_gain":0,"max_hp_loss":0,"event_name":"Shining Light","floor":2,"gold_loss":0,"cards_upgraded":["Defend_B","Defend_B"]},{"damage_healed":0,"gold_gain":0,"player_choice":"Leave","damage_taken":0,"max_hp_gain":0,"max_hp_loss":0,"event_name":"The Cleric","floor":4,"gold_loss":0},{"damage_healed":0,"gold_gain":0,"player_choice":"Bought 3 Potions","damage_taken":0,"max_hp_gain":0,"max_hp_loss":0,"event_name":"The Woman in Blue","floor":30,"gold_loss":0},{"damage_healed":0,"gold_gain":0,"player_choice":"1 cards matched","damage_taken":0,"max_hp_gain":0,"max_hp_loss":0,"event_name":"Match and Keep!","floor":37,"gold_loss":0,"cards_obtained":["Zap"]},{"damage_healed":0,"gold_gain":0,"player_choice":"Punched","damage_taken":3,"max_hp_gain":0,"max_hp_loss":0,"event_name":"Designer","floor":47,"gold_loss":0}],"is_beta":false,"boss_relics":[{"not_picked":["FrozenCore","Coffee Dripper"],"picked":"Inserter"},{"not_picked":["Empty Cage","Runic Dome"],"picked":"Velvet Choker"}],"items_purged_floors":[],"is_endless":false,"potions_floor_spawned":[5,6,12,18,20,22,35,41,42,46],"ascension_level":0}}