{"host":"vhvubw4jk4f204qs","time":1611678356,"event":{"mods":["AchievementEnabler","BaseMod","DeckTracker","GifTheSpireLib","Minty Spire (QoL Compilation)","Permanent Neow","Quick Restart","StSLib","SuperFastMode","The IronCluck","slay the spire mod where everything is the same but ironclad has a cowboy hat"],"gold_per_floor":[110,125,144,156,173,173,208,208,208,236,236,256,256,273,273,347,347,364,364,379,15,35,35,35,35],"floor_reached":24,"language":"ENG","playtime":1289,"items_purged":[],"score":472,"play_id":"3a9819df-cd7b-458b-94ed-be5e62742d7a","local_time":"20210126112556","is_ascension_mode":true,"campfire_choices":[{"data":"Eruption","floor":6,"key":"SMITH"},{"data":"Evaluate","floor":8,"key":"SMITH"},{"data":"EmptyMind","floor":15,"key":"SMITH"},{"data":"Study","floor":23,"key":"SMITH"}],"circlet_count":0,"master_deck":["AscendersBane","Strike_P","Strike_P","Strike_P","Strike_P","Defend_P","Defend_P","Defend_P","Defend_P","Eruption+1","Vigilance","FlurryOfBlows","FlurryOfBlows","EmptyBody","Consecrate","Evaluate+1","FlurryOfBlows","EmptyMind+1","FlurryOfBlows","SpiritShield","Consecrate","Sanctity","Study+1","FlurryOfBlows"],"relics":["Runic Pyramid","Gambling Chip","Ornamental Fan","Turnip","Matryoshka","SacredBark","Nilry\u0027s Codex","Dead Branch"],"acts_visited":["Exordium","TheCity"],"potions_floor_usage":[7,7,10,16,16,20,24],"damage_taken":[{"damage":2,"enemies":"Jaw Worm","floor":1,"turns":3},{"damage":0,"enemies":"2 Louse","floor":2,"turns":2},{"damage":0,"enemies":"Small Slimes","floor":3,"turns":3},{"damage":0,"enemies":"2 Fungi Beasts","floor":4,"turns":2},{"damage":3,"enemies":"Blue Slaver","floor":5,"turns":3},{"damage":0,"enemies":"Lagavulin","floor":7,"turns":4},{"damage":6,"enemies":"3 Sentries","floor":10,"turns":5},{"damage":0,"enemies":"Lots of Slimes","floor":12,"turns":3},{"damage":0,"enemies":"Large Slime","floor":14,"turns":2},{"damage":17,"enemies":"Slime Boss","floor":16,"turns":8},{"damage":0,"enemies":"Shell Parasite","floor":18,"turns":4},{"damage":0,"enemies":"Chosen","floor":20,"turns":4},{"damage":10,"enemies":"Centurion and Healer","floor":22,"turns":5},{"damage":9,"enemies":"Gremlin Leader","floor":24,"turns":4}],"seed_played":"2573278521461776366","potions_obtained":[{"floor":1,"key":"EntropicBrew"},{"floor":7,"key":"ColorlessPotion"},{"floor":12,"key":"LiquidBronze"},{"floor":16,"key":"ColorlessPotion"},{"floor":22,"key":"SkillPotion"}],"is_trial":false,"path_per_floor":["M","M","M","M","M","R","E","R","T","E","?","M","?","M","R","B",null,"M","?","M","$","M","R","E"],"character_chosen":"WATCHER","items_purchased":["Dead Branch","Study"],"campfire_rested":0,"item_purchase_floors":[21,21],"current_hp_per_floor":[59,59,59,59,56,56,56,56,56,50,45,45,45,45,45,28,58,58,37,37,37,27,27,18,18],"gold":35,"neow_bonus":"BOSS_RELIC","is_daily":false,"chose_seed":false,"campfire_upgraded":4,"win_rate":0.0,"timestamp":1611678356,"path_taken":["M","M","M","M","M","R","E","R","T","E","?","M","?","M","R","BOSS","M","?","M","$","M","R","E"],"items_purchased_type":["Relic","Card"],"build_version":"2020-12-22","purchased_purges":0,"victory":false,"max_hp_per_floor":[68,68,68,68,68,68,68,68,68,68,68,68,68,68,68,68,68,68,68,68,68,68,68,68,68],"card_choices":[{"not_picked":["BattleHymn","Swivel"],"picked":"FlurryOfBlows","floor":1},{"not_picked":["Prostrate","Wallop"],"picked":"FlurryOfBlows","floor":2},{"not_picked":["Study","Fasting2"],"picked":"EmptyBody","floor":3},{"not_picked":["LikeWater","Halt"],"picked":"Consecrate","floor":4},{"not_picked":["Protect","SandsOfTime","CrushJoints"],"picked":"SKIP","floor":5},{"not_picked":["BattleHymn","MasterReality"],"picked":"Evaluate","floor":7},{"not_picked":["Collect","CarveReality"],"picked":"FlurryOfBlows","floor":10},{"not_picked":["Fasting2","Halt"],"picked":"EmptyMind","floor":12},{"not_picked":["Consecrate","Indignation"],"picked":"FlurryOfBlows","floor":14},{"not_picked":["MasterReality","Ragnarok"],"picked":"SpiritShield","floor":16},{"not_picked":["BowlingBash","Halt+1"],"picked":"Consecrate","floor":18},{"not_picked":["PathToVictory","Fasting2"],"picked":"Sanctity","floor":20},{"not_picked":["Prostrate","Halt"],"picked":"FlurryOfBlows","floor":22}],"player_experience":970590,"relics_obtained":[{"floor":7,"key":"Gambling Chip"},{"floor":9,"key":"Ornamental Fan"},{"floor":10,"key":"Turnip"},{"floor":19,"key":"Nilry\u0027s Codex"}],"event_choices":[{"damage_healed":0,"gold_gain":0,"player_choice":"Success","damage_taken":5,"relics_obtained":["Matryoshka"],"max_hp_gain":0,"max_hp_loss":0,"event_name":"Scrap Ooze","floor":11,"gold_loss":0},{"damage_healed":0,"gold_gain":0,"player_choice":"Ignored","damage_taken":0,"max_hp_gain":0,"max_hp_loss":0,"event_name":"Liars Game","floor":13,"gold_loss":0},{"damage_healed":0,"gold_gain":0,"player_choice":"Obtained Book","damage_taken":21,"max_hp_gain":0,"max_hp_loss":0,"event_name":"Cursed Tome","floor":19,"gold_loss":0}],"is_beta":false,"boss_relics":[{"not_picked":["Velvet Choker","Runic Dome"],"picked":"SacredBark"}],"items_purged_floors":[],"is_endless":false,"potions_floor_spawned":[1,7,12,14,16,22],"killed_by":"Gremlin Leader","ascension_level":18}}