{"host":"tkinv8gv6hgcc58b","time":1611686560,"event":{"mods":["AchievementEnabler","BaseMod","BetterRewards","Colored Map","Downfall","Googly Eyes","Hermit","Minty Spire (QoL Compilation)","READ ME - Guardian Mod","Relic Filter","StSLib","The Cursed","The Disciple"],"gold_per_floor":[99,112,27,42,42,42,96,113,127,141,141,173,173,183,198,294,294,294,314,314,314,152,52,52,229,248,276,376,392,392,418,432,533,533,533,550,565,565,565,575,575,55,55,55,65,65,65,75,89,89],"floor_reached":51,"language":"ENG","playtime":2630,"items_purged":[],"score":967,"play_id":"d7ba3cb2-0ea0-4110-9f03-b81986e2bf47","local_time":"20210126134240","is_ascension_mode":true,"campfire_choices":[{"data":"bronze:Replicate","floor":1.0,"key":"SMITH"},{"data":"bronze:Optimize","floor":11.0,"key":"SMITH"},{"data":"bronze:Virus","floor":13.0,"key":"SMITH"},{"floor":18.0,"key":"RECALL"},{"data":"bronze:DigitalCarnage","floor":23.0,"key":"SMITH"},{"data":"bronze:InfiniteBeams","floor":30.0,"key":"SMITH"},{"data":"bronze:TinkerersToolbox","floor":35.0,"key":"SMITH"},{"data":"bronze:Constructor","floor":47,"key":"SMITH"}],"circlet_count":0,"master_deck":["bronze:Strike","bronze:Strike","bronze:Defend","bronze:Defend","bronze:Defend","bronze:Defend","bronze:Replicate+1","bronze:Goto+1","bronze:DigitalCarnage+1","bronze:Iterate","bronze:Optimize+1","bronze:FineTuning","bronze:Invalidate+1","bronze:Virus+1","bronze:Boost+1","bronze:ChosenStrike","bronze:Constructor+1","bronze:BitShift+1","bronze:Shell","bronze:InfiniteBeams+1","bronze:Return","bronze:TinkerersToolbox+1","bronze:ForceShield+1","bronze:Branch"],"relics":["Busted Crown","Orichalcum","Nunchaku","Toy Ornithopter","Coffee Dripper","Guardian:BottledAnomaly","downfall:HeartBlessingRed","InkBottle","HandDrill","Centennial Puzzle","StoneCalendar","Bottled Tornado","Lizard Tail","SlaversCollar","Shuriken","Ice Cream","StrikeDummy"],"acts_visited":["Exordium","TheCity","TheBeyond"],"potions_floor_usage":[45,50,50],"damage_taken":[{"damage":1.0,"enemies":"Cultist","floor":2.0,"turns":3.0},{"damage":0.0,"enemies":"downfall:FleeingMerchant","floor":3.0,"turns":4.0},{"damage":0.0,"enemies":"2 Louse","floor":4.0,"turns":2.0},{"damage":0.0,"enemies":"Small Slimes","floor":8.0,"turns":2.0},{"damage":5.0,"enemies":"Blue Slaver","floor":9.0,"turns":3.0},{"damage":3.0,"enemies":"2 Fungi Beasts","floor":10.0,"turns":3.0},{"damage":0.0,"enemies":"Gremlin Nob","floor":12.0,"turns":2.0},{"damage":4.0,"enemies":"3 Louse","floor":14.0,"turns":3.0},{"damage":10.0,"enemies":"Large Slime","floor":15.0,"turns":2.0},{"damage":19.0,"enemies":"IC_STATUS_ARCHETYPE","floor":16.0,"turns":4.0},{"damage":8.0,"enemies":"Shell Parasite","floor":19.0,"turns":4.0},{"damage":14.0,"enemies":"downfall:FleeingMerchant","floor":22.0,"turns":4.0},{"damage":0.0,"enemies":"downfall:FleeingMerchant","floor":25.0,"turns":2.0},{"damage":17.0,"enemies":"Snake Plant","floor":26.0,"turns":3.0},{"damage":28.0,"enemies":"Slavers","floor":27.0,"turns":3.0},{"damage":0.0,"enemies":"DF_ARCHETYPE_STREAMLINE","floor":28.0,"turns":3.0},{"damage":17.0,"enemies":"Centurion and Healer","floor":29.0,"turns":3.0},{"damage":0.0,"enemies":"Book of Stabbing","floor":31.0,"turns":3.0},{"damage":10.0,"enemies":"Shelled Parasite and Fungi","floor":32.0,"turns":2.0},{"damage":3.0,"enemies":"SI_MIRROR_ARCHETYPE","floor":33.0,"turns":3.0},{"damage":31.0,"enemies":"3 Darklings","floor":36.0,"turns":3.0},{"damage":15.0,"enemies":"Orb Walker","floor":37.0,"turns":3.0},{"damage":9.0,"enemies":"Maw","floor":40.0,"turns":5.0},{"damage":13,"enemies":"Jaw Worm Horde","floor":45,"turns":3},{"damage":0,"enemies":"Sphere and 2 Shapes","floor":48,"turns":3},{"damage":17,"enemies":"Writhing Mass","floor":49,"turns":3},{"damage":25,"enemies":"WA_ARCHETYPE_DIVINITY","floor":50,"turns":4}],"seed_played":"2776529101075328846","potions_obtained":[{"floor":2.0,"key":"ColorlessPotion"},{"floor":4.0,"key":"LiquidMemories"},{"floor":8.0,"key":"Explosive Potion"},{"floor":9.0,"key":"AttackPotion"},{"floor":14.0,"key":"Ancient Potion"},{"floor":15.0,"key":"FairyPotion"},{"floor":26.0,"key":"LiquidMemories"},{"floor":29.0,"key":"sneckomod:MuddlingPotion"},{"floor":32.0,"key":"PowerPotion"},{"floor":33.0,"key":"LiquidMemories"},{"floor":40.0,"key":"Block Potion"},{"floor":45,"key":"sneckomod:MuddlingPotion"}],"is_trial":false,"path_per_floor":["R","M","$","M","?","?","T","M","M","M","R","E","R","M","M","B",null,"R","M","?","?","$","R","T","$","M","E","?","M","R","E","M","B",null,"R","M","M","?","?","M","T","$","?","?","M","T","R","M","M","B",null],"character_chosen":"THE_AUTOMATON","items_purchased":["bronze:Optimize","Guardian:BottledAnomaly","HandDrill","Ice Cream","expansioncontent:QuickStudy","bronze:Branch"],"campfire_rested":0,"item_purchase_floors":[3,22,25,42,42,42],"current_hp_per_floor":[70,69,69,69,66,66,66,66,61,58,58,58,58,54,44,30,70,70,62,62,62,48,48,48,48,31,13,13,21,21,21,11,8,70,70,39,24,24,24,15,15,15,15,80,67,67,67,67,50,35],"gold":89,"neow_bonus":"BOSS_RELIC","is_daily":false,"chose_seed":false,"campfire_upgraded":7,"win_rate":0.0,"timestamp":1611686560,"path_taken":["R","M","?","M","?","?","T","M","M","M","R","E","R","?","M","BOSS","R","M","?","?","$","R","T","$","M","E","?","?","R","E","M","BOSS","R","M","M","?","?","?","T","$","?","?","M","?","R","M","M","BOSS"],"items_purchased_type":["Card","Relic","Relic","Relic","Card","Card"],"build_version":"2020-12-22","purchased_purges":0,"victory":true,"max_hp_per_floor":[70,70,70,70,70,70,70,70,70,70,70,70,70,70,70,70,70,70,70,70,70,70,70,70,70,70,70,70,70,70,70,70,70,70,70,70,70,70,70,70,70,70,70,80,80,80,80,80,80,80],"card_choices":[{"not_picked":[],"picked":"bronze:DigitalCarnage","floor":2.0},{"not_picked":[],"picked":"bronze:Iterate","floor":3.0},{"not_picked":["bronze:BugBarrage"],"picked":"SKIP","floor":4.0},{"not_picked":["bronze:WildBeam"],"picked":"SKIP","floor":8.0},{"not_picked":[],"picked":"bronze:FineTuning","floor":9.0},{"not_picked":[],"picked":"bronze:Invalidate","floor":10.0},{"not_picked":[],"picked":"bronze:Virus","floor":12.0},{"not_picked":[],"picked":"bronze:Boost","floor":14.0},{"not_picked":["bronze:Invalidate"],"picked":"SKIP","floor":15.0},{"not_picked":[],"picked":"bronze:ChosenStrike","floor":19.0},{"not_picked":[],"picked":"bronze:BitShift+1","floor":22.0},{"not_picked":["bronze:Turbo"],"picked":"SKIP","floor":25.0},{"not_picked":["bronze:BitShift"],"picked":"SKIP","floor":26.0},{"not_picked":["bronze:ItsAFeature"],"picked":"SKIP","floor":27.0},{"not_picked":[],"picked":"bronze:Shell","floor":28.0},{"not_picked":[],"picked":"bronze:InfiniteBeams","floor":29.0},{"not_picked":["bronze:DelayedSlice"],"picked":"SKIP","floor":31.0},{"not_picked":[],"picked":"bronze:Return","floor":32.0},{"not_picked":[],"picked":"bronze:TinkerersToolbox","floor":33.0},{"not_picked":["bronze:CutThrough"],"picked":"SKIP","floor":36.0},{"not_picked":[],"picked":"bronze:ForceShield+1","floor":37.0},{"not_picked":["bronze:BugBarrage+1"],"picked":"SKIP","floor":40.0},{"not_picked":["bronze:ForceShield"],"picked":"SKIP","floor":45},{"not_picked":["bronze:Shield"],"picked":"SKIP","floor":48},{"not_picked":["bronze:BitShift+1"],"picked":"SKIP","floor":49}],"player_experience":1066935,"relics_obtained":[{"floor":7.0,"key":"Nunchaku"},{"floor":12.0,"key":"Toy Ornithopter"},{"floor":24.0,"key":"InkBottle"},{"floor":27.0,"key":"Centennial Puzzle"},{"floor":28.0,"key":"StoneCalendar"},{"floor":28.0,"key":"Bottled Tornado"},{"floor":31.0,"key":"Lizard Tail"},{"floor":41.0,"key":"Shuriken"},{"floor":46,"key":"StrikeDummy"}],"event_choices":[{"damage_healed":0.0,"max_hp_gain":0.0,"max_hp_loss":0.0,"gold_gain":0.0,"event_name":"Scrap Ooze","player_choice":"Success","floor":5.0,"gold_loss":0.0,"damage_taken":3.0,"relics_obtained":["Orichalcum"]},{"damage_healed":0.0,"max_hp_gain":0.0,"max_hp_loss":0.0,"gold_gain":0.0,"event_name":"The Library","player_choice":"Read","floor":20.0,"gold_loss":0.0,"damage_taken":0.0,"cards_obtained":["bronze:Constructor"]},{"cards_removed":["bronze:Strike"],"damage_healed":0.0,"max_hp_gain":0.0,"max_hp_loss":0.0,"gold_gain":0.0,"event_name":"Falling","player_choice":"Removed Attack","floor":38.0,"gold_loss":0.0,"damage_taken":0.0},{"damage_healed":0.0,"max_hp_gain":0.0,"max_hp_loss":0.0,"gold_gain":0.0,"event_name":"Mysterious Sphere","player_choice":"Ignored","floor":43.0,"gold_loss":0.0,"damage_taken":0.0}],"is_beta":false,"boss_relics":[{"not_picked":["Snecko Eye","bronze:MakeshiftBattery"],"picked":"Coffee Dripper"},{"not_picked":["Sozu","Cursed Key"],"picked":"SlaversCollar"}],"items_purged_floors":[],"is_endless":false,"potions_floor_spawned":[2,4,8,9,14,15,26,29,32,33,40,45,48,49],"ascension_level":3}}