{"host":"bpkhhmvsfrvlto2l","time":1611680134,"event":{"mods":["2.2 Compatiblity","AchievementEnabler","Act Like it!","AlwaysNeverKeys","Aspiration","BaseMod","Better Silent Start","Challenge The Spire","Colored Map","Colored Powertips","Custom Start","Energized Spire","Friendly Minions","GifTheSpireLib","Halation","Hubris","Infinite Spire","Ironclad Rager","Mimic Mod","Minty Spire (QoL Compilation)","Permanent Neow","Quick Restart","Random Character Button","Relic Sorter","Replay The Spire","Spikes Relics","StSLib","Stuff the Spire","Swap Starting Deck Mod","Trackpad"],"gold_per_floor":[110,120,120,85,13,13,40,56,137,151,151,179,179,192,192,289,289,289,289],"floor_reached":18,"language":"ENG","playtime":1000,"items_purged":[],"score":288,"play_id":"0fcc1f72-0d09-4fe3-9399-9b6b467420a2","local_time":"20210126115534","is_ascension_mode":true,"campfire_choices":[{"data":"Barricade","floor":6.0,"key":"SMITH"},{"data":"Metallicize","floor":11,"key":"SMITH"},{"data":"Entrench","floor":15,"key":"SMITH"}],"circlet_count":0,"master_deck":["Iron Wave","Iron Wave","Iron Wave","Iron Wave","Iron Wave","Entrench","Entrench","Entrench+1","Barricade+1","Metallicize+1","Pot Of Greed","Impervious","Pot Of Greed"],"relics":["Burning Blood","ReplayFunnel","Grinning Jar","Runic Cube"],"acts_visited":["Exordium","TheCity"],"potions_floor_usage":[12,18],"damage_taken":[{"damage":8.0,"enemies":"Jaw Worm","floor":1.0,"turns":5.0},{"damage":8.0,"enemies":"Cultist","floor":2.0,"turns":6.0},{"damage":0,"enemies":"Lagavulin","floor":7,"turns":15},{"damage":0,"enemies":"Small Slimes","floor":8,"turns":5},{"damage":3,"enemies":"Blue Slaver","floor":10,"turns":7},{"damage":8,"enemies":"Gremlin Nob","floor":12,"turns":7},{"damage":7,"enemies":"Large Slime","floor":14,"turns":12},{"damage":32,"enemies":"The Guardian","floor":16,"turns":26},{"damage":5,"enemies":"Shell Parasite","floor":18,"turns":6}],"seed_played":"1604036061296321852","potions_obtained":[{"floor":1.0,"key":"GamblersBrew"},{"floor":8,"key":"FearPotion"},{"floor":10,"key":"Elixir"},{"floor":16,"key":"Dexterity Potion"}],"is_trial":false,"path_per_floor":["M","M","$","?","$","R","E","M","T","M","R","E","?","M","R","B",null,"M"],"character_chosen":"IRONCLAD","items_purchased":["Metallicize"],"campfire_rested":0,"item_purchase_floors":[5],"current_hp_per_floor":[34,32,32,52,52,52,58,64,64,67,67,65,65,64,64,38,70,65,65],"gold":289,"neow_bonus":"","is_daily":false,"chose_seed":false,"campfire_upgraded":3,"win_rate":0.0,"timestamp":1611680134,"path_taken":["M","M","$","?","$","R","E","M","T","M","R","E","?","?","R","BOSS","M"],"items_purchased_type":["Card"],"build_version":"2020-12-22","purchased_purges":0,"victory":false,"max_hp_per_floor":[80,80,80,80,80,80,80,80,80,80,80,80,80,80,80,80,80,80,80],"card_choices":[{"not_picked":["Offering","hubris:StunningStrike"],"picked":"Impervious","floor":16}],"player_experience":124365,"relics_obtained":[{"floor":7,"key":"ReplayFunnel"},{"floor":12,"key":"Grinning Jar"}],"event_choices":[{"damage_healed":20.0,"max_hp_gain":0.0,"max_hp_loss":0.0,"gold_gain":0.0,"event_name":"The Cleric","player_choice":"Healed","floor":4.0,"gold_loss":35.0,"damage_taken":0.0},{"cards_removed":["Entrench"],"damage_healed":0,"gold_gain":0,"player_choice":"Purged","damage_taken":0,"max_hp_gain":0,"max_hp_loss":0,"event_name":"Purifier","floor":13,"gold_loss":0}],"is_beta":false,"boss_relics":[{"not_picked":["aspiration:DefectSkillbook","halation:LoveArrow"],"picked":"Runic Cube"}],"items_purged_floors":[],"is_endless":false,"potions_floor_spawned":[1,8,10,16],"killed_by":"Shell Parasite","ascension_level":7}}