{"host":"qyjrmrr57odine7m","time":1611663242,"event":{"mods":["AchievementEnabler","BaseMod","Bestiary","Block Reminder","Card Forge","Highlight Path","Minty Spire (QoL Compilation)","Permanent Neow","Rare Cards Sparkle","StSLib"],"gold_per_floor":[110,30,49,59,72,105,105,125,178,212,185,211,270,285,285,285,285],"floor_reached":16,"language":"ENG","playtime":1022,"items_purged":[],"score":192,"play_id":"ffa45e02-fb7f-478b-98f2-f72f0183d2e8","local_time":"20210126121402","is_ascension_mode":true,"campfire_choices":[{"floor":7,"key":"REST"},{"floor":15,"key":"REST"}],"circlet_count":0,"master_deck":["AscendersBane","Strike_B+1","Strike_B+1","Defend_B+1","Defend_B+1","Zap+1","Leap+1","Defragment+1","Reinforced Body+1","Barrage+1","Capacitor+1","Lockon+1","Lockon+1","BootSequence+1"],"relics":["Hammer of Thor","Seething Fire","Anvil of the Gods","Philosopher\u0027s Stone","Shuriken","Odd Mushroom","Oddly Smooth Stone","Smiling Mask","Strawberry"],"acts_visited":["Exordium"],"potions_floor_usage":[10,16],"damage_taken":[{"damage":0,"enemies":"Cultist","floor":1,"turns":3},{"damage":0,"enemies":"2 Louse","floor":3,"turns":2},{"damage":0,"enemies":"Small Slimes","floor":4,"turns":3},{"damage":4,"enemies":"Looter","floor":5,"turns":3},{"damage":1,"enemies":"Lagavulin","floor":6,"turns":8},{"damage":16,"enemies":"The Mushroom Lair","floor":8,"turns":5},{"damage":37,"enemies":"Gremlin Nob","floor":10,"turns":5},{"damage":6,"enemies":"3 Sentries","floor":12,"turns":9},{"damage":0,"enemies":"3 Louse","floor":14,"turns":3},{"damage":50,"enemies":"The Guardian","floor":16,"turns":9}],"seed_played":"6555392242615595779","potions_obtained":[{"floor":5,"key":"BlessingOfTheForge"},{"floor":6,"key":"Strength Potion"},{"floor":10,"key":"Energy Potion"},{"floor":14,"key":"SkillPotion"}],"is_trial":false,"path_per_floor":["M","$","M","M","M","E","R","?","T","E","?","E","?","M","R","B"],"character_chosen":"DEFECT","items_purchased":["Defragment"],"campfire_rested":2,"item_purchase_floors":[2],"current_hp_per_floor":[68,68,68,68,64,63,75,59,59,22,22,23,23,23,47,0,0],"gold":285,"neow_bonus":"BOSS_RELIC","is_daily":false,"chose_seed":false,"campfire_upgraded":0,"win_rate":0.0,"timestamp":1611663242,"path_taken":["M","$","?","?","M","E","R","?","T","E","?","E","?","M","R","BOSS"],"items_purchased_type":["Card"],"build_version":"2020-12-22","purchased_purges":0,"victory":false,"max_hp_per_floor":[75,75,75,75,75,75,75,75,75,75,75,82,82,82,82,82,82],"card_choices":[{"not_picked":["Stack","Reinforced Body"],"picked":"Leap","floor":1},{"not_picked":["Aggregate","Conserve Battery","Beam Cell"],"picked":"SKIP","floor":3},{"not_picked":["Steam","Conserve Battery","Biased Cognition"],"picked":"SKIP","floor":4},{"not_picked":["Beam Cell","Heatsinks"],"picked":"Reinforced Body","floor":5},{"not_picked":["Double Energy","Blizzard"],"picked":"Barrage","floor":6},{"not_picked":["Go for the Eyes","Hologram"],"picked":"Capacitor","floor":8},{"not_picked":["Stack","Conserve Battery"],"picked":"Lockon","floor":10},{"not_picked":["Reboot","Scrape"],"picked":"Lockon","floor":12},{"not_picked":["Compile Driver","Barrage"],"picked":"BootSequence","floor":14}],"player_experience":1275337,"relics_obtained":[{"floor":6,"key":"Shuriken"},{"floor":8,"key":"Odd Mushroom"},{"floor":9,"key":"Oddly Smooth Stone"},{"floor":10,"key":"Smiling Mask"},{"floor":12,"key":"Strawberry"}],"event_choices":[{"damage_healed":0,"gold_gain":0,"player_choice":"Fought Mushrooms","damage_taken":0,"max_hp_gain":0,"max_hp_loss":0,"event_name":"Mushrooms","floor":8,"gold_loss":0},{"damage_healed":0,"gold_gain":0,"player_choice":"Left Gold","damage_taken":0,"max_hp_gain":0,"max_hp_loss":0,"event_name":"World of Goop","floor":11,"gold_loss":27},{"damage_healed":0,"gold_gain":59,"player_choice":"Gained Gold","damage_taken":0,"max_hp_gain":0,"max_hp_loss":0,"event_name":"Golden Wing","floor":13,"gold_loss":0}],"is_beta":false,"boss_relics":[],"items_purged_floors":[],"is_endless":false,"potions_floor_spawned":[5,6,10,14],"killed_by":"The Guardian","ascension_level":12}}