{"host":"ftwnpa9ceeptmrn1","time":1611700704,"event":{"mods":["Aspiration","BaseMod","Colored Map","Colored Powertips","Conspire","Downfall","Hubris","Infinite Spire","Minty Spire (QoL Compilation)","Relic Stats","Replay The Spire","StSLib"],"gold_per_floor":[121,121,144,167,167,195,217,217,268,37,71,71,94,112,112,213,213,232,253,263,263,294,294,328,349,349,349,371,395,395,395,320,320,320,418,418,432,434,434],"floor_reached":38,"language":"ENG","playtime":5396,"items_purged":["Strike_P"],"score":614,"play_id":"54d28a0e-59dd-4770-a3ab-57b139c1bd99","local_time":"20210126163824","is_ascension_mode":true,"campfire_choices":[{"floor":8.0,"key":"REST"},{"floor":12.0,"key":"REST"},{"floor":15.0,"key":"REST"},{"floor":23.0,"key":"REST"},{"floor":27.0,"key":"REST"},{"floor":34.0,"key":"REST"}],"circlet_count":0,"master_deck":["Defend_P","Eruption","Vigilance","hubris:MerchantsHand","Replay:ManipulateFuture","Evaluate","FollowUp","Weave","Replay:Vibes","Wireheading","ThirdEye","Prostrate+1","CrushJoints","Alpha","Prostrate+1","Vengeance","CurseOfTheBell","Study","Devotion","Wallop+1","CutThroughFate","FlurryOfBlows","Adaptation","FollowUp","Wallop","MasterReality","LikeWater"],"relics":["PureWater","TungstenRod","hubris:Towel","Damaru","HandDrill","Replay:Wax Seal","conspire:SpecialSausage","Replay:PocketPolymizer","Calling Bell","infinitespire:Satchel","Sundial","hubris:FunFungus","aspiration:HatOfInfinitePower","Blood Vial","Empty Cage"],"acts_visited":["Exordium","TheCity","TheBeyond"],"potions_floor_usage":[38],"damage_taken":[{"damage":6.0,"enemies":"conspire:RoseBush","floor":1.0,"turns":4.0},{"damage":1.0,"enemies":"Jaw Worm","floor":3.0,"turns":5.0},{"damage":2.0,"enemies":"2 Louse","floor":4.0,"turns":3.0},{"damage":50.0,"enemies":"Lagavulin","floor":6.0,"turns":10.0},{"damage":1.0,"enemies":"Blue Slaver","floor":7.0,"turns":5.0},{"damage":9.0,"enemies":"3 Sentries","floor":11.0,"turns":7.0},{"damage":11.0,"enemies":"Exordium Wildlife","floor":13.0,"turns":3.0},{"damage":2.0,"enemies":"conspire:2 RoseBushes","floor":14.0,"turns":5.0},{"damage":29.0,"enemies":"Fading Forest","floor":16.0,"turns":11.0},{"damage":21.0,"enemies":"2 Thieves","floor":18.0,"turns":5.0},{"damage":0.0,"enemies":"Spheric Guardian","floor":19.0,"turns":3.0},{"damage":21.0,"enemies":"conspire:HollyBat","floor":20.0,"turns":8.0},{"damage":32.0,"enemies":"Sentry and Sphere","floor":22.0,"turns":5.0},{"damage":11.0,"enemies":"Book of Stabbing","floor":24.0,"turns":6.0},{"damage":13.0,"enemies":"Snake Plant","floor":25.0,"turns":2.0},{"damage":0.0,"enemies":"conspire:HollyBat","floor":28.0,"turns":6.0},{"damage":20.0,"enemies":"Sentry and Sphere","floor":29.0,"turns":6.0},{"damage":13.0,"enemies":"Pondfish","floor":35.0,"turns":7.0},{"damage":45.0,"enemies":"3 Darklings","floor":37.0,"turns":4.0},{"damage":31,"enemies":"conspire:MimicChest","floor":38,"turns":4}],"seed_played":"-1283649426719547428","potions_obtained":[{"floor":3.0,"key":"Elixir"},{"floor":7.0,"key":"Swift Potion"},{"floor":13.0,"key":"ColorlessPotion"},{"floor":16.0,"key":"Regen Potion"},{"floor":18.0,"key":"Dexterity Potion"},{"floor":20.0,"key":"DistilledChaos"},{"floor":22.0,"key":"Dexterity Potion"},{"floor":37.0,"key":"sneckomod:MuddlingPotion"}],"is_trial":false,"path_per_floor":["M","?","M","M","?","E","M","R","T","$","E","R","M","M","R","B",null,"M","M","M","AVR","M","R","E","M","T","R","M","M","PTL","PTL","?","?","R","B",null,"M","?"],"character_chosen":"WATCHER","items_purchased":["HandDrill","Wireheading"],"campfire_rested":6,"item_purchase_floors":[10,10],"current_hp_per_floor":[66,66,65,63,63,13,12,33,33,33,24,45,34,32,53,34,72,51,60,39,39,7,28,18,5,5,26,30,12,12,12,12,12,33,26,72,27,0,0],"gold":434,"neow_bonus":"ONE_RARE_RELIC","is_daily":false,"chose_seed":false,"campfire_upgraded":0,"win_rate":0.0,"timestamp":1611700704,"path_taken":["M","?","M","M","?","E","M","R","T","$","E","R","M","M","R","BOSS","M","M","M","AVR","M","R","E","M","T","R","M","M","PTL","PTL","?","?","R","BOSS","M","?"],"items_purchased_type":["Relic","Card"],"build_version":"2020-12-22","purchased_purges":1,"victory":false,"max_hp_per_floor":[72,72,72,72,72,72,72,72,72,72,72,72,72,72,72,72,72,72,72,72,72,72,72,72,72,72,72,72,72,72,72,72,72,72,72,72,72,72,72],"relic_stats":{"Blood Vial":8,"counters":[20,109],"Sundial":[4],"HandDrill":[28],"obtain_stats":[{"Replay:PocketPolymizer":21,"Damaru":6,"conspire:SpecialSausage":17,"hubris:Towel":2,"Empty Cage":36,"Calling Bell":21,"Blood Vial":26,"Sundial":21,"infinitespire:Satchel":21,"hubris:FunFungus":21,"HandDrill":10,"PureWater":0,"Replay:Wax Seal":11,"aspiration:HatOfInfinitePower":24,"TungstenRod":0},{"Replay:PocketPolymizer":12,"Damaru":4,"conspire:SpecialSausage":9,"hubris:Towel":1,"Empty Cage":18,"Calling Bell":12,"Blood Vial":15,"Sundial":12,"infinitespire:Satchel":12,"hubris:FunFungus":12,"HandDrill":5,"PureWater":0,"Replay:Wax Seal":6,"aspiration:HatOfInfinitePower":14,"TungstenRod":0},{"Replay:PocketPolymizer":69,"Damaru":22,"conspire:SpecialSausage":53,"hubris:Towel":4,"Empty Cage":101,"Calling Bell":69,"Blood Vial":82,"Sundial":69,"infinitespire:Satchel":69,"hubris:FunFungus":69,"HandDrill":27,"PureWater":0,"Replay:Wax Seal":34,"aspiration:HatOfInfinitePower":80,"TungstenRod":0}],"TungstenRod":58},"card_choices":[{"not_picked":["Replay:BluntJabs","Consecrate"],"picked":"Replay:ManipulateFuture","floor":1.0},{"not_picked":["Halt","Ragnarok"],"picked":"Evaluate","floor":3.0},{"not_picked":["Replay:AtTheReady","CrushJoints"],"picked":"FollowUp","floor":4.0},{"not_picked":["Replay:ManipulateFuture","SashWhip"],"picked":"Weave","floor":6.0},{"not_picked":["BattleHymn","CutThroughFate"],"picked":"Replay:Vibes","floor":7.0},{"not_picked":["Evaluate","Replay:ManipulateFuture"],"picked":"ThirdEye","floor":11.0},{"not_picked":["Replay:AllIn","BowlingBash"],"picked":"Prostrate","floor":13.0},{"not_picked":["EmptyFist","EmptyBody"],"picked":"CrushJoints","floor":14.0},{"not_picked":["Ragnarok","ConjureBlade"],"picked":"Alpha","floor":16.0},{"not_picked":["FlyingSleeves","PathToVictory"],"picked":"Prostrate+1","floor":18.0},{"not_picked":["Replay:BluntJabs","EmptyMind","Replay:AtTheReady"],"picked":"SKIP","floor":19.0},{"not_picked":["CutThroughFate","Replay:ManipulateFuture"],"picked":"Vengeance","floor":20.0},{"not_picked":["Crescendo+1","DeceiveReality"],"picked":"Study","floor":22.0},{"not_picked":["Evaluate","JustLucky"],"picked":"Wallop+1","floor":24.0},{"not_picked":["JustLucky","CrushJoints"],"picked":"CutThroughFate","floor":25.0},{"not_picked":["Replay:BluntJabs","Tantrum+1"],"picked":"Adaptation","floor":28.0},{"not_picked":["EmptyMind","Halt"],"picked":"FollowUp","floor":29.0},{"not_picked":["SpiritShield","DeusExMachina"],"picked":"MasterReality","floor":35.0},{"not_picked":["EmptyBody+1","BattleHymn"],"picked":"LikeWater","floor":37.0}],"player_experience":329836,"relics_obtained":[{"floor":6.0,"key":"Damaru"},{"floor":11.0,"key":"Replay:Wax Seal"},{"floor":21.0,"key":"infinitespire:Satchel"},{"floor":21.0,"key":"Sundial"},{"floor":21.0,"key":"hubris:FunFungus"},{"floor":24.0,"key":"aspiration:HatOfInfinitePower"},{"floor":26.0,"key":"Blood Vial"}],"event_choices":[{"cards_removed":["Slimebound:Defend_Slimebound"],"damage_healed":0.0,"max_hp_gain":0.0,"max_hp_loss":0.0,"gold_gain":0.0,"event_name":"Beggar","player_choice":"Gave Gold","floor":32.0,"gold_loss":75.0,"damage_taken":0.0}],"is_beta":false,"boss_relics":[{"not_picked":["Astrolabe","Velvet Choker"],"picked":"conspire:SpecialSausage"},{"not_picked":["hubris:RunicObelisk","ReplayTheSpireMod:DimensionalGlitch"],"picked":"Empty Cage"}],"items_purged_floors":[21],"is_endless":false,"potions_floor_spawned":[3,7,13,16,18,20,22,37],"killed_by":"conspire:MimicChest","ascension_level":2}}