{"host":"f8toxsj3bk02pkeu","time":1611633639,"event":{"mods":["BaseMod","Minty Spire (QoL Compilation)","Permanent Neow","Quick Restart","StSLib","SuperFastMode"],"gold_per_floor":[110,110,128,53,53,53,87,106,106,106,117,150,169,5,5,79,79,89,89,89],"floor_reached":19,"language":"ENG","playtime":495,"items_purged":["Defend_R"],"score":404,"play_id":"9fafe115-c944-4312-8eeb-4ce4beb42028","local_time":"20210125200039","is_ascension_mode":true,"campfire_choices":[{"data":"Armaments","floor":6.0,"key":"SMITH"},{"data":"Uppercut","floor":10.0,"key":"SMITH"},{"data":"Evolve","floor":15,"key":"SMITH"}],"circlet_count":0,"master_deck":["AscendersBane","Strike_R","Strike_R","Strike_R","Strike_R","Defend_R","Defend_R","Defend_R","Bash","Pummel","Evolve+1","Armaments+1","Uppercut+1","Rampage","Whirlwind","Barricade","Thunderclap+1"],"relics":["Burning Blood","NeowsBlessing","PreservedInsect","Question Card","FossilizedHelix","Centennial Puzzle","Black Star"],"acts_visited":["Exordium","TheCity"],"potions_floor_usage":[19],"damage_taken":[{"damage":0.0,"enemies":"2 Louse","floor":1.0,"turns":1.0},{"damage":0.0,"enemies":"Cultist","floor":3.0,"turns":1.0},{"damage":0.0,"enemies":"Gremlin Nob","floor":7.0,"turns":1.0},{"damage":8.0,"enemies":"Jaw Worm","floor":8.0,"turns":4.0},{"damage":13.0,"enemies":"Exordium Thugs","floor":11.0,"turns":4.0},{"damage":25.0,"enemies":"3 Sentries","floor":12.0,"turns":9.0},{"damage":0,"enemies":"3 Louse","floor":13,"turns":3},{"damage":40,"enemies":"Slime Boss","floor":16,"turns":11},{"damage":41,"enemies":"2 Thieves","floor":18,"turns":4},{"damage":53,"enemies":"3 Byrds","floor":19,"turns":5}],"seed_played":"4496944629086359673","potions_obtained":[{"floor":1.0,"key":"BloodPotion"},{"floor":8.0,"key":"GamblersBrew"}],"is_trial":false,"path_per_floor":["M","?","M","$","?","R","E","M","T","R","M","E","M","$","R","B",null,"M","M"],"character_chosen":"IRONCLAD","items_purchased":["Centennial Puzzle"],"campfire_rested":0,"item_purchase_floors":[14],"current_hp_per_floor":[74,74,75,75,75,75,75,73,73,73,66,47,53,53,53,19,61,26,0,0],"gold":89,"neow_bonus":"THREE_ENEMY_KILL","is_daily":false,"chose_seed":false,"campfire_upgraded":3,"win_rate":0.0,"timestamp":1611633639,"path_taken":["M","?","?","$","?","R","E","M","T","R","M","E","M","?","R","BOSS","M","M"],"items_purchased_type":["Relic"],"build_version":"2020-12-22","purchased_purges":1,"victory":false,"max_hp_per_floor":[75,75,75,75,75,75,75,75,75,75,75,75,75,75,75,75,75,75,75,75],"card_choices":[{"not_picked":["Headbutt","Anger"],"picked":"Pummel","floor":1.0},{"not_picked":["Headbutt","Clothesline"],"picked":"Armaments","floor":3.0},{"not_picked":["Blood for Blood","Brutality"],"picked":"Uppercut","floor":7.0},{"not_picked":["Flex","Cleave","Headbutt"],"picked":"SKIP","floor":8.0},{"not_picked":["Heavy Blade","Havoc","Wild Strike"],"picked":"Rampage","floor":11.0},{"not_picked":["Power Through","Bludgeon","Flex"],"picked":"Whirlwind","floor":12.0},{"not_picked":["Body Slam","Rampage","Anger","Cleave"],"picked":"SKIP","floor":13},{"not_picked":["Reaper","Feed","Juggernaut"],"picked":"Barricade","floor":16},{"not_picked":["Entrench","Whirlwind","Evolve"],"picked":"Thunderclap+1","floor":18}],"player_experience":969260,"relics_obtained":[{"floor":7.0,"key":"PreservedInsect"},{"floor":9.0,"key":"Question Card"},{"floor":12.0,"key":"FossilizedHelix"}],"event_choices":[{"damage_healed":0.0,"max_hp_gain":0.0,"max_hp_loss":0.0,"gold_gain":0.0,"cards_transformed":["Strike_R"],"event_name":"Transmorgrifier","player_choice":"Transformed","floor":2.0,"gold_loss":0.0,"damage_taken":0.0,"cards_obtained":["Evolve"]},{"damage_healed":0.0,"max_hp_gain":0.0,"max_hp_loss":0.0,"gold_gain":0.0,"event_name":"Match and Keep!","player_choice":"0 cards matched","floor":5.0,"gold_loss":0.0,"damage_taken":0.0,"cards_obtained":[]}],"is_beta":false,"boss_relics":[{"not_picked":["Fusion Hammer","Pandora\u0027s Box"],"picked":"Black Star"}],"items_purged_floors":[4],"is_endless":false,"potions_floor_spawned":[1,8],"killed_by":"3 Byrds","ascension_level":20}}