{"host":"meib18gsulage5jw","time":1611675086,"event":{"mods":["Aspiration","BaseMod","BetterRewards","CCEM2","Colored Map","Conspire","Defuse TimeMaze Blight","Energized Spire","Hubris","Infinite Spire","Minty Spire (QoL Compilation)","Relic Sorter","Reliquary","Replay The Spire","Spikes Relics","StSLib","The Blue Laboratory","Uncapped"],"gold_per_floor":[119,139,155,192,211,244,244,258,340,372,83,108,122,22,22,126,126,144,160,177,195,195,195,195,226,226,226,259,271,71,71,71,193,143,202,202,202,221,258,258,263,289,289,41,86,132,179,196,196,294,294,329,329,404,405,405,405,355,390,413,414,414,413,413,454,454,559,559,559],"floor_reached":68,"language":"ENG","playtime":3241,"items_purged":["theextravagant:SlyStrike","theextravagant:SlyStrike"],"score":1316,"play_id":"8bfdef33-40a4-4dd5-a23e-a8d8d58493fb","local_time":"20210127013126","is_ascension_mode":false,"campfire_choices":[{"floor":7,"key":"REST"},{"data":"theextravagant:PuffUp","floor":15,"key":"SMITH"},{"data":"theextravagant:RustyBuckler","floor":23,"key":"SMITH"},{"data":"theextravagant:Tension","floor":27,"key":"SMITH"},{"data":"Ghostly","floor":32,"key":"SMITH"},{"data":"Ghostly","floor":40,"key":"SMITH"},{"data":"Ghostly","floor":49,"key":"SMITH"},{"data":"infinitespire:UltimateForm","floor":57,"key":"SMITH"},{"data":"Panache","floor":62,"key":"SMITH"},{"data":"Pommel Strike","floor":64,"key":"SMITH"},{"data":"theextravagant:RisingPhoenix","floor":66,"key":"SMITH"}],"circlet_count":0,"master_deck":["theextravagant:SlyStrike","theextravagant:Fence","theextravagant:Fence","theextravagant:Fence","theextravagant:Fence","theextravagant:QuickAttack","theextravagant:Triumph","theextravagant:Tension+1","theextravagant:CuttingEdge","theextravagant:IronPlumes","theextravagant:SharpTalons","theextravagant:SharpTalons","theextravagant:Riot","theextravagant:Nihil","theextravagant:RustyBuckler+1","theextravagant:PuffUp+1","theextravagant:Nihil","theextravagant:SharpTalons+1","theextravagant:Razor","theextravagant:Castle+1","Ghostly+1","Ghostly+1","Ghostly+1","Ghostly+1","theextravagant:Twostep","theextravagant:Redemption","theextravagant:Tension+1","conspire:SpireCoStock","conspire:SpireCoStock","conspire:SpireCoStock","conspire:SpireCoStock","theextravagant:RisingPhoenix+1","theextravagant:SlyStrike","Panache+1","theextravagant:Riot+1","ReplayTheSpireMod:Private Reserves","theextravagant:SpiritBolt+1","theextravagant:Firework","theextravagant:Aggression+1","Cleave","theextravagant:Razor","theextravagant:Vintage+1","theextravagant:Pushthrough+1","theextravagant:AuroraForm","theextravagant:Urgency","theextravagant:ZeroHero","infinitespire:UltimateForm+1","Sword Boomerang","Pommel Strike+1","theextravagant:Flashback","theextravagant:Glamour"],"relics":["theextravagant:TranslucentFeather","hubris:Icosahedron","aspiration:KaomsHeart","Shuriken","Centennial Puzzle","CCEMRelics:Apple","reliquary:ExpiredCoupon","hubris:OldNail","CCEMRelics:PorcelainBowl","CosmicIsotope","MutagenicStrength","reliquary:RoseTintedGlasses","aspiration:StickyExplosives_weak","FossilizedHelix","energizedSpire:HugeHouse","BrokenLever","hubris:DisguiseKit"],"acts_visited":["Exordium","TheCity","TheBeyond","Exordium","TheCity"],"potions_floor_usage":[6,6,10,25,28,28,33,38,45,47,50,50,50],"damage_taken":[{"damage":0,"enemies":"2 Louse","floor":1,"turns":3},{"damage":0,"enemies":"Cultist","floor":2,"turns":5},{"damage":5,"enemies":"Small Slimes","floor":3,"turns":2},{"damage":5,"enemies":"conspire:MimicChest","floor":4,"turns":6},{"damage":9,"enemies":"2 Fungi Beasts","floor":5,"turns":4},{"damage":17,"enemies":"Lagavulin","floor":6,"turns":5},{"damage":4,"enemies":"Looter","floor":8,"turns":3},{"damage":8,"enemies":"Gremlin Nob","floor":10,"turns":3},{"damage":0,"enemies":"3 Louse","floor":13,"turns":3},{"damage":0,"enemies":"Fading Forest","floor":16,"turns":11},{"damage":0,"enemies":"Chosen","floor":18,"turns":4},{"damage":0,"enemies":"Shell Parasite","floor":19,"turns":5},{"damage":9,"enemies":"Centurion and Healer","floor":20,"turns":6},{"damage":0,"enemies":"Cultist and Chosen","floor":21,"turns":6},{"damage":16,"enemies":"Slavers","floor":25,"turns":7},{"damage":0,"enemies":"Nightmare","floor":28,"turns":5},{"damage":0,"enemies":"Snake Plant","floor":29,"turns":2},{"damage":31,"enemies":"Collector","floor":33,"turns":11},{"damage":0,"enemies":"Orb Walker","floor":35,"turns":3},{"damage":6,"enemies":"3 Shapes","floor":38,"turns":2},{"damage":0,"enemies":"Writhing Mass","floor":39,"turns":4},{"damage":31,"enemies":"Reptomancer","floor":41,"turns":7},{"damage":0,"enemies":"Transient","floor":42,"turns":5},{"damage":24,"enemies":"Giant Head","floor":45,"turns":8},{"damage":3,"enemies":"Maw","floor":46,"turns":6},{"damage":10,"enemies":"Writhing Mass","floor":47,"turns":6},{"damage":19,"enemies":"3 Darklings","floor":48,"turns":3},{"damage":26,"enemies":"hubris:GrandSnecko","floor":50,"turns":14},{"damage":0,"enemies":"Small Slimes","floor":52,"turns":3},{"damage":0,"enemies":"Cultist","floor":55,"turns":3},{"damage":32,"enemies":"3 Sentries","floor":59,"turns":5},{"damage":0,"enemies":"Jaw Worm","floor":61,"turns":2},{"damage":0,"enemies":"Exordium Wildlife","floor":63,"turns":3},{"damage":14,"enemies":"Red Slaver","floor":65,"turns":4},{"damage":0,"enemies":"Slime Boss","floor":67,"turns":7}],"seed_played":"558847571688781034","potions_obtained":[{"floor":2,"key":"blueLaboratory:StoneskinPotion"},{"floor":5,"key":"Dexterity Potion"},{"floor":8,"key":"LiquidBronze"},{"floor":16,"key":"BlessingOfTheForge"},{"floor":18,"key":"Languid Potion"},{"floor":19,"key":"blueLaboratory:BottleOfRum"},{"floor":28,"key":"Regen Potion"},{"floor":35,"key":"blueLaboratory:SavagePotion"},{"floor":42,"key":"blueLaboratory:EnragingPotion"},{"floor":45,"key":"AttackPotion"},{"floor":46,"key":"GamblersBrew"},{"floor":48,"key":"Fruit Juice"},{"floor":50,"key":"blueLaboratory:PhilterOfMotion"},{"floor":55,"key":"blueLaboratory:SavagePotion"},{"floor":61,"key":"blueLaboratory:FruitPreserves"}],"is_trial":false,"path_per_floor":["M","M","M","?","M","E","R","M","T","E","$","T","M","$","R","B",null,"M","M","M","M","?","R","?","E","T","R","NM","M","?","T","R","B",null,"M","?","?","M","M","R","E","M","T","$","E","M","M","M","R","B",null,"M","?","?","M","AVR","R","?","E","T","M","R","M","R","M","R","B",null],"character_chosen":"THE_EXTRAVAGANT","items_purchased":["hubris:OldNail","theextravagant:RustyBuckler","aspiration:KaomsHeart"],"campfire_rested":1,"item_purchase_floors":[11,11,44],"current_hp_per_floor":[82,82,77,72,63,46,70,66,66,58,58,58,58,58,58,68,82,82,82,73,73,73,73,41,25,25,25,25,25,25,25,25,12,39,39,39,39,33,33,33,5,8,8,108,84,81,74,58,58,40,159,159,159,148,148,148,148,148,116,116,116,116,116,116,102,102,102,159,159],"gold":559,"neow_bonus":"TEN_PERCENT_HP_BONUS","is_daily":false,"chose_seed":false,"campfire_upgraded":10,"win_rate":0.0,"timestamp":1611675086,"path_taken":["M","M","M","?","M","E","R","M","T","E","$","?","M","$","R","BOSS","M","M","M","M","?","R","?","E","T","R","NM","M","?","?","R","BOSS","M","?","?","?","M","R","E","M","T","$","E","M","M","M","R","BOSS","M","?","?","M","AVR","R","?","E","T","M","R","M","R","M","R","BOSS"],"items_purchased_type":["Relic","Card","Relic"],"build_version":"2020-12-22","purchased_purges":2,"victory":false,"max_hp_per_floor":[82,82,82,82,82,82,82,82,82,82,82,82,82,82,82,82,82,82,82,82,82,82,82,41,41,41,41,41,41,41,41,41,44,39,39,39,39,39,39,39,42,45,45,145,145,145,148,151,151,159,159,159,159,159,159,159,159,159,159,159,159,159,159,159,159,159,159,159,159],"card_choices":[{"not_picked":["theextravagant:Twitch","theextravagant:Impulse"],"picked":"theextravagant:Tension","floor":1},{"not_picked":["theextravagant:RiskyStrike","theextravagant:Twitch"],"picked":"theextravagant:CuttingEdge","floor":2},{"not_picked":["theextravagant:Drift","theextravagant:Flashback"],"picked":"theextravagant:IronPlumes","floor":3},{"not_picked":["theextravagant:Cutthroat","theextravagant:Flashback"],"picked":"theextravagant:SharpTalons","floor":4},{"not_picked":["theextravagant:Dazzle","theextravagant:PerfectTheBasics"],"picked":"theextravagant:SharpTalons","floor":5},{"not_picked":["theextravagant:GarbageCannon","theextravagant:Drift"],"picked":"theextravagant:Riot","floor":6},{"not_picked":["theextravagant:GlyphOfPower","theextravagant:ShootingStar","theextravagant:GarbageCannon"],"picked":"SKIP","floor":8},{"not_picked":["theextravagant:AuroraForm","theextravagant:GlyphOfPower"],"picked":"theextravagant:Nihil","floor":10},{"not_picked":["theextravagant:Shake","theextravagant:StepBack"],"picked":"theextravagant:PuffUp","floor":13},{"not_picked":["theextravagant:Pluck","theextravagant:DAMNATION"],"picked":"theextravagant:Nihil","floor":16},{"not_picked":["theextravagant:Shatter","theextravagant:Supersonic"],"picked":"theextravagant:SharpTalons+1","floor":18},{"not_picked":["theextravagant:PuffUp","theextravagant:GustOfWind"],"picked":"theextravagant:Razor","floor":19},{"not_picked":["theextravagant:PerfectTheBasics+1","theextravagant:Comeback"],"picked":"theextravagant:Castle+1","floor":20},{"not_picked":["theextravagant:GarbageCannon+1","theextravagant:Defy","theextravagant:Impulse+1"],"picked":"SKIP","floor":21},{"not_picked":["theextravagant:Riot+1","theextravagant:SpontaneousStrike"],"picked":"theextravagant:Twostep","floor":25},{"not_picked":["theextravagant:SnakeOil","theextravagant:Erase"],"picked":"theextravagant:Redemption","floor":28},{"not_picked":["theextravagant:Meditation","theextravagant:Shake"],"picked":"theextravagant:Tension+1","floor":29},{"not_picked":["theextravagant:Stella","theextravagant:SnakeOil"],"picked":"theextravagant:RisingPhoenix","floor":33},{"not_picked":["theextravagant:Repell","theextravagant:PerfectTheBasics+1"],"picked":"theextravagant:Riot+1","floor":35},{"not_picked":["theextravagant:GlyphOfPower","theextravagant:Repell+1"],"picked":"theextravagant:SpiritBolt+1","floor":38},{"not_picked":["theextravagant:Twostep","theextravagant:Ambush+1"],"picked":"theextravagant:Firework","floor":39},{"not_picked":["theextravagant:Comeback+1","theextravagant:Flashback+1","theextravagant:Cutthroat"],"picked":"SKIP","floor":41},{"not_picked":["theextravagant:Pushthrough","theextravagant:Shake"],"picked":"theextravagant:Aggression+1","floor":42},{"not_picked":["theextravagant:Dazzle","theextravagant:GlyphOfSight","theextravagant:Cutthroat"],"picked":"Cleave","floor":45},{"not_picked":["theextravagant:Courage","theextravagant:Drift+1","Replay:Undeath\u0027s Touch"],"picked":"theextravagant:Razor","floor":46},{"not_picked":["theextravagant:ArtisticDisplay","theextravagant:Ambush","BarbarianYell"],"picked":"theextravagant:Vintage+1","floor":47},{"not_picked":["theextravagant:Shake+1","theextravagant:GlyphOfChoice","Warcry"],"picked":"theextravagant:Pushthrough+1","floor":48},{"not_picked":["theextravagant:Stella","theextravagant:Redemption","Demonic Infusion"],"picked":"theextravagant:AuroraForm","floor":50},{"not_picked":["theextravagant:Drift","theextravagant:Flashback","Massacre"],"picked":"theextravagant:Urgency","floor":52},{"not_picked":["theextravagant:Drift","theextravagant:StepBack","Run Through"],"picked":"theextravagant:ZeroHero","floor":55},{"not_picked":["theextravagant:Drift","theextravagant:Defy","theextravagant:Pushthrough"],"picked":"Sword Boomerang","floor":59},{"not_picked":["theextravagant:Pushthrough","theextravagant:GarbageCannon","theextravagant:SpiritBolt"],"picked":"Pommel Strike","floor":61},{"not_picked":["theextravagant:Cutthroat","theextravagant:Drift","hubris:ReadiedAction"],"picked":"theextravagant:Flashback","floor":63},{"not_picked":["theextravagant:Flashback","theextravagant:PuffUp","True Grit"],"picked":"theextravagant:Glamour","floor":65}],"player_experience":320122,"relics_obtained":[{"floor":4,"key":"Shuriken"},{"floor":6,"key":"Centennial Puzzle"},{"floor":9,"key":"CCEMRelics:Apple"},{"floor":10,"key":"reliquary:ExpiredCoupon"},{"floor":12,"key":"CCEMRelics:PorcelainBowl"},{"floor":25,"key":"reliquary:RoseTintedGlasses"},{"floor":26,"key":"aspiration:StickyExplosives_weak"},{"floor":28,"key":"FossilizedHelix"},{"floor":41,"key":"BrokenLever"},{"floor":43,"key":"hubris:DisguiseKit"},{"floor":45,"key":"aspiration:KMNothing"},{"floor":59,"key":"hubris:TenFootPole"},{"floor":60,"key":"Smiling Mask"}],"event_choices":[{"damage_healed":0,"gold_gain":0,"player_choice":"Inject Mutagens","damage_taken":0,"relics_obtained":["MutagenicStrength"],"max_hp_gain":0,"max_hp_loss":0,"event_name":"Drug Dealer","floor":22,"gold_loss":0},{"damage_healed":0,"gold_gain":0,"player_choice":"Became a Ghost","damage_taken":0,"max_hp_gain":0,"max_hp_loss":41,"event_name":"Ghosts","floor":24,"gold_loss":0,"cards_obtained":["Ghostly","Ghostly","Ghostly","Ghostly","Ghostly"]},{"damage_healed":0,"gold_gain":0,"player_choice":"Invest 4","damage_taken":0,"max_hp_gain":0,"max_hp_loss":0,"event_name":"conspire:Investor","floor":30,"gold_loss":0},{"damage_healed":0,"gold_gain":0,"player_choice":"1 cards matched","damage_taken":0,"max_hp_gain":0,"max_hp_loss":0,"event_name":"Match and Keep!","floor":37,"gold_loss":0,"cards_obtained":["ReplayTheSpireMod:Private Reserves"]},{"damage_healed":0,"gold_gain":75,"player_choice":"Gather Gold","damage_taken":11,"max_hp_gain":0,"max_hp_loss":0,"event_name":"World of Goop","floor":54,"gold_loss":0},{"cards_removed":["theextravagant:SlyStrike"],"damage_healed":0,"gold_gain":0,"player_choice":"Card Removal","damage_taken":0,"max_hp_gain":0,"max_hp_loss":0,"event_name":"The Cleric","floor":58,"gold_loss":50}],"is_beta":false,"boss_relics":[{"not_picked":["CCEMRelics:ReaperScythe","Philosopher\u0027s Stone"],"picked":"CosmicIsotope"},{"not_picked":["infinitespire:Cupcake","Busted Crown"],"picked":"energizedSpire:HugeHouse"},{"not_picked":["aspiration:KMNothing","aspiration:KMNothing"],"picked":"aspiration:KMNothing"},{"not_picked":["reliquary:Ember","hubris:ScarierMask"],"picked":"aspiration:RitualDagger"}],"items_purged_floors":[11,14],"is_endless":true,"potions_floor_spawned":[2,5,8,16,18,19,28,35,42,45,46,48,50,55,61,63],"ascension_level":0}}