{"host":"gltm229u6j2oow3a","time":1611649528,"event":{"mods":["BaseMod","Colored Powertips","Minty Spire (QoL Compilation)","[IsaacMod]ÒÔÈö¼âËþ"],"gold_per_floor":[369,284,300,14,14,14,46,70,82,112,124,136,181,193,205,322,334,360,372,401,432,456,503,515,561,573,202,202,220,245,345,345,447,447,463,463,483,85,103,129,129,163,186,211,238,270,280,336,336,336],"floor_reached":51,"language":"ZHS","playtime":2436,"items_purged":["Strike_G","Defend_G","Strike_G","Strike_G"],"score":1303,"play_id":"3865cb5e-5813-4160-8f2d-a2a964499113","local_time":"20210126162528","is_ascension_mode":true,"campfire_choices":[{"data":"DoctorFetus","floor":6,"key":"SMITH"},{"floor":15,"key":"REST"},{"floor":28,"key":"RECALL"},{"floor":32,"key":"REST"},{"floor":49,"key":"REST"}],"circlet_count":0,"master_deck":["Strike_G","Defend_G","Defend_G","Defend_G","Survivor","Neutralize","Crippling Poison","Poisoned Stab","All Out Attack","Noxious Fumes","DoctorFetus+1","Blade Dance+1","Concentrate+1","Footwork","Bouncing Flask+1","After Image","After Image","Blade Dance+1","Terror+1","Dash","Prepared+1","Backflip+1","A Thousand Cuts","Calculated Gamble+1","Acrobatics+1","Noxious Fumes","Blade Dance+1","Burst+1","Blade Dance+1","Corpse Explosion+1","Backflip+1","Madness+1","Madness+1","Accuracy","Cloak And Dagger+1","Blur+1","Noxious Fumes+1","Thinking Ahead+1","Dagger Spray+1","Heel Hook","Catalyst+1","Dagger Spray+1","Deadly Poison+1"],"relics":["Ring of the Snake","HushsDoor","TheBible","Mercury Hourglass","Blood Vial","Toxic Egg 2","MawBank","Tiny Chest","Bottled Flame","Fusion Hammer","GuppysCollar","D4","Question Card","BlankCard","DoctorsRemote","BelialBook","Happy Flower","MagicMushroom","GuppysHead","Strange Spoon","HowToJump","Bottled Lightning","Lantern","SalivaCoin","Snake Skull","Damocles","Torii","Pocketwatch","Centennial Puzzle"],"acts_visited":["Exordium","TheCity","TheBeyond"],"potions_floor_usage":[10,13,18,23,23],"damage_taken":[{"damage":14,"enemies":"Small Slimes","floor":1,"turns":5},{"damage":28,"enemies":"Hiden Room Battle","floor":2,"turns":5},{"damage":0,"enemies":"Cultist","floor":3,"turns":3},{"damage":12,"enemies":"Lagavulin","floor":7,"turns":6},{"damage":9,"enemies":"Jaw Worm","floor":8,"turns":2},{"damage":7,"enemies":"3 Louse","floor":10,"turns":2},{"damage":24,"enemies":"3 Sentries","floor":13,"turns":4},{"damage":16,"enemies":"The Guardian","floor":16,"turns":7},{"damage":0,"enemies":"Chosen","floor":18,"turns":4},{"damage":0,"enemies":"Shell Parasite","floor":20,"turns":4},{"damage":12,"enemies":"Sentry and Sphere","floor":21,"turns":4},{"damage":12,"enemies":"3 Cultists","floor":22,"turns":3},{"damage":4,"enemies":"Gremlin Leader","floor":23,"turns":6},{"damage":4,"enemies":"Slavers","floor":25,"turns":4},{"damage":23,"enemies":"Shelled Parasite and Fungi","floor":29,"turns":4},{"damage":4,"enemies":"Book of Stabbing","floor":30,"turns":5},{"damage":5,"enemies":"Champ","floor":33,"turns":7},{"damage":0,"enemies":"Orb Walker","floor":35,"turns":3},{"damage":0,"enemies":"3 Darklings","floor":37,"turns":2},{"damage":0,"enemies":"4 Shapes","floor":39,"turns":3},{"damage":0,"enemies":"Nemesis","floor":40,"turns":4},{"damage":0,"enemies":"Reptomancer","floor":42,"turns":3},{"damage":0,"enemies":"Nemesis","floor":44,"turns":3},{"damage":0,"enemies":"Giant Head","floor":46,"turns":5},{"damage":0,"enemies":"Writhing Mass","floor":47,"turns":3},{"damage":1,"enemies":"2 Orb Walkers","floor":48,"turns":2},{"damage":0,"enemies":"Awakened One","floor":50,"turns":5}],"seed_played":"1011812384442591800","potions_obtained":[{"floor":2,"key":"SkillPotion"},{"floor":3,"key":"Regen Potion"},{"floor":10,"key":"SteroidPotion"},{"floor":16,"key":"Block Potion"},{"floor":18,"key":"Fruit Juice"},{"floor":20,"key":"Regen Potion"},{"floor":21,"key":"Strength Potion"},{"floor":25,"key":"Weak Potion"},{"floor":29,"key":"GamblersBrew"},{"floor":37,"key":"DistilledChaos"}],"is_trial":false,"path_per_floor":["M","?","M","$","T","R","E","M","T","M","?","$","E","$","R","B",null,"M","?","M","M","M","E","T","E","T","$","R","M","E","?","R","B",null,"M","?","M","$","M","E","?","E","T","E","T","E","M","?","R","B",null],"character_chosen":"THE_SILENT","items_purchased":["Noxious Fumes","DoctorFetus","After Image","GuppysCollar","BelialBook","Acrobatics+1","Noxious Fumes","GuppysHead","Accuracy","Cloak And Dagger+1","Strange Spoon"],"campfire_rested":3,"item_purchase_floors":[4,4,17,17,27,27,27,34,38,38,38],"current_hp_per_floor":[49,21,23,23,23,23,13,6,6,1,22,22,14,14,32,18,41,46,46,46,34,24,37,37,35,35,35,35,14,12,12,25,22,43,43,38,41,41,43,43,43,43,43,43,43,43,43,42,43,43],"gold":336,"neow_bonus":"TWO_FIFTY_GOLD","is_daily":false,"chose_seed":false,"campfire_upgraded":1,"win_rate":0.0,"timestamp":1611649528,"path_taken":["M","?","?","$","?","R","E","M","T","?","?","$","E","$","R","BOSS","M","?","M","M","M","E","?","E","T","$","R","M","E","?","R","BOSS","M","?","M","$","M","E","?","E","T","E","?","E","M","?","R","BOSS"],"items_purchased_type":["Card","Card","Card","Relic","Relic","Card","Card","Relic","Card","Card","Relic"],"build_version":"2020-12-22","purchased_purges":4,"victory":true,"max_hp_per_floor":[63,63,63,63,63,63,63,63,63,63,63,63,63,63,63,63,41,46,46,46,46,46,46,46,46,46,46,46,46,46,46,46,46,43,43,43,43,43,43,43,43,43,43,43,43,43,43,43,43,43],"card_choices":[{"not_picked":[],"picked":"Bomb","floor":0},{"not_picked":["Prepared","Underhanded Strike"],"picked":"Crippling Poison","floor":1},{"not_picked":["Masterful Stab","Predator"],"picked":"Poisoned Stab","floor":2},{"not_picked":["Backstab","Predator"],"picked":"All Out Attack","floor":3},{"not_picked":["Blur+1","Cloak And Dagger+1"],"picked":"Blade Dance+1","floor":7},{"not_picked":["Tools of the Trade","Skewer"],"picked":"Concentrate+1","floor":8},{"not_picked":["Flying Knee","Dash"],"picked":"Footwork","floor":10},{"not_picked":["Expertise+1","Concentrate+1"],"picked":"Bouncing Flask+1","floor":13},{"not_picked":["Venomology+1","Tools of the Trade"],"picked":"After Image","floor":16},{"not_picked":["Flechettes","Deflect+1"],"picked":"Blade Dance+1","floor":18},{"not_picked":["Deflect+1","Quick Slash+1"],"picked":"Prepared+1","floor":20},{"not_picked":["Leg Sweep+1","Underhanded Strike","Dodge and Roll+1"],"picked":"SKIP","floor":21},{"not_picked":["Dash+1","Skewer"],"picked":"Backflip+1","floor":22},{"not_picked":["Acrobatics+1","Underhanded Strike"],"picked":"A Thousand Cuts","floor":23},{"not_picked":["Poisoned Stab","Underhanded Strike","Riddle With Holes+1"],"picked":"Calculated Gamble+1","floor":25},{"not_picked":["Riddle With Holes","Dagger Spray","Expertise+1"],"picked":"Blade Dance+1","floor":29},{"not_picked":["Footwork","Quick Slash","Skewer"],"picked":"Burst+1","floor":30},{"not_picked":["Dodge and Roll+1","Deadly Poison+1","Bane"],"picked":"Blade Dance+1","floor":31},{"not_picked":["Unload","Malaise+1","Grand Finale"],"picked":"Corpse Explosion+1","floor":33},{"not_picked":["Sucker Punch+1","Expertise+1","Catalyst+1"],"picked":"Backflip+1","floor":35},{"not_picked":["Dash","Endless Agony+1","Poisoned Stab","Masterful Stab+1"],"picked":"SKIP","floor":37},{"not_picked":["Backflip+1","PiercingWail+1","Flying Knee"],"picked":"Blur+1","floor":39},{"not_picked":["Distraction+1","Dagger Throw+1","Blade Dance+1"],"picked":"Noxious Fumes+1","floor":40},{"not_picked":["Dramatic Entrance","SuicideKing","Flash of Steel"],"picked":"Thinking Ahead+1","floor":41},{"not_picked":["Skewer","Poisoned Stab","Backflip+1"],"picked":"Dagger Spray+1","floor":42},{"not_picked":["Backstab+1","Crippling Poison+1","Flying Knee+1"],"picked":"Heel Hook","floor":44},{"not_picked":["Wraith Form v2","Deflect+1","Crippling Poison+1"],"picked":"Catalyst+1","floor":46},{"not_picked":["Dagger Throw","Slice","Dodge and Roll+1"],"picked":"Dagger Spray+1","floor":47},{"not_picked":["Distraction+1","Prepared+1","Leg Sweep+1"],"picked":"Deadly Poison+1","floor":48}],"player_experience":95807,"relics_obtained":[{"floor":2,"key":"Mercury Hourglass"},{"floor":2,"key":"Blood Vial"},{"floor":5,"key":"Toxic Egg 2"},{"floor":7,"key":"MawBank"},{"floor":9,"key":"Tiny Chest"},{"floor":13,"key":"Bottled Flame"},{"floor":23,"key":"D4"},{"floor":24,"key":"Question Card"},{"floor":25,"key":"BlankCard"},{"floor":26,"key":"DoctorsRemote"},{"floor":30,"key":"Happy Flower"},{"floor":40,"key":"HowToJump"},{"floor":42,"key":"Bottled Lightning"},{"floor":43,"key":"Lantern"},{"floor":44,"key":"SalivaCoin"},{"floor":45,"key":"Snake Skull"},{"floor":46,"key":"Damocles"},{"floor":47,"key":"Torii"},{"floor":48,"key":"Pocketwatch"},{"floor":48,"key":"Centennial Puzzle"}],"event_choices":[{"damage_healed":0,"gold_gain":0,"player_choice":"Fight","damage_taken":0,"max_hp_gain":0,"max_hp_loss":0,"event_name":"HidenRoomEvent","floor":2,"gold_loss":0},{"damage_healed":21,"gold_gain":0,"player_choice":"Banana","damage_taken":0,"max_hp_gain":0,"max_hp_loss":0,"event_name":"Big Fish","floor":11,"gold_loss":0},{"damage_healed":0,"gold_gain":0,"cards_transformed":["Strike_G","Defend_G"],"player_choice":"Became Test Subject","damage_taken":0,"max_hp_gain":0,"max_hp_loss":0,"event_name":"Drug Dealer","floor":19,"gold_loss":0,"cards_obtained":["Terror","Dash"]},{"damage_healed":0,"gold_gain":0,"player_choice":"Embrace Madness","damage_taken":5,"max_hp_gain":0,"max_hp_loss":0,"event_name":"Winding Halls","floor":36,"gold_loss":0,"cards_obtained":["Madness","Madness"]},{"damage_healed":0,"gold_gain":0,"player_choice":"Memory 1","damage_taken":0,"max_hp_gain":0,"max_hp_loss":0,"event_name":"SensoryStone","floor":41,"gold_loss":0},{"damage_healed":0,"gold_gain":0,"player_choice":"Fight","damage_taken":0,"max_hp_gain":0,"max_hp_loss":0,"event_name":"Mysterious Sphere","floor":48,"gold_loss":0}],"is_beta":false,"boss_relics":[{"not_picked":["Velvet Choker","Black Star"],"picked":"Fusion Hammer"},{"not_picked":[]},{"not_picked":["Philosopher\u0027s Stone","SacredBark"],"picked":"MagicMushroom"},{"not_picked":[]}],"items_purged_floors":[4,17,27,38],"is_endless":false,"potions_floor_spawned":[2,3,10,16,18,20,21,25,29,37,40,42,48],"ascension_level":3}}