{"host":"ees9py5fbpv5lclk","time":1611627965,"event":{"mods":["AchievementEnabler","BaseMod","Challenge The Spire","Colored Map","Colored Powertips","Conspire","Downfall","Hermit","Hero for Fun","Infinite Spire","Minty Spire (QoL Compilation)","Replay The Spire","Shop Mod","Spicy Shops","StSLib","SuperFastMode","The Bug Knight","The Cursed","The Dragon Tamer","The Servant 0.9.4"],"gold_per_floor":[113,113,129,147,161,161,174,209,209,8,27,102,102,137,137,235,235,251,21,31,47,61,96,109,128,128,128,128],"floor_reached":27,"language":"ENG","playtime":17202,"items_purged":["Strike_S","Strike_S"],"score":249,"play_id":"dc154bad-9e67-40a3-a8db-16db599cd859","local_time":"20210125212605","is_ascension_mode":false,"campfire_choices":[{"data":"Spin","floor":6,"key":"SMITH"},{"data":"TimeTheft","floor":13,"key":"SMITH"},{"data":"LightFlow","floor":15,"key":"SMITH"}],"circlet_count":0,"master_deck":["Strike_S","Defend_S","Defend_S","Defend_S","Defend_S","KidneyShot","Exchange","Moonlight","Ricochet","TimeTheft+1","Potential","Spin+1","Unruled","LightFlow+1","Starlight","Rewind","InstantArmor","PendulumOfEternity","Spin","Rearm","Rewind+1","TimeWarp+1","TimeWarp","RealityMarble","FanOfKnives+1"],"relics":["Uniform","NeowsBlessing","Ginger","Potion Belt","Toy Ornithopter","Philosopher\u0027s Stone","MerchantsRug","infinitespire:EmpoweringShard","conspire:GlowingRock"],"acts_visited":["Exordium","TheCity"],"potions_floor_usage":[16,16,16,16,16,27,27],"damage_taken":[{"damage":0,"enemies":"Cultist","floor":1,"turns":1},{"damage":0,"enemies":"Jaw Worm","floor":3,"turns":1},{"damage":0,"enemies":"Small Slimes","floor":4,"turns":1},{"damage":0,"enemies":"Exordium Thugs","floor":5,"turns":4},{"damage":0,"enemies":"Lots of Slimes","floor":7,"turns":1},{"damage":4,"enemies":"Gremlin Nob","floor":8,"turns":3},{"damage":7,"enemies":"Looter","floor":11,"turns":2},{"damage":7,"enemies":"HollowMod:MossKnight","floor":14,"turns":7},{"damage":39,"enemies":"The Guardian","floor":16,"turns":13},{"damage":0,"enemies":"conspire:FuzzyDice","floor":18,"turns":3},{"damage":0,"enemies":"Shell Parasite","floor":20,"turns":2},{"damage":9,"enemies":"Snake Plant","floor":21,"turns":3},{"damage":0,"enemies":"Cultist and Chosen","floor":22,"turns":3},{"damage":8,"enemies":"Book of Stabbing","floor":23,"turns":3},{"damage":24,"enemies":"Chosen and Byrds","floor":24,"turns":3},{"damage":2,"enemies":"Centurion and Healer","floor":25,"turns":4},{"damage":35,"enemies":"Nightmare","floor":27,"turns":4}],"seed_played":"-7978393914603412994","potions_obtained":[{"floor":3,"key":"EntropicBrew"},{"floor":8,"key":"Weak Potion"},{"floor":14,"key":"LifebloodPotion"},{"floor":16,"key":"PowerPotion"},{"floor":21,"key":"Dexterity Potion"},{"floor":22,"key":"Dexterity Potion"},{"floor":24,"key":"SteroidPotion"},{"floor":25,"key":"SkillPotion"}],"is_trial":false,"path_per_floor":["M","?","M","M","M","R","M","E","T","$","M","?","R","E","R","B",null,"M","$","M","M","M","E","M","M","T","NM"],"character_chosen":"THE_SERVANT","items_purchased":["Starlight","Rewind","MerchantsRug","Rearm"],"campfire_rested":0,"item_purchase_floors":[10,10,19,19],"current_hp_per_floor":[65,65,65,65,65,65,65,61,61,61,54,48,48,41,41,27,65,65,65,65,56,56,48,24,22,22,0,0],"gold":128,"neow_bonus":"THREE_ENEMY_KILL","is_daily":false,"chose_seed":false,"campfire_upgraded":3,"win_rate":0.0,"timestamp":1611627965,"path_taken":["M","?","?","?","M","R","M","E","T","?","M","?","R","E","R","BOSS","M","$","M","?","M","E","M","M","T","NM"],"items_purchased_type":["Card","Card","Relic","Card"],"build_version":"2020-12-22","purchased_purges":2,"victory":false,"max_hp_per_floor":[65,65,65,65,65,65,65,65,65,65,65,65,65,65,65,65,65,65,65,65,65,65,65,65,65,65,65,65],"card_choices":[{"not_picked":["DoubleEdge","Shuttle"],"picked":"Moonlight","floor":1},{"not_picked":["ShatteredReality","Revamp"],"picked":"TimeTheft","floor":3},{"not_picked":["TimeWarp","Luminosity"],"picked":"Potential","floor":4},{"not_picked":["Unruled","BottledTime"],"picked":"Spin","floor":5},{"not_picked":["Snipe","Potential"],"picked":"Unruled","floor":7},{"not_picked":["ShatteredReality","RealityMarble"],"picked":"LightFlow","floor":8},{"not_picked":["Defy","ShatteredReality","Revamp"],"picked":"SKIP","floor":11},{"not_picked":["Collapse","Replace"],"picked":"InstantArmor","floor":14},{"not_picked":["MurderousAura","LightFlow"],"picked":"PendulumOfEternity","floor":16},{"not_picked":["Desolation+1","Snipe"],"picked":"Spin","floor":18},{"not_picked":["WasteNot","Spin"],"picked":"Rewind+1","floor":20},{"not_picked":["Ricochet","BottledTime"],"picked":"TimeWarp+1","floor":21},{"not_picked":["Alleviate","FastForward+1","TrueSight"],"picked":"SKIP","floor":22},{"not_picked":["Potential+1","Ricochet"],"picked":"TimeWarp","floor":23},{"not_picked":["Alleviate","Read"],"picked":"RealityMarble","floor":24},{"not_picked":["Rewind+1","Revamp+1"],"picked":"FanOfKnives+1","floor":25}],"player_experience":138809,"relics_obtained":[{"floor":8,"key":"Ginger"},{"floor":9,"key":"Potion Belt"},{"floor":14,"key":"Toy Ornithopter"},{"floor":23,"key":"infinitespire:EmpoweringShard"},{"floor":26,"key":"conspire:GlowingRock"}],"event_choices":[{"damage_healed":0,"gold_gain":0,"cards_transformed":["Strike_S"],"player_choice":"Transformed","damage_taken":0,"max_hp_gain":0,"max_hp_loss":0,"event_name":"Transmorgrifier","floor":2,"gold_loss":0,"cards_obtained":["Ricochet"]},{"damage_healed":0,"gold_gain":75,"player_choice":"Touch","damage_taken":6,"max_hp_gain":0,"max_hp_loss":0,"event_name":"FaceTrader","floor":12,"gold_loss":0}],"is_beta":false,"boss_relics":[{"not_picked":["ChewingGum","infinitespire:Cupcake"],"picked":"Philosopher\u0027s Stone"}],"items_purged_floors":[10,19],"is_endless":false,"potions_floor_spawned":[3,8,14,16,21,22,24,25],"killed_by":"Nightmare","ascension_level":0}}