{"host":"Qube","time":1611632710,"event":{"mods":["AchievementEnabler","BaseMod","Colored Map","Colored Powertips","Highlight Path","Minty Spire (QoL Compilation)","Permanent Neow","Quick Restart","Random Character Button","StSLib"],"gold_per_floor":[109,126,142,142,152,152,166,166,166,176,199,211,253,275,287,377,389,412,424,451,479,491,503,529,38,113,140,156,166,166,177,177,255,255,267,267,277,4,22,56,56,82,82,82,117,117,152,164,164,164,164],"floor_reached":52,"language":"ENG","playtime":3225,"items_purged":["Survivor","Neutralize"],"score":2117,"play_id":"5100485f-aa35-4d21-9c98-8fc5d73a8ba9","local_time":"20210125194510","is_ascension_mode":true,"campfire_choices":[{"data":"Dash","floor":6.0,"key":"SMITH"},{"data":"Riddle With Holes","floor":8.0,"key":"SMITH"},{"floor":12.0,"key":"REST"},{"floor":15.0,"key":"REST"},{"floor":23.0,"key":"REST"},{"floor":30.0,"key":"REST"},{"floor":32.0,"key":"REST"},{"floor":41.0,"key":"REST"},{"floor":44.0,"key":"REST"},{"floor":49.0,"key":"REST"}],"circlet_count":0,"master_deck":["AscendersBane","Dash+1","Quick Slash","Riddle With Holes+1","Predator","Night Terror","Riddle With Holes","Skewer","Noxious Fumes","Mayhem","Corpse Explosion","Dash","Crippling Poison+1","Eviscerate"],"relics":["Snecko Eye","Paper Crane","MawBank","Lantern","Velvet Choker","StoneCalendar","Membership Card","Thread and Needle","Ornamental Fan","The Specimen","Pandora\u0027s Box","Shuriken","Toy Ornithopter","Centennial Puzzle","CeramicFish","Bag of Preparation","Pocketwatch","Anchor"],"acts_visited":["Exordium","TheCity","TheBeyond"],"potions_floor_usage":[51],"damage_taken":[{"damage":19.0,"enemies":"Jaw Worm","floor":1.0,"turns":4.0},{"damage":1.0,"enemies":"Small Slimes","floor":2.0,"turns":5.0},{"damage":0.0,"enemies":"Cultist","floor":3.0,"turns":3.0},{"damage":2.0,"enemies":"Exordium Wildlife","floor":5.0,"turns":4.0},{"damage":0.0,"enemies":"Blue Slaver","floor":7.0,"turns":3.0},{"damage":0.0,"enemies":"Gremlin Gang","floor":10.0,"turns":3.0},{"damage":27.0,"enemies":"3 Sentries","floor":13.0,"turns":13.0},{"damage":0.0,"enemies":"2 Fungi Beasts","floor":14.0,"turns":2.0},{"damage":25.0,"enemies":"Slime Boss","floor":16.0,"turns":9.0},{"damage":11.0,"enemies":"Spheric Guardian","floor":18.0,"turns":3.0},{"damage":0.0,"enemies":"Chosen","floor":20.0,"turns":3.0},{"damage":26.0,"enemies":"Shelled Parasite and Fungi","floor":21.0,"turns":4.0},{"damage":7.0,"enemies":"3 Cultists","floor":24.0,"turns":4.0},{"damage":17.0,"enemies":"Book of Stabbing","floor":27.0,"turns":4.0},{"damage":0.0,"enemies":"Snake Plant","floor":28.0,"turns":3.0},{"damage":0.0,"enemies":"Snecko","floor":29.0,"turns":3.0},{"damage":6.0,"enemies":"Shelled Parasite and Fungi","floor":31.0,"turns":3.0},{"damage":4.0,"enemies":"Automaton","floor":33.0,"turns":5.0},{"damage":0.0,"enemies":"Orb Walker","floor":35.0,"turns":3.0},{"damage":9.0,"enemies":"3 Shapes","floor":37.0,"turns":3.0},{"damage":0.0,"enemies":"Sphere and 2 Shapes","floor":39.0,"turns":3.0},{"damage":44.0,"enemies":"Giant Head","floor":40.0,"turns":7.0},{"damage":12.0,"enemies":"Reptomancer","floor":42.0,"turns":4.0},{"damage":13.0,"enemies":"Giant Head","floor":45.0,"turns":5.0},{"damage":0.0,"enemies":"Nemesis","floor":47.0,"turns":5.0},{"damage":0.0,"enemies":"Maw","floor":48.0,"turns":4.0},{"damage":0.0,"enemies":"Donu and Deca","floor":50.0,"turns":5.0},{"damage":19,"enemies":"Time Eater","floor":51,"turns":9}],"seed_played":"612157733193370715","potions_obtained":[{"floor":1.0,"key":"Explosive Potion"},{"floor":5.0,"key":"GamblersBrew"},{"floor":10.0,"key":"Dexterity Potion"},{"floor":14.0,"key":"GamblersBrew"},{"floor":21.0,"key":"AttackPotion"},{"floor":24.0,"key":"LiquidBronze"},{"floor":28.0,"key":"DuplicationPotion"},{"floor":33.0,"key":"AttackPotion"},{"floor":40.0,"key":"DuplicationPotion"}],"is_trial":false,"path_per_floor":["M","M","M","?","M","R","M","R","T","M","T","R","E","M","R","B",null,"M","?","M","M","?","R","M","$","T","E","M","M","R","M","R","B",null,"M","?","M","$","M","E","R","E","T","R","E","?","E","M","R","B","B",null],"character_chosen":"THE_SILENT","items_purchased":["Membership Card","Thread and Needle","Mayhem","Choke","Shuriken","Toy Ornithopter"],"campfire_rested":8,"item_purchase_floors":[25,25,25,25,38,38],"current_hp_per_floor":[40,39,39,32,30,30,30,30,30,30,30,49,22,22,41,16,54,43,43,43,17,17,36,29,29,29,12,12,12,31,25,44,40,60,60,60,51,51,56,12,31,24,24,43,30,30,30,30,49,49,35],"gold":164,"neow_bonus":"BOSS_RELIC","is_daily":false,"chose_seed":false,"campfire_upgraded":2,"win_rate":0.0,"timestamp":1611632710,"path_taken":["M","M","M","?","M","R","M","R","T","M","?","R","E","M","R","BOSS","M","?","M","M","?","R","M","$","T","E","M","?","R","M","R","BOSS","M","?","M","$","M","E","R","E","T","R","E","?","E","M","R","BOSS","BOSS"],"items_purchased_type":["Relic","Relic","Card","Card","Relic","Relic"],"build_version":"2020-12-18","purchased_purges":2,"victory":true,"max_hp_per_floor":[66,66,66,66,66,66,66,66,66,66,66,66,66,66,66,66,66,66,66,66,66,66,66,66,66,66,66,66,66,66,66,66,66,66,66,66,66,66,66,66,66,66,66,66,66,66,66,66,66,66,66],"card_choices":[{"not_picked":["Sucker Punch","Blade Dance"],"picked":"Poisoned Stab","floor":1.0},{"not_picked":["Adrenaline","Masterful Stab"],"picked":"Dash","floor":2.0},{"not_picked":["Bane","Cloak And Dagger"],"picked":"Quick Slash","floor":3.0},{"not_picked":["Endless Agony","PiercingWail"],"picked":"Riddle With Holes","floor":5.0},{"not_picked":["Quick Slash","PiercingWail","Slice"],"picked":"SKIP","floor":7.0},{"not_picked":["Slice","Blade Dance","Quick Slash"],"picked":"SKIP","floor":10.0},{"not_picked":["Die Die Die","Venomology"],"picked":"Predator","floor":13.0},{"not_picked":["Deadly Poison","Backstab","Accuracy"],"picked":"SKIP","floor":14.0},{"not_picked":["Wraith Form v2","Die Die Die"],"picked":"Night Terror","floor":16.0},{"not_picked":["Caltrops+1","Underhanded Strike"],"picked":"Riddle With Holes","floor":18.0},{"not_picked":["Blur","Prepared"],"picked":"Skewer","floor":20.0},{"not_picked":["Flying Knee","Poisoned Stab"],"picked":"Noxious Fumes","floor":21.0},{"not_picked":["Tools of the Trade","Outmaneuver","Prepared+1"],"picked":"SKIP","floor":24.0},{"not_picked":["Concentrate","Underhanded Strike+1"],"picked":"Corpse Explosion","floor":27.0},{"not_picked":["Noxious Fumes","Poisoned Stab"],"picked":"Dash","floor":28.0},{"not_picked":["Prepared","Footwork"],"picked":"Crippling Poison+1","floor":29.0},{"not_picked":["Prepared","Underhanded Strike","Quick Slash"],"picked":"SKIP","floor":31.0},{"not_picked":["Underhanded Strike","Deadly Poison","PiercingWail+1"],"picked":"SKIP","floor":35.0},{"not_picked":["Blade Dance","Footwork","Deflect"],"picked":"SKIP","floor":37.0},{"not_picked":["Deadly Poison","Predator","PiercingWail"],"picked":"SKIP","floor":39.0},{"not_picked":["Acrobatics","Glass Knife"],"picked":"Eviscerate","floor":40.0},{"not_picked":["Bane+1","Underhanded Strike","PiercingWail"],"picked":"SKIP","floor":42.0},{"not_picked":["Unload","Poisoned Stab+1","Accuracy"],"picked":"SKIP","floor":45.0},{"not_picked":["Bane","PiercingWail+1","Eviscerate"],"picked":"SKIP","floor":47.0},{"not_picked":["Flying Knee","Finisher","Blade Dance+1"],"picked":"SKIP","floor":48.0}],"player_experience":964600,"relics_obtained":[{"floor":9.0,"key":"Paper Crane"},{"floor":11.0,"key":"MawBank"},{"floor":13.0,"key":"Lantern"},{"floor":26.0,"key":"Ornamental Fan"},{"floor":27.0,"key":"The Specimen"},{"floor":40.0,"key":"Centennial Puzzle"},{"floor":42.0,"key":"CeramicFish"},{"floor":43.0,"key":"Bag of Preparation"},{"floor":45.0,"key":"Pocketwatch"},{"floor":47.0,"key":"Anchor"}],"event_choices":[{"cards_removed":["Defend_G"],"damage_healed":0.0,"max_hp_gain":0.0,"max_hp_loss":0.0,"gold_gain":0.0,"event_name":"Golden Wing","player_choice":"Card Removal","floor":4.0,"gold_loss":0.0,"damage_taken":7.0},{"damage_healed":0.0,"max_hp_gain":0.0,"max_hp_loss":0.0,"gold_gain":0.0,"event_name":"Back to Basics","player_choice":"Simplicity","floor":19.0,"gold_loss":0.0,"damage_taken":0.0,"cards_upgraded":["Strike_G","Strike_G","Strike_G","Strike_G","Strike_G","Defend_G","Defend_G","Defend_G","Defend_G"]},{"cards_removed":["Poisoned Stab"],"damage_healed":0.0,"max_hp_gain":0.0,"max_hp_loss":0.0,"gold_gain":0.0,"event_name":"WeMeetAgain","player_choice":"Gave Card","floor":22.0,"gold_loss":0.0,"damage_taken":0.0,"relics_obtained":["StoneCalendar"]},{"cards_removed":["Choke"],"damage_healed":0.0,"max_hp_gain":0.0,"max_hp_loss":0.0,"gold_gain":0.0,"event_name":"Falling","player_choice":"Removed Attack","floor":36.0,"gold_loss":0.0,"damage_taken":0.0},{"damage_healed":0.0,"max_hp_gain":0.0,"max_hp_loss":0.0,"gold_gain":0.0,"event_name":"Match and Keep!","player_choice":"0 cards matched","floor":46.0,"gold_loss":0.0,"damage_taken":0.0,"cards_obtained":[]}],"is_beta":true,"boss_relics":[{"not_picked":["Runic Dome","Black Star"],"picked":"Velvet Choker"},{"not_picked":["Cursed Key","WristBlade"],"picked":"Pandora\u0027s Box"}],"items_purged_floors":[25,38],"is_endless":false,"potions_floor_spawned":[1,5,10,14,21,24,28,33,35,37,40],"ascension_level":20}}