{"host":"0ueeacaatm8t6jyh","time":1611656433,"event":{"mods":["AchievementEnabler","BaseMod","Colored Powertips","Minty Spire (QoL Compilation)","Quick Restart","Rare Cards Sparkle","Shop Mod","StSLib"],"gold_per_floor":[109,59,59,78,8,8,33,33,33,51,119,119,132,57,68,86,106,135,20,20,94,94,107,17,29,40,40,40],"floor_reached":27,"language":"ZHS","playtime":930,"items_purged":["Defend_P"],"score":425,"play_id":"b286581e-96bf-4dac-8971-70809ac0eec3","local_time":"20210126182033","is_ascension_mode":true,"campfire_choices":[{"data":"Eruption","floor":6.0,"key":"SMITH"},{"data":"Fasting2","floor":8.0,"key":"SMITH"},{"floor":12.0,"key":"RECALL"},{"data":"Wireheading","floor":20,"key":"SMITH"}],"circlet_count":0,"master_deck":["AscendersBane","Strike_P","Strike_P","Strike_P","Defend_P","Defend_P","Eruption+1","Vigilance","ClearTheMind+1","Fasting2+1","Prostrate","Prostrate","Wireheading+1","MentalFortress","Pray","DeusExMachina","Wallop"],"relics":["PureWater","NeowsBlessing","Orichalcum","MealTicket","Pear","StrikeDummy","Black Star"],"acts_visited":["Exordium","TheCity"],"potions_floor_usage":[26,26],"damage_taken":[{"damage":0.0,"enemies":"Small Slimes","floor":1.0,"turns":1.0},{"damage":0.0,"enemies":"Jaw Worm","floor":4.0,"turns":1.0},{"damage":0.0,"enemies":"Gremlin Nob","floor":7.0,"turns":1.0},{"damage":7.0,"enemies":"Cultist","floor":10.0,"turns":4.0},{"damage":11.0,"enemies":"2 Fungi Beasts","floor":13.0,"turns":4.0},{"damage":0.0,"enemies":"Gremlin Gang","floor":15.0,"turns":2.0},{"damage":11.0,"enemies":"3 Louse","floor":16.0,"turns":6.0},{"damage":1,"enemies":"Exordium Thugs","floor":17,"turns":4},{"damage":11,"enemies":"3 Sentries","floor":18,"turns":9},{"damage":24,"enemies":"The Guardian","floor":21,"turns":9},{"damage":10,"enemies":"Chosen","floor":23,"turns":6},{"damage":14,"enemies":"Spheric Guardian","floor":25,"turns":5},{"damage":33,"enemies":"Chosen and Byrds","floor":26,"turns":8},{"damage":14,"enemies":"Sentry and Sphere","floor":27,"turns":3}],"seed_played":"-2659542944526491218","potions_obtained":[{"floor":4.0,"key":"SneckoOil"},{"floor":10.0,"key":"SteroidPotion"},{"floor":15.0,"key":"Block Potion"},{"floor":16.0,"key":"PowerPotion"},{"floor":21,"key":"EntropicBrew"}],"is_trial":false,"path_per_floor":["M","?","?","M","$","R","E","R","?","M","T","R","M","$","M","M","M","E","$","R","B",null,"M","?","M","M","M"],"character_chosen":"WATCHER","items_purchased":["Fasting2","MentalFortress","Pray"],"campfire_rested":0,"item_purchase_floors":[5,19,19],"current_hp_per_floor":[61,61,61,61,61,61,61,61,54,47,57,57,46,61,61,50,49,38,53,53,29,66,56,56,42,9,0,0],"gold":40,"neow_bonus":"THREE_ENEMY_KILL","is_daily":false,"chose_seed":false,"campfire_upgraded":3,"win_rate":0.0,"timestamp":1611656433,"path_taken":["M","?","?","M","$","R","E","R","?","M","T","R","M","$","M","M","?","E","?","R","BOSS","M","?","M","?","M"],"items_purchased_type":["Card","Card","Card"],"build_version":"2020-12-22","purchased_purges":1,"victory":false,"max_hp_per_floor":[68,68,68,68,68,68,68,68,68,68,78,78,78,78,78,78,78,78,78,78,78,78,78,78,78,78,78,78],"card_choices":[{"not_picked":["CrushJoints","Consecrate"],"picked":"ClearTheMind","floor":1.0},{"not_picked":["Evaluate","SashWhip","CrushJoints"],"picked":"SKIP","floor":4.0},{"not_picked":["Nirvana","ThirdEye","ClearTheMind"],"picked":"SKIP","floor":7.0},{"not_picked":["Judgement","FollowUp"],"picked":"Prostrate","floor":10.0},{"not_picked":["Consecrate","Nirvana","CutThroughFate"],"picked":"SKIP","floor":13.0},{"not_picked":["Collect","SashWhip"],"picked":"Prostrate","floor":15.0},{"not_picked":["EmptyFist","Perseverance","Prostrate"],"picked":"SKIP","floor":16.0},{"not_picked":["ConjureBlade","FlyingSleeves","Evaluate"],"picked":"SKIP","floor":17},{"not_picked":["Conclude","ReachHeaven"],"picked":"Wireheading","floor":18},{"not_picked":["MasterReality","SpiritShield"],"picked":"DeusExMachina","floor":21},{"not_picked":["LikeWater","ClearTheMind"],"picked":"Wallop","floor":23},{"not_picked":["Wireheading","Conclude","Perseverance"],"picked":"SKIP","floor":25},{"not_picked":["WaveOfTheHand","Evaluate+1","PathToVictory"],"picked":"SKIP","floor":26}],"player_experience":472972,"relics_obtained":[{"floor":7.0,"key":"MealTicket"},{"floor":11.0,"key":"Pear"},{"floor":18,"key":"StrikeDummy"}],"event_choices":[{"cards_removed":["Defend_P"],"damage_healed":0.0,"max_hp_gain":0.0,"max_hp_loss":0.0,"gold_gain":0.0,"event_name":"The Cleric","player_choice":"Card Removal","floor":2.0,"gold_loss":50.0,"damage_taken":0.0},{"damage_healed":0.0,"max_hp_gain":0.0,"max_hp_loss":0.0,"gold_gain":0.0,"event_name":"Big Fish","player_choice":"Box","floor":3.0,"gold_loss":0.0,"damage_taken":0.0,"relics_obtained":["Orichalcum"],"cards_obtained":["Regret"]},{"cards_removed":["Regret"],"damage_healed":0.0,"max_hp_gain":0.0,"max_hp_loss":0.0,"gold_gain":0.0,"event_name":"Golden Wing","player_choice":"Card Removal","floor":9.0,"gold_loss":0.0,"damage_taken":7.0},{"cards_removed":["Strike_P"],"damage_healed":0,"gold_gain":0,"player_choice":"Upgrade and Remove","damage_taken":0,"max_hp_gain":0,"max_hp_loss":0,"event_name":"Designer","floor":24,"gold_loss":90,"cards_upgraded":["ClearTheMind"]}],"is_beta":false,"boss_relics":[{"not_picked":["Fusion Hammer","SacredBark"],"picked":"Black Star"}],"items_purged_floors":[14],"is_endless":false,"potions_floor_spawned":[4,10,15,16,21,25],"killed_by":"Sentry and Sphere","ascension_level":14}}