{"host":"3e3mwsgb9gfqiuxm","time":1611662709,"event":{"mods":["Act Like it!","BaseMod","Colored Map","Colored Powertips","Downfall","Gensokyo","Googly Eyes","Hermit","Marisa????????","Minty Spire (QoL Compilation)","Replay The Spire","StSLib","The Animator","The Bug Knight","The Cursed","The Servant 0.9.4"],"gold_per_floor":[115,115,135,19,19,19,19,19],"floor_reached":7,"language":"ENG","playtime":206,"items_purged":[],"score":45,"play_id":"f549cd89-fb7e-4195-ab1d-a6c250dcac9b","local_time":"20210126070509","is_ascension_mode":true,"campfire_choices":[{"data":"WitchOfGreed","floor":6,"key":"SMITH"}],"circlet_count":0,"master_deck":["Strike_MRS","Strike_MRS","Defend_MRS","Defend_MRS","Defend_MRS","Defend_MRS","MasterSpark","UpSweep","Orbital","ManaConvection","MilkyWay","WitchOfGreed+1","OortCloud","Acceleration","Acceleration"],"relics":["MiniHakkero","Replay:Accelerometer"],"acts_visited":["Exordium"],"potions_floor_usage":[],"damage_taken":[{"damage":2,"enemies":"Jaw Worm","floor":1,"turns":3},{"damage":0,"enemies":"Cultist","floor":3,"turns":3},{"damage":24,"enemies":"Lagavulin","floor":7,"turns":6}],"seed_played":"-5135465595737528056","potions_obtained":[{"floor":1,"key":"LiquidBronze"}],"is_trial":false,"path_per_floor":["M","?","M","$","?","R","E"],"character_chosen":"MARISA","items_purchased":["OortCloud","Acceleration"],"campfire_rested":0,"item_purchase_floors":[4,4],"current_hp_per_floor":[73,73,73,73,66,66,42,42],"gold":19,"neow_bonus":"RANDOM_EVENT","is_daily":false,"chose_seed":false,"campfire_upgraded":1,"win_rate":0.0,"timestamp":1611662709,"path_taken":["M","?","?","$","?","R","E"],"items_purchased_type":["Card","Card"],"build_version":"2020-12-22","purchased_purges":0,"victory":false,"max_hp_per_floor":[75,75,75,75,75,75,75,75],"card_choices":[{"not_picked":["ShootTheMoon","BlazeAway"],"picked":"ManaConvection","floor":1},{"not_picked":["6A","OneTimeOff"],"picked":"WitchOfGreed","floor":3}],"player_experience":1331954,"relics_obtained":[],"event_choices":[{"damage_healed":0,"gold_gain":0,"cards_transformed":["Strike_MRS"],"player_choice":"Change","damage_taken":0,"max_hp_gain":0,"max_hp_loss":0,"event_name":"Living Wall","floor":0,"gold_loss":0,"cards_obtained":["Orbital"]},{"damage_healed":0,"gold_gain":0,"cards_transformed":["Strike_MRS"],"player_choice":"Transformed","damage_taken":0,"max_hp_gain":0,"max_hp_loss":0,"event_name":"Transmorgrifier","floor":2,"gold_loss":0,"cards_obtained":["MilkyWay"]},{"damage_healed":0,"gold_gain":0,"player_choice":"Success","damage_taken":7,"relics_obtained":["Replay:Accelerometer"],"max_hp_gain":0,"max_hp_loss":0,"event_name":"Scrap Ooze","floor":5,"gold_loss":0}],"is_beta":false,"boss_relics":[],"items_purged_floors":[],"is_endless":false,"potions_floor_spawned":[1],"killed_by":"Lagavulin","ascension_level":3}}