{"host":"ga4s3hj9m6nkn6gp","time":1611697088,"event":{"mods":["AchievementEnabler","BaseMod","Bestiary","Colored Powertips","Highlight Path","Minty Spire (QoL Compilation)","Relic Stats","everything is the same but u backflip on backflip"],"gold_per_floor":[19,92,112,127,127,127,152,152,152,168,184,244,244,244,244],"floor_reached":14,"language":"ENG","playtime":698,"items_purged":[],"score":180,"play_id":"76ce0194-db91-4939-865d-7b45aa66d9ef","local_time":"20210126223808","is_ascension_mode":true,"campfire_choices":[{"data":"Twin Strike","floor":6,"key":"SMITH"},{"data":"Body Slam","floor":8,"key":"SMITH"},{"data":"True Grit","floor":13,"key":"SMITH"}],"circlet_count":0,"master_deck":["AscendersBane","Strike_R","Strike_R","Strike_R","Strike_R","Strike_R","Defend_R","Defend_R","Defend_R","Defend_R+1","Bash","Second Wind+1","Twin Strike+1","Body Slam+1","Feed","True Grit+1","Power Through"],"relics":["Burning Blood","Pocketwatch","Blue Candle","MealTicket","Question Card"],"acts_visited":["Exordium"],"potions_floor_usage":[],"damage_taken":[{"damage":10,"enemies":"Cultist","floor":1,"turns":5},{"damage":7,"enemies":"Jaw Worm","floor":3,"turns":3},{"damage":7,"enemies":"Small Slimes","floor":4,"turns":4},{"damage":27,"enemies":"Gremlin Nob","floor":7,"turns":4},{"damage":11,"enemies":"Exordium Wildlife","floor":10,"turns":4},{"damage":9,"enemies":"3 Louse","floor":11,"turns":3},{"damage":6,"enemies":"Lagavulin","floor":14,"turns":6}],"seed_played":"1963545952116659118","potions_obtained":[{"floor":1,"key":"LiquidBronze"},{"floor":10,"key":"LiquidBronze"}],"is_trial":false,"path_per_floor":["M","T","M","M","?","R","E","R","T","M","M","?","R","E"],"character_chosen":"IRONCLAD","items_purchased":[],"campfire_rested":0,"item_purchase_floors":[],"current_hp_per_floor":[64,64,63,62,39,39,18,18,18,13,13,13,13,13,13],"gold":244,"neow_bonus":"ONE_RARE_RELIC","is_daily":false,"chose_seed":false,"campfire_upgraded":3,"win_rate":0.0,"timestamp":1611697088,"path_taken":["M","?","M","M","?","R","E","R","T","M","M","?","R","E"],"items_purchased_type":[],"build_version":"2020-12-22","purchased_purges":0,"victory":false,"max_hp_per_floor":[75,75,75,75,75,75,75,75,75,75,78,78,78,78,78],"relic_stats":{"counters":[7,29],"Blue Candle":[0],"MealTicket":0,"Question Card":3,"obtain_stats":[{"Blue Candle":2,"MealTicket":7,"Question Card":9,"Burning Blood":0,"Pocketwatch":0},{"Blue Candle":1,"MealTicket":4,"Question Card":4,"Burning Blood":0,"Pocketwatch":0},{"Blue Candle":5,"MealTicket":16,"Question Card":16,"Burning Blood":0,"Pocketwatch":0}],"Burning Blood":42,"Pocketwatch":[57]},"card_choices":[{"not_picked":["Blood for Blood","Dual Wield"],"picked":"Second Wind","floor":1},{"not_picked":["Bloodletting","Perfected Strike"],"picked":"Twin Strike","floor":3},{"not_picked":["Headbutt","Whirlwind"],"picked":"Body Slam","floor":4},{"not_picked":["Clash","Anger"],"picked":"Feed","floor":7},{"not_picked":["Havoc","Rupture","Flex"],"picked":"True Grit","floor":10},{"not_picked":["Pommel Strike","True Grit","Exhume"],"picked":"Power Through","floor":11}],"player_experience":700120,"relics_obtained":[{"floor":2,"key":"Blue Candle"},{"floor":7,"key":"MealTicket"},{"floor":9,"key":"Question Card"}],"event_choices":[{"damage_healed":0,"gold_gain":0,"player_choice":"Entered Light","damage_taken":23,"max_hp_gain":0,"max_hp_loss":0,"event_name":"Shining Light","floor":5,"gold_loss":0,"cards_upgraded":["Defend_R","Second Wind"]},{"damage_healed":0,"gold_gain":60,"player_choice":"Gained Gold","damage_taken":0,"max_hp_gain":0,"max_hp_loss":0,"event_name":"Golden Wing","floor":12,"gold_loss":0}],"is_beta":false,"boss_relics":[],"items_purged_floors":[],"is_endless":false,"potions_floor_spawned":[1,10],"killed_by":"Lagavulin","ascension_level":16}}