{"host":"8s7r99mpv862ws6o","time":1611689317,"event":{"mods":["AchievementEnabler","Act Like it!","BaseMod","Gensokyo","GifTheSpireLib","Marisa£®ÏF”Í°°ƒß¿Ì…≥£©","Minty Spire (QoL Compilation)","Quick Restart","StSLib"],"gold_per_floor":[113,125,125,143,951,978,991,1016,1016,1016,1043,1043,562,591,591,692,692,708,708,708,808,820,859,477,477,477,510,544,576,587,617,617,720,720,736,611,628,478,478,504,504,539,586,611,575,575,575,575,575,575,575,575,104,132,132],"floor_reached":56,"language":"ZHS","playtime":5007,"items_purged":["Strike_MRS","Defend_MRS","Defend_MRS","Strike_MRS","MilkyWay+1"],"score":1813,"play_id":"c9f14785-0683-4f4a-8559-e05c2407efdc","local_time":"20210127032837","is_ascension_mode":true,"campfire_choices":[{"data":"PowerUp","floor":10.0,"key":"SMITH"},{"data":"OortCloud","floor":12.0,"key":"SMITH"},{"data":"MilkyWay","floor":15.0,"key":"SMITH"},{"data":"Night Terror","floor":25.0,"key":"SMITH"},{"data":"Singularity","floor":32.0,"key":"SMITH"},{"floor":49,"key":"RECALL"},{"data":"MillisecondPulsars","floor":52,"key":"SMITH"}],"circlet_count":0,"master_deck":["MasterSpark","UpSweep+1","PowerUp+1","EarthLightRay","Acceleration+1","Master of Strategy","6A","OortCloud+1","PulseMagic","PowerUp+1","Master of Strategy","Parasite","Parasite","TreasureHunter+1","Night Terror+1","MagicChant+1","Singularity+1","MillisecondPulsars+1","MilkyWay+1","Acceleration","SprinkleStarSeal+1","Gensokyo:LifeSpringInfinity+1","JA+1"],"relics":["MiniHakkero","Juzu Bracelet","Lantern","Nunchaku","Pen Nib","MealTicket","Bottled Flame","Orrery","DollysMirror","ShroomBag","Regal Pillow","Coffee Dripper","Mummified Hand","Thread and Needle","Ginger","WingedGreaves","MawBank","Whetstone","Incense Burner","Centennial Puzzle","Happy Flower","BreadOfAWashokuLover","Bottled Lightning","Oddly Smooth Stone","Vajra","Akabeko","Molten Egg 2","HandmadeGrimoire","Darkstone Periapt","Prayer Wheel","RampagingMagicTools","War Paint","Gremlin Horn","Boot","Dream Catcher","PreservedInsect","Pear","Mango","Gensokyo:TheCrow","SimpleLauncher","Bag of Preparation","Mercury Hourglass","Kunai","Bronze Scales"],"acts_visited":["Exordium","Gensokyo:Gensokyo","Gensokyo:Gensokyoer","TheEnding"],"potions_floor_usage":[40],"damage_taken":[{"damage":0.0,"enemies":"Gensokyo:Python","floor":1.0,"turns":2.0},{"damage":0.0,"enemies":"Gensokyo:2_Kodama","floor":2.0,"turns":3.0},{"damage":12.0,"enemies":"Gensokyo:Gryphon","floor":4.0,"turns":3.0},{"damage":16.0,"enemies":"Gensokyo:Cirno","floor":6.0,"turns":5.0},{"damage":6.0,"enemies":"Gensokyo:2_Rabbits","floor":7.0,"turns":3.0},{"damage":5.0,"enemies":"Gensokyo:Aya","floor":8.0,"turns":4.0},{"damage":0.0,"enemies":"Gensokyo:Mamizou","floor":11.0,"turns":6.0},{"damage":6.0,"enemies":"Gensokyo:Aya","floor":14.0,"turns":5.0},{"damage":5.0,"enemies":"Gensokyo:Reimu","floor":16.0,"turns":11.0},{"damage":12.0,"enemies":"Gensokyo:3_Dogs","floor":18.0,"turns":4.0},{"damage":10.0,"enemies":"Gensokyo:3_Dogs","floor":21.0,"turns":6.0},{"damage":0.0,"enemies":"Gensokyo:Tenshi","floor":23.0,"turns":3.0},{"damage":6.0,"enemies":"Gensokyo:Koishi","floor":27.0,"turns":3.0},{"damage":0.0,"enemies":"Gensokyo:Reisen","floor":28.0,"turns":4.0},{"damage":32.0,"enemies":"Gensokyo:Koishi","floor":29.0,"turns":7.0},{"damage":0.0,"enemies":"Gensokyo:2_Gloops","floor":30.0,"turns":2.0},{"damage":0.0,"enemies":"Gensokyo:Reisen","floor":31.0,"turns":4.0},{"damage":0,"enemies":"Gensokyo:Eiki","floor":33,"turns":4},{"damage":0,"enemies":"Gensokyo:3_Boulders","floor":35,"turns":3},{"damage":0,"enemies":"Gensokyo:AncientGuardian","floor":37,"turns":2},{"damage":4,"enemies":"Gensokyo:Marisa","floor":40,"turns":3},{"damage":0,"enemies":"Gensokyo:Doremy","floor":42,"turns":3},{"damage":0,"enemies":"Gensokyo:Marisa","floor":44,"turns":2},{"damage":0,"enemies":"Gensokyo:Marisa","floor":48,"turns":4},{"damage":0,"enemies":"Gensokyo:Scarlet_Devils","floor":50,"turns":3},{"damage":0,"enemies":"Shield and Spear","floor":54,"turns":2},{"damage":21,"enemies":"The Heart","floor":55,"turns":4}],"seed_played":"-3083375539772737533","potions_obtained":[{"floor":2.0,"key":"SteroidPotion"},{"floor":4.0,"key":"PowerPotion"},{"floor":7.0,"key":"LiquidBronze"},{"floor":11.0,"key":"Regen Potion"},{"floor":16.0,"key":"SkillPotion"},{"floor":21.0,"key":"EssenceOfSteel"},{"floor":27.0,"key":"AttackPotion"},{"floor":31.0,"key":"DuplicationPotion"},{"floor":42,"key":"Energy Potion"}],"is_trial":false,"path_per_floor":["M","M","?","M","$","E","M","E","T","R","E","R","COS","E","R","B",null,"M","?","?","?","T","E","$","R","T","E","E","E","M","E","R","B",null,"M","$","M","$","?","E","?","E","T","E","COS","?","?","?","R","B",null,"R","$","E","B",null],"character_chosen":"MARISA","items_purchased":["Juzu Bracelet","Lantern","Energy Potion","Master of Strategy","Centennial Puzzle","Happy Flower","SimpleLauncher"],"campfire_rested":0,"item_purchase_floors":[5,5,5,5,24,24,53],"current_hp_per_floor":[68,68,68,59,59,47,45,44,44,44,48,48,48,46,46,49,68,58,52,52,59,59,67,68,68,68,62,68,45,45,56,56,66,68,81,81,81,81,81,77,77,81,81,105,105,105,105,105,105,105,105,105,105,105,92],"gold":132,"neow_bonus":"REMOVE_TWO","is_daily":false,"chose_seed":false,"campfire_upgraded":6,"win_rate":0.0,"timestamp":1611689317,"path_taken":["M","M","?","M","$","E","M","E","T","R","E","R","COS","E","R","BOSS","M","?","?","?","?","E","$","R","T","E","E","E","M","E","R","BOSS","M","$","M","$","?","E","?","E","T","E","COS","?","?","?","R","BOSS","R","$","E","BOSS"],"items_purchased_type":["Relic","Relic","Potion","Card","Relic","Relic","Relic"],"build_version":"2020-12-22","purchased_purges":5,"victory":true,"max_hp_per_floor":[68,68,68,68,68,68,68,68,68,68,68,68,68,68,68,68,68,68,68,68,68,68,68,68,68,68,68,68,68,68,68,68,68,68,81,81,81,81,81,81,81,81,81,105,105,105,105,105,105,105,105,105,105,105,105],"card_choices":[{"not_picked":["UnstableBomb","MachineGunSpark"],"picked":"PowerUp","floor":1.0},{"not_picked":["DC","LuminesStrike"],"picked":"EarthLightRay","floor":2.0},{"not_picked":["ManaConvection","DarkSpark"],"picked":"Acceleration","floor":4.0},{"not_picked":["GasGiant","MeteoricShower","SporeBomb"],"picked":"SKIP","floor":6.0},{"not_picked":["PropBag","ShootingEcho"],"picked":"6A","floor":7.0},{"not_picked":["StarlightTyphoon","AbsoluteMagnitude","GravityBeat"],"picked":"SKIP","floor":8.0},{"not_picked":["ShootTheMoon","FairyDestructionRay"],"picked":"OortCloud","floor":11.0},{"not_picked":["UnstableBomb","AsteroidBelt"],"picked":"PulseMagic","floor":13.0},{"not_picked":["WitchLeyline","NonDirectionalLaser"],"picked":"PowerUp","floor":13.0},{"not_picked":["6A","DC"],"picked":"MilkyWay","floor":14.0},{"not_picked":["BinaryStars","EscapeVelocity"],"picked":"TreasureHunter","floor":16.0},{"not_picked":["DarkSpark","StarlightTyphoon+1","AlicesGift"],"picked":"SKIP","floor":18.0},{"not_picked":["AsteroidBelt","SuperPerseids+1"],"picked":"MagicChant+1","floor":21.0},{"not_picked":["GrandCross","ChargeUpSpray","ShootTheMoon"],"picked":"SKIP","floor":23.0},{"not_picked":["GrandCross","ChargeUpSpray","ShootTheMoon"],"picked":"SKIP","floor":23.0},{"not_picked":["Occultation","PowerUp","MagicAbsorber"],"picked":"SKIP","floor":27.0},{"not_picked":["DarkSpark","DragonMeteor","MachineGunSpark"],"picked":"SKIP","floor":28.0},{"not_picked":["IllusionStar","Acceleration+1"],"picked":"Singularity","floor":29.0},{"not_picked":["IllusionStar","MeteoricShower+1","DoubleSpark+1"],"picked":"SKIP","floor":30.0},{"not_picked":["ManaRampage","AsteroidBelt","MagicAbsorber"],"picked":"SKIP","floor":31.0},{"not_picked":["AbsoluteMagnitude+1","CasketOfStar"],"picked":"MillisecondPulsars","floor":33},{"not_picked":["ManaConvection","IllusionStar"],"picked":"PropBag+1","floor":35},{"not_picked":["WitchOfGreed","BlazeAway+1"],"picked":"MilkyWay+1","floor":35},{"not_picked":["RefractionSpark+1","PowerUp"],"picked":"Acceleration","floor":37},{"not_picked":["IllusionStar","WitchOfGreed+1","WitchLeyline+1"],"picked":"SKIP","floor":37},{"not_picked":["IllusionStar+1","DC+1","Acceleration"],"picked":"SKIP","floor":40},{"not_picked":["JA+1","PowerUp","6A+1"],"picked":"SKIP","floor":42},{"not_picked":["DoubleSpark+1","MysteriousBeam+1"],"picked":"SprinkleStarSeal+1","floor":44},{"not_picked":["Gensokyo:RisingWorld+1","Gensokyo:UnhurriedMind+1"],"picked":"Gensokyo:LifeSpringInfinity+1","floor":48},{"not_picked":["GalacticHalo","Occultation"],"picked":"JA+1","floor":54}],"player_experience":620376,"relics_obtained":[{"floor":6.0,"key":"Nunchaku"},{"floor":8.0,"key":"Pen Nib"},{"floor":9.0,"key":"MealTicket"},{"floor":11.0,"key":"Bottled Flame"},{"floor":14.0,"key":"ShroomBag"},{"floor":21.0,"key":"Ginger"},{"floor":21.0,"key":"WingedGreaves"},{"floor":21.0,"key":"MawBank"},{"floor":23.0,"key":"Whetstone"},{"floor":23.0,"key":"Incense Burner"},{"floor":26.0,"key":"BreadOfAWashokuLover"},{"floor":27.0,"key":"Bottled Lightning"},{"floor":28.0,"key":"Oddly Smooth Stone"},{"floor":28.0,"key":"Vajra"},{"floor":29.0,"key":"Akabeko"},{"floor":29.0,"key":"Molten Egg 2"},{"floor":31.0,"key":"HandmadeGrimoire"},{"floor":31.0,"key":"Darkstone Periapt"},{"floor":33,"key":"Prayer Wheel"},{"floor":40,"key":"War Paint"},{"floor":40,"key":"Gremlin Horn"},{"floor":42,"key":"Boot"},{"floor":42,"key":"Dream Catcher"},{"floor":43,"key":"PreservedInsect"},{"floor":44,"key":"Pear"},{"floor":44,"key":"Mango"},{"floor":54,"key":"Mercury Hourglass"},{"floor":54,"key":"Kunai"},{"floor":54,"key":"Bronze Scales"}],"event_choices":[],"is_beta":false,"boss_relics":[{"not_picked":["Calling Bell","ExperimentalFamiliar"],"picked":"Coffee Dripper"},{"not_picked":["Velvet Choker","Snecko Eye"],"picked":"RampagingMagicTools"}],"items_purged_floors":[5,24,36,38,53],"is_endless":false,"potions_floor_spawned":[2,4,7,11,16,21,27,28,31,33,42],"ascension_level":2}}