{"host":"xmrw7jl1ir2912vf","time":1611636305,"event":{"mods":["BaseMod","Minty Spire (QoL Compilation)","Relic Stats"],"gold_per_floor":[111,129,9,25,45,79,91,91,143,157,188,198,228,228,228,305,305,318,13,33,33,51,51,77,77,77,108,88,122,141,152,152,152,152],"floor_reached":33,"language":"ENG","playtime":2094,"items_purged":["Strike_R","Strike_R"],"score":667,"play_id":"4a41956e-a21a-49bb-a3d6-34c65be88867","local_time":"20210125234505","is_ascension_mode":true,"campfire_choices":[{"data":"Cleave","floor":8.0,"key":"SMITH"},{"floor":15.0,"key":"REST"},{"data":"Feel No Pain","floor":23.0,"key":"SMITH"},{"data":"Fire Breathing","floor":25,"key":"SMITH"},{"data":"Armaments","floor":32,"key":"SMITH"}],"circlet_count":0,"master_deck":["AscendersBane","Defend_R","Defend_R","Defend_R","Defend_R","Bash","Twin Strike","Clothesline","Fire Breathing+1","Disarm","Feel No Pain+1","Hemokinesis","Cleave+1","Offering","Reaper","Pommel Strike","Offering","Juggernaut","Master of Strategy","Wild Strike+1","Bite","Bite","Bite","Bite","Bite","Shockwave","Wild Strike","Armaments","Feel No Pain","Armaments+1"],"relics":["Burning Blood","Bottled Tornado","Strawberry","Mercury Hourglass","Toy Ornithopter","Mark of Pain","Regal Pillow","Thread and Needle","Potion Belt"],"acts_visited":["Exordium","TheCity"],"potions_floor_usage":[29,33],"damage_taken":[{"damage":7.0,"enemies":"2 Louse","floor":1.0,"turns":3.0},{"damage":7.0,"enemies":"Jaw Worm","floor":2.0,"turns":5.0},{"damage":0.0,"enemies":"Cultist","floor":4.0,"turns":3.0},{"damage":16.0,"enemies":"2 Fungi Beasts","floor":5.0,"turns":4.0},{"damage":21.0,"enemies":"3 Sentries","floor":6.0,"turns":5.0},{"damage":2.0,"enemies":"Exordium Wildlife","floor":7.0,"turns":3.0},{"damage":18.0,"enemies":"Large Slime","floor":10.0,"turns":5.0},{"damage":30.0,"enemies":"Gremlin Nob","floor":11.0,"turns":4.0},{"damage":6.0,"enemies":"Looter","floor":12.0,"turns":4.0},{"damage":26.0,"enemies":"Lagavulin","floor":13.0,"turns":6.0},{"damage":21.0,"enemies":"Slime Boss","floor":16.0,"turns":6.0},{"damage":24.0,"enemies":"3 Byrds","floor":18.0,"turns":3.0},{"damage":25.0,"enemies":"2 Thieves","floor":20.0,"turns":4.0},{"damage":17.0,"enemies":"Centurion and Healer","floor":22.0,"turns":4.0},{"damage":23,"enemies":"Slavers","floor":24,"turns":4},{"damage":20,"enemies":"Gremlin Leader","floor":27,"turns":5},{"damage":37,"enemies":"Book of Stabbing","floor":29,"turns":5},{"damage":12,"enemies":"Snecko","floor":30,"turns":3},{"damage":14,"enemies":"Shelled Parasite and Fungi","floor":31,"turns":4},{"damage":100,"enemies":"Automaton","floor":33,"turns":10}],"seed_played":"-3752924645712306011","potions_obtained":[{"floor":2.0,"key":"EssenceOfSteel"},{"floor":4.0,"key":"AttackPotion"},{"floor":12.0,"key":"SkillPotion"},{"floor":13.0,"key":"Fire Potion"},{"floor":16.0,"key":"BlessingOfTheForge"},{"floor":20.0,"key":"Energy Potion"},{"floor":22.0,"key":"Swift Potion"},{"floor":28,"key":"EssenceOfSteel"},{"floor":29,"key":"Fruit Juice"},{"floor":31,"key":"Explosive Potion"}],"is_trial":false,"path_per_floor":["M","M","$","M","M","E","M","R","T","M","E","M","E","?","R","B",null,"M","$","M","?","M","R","E","R","T","E","?","E","M","M","R","B"],"character_chosen":"IRONCLAD","items_purchased":["Fire Breathing","Master of Strategy"],"campfire_rested":1,"item_purchase_floors":[3,19],"current_hp_per_floor":[74,73,73,79,69,54,58,58,65,53,29,32,18,18,44,37,76,64,64,55,55,58,58,59,59,59,61,61,50,52,59,59,0,0],"gold":152,"neow_bonus":"TEN_PERCENT_HP_BONUS","is_daily":false,"chose_seed":false,"campfire_upgraded":4,"win_rate":0.0,"timestamp":1611636305,"path_taken":["M","M","$","M","M","E","M","R","T","M","E","M","E","?","R","BOSS","M","$","M","?","M","R","E","R","T","E","?","E","?","M","R","BOSS"],"items_purchased_type":["Card","Card"],"build_version":"2020-12-22","purchased_purges":2,"victory":false,"max_hp_per_floor":[82,82,82,82,82,82,82,82,89,89,89,89,89,89,89,89,89,89,89,89,62,62,62,62,62,62,62,62,67,67,67,67,67,67],"relic_stats":{"Regal Pillow":0,"counters":[20,89],"obtain_stats":[{"Potion Belt":29,"Regal Pillow":24,"Strawberry":9,"Thread and Needle":27,"Mark of Pain":17,"Bottled Tornado":6,"Burning Blood":0,"Toy Ornithopter":13,"Mercury Hourglass":11},{"Potion Belt":17,"Regal Pillow":15,"Strawberry":6,"Thread and Needle":16,"Mark of Pain":11,"Bottled Tornado":5,"Burning Blood":0,"Toy Ornithopter":10,"Mercury Hourglass":8},{"Potion Belt":72,"Regal Pillow":62,"Strawberry":23,"Thread and Needle":67,"Mark of Pain":48,"Bottled Tornado":20,"Burning Blood":0,"Toy Ornithopter":42,"Mercury Hourglass":32}],"Burning Blood":114,"Toy Ornithopter":10,"Mercury Hourglass":[236]},"card_choices":[{"not_picked":["Armaments","Anger"],"picked":"Twin Strike","floor":1.0},{"not_picked":["Havoc","Warcry"],"picked":"Clothesline","floor":2.0},{"not_picked":["Heavy Blade","Second Wind"],"picked":"Disarm","floor":4.0},{"not_picked":["Evolve","Intimidate"],"picked":"Feel No Pain","floor":5.0},{"not_picked":["Bludgeon","Blood for Blood"],"picked":"Hemokinesis","floor":6.0},{"not_picked":["Entrench","Sword Boomerang"],"picked":"Cleave","floor":7.0},{"not_picked":["Shrug It Off","Bloodletting"],"picked":"Offering","floor":10.0},{"not_picked":["Shrug It Off","Clash"],"picked":"Reaper","floor":11.0},{"not_picked":["Flex","Cleave"],"picked":"Pommel Strike","floor":12.0},{"not_picked":["Flex","Anger"],"picked":"Offering","floor":13.0},{"not_picked":["Double Tap","Demon Form"],"picked":"Juggernaut","floor":16.0},{"not_picked":["Body Slam","Clash","Searing Blow"],"picked":"SKIP","floor":18.0},{"not_picked":["Iron Wave","Perfected Strike"],"picked":"Wild Strike+1","floor":20.0},{"not_picked":["Clothesline","Perfected Strike"],"picked":"Shockwave","floor":22.0},{"not_picked":["Heavy Blade","Sword Boomerang+1"],"picked":"Wild Strike","floor":24},{"not_picked":["Battle Trance","Whirlwind"],"picked":"Armaments","floor":27},{"not_picked":["Twin Strike","Sever Soul","True Grit"],"picked":"SKIP","floor":29},{"not_picked":["Intimidate+1","Cleave"],"picked":"Feel No Pain","floor":30},{"not_picked":["Cleave","Twin Strike+1"],"picked":"Armaments","floor":31}],"player_experience":470417,"relics_obtained":[{"floor":6.0,"key":"Bottled Tornado"},{"floor":9.0,"key":"Strawberry"},{"floor":11.0,"key":"Mercury Hourglass"},{"floor":13.0,"key":"Toy Ornithopter"},{"floor":24,"key":"Regal Pillow"},{"floor":27,"key":"Thread and Needle"},{"floor":29,"key":"Potion Belt"}],"event_choices":[{"damage_healed":0.0,"max_hp_gain":0.0,"max_hp_loss":0.0,"gold_gain":0.0,"event_name":"Liars Game","player_choice":"Ignored","floor":14.0,"gold_loss":0.0,"damage_taken":0.0},{"damage_healed":0.0,"max_hp_gain":0.0,"max_hp_loss":27.0,"gold_gain":0.0,"event_name":"Vampires","player_choice":"Became a vampire","floor":21.0,"gold_loss":0.0,"damage_taken":0.0,"cards_obtained":["Bite","Bite","Bite","Bite","Bite"]},{"damage_healed":0,"gold_gain":0,"player_choice":"Bought 1 Potion","damage_taken":0,"max_hp_gain":0,"max_hp_loss":0,"event_name":"The Woman in Blue","floor":28,"gold_loss":0}],"is_beta":false,"boss_relics":[{"not_picked":["Calling Bell","Cursed Key"],"picked":"Mark of Pain"}],"items_purged_floors":[3,19],"is_endless":false,"potions_floor_spawned":[2,4,12,13,16,20,22,24,29,31],"killed_by":"Automaton","ascension_level":19}}