{"host":"o5lch9xvacbb0fa4","time":1611668770,"event":{"mods":["AchievementEnabler","Act Like it!","Aspiration","Bard","BaseMod","Better Altar","Better Match","Better Note","Better Sensory Stone","Better Skull","Better Third Choice","Better Vampires","BetterRewards","CCEM","Colored Map","Conspire","Downfall","GifTheSpireLib","Googly Eyes","GungeonMod","Halation","Hermit","Highlight Path","Hubris","Infinite Spire","Jedi Mod","Jorbs\u0027s Wanderer Trilogy","Marisa????????","Marked Mod","Mimic Mod","Minty Spire (QoL Compilation)","Permanent Neow","Relic Filter","Relic Sorter","Relic Stats","Replay The Spire","Shade Mod","Shop Mod","Small Relic Pack","StSLib","Stuff the Spire","The Administrix","The Blackbeard","The Runesmith","Unceasing Turn Reminder","everything is the same but u backflip on backflip","slay the spire mod where everything is the same but ironclad has a cowboy hat"],"gold_per_floor":[110,35,47,63,13,13,50,50,50,69,83,83,9,37,37,142,142,157,157,2,2,37,72,87,87,87,106,133,133,133,148,148,244,244,262,278,278,293,303,333,333,368,368,382,382,127,146,146,146,146],"floor_reached":51,"playtime":2039,"items_purged":["Regret","Defend_R"],"score":945,"play_id":"1e268097-554d-4c7c-9256-85e6de84bad3","local_time":"20210126214610","is_ascension_mode":false,"campfire_choices":[{"data":"Bash","floor":6.0,"key":"SMITH"},{"data":"hubris:SharpeningStone","floor":8.0,"key":"SMITH"},{"data":"Whirlwind","floor":12.0,"key":"SMITH"},{"floor":15.0,"key":"REST"},{"floor":30,"key":"REST"},{"floor":32,"key":"DIG"},{"data":"Headbutt","floor":41,"key":"SMITH"},{"data":"Metallicize","floor":45,"key":"SMITH"},{"data":"jedi:strikingstrike","floor":49,"key":"SMITH"}],"circlet_count":0,"master_deck":["Strike_R","Strike_R","Strike_R","Strike_R","Defend_R","Defend_R","Defend_R","Bash+1","hubris:SharpeningStone+1","hubris:ReadiedAction+1","Whirlwind+1","Metallicize+1","jedi:strikingstrike+1","Headbutt+1","Blade Dance+1","Blade Dance+1","jedi:MakeshiftSword+1","Shrug It Off+1","Shrug It Off+1","Sword Boomerang+1","Headbutt+1","Impervious","Headbutt+1","Entrench+1","Metallicize","Sword Boomerang","hubris:SharpeningStone+1","conspire:Charge+1","Replay:Undeath\u0027s Touch","Dark Embrace+1"],"relics":["Burning Blood","DemoMod:BlueGuonStone","StuffTheSpire:GrapeVine","halation:SelfBoilingWater","Pen Nib","Vajra","OrangePellets","Mango","King of Hearts","ChewingGum","DollysMirror","Replay:Towering Pillar of Hats","CCEMRelics:D6","Oddly Smooth Stone","hubris:EvacipatedBox","Bag of Marbles","conspire:TopHat","hubris:Towel","Painkiller Herb","Anchor","DemoMod:GlassGuonStoneRelic","infinitespire:Lucky Rock"],"acts_visited":["Exordium","TheCity","TheBeyond"],"potions_floor_usage":[28,28,33,50],"damage_taken":[{"damage":1.0,"enemies":"2 Louse","floor":1.0,"turns":2.0},{"damage":12.0,"enemies":"Small Slimes","floor":3.0,"turns":3.0},{"damage":10.0,"enemies":"Jaw Worm","floor":4.0,"turns":3.0},{"damage":21.0,"enemies":"conspire:MimicChest","floor":7.0,"turns":7.0},{"damage":14.0,"enemies":"Large Slime","floor":10.0,"turns":9.0},{"damage":21.0,"enemies":"Red Slaver","floor":11.0,"turns":3.0},{"damage":15.0,"enemies":"3 Sentries","floor":14.0,"turns":5.0},{"damage":36.0,"enemies":"Slime Boss","floor":16.0,"turns":12.0},{"damage":10.0,"enemies":"Chosen","floor":18.0,"turns":4.0},{"damage":6.0,"enemies":"Shell Parasite","floor":22.0,"turns":7.0},{"damage":40.0,"enemies":"Slavers","floor":23.0,"turns":4.0},{"damage":10,"enemies":"Shell Parasite","floor":24,"turns":2},{"damage":12,"enemies":"Snake Plant","floor":27,"turns":3},{"damage":16,"enemies":"Book of Stabbing","floor":28,"turns":4},{"damage":3,"enemies":"Shelled Parasite and Fungi","floor":31,"turns":3},{"damage":36,"enemies":"Champ","floor":33,"turns":8},{"damage":24,"enemies":"3 Darklings","floor":35,"turns":4},{"damage":4,"enemies":"Orb Walker","floor":36,"turns":2},{"damage":0,"enemies":"Jaw Worm Horde","floor":38,"turns":1},{"damage":0,"enemies":"Sphere and 2 Shapes","floor":39,"turns":2},{"damage":7,"enemies":"Giant Head","floor":40,"turns":5},{"damage":15,"enemies":"R_Hoarder","floor":42,"turns":4},{"damage":14,"enemies":"Maw","floor":44,"turns":5},{"damage":0,"enemies":"3 Darklings","floor":47,"turns":2},{"damage":52,"enemies":"hubris:GrandSnecko","floor":50,"turns":11}],"seed_played":"8007242913539535582","potions_obtained":[{"floor":3.0,"key":"FairyPotion"},{"floor":14.0,"key":"Regen Potion"},{"floor":27,"key":"EssenceOfSteel"},{"floor":31,"key":"SkillPotion"},{"floor":33,"key":"DemoMod:LeadSkinPotion"},{"floor":35,"key":"Toxic Potion"},{"floor":40,"key":"Energy Potion"}],"is_trial":false,"path_per_floor":["M","$","M","M","?","R","?","R","T","M","M","R","$","E","R","B",null,"M","?","$","?","MIM","E","M","$","T","M","E","?","R","M","R_BF","B",null,"?","?","?","?","?","E","T","E","T","?","T","T","?","T","T","B",null],"character_chosen":"IRONCLAD","items_purchased":["Vajra","OrangePellets","Metallicize","DollysMirror","Oddly Smooth Stone","hubris:EvacipatedBox","infinitespire:Lucky Rock"],"campfire_rested":2,"item_purchase_floors":[0,0,13,20,25,25,46],"current_hp_per_floor":[71,71,65,61,61,61,60,60,60,52,37,37,37,28,56,26,94,90,90,90,90,90,56,52,23,23,17,19,19,47,50,50,20,94,76,78,78,84,90,89,89,80,80,72,72,72,78,78,78,32],"gold":146,"neow_bonus":"","is_daily":false,"chose_seed":false,"campfire_upgraded":6,"win_rate":0.0,"timestamp":1611668770,"path_taken":["M","$","M","M","?","R","?","R","T","M","M","R","$","E","R","BOSS","M","?","$","?","?","E","?","?","T","M","E","?","R","M","R_BF","BOSS","?","?","?","?","?","E","T","E","T","?","T","T","?","?","T","BOSS"],"items_purchased_type":["Relic","Relic","Card","Relic","Relic","Relic","Relic"],"build_version":"2020-12-13","purchased_purges":2,"victory":true,"max_hp_per_floor":[80,80,80,80,80,80,94,94,94,94,94,94,94,94,94,94,94,94,94,94,94,94,94,94,94,94,94,94,94,94,94,94,94,94,94,94,94,94,94,94,94,94,94,94,94,94,94,94,94,94],"relic_stats":{"OrangePellets":[8],"counters":[46,232],"Pen Nib":[10],"obtain_stats":[{"ReplayTheSpireMod:Ring of Exchange":8,"aspiration:Lifesprig":36,"DemoMod:BlueGuonStone":43,"SacredBark":8,"Vajra":0,"Mango":7,"Painkiller Herb":34,"DemoMod:GlassGuonStoneRelic":5,"King of Hearts":14,"StuffTheSpire:GrapeVine":32,"hubris:EmptyBottle":8,"Burning Blood":0,"relicPack:SpireResearchBook":17,"hubris:EvacipatedBox":25,"conspire:TopHat":28,"halation:HeavySnake":34,"DollysMirror":20,"CCEMRelics:D6":23,"DemoMod:ClearGuonStone":22,"Replay:Drink Me":22,"Replay:Towering Pillar of Hats":22,"ReplayTheSpireMod:Ring of Addiction":8,"Oddly Smooth Stone":25,"Pen Nib":40,"halation:Thesaurus":22,"infinitespire:Lucky Rock":46,"hubris:Towel":29,"halation:SelfBoilingWater":9,"OrangePellets":0,"Anchor":42,"StuffTheSpire:CocoNut":26,"ChewingGum":17,"ReplayTheSpireMod:TigerMarble":7,"Bag of Marbles":26,"halation:AfternoonTea":9},{"ReplayTheSpireMod:Ring of Exchange":5,"aspiration:Lifesprig":19,"DemoMod:BlueGuonStone":43,"SacredBark":5,"Vajra":21,"Mango":25,"Painkiller Herb":37,"DemoMod:GlassGuonStoneRelic":4,"King of Hearts":28,"StuffTheSpire:GrapeVine":36,"hubris:EmptyBottle":5,"Burning Blood":0,"relicPack:SpireResearchBook":10,"hubris:EvacipatedBox":33,"conspire:TopHat":35,"halation:HeavySnake":18,"DollysMirror":30,"CCEMRelics:D6":32,"DemoMod:ClearGuonStone":13,"Replay:Drink Me":13,"Replay:Towering Pillar of Hats":31,"ReplayTheSpireMod:Ring of Addiction":5,"Oddly Smooth Stone":33,"Pen Nib":42,"halation:Thesaurus":13,"infinitespire:Lucky Rock":44,"hubris:Towel":35,"halation:SelfBoilingWater":25,"OrangePellets":21,"Anchor":43,"StuffTheSpire:CocoNut":15,"ChewingGum":29,"ReplayTheSpireMod:TigerMarble":5,"Bag of Marbles":33,"halation:AfternoonTea":6},{"ReplayTheSpireMod:Ring of Exchange":18,"aspiration:Lifesprig":110,"DemoMod:BlueGuonStone":214,"SacredBark":18,"Vajra":118,"Mango":133,"Painkiller Herb":197,"DemoMod:GlassGuonStoneRelic":14,"King of Hearts":150,"StuffTheSpire:GrapeVine":189,"hubris:EmptyBottle":18,"Burning Blood":0,"relicPack:SpireResearchBook":58,"hubris:EvacipatedBox":179,"conspire:TopHat":186,"halation:HeavySnake":105,"DollysMirror":166,"CCEMRelics:D6":177,"DemoMod:ClearGuonStone":76,"Replay:Drink Me":76,"Replay:Towering Pillar of Hats":173,"ReplayTheSpireMod:Ring of Addiction":18,"Oddly Smooth Stone":179,"Pen Nib":211,"halation:Thesaurus":76,"infinitespire:Lucky Rock":219,"hubris:Towel":186,"halation:SelfBoilingWater":133,"OrangePellets":118,"Anchor":214,"StuffTheSpire:CocoNut":90,"ChewingGum":162,"ReplayTheSpireMod:TigerMarble":18,"Bag of Marbles":179,"halation:AfternoonTea":31}],"Burning Blood":255},"card_choices":[{"not_picked":["Clash","Warcry","StuffTheSpire:Slingshot"],"picked":"SKIP","floor":1.0},{"not_picked":["Flex","Fire Breathing"],"picked":"hubris:SharpeningStone","floor":3.0},{"not_picked":["Sever Soul","True Grit","Thunderclap"],"picked":"SKIP","floor":4.0},{"not_picked":["Limit Break","Run Through"],"picked":"hubris:ReadiedAction","floor":7.0},{"not_picked":["StuffTheSpire:BloodClot","Heavy Blade"],"picked":"Whirlwind","floor":10.0},{"not_picked":["ReplayTheSpireMod:Strike From Hell","StuffTheSpire:RockThrow","Replay:Undeath\u0027s Touch"],"picked":"SKIP","floor":11.0},{"not_picked":["jedi:bloodyhammer","Run Through","Sword Boomerang"],"picked":"SKIP","floor":14.0},{"not_picked":["jedi:bloodyhammer","Replay:Many Hands"],"picked":"jedi:strikingstrike","floor":16.0},{"not_picked":["Heavy Blade","Abandon"],"picked":"Headbutt+1","floor":18.0},{"not_picked":["Ghostly Armor","StuffTheSpire:Slingshot"],"picked":"jedi:MakeshiftSword","floor":22.0},{"not_picked":["Dropkick+1","Clothesline+1"],"picked":"Shrug It Off+1","floor":23},{"not_picked":["Iron Wave","hubris:CleavingFinish"],"picked":"Shrug It Off+1","floor":24},{"not_picked":["Clash","StuffTheSpire:TitanForm"],"picked":"Sword Boomerang+1","floor":27},{"not_picked":["StuffTheSpire:RockThrow","Sever Soul","hubris:ReadiedAction"],"picked":"SKIP","floor":28},{"not_picked":["conspire:ExplosiveBarrier+1","Massacre+1"],"picked":"Headbutt+1","floor":31},{"not_picked":["jedi:harder","Eclipse"],"picked":"Impervious","floor":33},{"not_picked":["StuffTheSpire:Incineration+1","hubris:ReadiedAction"],"picked":"Headbutt","floor":35},{"not_picked":["Clash","True Grit"],"picked":"Entrench+1","floor":36},{"not_picked":["Headbutt+1","Heavy Blade+1"],"picked":"Metallicize","floor":38},{"not_picked":["Thunderclap","Heavy Blade"],"picked":"Sword Boomerang","floor":39},{"not_picked":["Twin Strike","Shrug It Off+1"],"picked":"hubris:SharpeningStone+1","floor":40},{"not_picked":["Cleave+1","StuffTheSpire:Pyroclast"],"picked":"conspire:Charge+1","floor":42},{"not_picked":["Clothesline","Replay:Many Hands"],"picked":"Replay:Undeath\u0027s Touch","floor":44},{"not_picked":["StuffTheSpire:RockThrow","Rampage+1"],"picked":"Dark Embrace+1","floor":47}],"player_experience":3829,"relics_obtained":[{"floor":7.0,"key":"Mango"},{"floor":9.0,"key":"halation:SelfBoilingWater"},{"floor":14.0,"key":"King of Hearts"},{"floor":22.0,"key":"Replay:Towering Pillar of Hats"},{"floor":23,"key":"CCEMRelics:D6"},{"floor":26,"key":"Bag of Marbles"},{"floor":28,"key":"conspire:TopHat"},{"floor":32,"key":"StuffTheSpire:GrapeVine"},{"floor":40,"key":"Pen Nib"},{"floor":42,"key":"Anchor"},{"floor":43,"key":"DemoMod:BlueGuonStone"}],"event_choices":[{"cards_removed":["Strike_R"],"damage_healed":0.0,"max_hp_gain":0.0,"max_hp_loss":0.0,"gold_gain":0.0,"event_name":"The Cleric","player_choice":"Card Removal","floor":5.0,"gold_loss":50.0,"damage_taken":0.0},{"cards_removed":["Metallicize"],"damage_healed":0.0,"max_hp_gain":0.0,"max_hp_loss":0.0,"gold_gain":0.0,"event_name":"betterNote:BetterNote","player_choice":"Take \u0026 Give","floor":19.0,"gold_loss":0.0,"damage_taken":0.0,"cards_obtained":["Blade Dance"]},{"damage_healed":0,"gold_gain":0,"player_choice":"Upgraded","damage_taken":0,"max_hp_gain":0,"max_hp_loss":0,"event_name":"Upgrade Shrine","floor":37,"gold_loss":0,"cards_upgraded":["jedi:MakeshiftSword"]}],"is_beta":false,"boss_relics":[{"not_picked":["halation:HeavySnake","Cursed Key"],"picked":"ChewingGum"},{"not_picked":["Runic Cube","aspiration:RunicSpoon","Velvet Choker"],"picked":"Painkiller Herb"}],"items_purged_floors":[2,46],"is_endless":false,"potions_floor_spawned":[3,14,27,31,33,35,36,40,47],"ascension_level":0}}