{"host":"xmrw7jl1ir2912vf","time":1611663250,"event":{"mods":["BaseMod","Minty Spire (QoL Compilation)","Relic Stats"],"gold_per_floor":[111,186,186,186,19,19,59,59,59,59,128,158,239,253,253,358,358,385,401,401,401],"floor_reached":20,"language":"ENG","playtime":1000,"items_purged":[],"score":449,"play_id":"11e5f614-dcd8-4e74-bd1b-067f46a30523","local_time":"20210126071410","is_ascension_mode":true,"campfire_choices":[{"data":"Pommel Strike","floor":6,"key":"SMITH"},{"data":"Bash","floor":8,"key":"SMITH"},{"data":"Whirlwind","floor":15,"key":"SMITH"}],"circlet_count":0,"master_deck":["AscendersBane","Strike_R","Strike_R","Strike_R","Strike_R","Strike_R","Defend_R","Defend_R","Defend_R","Defend_R","Bash+1","Pommel Strike+1","Twin Strike","Battle Trance","Whirlwind+1","Offering","Cleave"],"relics":["Burning Blood","NeowsBlessing","Golden Idol","Toolbox","CeramicFish","Omamori","Ginger","The Courier","Runic Dome"],"acts_visited":["Exordium","TheCity"],"potions_floor_usage":[16],"damage_taken":[{"damage":0,"enemies":"Jaw Worm","floor":1,"turns":1},{"damage":0,"enemies":"Gremlin Nob","floor":7,"turns":1},{"damage":0,"enemies":"Lagavulin","floor":11,"turns":1},{"damage":8,"enemies":"2 Louse","floor":12,"turns":3},{"damage":0,"enemies":"Small Slimes","floor":14,"turns":3},{"damage":50,"enemies":"The Guardian","floor":16,"turns":14},{"damage":41,"enemies":"Shell Parasite","floor":18,"turns":3},{"damage":17,"enemies":"Spheric Guardian","floor":19,"turns":3},{"damage":20,"enemies":"Snake Plant","floor":20,"turns":1}],"seed_played":"1602056974359065160","potions_obtained":[{"floor":1,"key":"BlessingOfTheForge"}],"is_trial":false,"path_per_floor":["M","?","?","?","$","R","E","R","T","$","E","M","T","M","R","B",null,"M","M","M"],"character_chosen":"IRONCLAD","items_purchased":["Toolbox"],"campfire_rested":0,"item_purchase_floors":[5],"current_hp_per_floor":[74,63,63,37,37,37,43,43,43,43,49,47,47,53,53,9,59,24,13,0,0],"gold":401,"neow_bonus":"THREE_ENEMY_KILL","is_daily":false,"chose_seed":false,"campfire_upgraded":3,"win_rate":0.0,"timestamp":1611663250,"path_taken":["M","?","?","?","?","R","E","R","T","$","E","M","?","M","R","BOSS","M","M","M"],"items_purchased_type":["Relic"],"build_version":"2020-12-22","purchased_purges":0,"victory":false,"max_hp_per_floor":[75,75,75,75,75,75,75,75,75,75,75,75,75,75,75,75,75,75,75,75,75],"relic_stats":{"counters":[9,30],"Golden Idol":47,"CeramicFish":45,"Ginger":[1],"obtain_stats":[{"Runic Dome":17,"NeowsBlessing":0,"Golden Idol":4,"CeramicFish":7,"Toolbox":5,"The Courier":13,"Omamori":9,"Ginger":11,"Burning Blood":0},{"Runic Dome":6,"NeowsBlessing":0,"Golden Idol":1,"CeramicFish":2,"Toolbox":1,"The Courier":4,"Omamori":2,"Ginger":3,"Burning Blood":0},{"Runic Dome":23,"NeowsBlessing":0,"Golden Idol":1,"CeramicFish":2,"Toolbox":1,"The Courier":6,"Omamori":2,"Ginger":3,"Burning Blood":0}],"Burning Blood":48},"card_choices":[{"not_picked":["Flame Barrier","Rupture"],"picked":"Pommel Strike","floor":1},{"not_picked":["Clash","Havoc"],"picked":"Twin Strike","floor":7},{"not_picked":["Bloodletting","Intimidate"],"picked":"Battle Trance","floor":11},{"not_picked":["Pummel","Reckless Charge"],"picked":"Whirlwind","floor":12},{"not_picked":["Clash","Infernal Blade","Second Wind"],"picked":"SKIP","floor":14},{"not_picked":["Brutality","Berserk"],"picked":"Offering","floor":16},{"not_picked":["Body Slam","Hemokinesis"],"picked":"Cleave","floor":18},{"not_picked":["Rupture","Clash","Body Slam"],"picked":"SKIP","floor":19}],"player_experience":496536,"relics_obtained":[{"floor":7,"key":"CeramicFish"},{"floor":9,"key":"Omamori"},{"floor":11,"key":"Ginger"},{"floor":13,"key":"The Courier"}],"event_choices":[{"damage_healed":0,"gold_gain":75,"player_choice":"Gather Gold","damage_taken":11,"max_hp_gain":0,"max_hp_loss":0,"event_name":"World of Goop","floor":2,"gold_loss":0},{"damage_healed":0,"gold_gain":0,"player_choice":"Ignored","damage_taken":0,"max_hp_gain":0,"max_hp_loss":0,"event_name":"Liars Game","floor":3,"gold_loss":0},{"damage_healed":0,"gold_gain":0,"player_choice":"Take Damage","damage_taken":26,"relics_obtained":["Golden Idol"],"max_hp_gain":0,"max_hp_loss":0,"event_name":"Golden Idol","floor":4,"gold_loss":0}],"is_beta":false,"boss_relics":[{"not_picked":["Black Blood","Philosopher\u0027s Stone"],"picked":"Runic Dome"}],"items_purged_floors":[],"is_endless":false,"potions_floor_spawned":[1],"killed_by":"Snake Plant","ascension_level":19}}