{"host":"xi8yg1ddhptuxb9d","time":1611693393,"event":{"mods":["AchievementEnabler","AlwaysNeverKeys","BaseMod","Block Reminder","Minty Spire (QoL Compilation)","Relic Sorter","StSLib"],"gold_per_floor":[114,114,134,149,159,192,192,204,204,242,269,296,296,325,325,413,413,437,437,460,481,289,332,361,361,430,149,174,202,202,202,202,202,202],"floor_reached":33,"language":"ENG","playtime":1409,"items_purged":[],"score":538,"play_id":"96539995-5927-49b3-948d-587cc61e9de7","local_time":"20210126153633","is_ascension_mode":true,"campfire_choices":[{"floor":7,"key":"REST"},{"floor":13,"key":"REST"},{"data":"Envenom","floor":15,"key":"SMITH"},{"floor":25,"key":"REST"},{"floor":30,"key":"REST"},{"floor":32,"key":"REST"}],"circlet_count":0,"master_deck":["AscendersBane","Strike_G","Strike_G","Strike_G","Strike_G","Strike_G","Defend_G","Defend_G","Defend_G","Defend_G","Defend_G","Survivor","Neutralize","Predator","Sucker Punch","Blade Dance","Noxious Fumes+1","Cloak And Dagger","Envenom+1","Leg Sweep","Backstab","Bouncing Flask","Backflip","Tools of the Trade","Bane+1","Dagger Spray","Dodge and Roll","Crippling Poison","Bouncing Flask+1","Corpse Explosion+1","Acrobatics+1","Dodge and Roll+1"],"relics":["Ring of the Snake","Gremlin Horn","CeramicFish","Lantern","Sozu","MutagenicStrength","Snake Skull","Toxic Egg 2","Matryoshka","Bottled Tornado"],"acts_visited":["Exordium","TheCity"],"potions_floor_usage":[5,6,16,33,33],"damage_taken":[{"damage":8,"enemies":"Small Slimes","floor":1,"turns":4},{"damage":4,"enemies":"2 Louse","floor":3,"turns":3},{"damage":1,"enemies":"Cultist","floor":4,"turns":4},{"damage":13,"enemies":"Large Slime","floor":5,"turns":3},{"damage":34,"enemies":"Lagavulin","floor":6,"turns":7},{"damage":4,"enemies":"Blue Slaver","floor":8,"turns":5},{"damage":15,"enemies":"3 Sentries","floor":10,"turns":8},{"damage":2,"enemies":"Looter","floor":11,"turns":3},{"damage":3,"enemies":"Exordium Wildlife","floor":12,"turns":4},{"damage":0,"enemies":"Blue Slaver","floor":14,"turns":2},{"damage":8,"enemies":"Hexaghost","floor":16,"turns":9},{"damage":17,"enemies":"Shell Parasite","floor":18,"turns":6},{"damage":0,"enemies":"Chosen","floor":20,"turns":2},{"damage":6,"enemies":"Centurion and Healer","floor":21,"turns":6},{"damage":17,"enemies":"Slavers","floor":23,"turns":5},{"damage":1,"enemies":"Snecko","floor":24,"turns":3},{"damage":15,"enemies":"Snake Plant","floor":28,"turns":4},{"damage":22,"enemies":"Shelled Parasite and Fungi","floor":29,"turns":4},{"damage":56,"enemies":"Automaton","floor":33,"turns":6}],"seed_played":"-8202128442181951446","potions_obtained":[{"floor":1,"key":"FearPotion"},{"floor":5,"key":"SneckoOil"},{"floor":11,"key":"Energy Potion"},{"floor":14,"key":"SpeedPotion"},{"floor":16,"key":"BlessingOfTheForge"}],"is_trial":false,"path_per_floor":["M","?","M","M","M","E","R","M","T","E","M","M","R","M","R","B",null,"M","?","M","M","$","E","M","R","T","$","M","M","R","?","R","B"],"character_chosen":"THE_SILENT","items_purchased":["Snake Skull","Crippling Poison","Bottled Tornado"],"campfire_rested":5,"item_purchase_floors":[22,22,27],"current_hp_per_floor":[57,62,58,57,44,10,33,29,29,14,12,9,32,32,32,24,64,47,47,47,41,41,24,23,46,46,46,31,9,32,32,55,0,0],"gold":202,"neow_bonus":"TEN_PERCENT_HP_BONUS","is_daily":false,"chose_seed":false,"campfire_upgraded":1,"win_rate":0.0,"timestamp":1611693393,"path_taken":["M","?","M","M","M","E","R","M","T","E","M","M","R","M","R","BOSS","M","?","M","M","$","E","M","R","T","$","M","M","R","?","R","BOSS"],"items_purchased_type":["Relic","Card","Relic"],"build_version":"2020-12-22","purchased_purges":0,"victory":false,"max_hp_per_floor":[72,77,77,77,77,77,77,77,77,77,77,77,77,77,77,77,77,77,77,77,77,77,77,77,77,77,77,77,77,77,77,77,77,77],"card_choices":[{"not_picked":["Outmaneuver","Prepared"],"picked":"Predator","floor":1},{"not_picked":["Slice","Acrobatics"],"picked":"Sucker Punch","floor":3},{"not_picked":["Dagger Spray","Poisoned Stab"],"picked":"Blade Dance","floor":4},{"not_picked":["Deflect","Heel Hook"],"picked":"Noxious Fumes","floor":5},{"not_picked":["Deadly Poison","Quick Slash"],"picked":"Cloak And Dagger","floor":6},{"not_picked":["Blade Dance","Backflip"],"picked":"Envenom","floor":8},{"not_picked":["Skewer","Blade Dance"],"picked":"Leg Sweep","floor":10},{"not_picked":["Expertise","Deflect"],"picked":"Backstab","floor":11},{"not_picked":["Deadly Poison","Blur"],"picked":"Bouncing Flask","floor":12},{"not_picked":["Outmaneuver","Dagger Throw"],"picked":"Backflip","floor":14},{"not_picked":["Phantasmal Killer","Grand Finale"],"picked":"Tools of the Trade","floor":16},{"not_picked":["Calculated Gamble","Deadly Poison"],"picked":"Bane+1","floor":18},{"not_picked":["Deadly Poison","Quick Slash"],"picked":"Dagger Spray","floor":20},{"not_picked":["Accuracy","Concentrate"],"picked":"Dodge and Roll","floor":21},{"not_picked":["Heel Hook","Backstab"],"picked":"Bouncing Flask+1","floor":23},{"not_picked":["Backflip+1","Dagger Throw"],"picked":"Corpse Explosion+1","floor":24},{"not_picked":["Distraction+1","PiercingWail+1"],"picked":"Acrobatics+1","floor":28},{"not_picked":["Dagger Throw","Underhanded Strike"],"picked":"Dodge and Roll+1","floor":29}],"player_experience":675051,"relics_obtained":[{"floor":6,"key":"Gremlin Horn"},{"floor":9,"key":"CeramicFish"},{"floor":10,"key":"Lantern"},{"floor":23,"key":"Toxic Egg 2"},{"floor":26,"key":"Matryoshka"}],"event_choices":[{"damage_healed":0,"gold_gain":0,"player_choice":"Donut","damage_taken":0,"max_hp_gain":5,"max_hp_loss":0,"event_name":"Big Fish","floor":2,"gold_loss":0},{"damage_healed":0,"gold_gain":0,"player_choice":"Inject Mutagens","damage_taken":0,"relics_obtained":["MutagenicStrength"],"max_hp_gain":0,"max_hp_loss":0,"event_name":"Drug Dealer","floor":19,"gold_loss":0},{"damage_healed":0,"gold_gain":0,"player_choice":"Upgraded","damage_taken":0,"max_hp_gain":0,"max_hp_loss":0,"event_name":"Upgrade Shrine","floor":31,"gold_loss":0,"cards_upgraded":["Noxious Fumes"]}],"is_beta":false,"boss_relics":[{"not_picked":["Velvet Choker","Astrolabe"],"picked":"Sozu"}],"items_purged_floors":[],"is_endless":false,"potions_floor_spawned":[1,5,11,14,16,21,28,29],"killed_by":"Automaton","ascension_level":18}}