{"host":"l2dnabsh5e0fsksb","time":1611655831,"event":{"mods":["2.2 Compatiblity","BaseMod","Downfall","Minty Spire (QoL Compilation)","Quick Restart","StSLib"],"gold_per_floor":[99,99,45,45,145,145,145,178,78,107,117,117,17,17,33,132,132,132,152,163,263,263,278,332,332,732,245,265,299,322,353,365,468,468,368,385,385,405,1404,483,483,483,483,483,513,513,513,186,199,199,199,231,41,41,41,41,41,41],"floor_reached":56,"language":"ENG","playtime":2084,"items_purged":["bronze:Strike","bronze:Strike"],"score":1275,"play_id":"d23839f4-02d2-457f-93b7-260ff270f475","local_time":"20210126204031","is_ascension_mode":true,"campfire_choices":[{"floor":1.0,"key":"RECALL"},{"data":"bronze:Iterate","floor":9.0,"key":"SMITH"},{"floor":13.0,"key":"DIG"},{"floor":18.0,"key":"DIG"},{"floor":25.0,"key":"REST"},{"floor":35.0,"key":"DIG"},{"floor":42.0,"key":"REST"},{"floor":44.0,"key":"DIG"},{"floor":46.0,"key":"DIG"},{"floor":54,"key":"REST"}],"circlet_count":0,"master_deck":["bronze:Strike","bronze:Defend","bronze:Replicate+1","bronze:OilSpill+1","bronze:WhirlingStrike+1","bronze:FollowUp","bronze:BronzeOrb","bronze:Separator+1","bronze:Iterate+1","bronze:Optimize","bronze:BuggyMess+1","bronze:ChildClass","bronze:Iterate+1","bronze:Repair","bronze:DigitalCarnage","bronze:Separator","bronze:Boost","bronze:DelayedGuard+1","bronze:FollowUp+1","bronze:Library","bronze:ChosenStrike","bronze:Iterate+1","bronze:FollowUp+1","bronze:Invalidate+1","bronze:Verify+1","bronze:WhirlingStrike+1","bronze:FineTuning","bronze:Iterate+1","expansioncontent:Chronoboost+1","expansioncontent:Chronoboost+1","expansioncontent:YouAreMine","bronze:Constructor","bronze:InfiniteBeams+1","bronze:InfiniteBeams+1"],"relics":["bronze:PlatinumCore","downfall:HeartsMalice","hexamod:CandleOfCauterizing","Turnip","downfall:HeartBlessingRed","Regal Pillow","Shovel","downfall:HeartBlessingBlue","Omamori","Strawberry","MutagenicStrength","Enchiridion","Boot","Old Coin","Bottled Flame","Whetstone","White Beast Statue","Frozen Egg 2","Strange Spoon","Akabeko","The Courier","SlaversCollar","downfall:HeartBlessingGreen","Juzu Bracelet","bronze:DonusWashers","Bag of Preparation","Prayer Wheel","bronze:Timepiece","Blood Vial","StrikeDummy","TungstenRod","Meat on the Bone","PreservedInsect","Bottled Lightning","War Paint","Vajra","Medical Kit"],"acts_visited":["Exordium","TheCity","TheBeyond","TheEnding"],"potions_floor_usage":[50,56,56,56],"damage_taken":[{"damage":0.0,"enemies":"downfall:FleeingMerchant","floor":3.0,"turns":1.0},{"damage":0.0,"enemies":"downfall:Heads","floor":5.0,"turns":1.0},{"damage":0.0,"enemies":"Jaw Worm","floor":6.0,"turns":1.0},{"damage":4.0,"enemies":"3 Sentries","floor":8.0,"turns":4.0},{"damage":0.0,"enemies":"Gremlin Nob","floor":10.0,"turns":2.0},{"damage":0.0,"enemies":"Cultist","floor":11.0,"turns":2.0},{"damage":0.0,"enemies":"Small Slimes","floor":15.0,"turns":1.0},{"damage":5.0,"enemies":"WA_ARCHETYPE_RETAIN","floor":16.0,"turns":3.0},{"damage":21.0,"enemies":"Spheric Guardian","floor":19.0,"turns":4.0},{"damage":0.0,"enemies":"Shell Parasite","floor":20.0,"turns":2.0},{"damage":14.0,"enemies":"downfall:Augmenter","floor":21.0,"turns":6.0},{"damage":6.0,"enemies":"Snecko","floor":23.0,"turns":3.0},{"damage":29.0,"enemies":"DF_ARCHETYPE_STREAMLINE","floor":26.0,"turns":5.0},{"damage":0.0,"enemies":"downfall:FleeingMerchant","floor":27.0,"turns":4.0},{"damage":5.0,"enemies":"Snake Plant","floor":28.0,"turns":3.0},{"damage":21.0,"enemies":"Book of Stabbing","floor":29.0,"turns":3.0},{"damage":0.0,"enemies":"downfall:FleeingMerchant","floor":30.0,"turns":3.0},{"damage":0.0,"enemies":"Gremlin Leader","floor":31.0,"turns":2.0},{"damage":0.0,"enemies":"Shelled Parasite and Fungi","floor":32.0,"turns":2.0},{"damage":22.0,"enemies":"IC_MUSHROOM_ARCHETYPE","floor":33.0,"turns":5.0},{"damage":16.0,"enemies":"3 Shapes","floor":36.0,"turns":7.0},{"damage":10.0,"enemies":"3 Darklings","floor":38.0,"turns":3.0},{"damage":0.0,"enemies":"Nemesis","floor":45.0,"turns":1.0},{"damage":17,"enemies":"Writhing Mass","floor":49,"turns":3},{"damage":72,"enemies":"SI_POISON_ARCHETYPE","floor":50,"turns":5},{"damage":50,"enemies":"downfall:CharBossMerchant","floor":52,"turns":5},{"damage":45,"enemies":"downfall:NeowBoss","floor":55,"turns":11},{"damage":64,"enemies":"downfall:NeowBossFinal","floor":56,"turns":4}],"seed_played":"2530224940964995771","potions_obtained":[{"floor":5.0,"key":"Guardian:BlockOnCardUsePotion"},{"floor":10.0,"key":"Dexterity Potion"},{"floor":11.0,"key":"DistilledChaos"},{"floor":20.0,"key":"DuplicationPotion"},{"floor":23.0,"key":"Weak Potion"},{"floor":28.0,"key":"Explosive Potion"},{"floor":29.0,"key":"LiquidMemories"},{"floor":32.0,"key":"CultistPotion"},{"floor":33.0,"key":"Ancient Potion"},{"floor":36.0,"key":"Strength Potion"},{"floor":52,"key":"FearPotion"}],"is_trial":false,"path_per_floor":["R","?","$","?","?","M","T","E","R","E","M","T","R","?","M","B",null,"R","M","M","?","?","M","T","R","?","$","M","E","$","E","M","B",null,"R","M","?","M","?","$","T","R","?","R","E","R","?","$","M","B",null,"E","$","R","B","B"],"character_chosen":"THE_AUTOMATON","items_purchased":["bronze:WhirlingStrike","Whetstone","White Beast Statue","Strange Spoon","Akabeko","bronze:DonusWashers","Bag of Preparation","Prayer Wheel","bronze:Timepiece","Blood Vial","Bottled Lightning","War Paint","Medical Kit","bronze:InfiniteBeams+1"],"campfire_rested":3,"item_purchase_floors":[3,27,27,30,30,40,40,40,40,40,48,48,53,53],"current_hp_per_floor":[63,63,63,63,63,63,63,59,59,59,59,59,69,69,69,64,76,83,62,62,55,39,40,40,81,59,66,68,47,47,54,61,39,75,75,66,66,56,56,56,56,87,87,87,87,87,78,78,70,19,70,44,44,85,52,0,0,0],"gold":41,"neow_bonus":"THREE_ENEMY_KILL","is_daily":false,"chose_seed":false,"campfire_upgraded":1,"win_rate":0.0,"timestamp":1611655831,"path_taken":["R","?","?","?","?","?","T","E","R","E","M","?","R","?","M","BOSS","R","M","M","?","?","M","T","R","?","$","M","E","$","E","M","BOSS","R","M","?","M","?","?","T","R","?","R","E","R","?","$","M","BOSS","E","$","R","BOSS","BOSS"],"items_purchased_type":["Card","Relic","Relic","Relic","Relic","Relic","Relic","Relic","Relic","Relic","Relic","Relic","Relic","Card"],"build_version":"2020-12-22","purchased_purges":2,"victory":false,"max_hp_per_floor":[70,70,70,70,70,70,70,70,70,70,70,70,80,80,80,80,80,87,87,87,87,87,87,87,87,87,87,87,87,87,87,87,87,87,87,87,87,87,87,87,87,87,87,87,87,87,87,87,87,87,87,87,87,87,87,87,87,87],"card_choices":[{"not_picked":["bronze:Break","bronze:Deprecate"],"picked":"bronze:OilSpill","floor":3.0},{"not_picked":["bronze:Deprecate","bronze:Shell"],"picked":"bronze:BronzeOrb","floor":5.0},{"not_picked":["bronze:HyperBeam","bronze:Repulsor"],"picked":"bronze:Separator","floor":6.0},{"not_picked":["bronze:WildBeam","bronze:Deprecate"],"picked":"bronze:Iterate","floor":8.0},{"not_picked":["bronze:Safeguard","bronze:BugBarrage","bronze:Overload"],"picked":"SKIP","floor":10.0},{"not_picked":["bronze:DelayedGuard","bronze:InfiniteBeams"],"picked":"bronze:Optimize","floor":11.0},{"not_picked":["bronze:ForLoop","bronze:ShipIt"],"picked":"bronze:ChildClass","floor":15.0},{"not_picked":["bronze:Invalidate","bronze:Shield"],"picked":"bronze:Iterate+1","floor":19.0},{"not_picked":["bronze:Optimize","bronze:Format"],"picked":"bronze:Repair","floor":20.0},{"not_picked":["bronze:Backtrace","bronze:Shield"],"picked":"bronze:Boost","floor":21.0},{"not_picked":["bronze:Turbo","bronze:Invalidate"],"picked":"bronze:DelayedGuard","floor":23.0},{"not_picked":["bronze:Iterate","bronze:Frontload"],"picked":"bronze:FollowUp+1","floor":26.0},{"not_picked":["bronze:Return","bronze:CloningBeam"],"picked":"bronze:Library","floor":27.0},{"not_picked":["bronze:ItsAFeature","bronze:DelayedGuard"],"picked":"bronze:ChosenStrike","floor":28.0},{"not_picked":["bronze:DelayedSlice","bronze:Separator"],"picked":"bronze:Iterate+1","floor":29.0},{"not_picked":["bronze:ForceShield","bronze:NullPointer+1"],"picked":"bronze:FollowUp+1","floor":30.0},{"not_picked":["bronze:BitShift","bronze:Branch","bronze:ClassDefault+1"],"picked":"SKIP","floor":31.0},{"not_picked":["bronze:Overheat","bronze:Return"],"picked":"bronze:Invalidate+1","floor":32.0},{"not_picked":["bronze:Virus","bronze:HardenedForm+1"],"picked":"bronze:Verify+1","floor":33.0},{"not_picked":["bronze:Frontload","bronze:Shell"],"picked":"bronze:WhirlingStrike+1","floor":36.0},{"not_picked":["bronze:Optimize+1","bronze:Fortify"],"picked":"bronze:FineTuning","floor":38.0},{"not_picked":["bronze:Allocate+1","bronze:OilSpill+1"],"picked":"bronze:Iterate+1","floor":45.0},{"not_picked":["expansioncontent:GuardianWhirl","expansioncontent:YouAreMine"],"picked":"expansioncontent:Chronoboost+1","floor":47.0},{"not_picked":["expansioncontent:PolyBeam","expansioncontent:Hexaburn+1"],"picked":"expansioncontent:Chronoboost+1","floor":47.0},{"not_picked":["expansioncontent:PolyBeam","expansioncontent:PrepareCrush"],"picked":"expansioncontent:YouAreMine","floor":47.0},{"not_picked":["bronze:Shield+1","bronze:GetLatest"],"picked":"bronze:Constructor","floor":49},{"not_picked":["bronze:Overheat+1","bronze:FollowUp","bronze:MaxOutput+1"],"picked":"SKIP","floor":49},{"not_picked":["bronze:BugBarrage+1","bronze:SpaghettiCode"],"picked":"bronze:InfiniteBeams+1","floor":52}],"player_experience":1842801,"relics_obtained":[{"floor":8.0,"key":"Turnip"},{"floor":10.0,"key":"Regal Pillow"},{"floor":12.0,"key":"Shovel"},{"floor":13.0,"key":"Omamori"},{"floor":18.0,"key":"Strawberry"},{"floor":21.0,"key":"MutagenicStrength"},{"floor":22.0,"key":"Enchiridion"},{"floor":24.0,"key":"Boot"},{"floor":26.0,"key":"Old Coin"},{"floor":26.0,"key":"Bottled Flame"},{"floor":29.0,"key":"Frozen Egg 2"},{"floor":31.0,"key":"The Courier"},{"floor":35.0,"key":"Juzu Bracelet"},{"floor":41.0,"key":"StrikeDummy"},{"floor":44.0,"key":"TungstenRod"},{"floor":45.0,"key":"Meat on the Bone"},{"floor":46.0,"key":"PreservedInsect"},{"floor":52,"key":"Vajra"}],"event_choices":[{"damage_healed":0.0,"max_hp_gain":0.0,"max_hp_loss":0.0,"gold_gain":0.0,"event_name":"Big Fish","player_choice":"Box","floor":4.0,"gold_loss":0.0,"damage_taken":0.0,"relics_obtained":["hexamod:CandleOfCauterizing"],"cards_obtained":["Regret"]},{"cards_removed":["bronze:Defend"],"damage_healed":0.0,"max_hp_gain":0.0,"max_hp_loss":0.0,"gold_gain":0.0,"event_name":"Falling","player_choice":"Removed Skill","floor":37.0,"gold_loss":0.0,"damage_taken":0.0}],"is_beta":false,"boss_relics":[{"not_picked":["Tiny House","Runic Dome"],"picked":"bronze:PlatinumCore"},{"not_picked":["expansioncontent:StudyCardRelic","Pandora\u0027s Box"],"picked":"SlaversCollar"}],"items_purged_floors":[27,40],"is_endless":false,"potions_floor_spawned":[5,10,11,15,20,23,28,29,30,31,32,33,36,38,45,49,52],"killed_by":"downfall:NeowBossFinal","ascension_level":7}}