{"host":"na09lpbrez4gbfiz","time":1611697914,"event":{"mods":["Act Like it!","BaseMod","BetterRewards","Colored Map","Colored Powertips","DeckTracker","Googly Eyes","Highlight Path","Minty Spire (QoL Compilation)","Quick Restart","Spicy Shops","StSLib","SuperFastMode","Synergy Search"],"gold_per_floor":[111,186,196,32,47,47,81,81,104,119,130,30,30,65,65,166,166,185,110,59,59,59,59],"floor_reached":22,"language":"ENG","playtime":741,"items_purged":["Strike_B","Strike_B","Strike_B","Defend_B"],"score":350,"play_id":"519f71c6-2207-4559-b632-8002cc6350a8","local_time":"20210126225154","is_ascension_mode":true,"campfire_choices":[{"data":"Genetic Algorithm","floor":6.0,"key":"SMITH"},{"floor":8.0,"key":"REST"},{"floor":15.0,"key":"REST"}],"circlet_count":0,"master_deck":["Strike_B+1","Defend_B+1","Defend_B","Zap","Dualcast+1","Genetic Algorithm+1","Self Repair","Streamline+1","Seek","Loop","Capacitor","Defragment","Electrodynamics","Self Repair","Decay"],"relics":["Cracked Core","Membership Card","Turnip","Prayer Wheel","Whetstone","Toy Ornithopter","War Paint","Potion Belt","SlaversCollar"],"acts_visited":["Exordium","TheCity"],"potions_floor_usage":[],"damage_taken":[{"damage":9.0,"enemies":"Small Slimes","floor":1.0,"turns":4.0},{"damage":2.0,"enemies":"Cultist","floor":3.0,"turns":4.0},{"damage":7.0,"enemies":"Jaw Worm","floor":5.0,"turns":4.0},{"damage":20.0,"enemies":"3 Sentries","floor":7.0,"turns":6.0},{"damage":0.0,"enemies":"Exordium Wildlife","floor":10.0,"turns":3.0},{"damage":3.0,"enemies":"Looter","floor":11.0,"turns":3.0},{"damage":28.0,"enemies":"Gremlin Nob","floor":14.0,"turns":4.0},{"damage":46.0,"enemies":"Hexaghost","floor":16.0,"turns":8.0},{"damage":27.0,"enemies":"Shell Parasite","floor":18.0,"turns":7.0},{"damage":0,"enemies":"3 Byrds","floor":22,"turns":1}],"seed_played":"2612955970723186680","potions_obtained":[{"floor":3.0,"key":"LiquidMemories"},{"floor":10.0,"key":"LiquidBronze"},{"floor":11.0,"key":"Ancient Potion"},{"floor":16.0,"key":"PowerPotion"},{"floor":18.0,"key":"DistilledChaos"}],"is_trial":false,"path_per_floor":["M","?","M","$","M","R","E","R","T","M","M","$","?","E","R","B",null,"M","?","$","?","M"],"character_chosen":"DEFECT","items_purchased":["Membership Card","Genetic Algorithm","Streamline","Whetstone","Energy Potion","EntropicBrew"],"campfire_rested":2,"item_purchase_floors":[0,0,4,4,12,20],"current_hp_per_floor":[37,30,35,35,35,35,22,44,44,51,55,55,55,34,56,32,75,55,55,55,55,55,55],"gold":59,"neow_bonus":"","is_daily":false,"chose_seed":false,"campfire_upgraded":1,"win_rate":0.0,"timestamp":1611697914,"path_taken":["M","?","M","$","M","R","E","R","T","M","?","$","?","E","R","BOSS","M","?","$","?","M"],"items_purchased_type":["Relic","Card","Card","Relic","Potion","Potion"],"build_version":"2020-12-22","purchased_purges":4,"victory":false,"max_hp_per_floor":[75,75,75,75,75,75,75,75,75,75,75,75,75,75,75,75,75,75,75,75,75,75,75],"card_choices":[{"not_picked":["Hologram","Gash"],"picked":"Self Repair","floor":1.0},{"not_picked":["Streamline","Conserve Battery","Compile Driver"],"picked":"SKIP","floor":1.0},{"not_picked":["Leap","Turbo","Redo"],"picked":"SKIP","floor":3.0},{"not_picked":["Hologram","Reinforced Body","Beam Cell"],"picked":"SKIP","floor":3.0},{"not_picked":["Leap","Turbo","Redo"],"picked":"SKIP","floor":3.0},{"not_picked":["Hologram","Reinforced Body","Beam Cell"],"picked":"SKIP","floor":3.0},{"not_picked":["Conserve Battery","Chill"],"picked":"Seek","floor":5.0},{"not_picked":["Streamline","Redo","Cold Snap"],"picked":"SKIP","floor":5.0},{"not_picked":["Streamline","Redo","Cold Snap"],"picked":"SKIP","floor":5.0},{"not_picked":["Steam","Conserve Battery"],"picked":"Loop","floor":7.0},{"not_picked":["Scrape","Barrage","Compile Driver"],"picked":"SKIP","floor":10.0},{"not_picked":["Stack","Beam Cell","Capacitor"],"picked":"SKIP","floor":10.0},{"not_picked":["Stack","Beam Cell"],"picked":"Capacitor","floor":10.0},{"not_picked":["Scrape","Barrage","Compile Driver"],"picked":"SKIP","floor":10.0},{"not_picked":["Rip and Tear","Tempest"],"picked":"Defragment","floor":11.0},{"not_picked":["Barrage","Leap","Stack"],"picked":"SKIP","floor":11.0},{"not_picked":["Barrage","Reprogram","Thunder Strike"],"picked":"SKIP","floor":14.0},{"not_picked":["Multi-Cast","Reboot"],"picked":"Electrodynamics","floor":16.0},{"not_picked":["Cold Snap","Barrage"],"picked":"Self Repair","floor":18.0},{"not_picked":["Consume","BootSequence","Go for the Eyes+1"],"picked":"SKIP","floor":18.0}],"player_experience":165542,"relics_obtained":[{"floor":7.0,"key":"Toy Ornithopter"},{"floor":9.0,"key":"War Paint"},{"floor":14.0,"key":"Potion Belt"}],"event_choices":[{"damage_healed":0.0,"max_hp_gain":0.0,"max_hp_loss":0.0,"gold_gain":75.0,"event_name":"FaceTrader","player_choice":"Touch","floor":2.0,"gold_loss":0.0,"damage_taken":7.0},{"damage_healed":0.0,"max_hp_gain":0.0,"max_hp_loss":0.0,"gold_gain":0.0,"event_name":"Dead Adventurer","player_choice":"Searched \u00270\u0027 times","floor":13.0,"gold_loss":0.0,"damage_taken":0.0},{"cards_removed":["Defend_B"],"damage_healed":0.0,"max_hp_gain":0.0,"max_hp_loss":0.0,"gold_gain":0.0,"event_name":"Beggar","player_choice":"Gave Gold","floor":19.0,"gold_loss":75.0,"damage_taken":0.0},{"damage_healed":0.0,"max_hp_gain":0.0,"max_hp_loss":0.0,"gold_gain":0.0,"event_name":"Wheel of Change","player_choice":"Cursed","floor":21.0,"gold_loss":0.0,"damage_taken":0.0,"cards_obtained":["Decay"]}],"is_beta":false,"boss_relics":[{"not_picked":["SacredBark","Runic Dome"],"picked":"SlaversCollar"}],"items_purged_floors":[0,0,4,12],"is_endless":false,"potions_floor_spawned":[3,10,11,16,18],"killed_by":"3 Byrds","ascension_level":4}}