{"host":"deirlxtsw53uoa9y","time":1611678197,"event":{"mods":["AchievementEnabler","BaseMod","DeckTracker","Lobotomy","Minty Spire (QoL Compilation)","Permanent Neow","Rare Cards Sparkle","StSLib","The Hierophant","everything is the same but u backflip on backflip"],"gold_per_floor":[99,19,29,73,73,61,61],"floor_reached":6,"language":"KOR","playtime":229,"items_purged":[],"score":36,"play_id":"efca2dc7-8aaf-4a82-8263-e511953b5495","local_time":"20210127012317","is_ascension_mode":false,"campfire_choices":[],"circlet_count":0,"master_deck":["hierophant:Strike_Hierophant","hierophant:Strike_Hierophant","hierophant:Strike_Hierophant","hierophant:Strike_Hierophant","hierophant:Punish","hierophant:Defend_Hierophant","hierophant:Defend_Hierophant","hierophant:Defend_Hierophant","hierophant:Defend_Hierophant","hierophant:ChurchCoffers","WallGazer","hierophant:PassingBell","hierophant:DivineIntervention","Murderer","hierophant:RustyCrate","hierophant:Doubloon","hierophant:Doubloon","hierophant:Doubloon","hierophant:CursedGold"],"relics":["hierophant:PropheticMaskRelic","CogitoBucket","Dream Catcher"],"acts_visited":["Exordium"],"potions_floor_usage":[],"damage_taken":[{"damage":6,"enemies":"Jaw Worm","floor":1,"turns":3},{"damage":8,"enemies":"Cultist","floor":3,"turns":3},{"damage":17,"enemies":"Small Slimes","floor":4,"turns":3},{"damage":35,"enemies":"Lagavulin","floor":6,"turns":6}],"seed_played":"2819403488734600299","potions_obtained":[],"is_trial":false,"path_per_floor":["M","$","M","M","?","E"],"character_chosen":"HIEROPHANT","items_purchased":["hierophant:DivineIntervention"],"campfire_rested":0,"item_purchase_floors":[2],"current_hp_per_floor":[69,69,61,44,44,9,9],"gold":61,"neow_bonus":"","is_daily":false,"chose_seed":false,"campfire_upgraded":0,"win_rate":0.0,"timestamp":1611678197,"path_taken":["M","$","M","M","?","E"],"items_purchased_type":["Card"],"build_version":"2020-12-22","purchased_purges":0,"victory":false,"max_hp_per_floor":[75,75,75,75,75,75,75],"card_choices":[{"not_picked":["OldLady","ShyLook"],"picked":"WallGazer","floor":1},{"not_picked":["hierophant:TollTheBells","hierophant:AuricBeam"],"picked":"hierophant:PassingBell","floor":1},{"not_picked":["CherryBlossoms","FairyFestival","Wellcheers"],"picked":"Singing Bowl","floor":3},{"not_picked":["Wellcheers","Woodsman"],"picked":"Murderer","floor":3},{"not_picked":["hierophant:DisplayOfPower","hierophant:HammerAndAnvil"],"picked":"hierophant:RustyCrate","floor":3},{"not_picked":["CherryBlossoms","Bloodbath"],"picked":"VoidDream","floor":4},{"not_picked":["hierophant:Purify","hierophant:Zeal"],"picked":"hierophant:CursedGold","floor":4}],"player_experience":64225,"relics_obtained":[],"event_choices":[{"cards_removed":["VoidDream"],"damage_healed":0,"gold_gain":0,"player_choice":"Gave Card","damage_taken":0,"relics_obtained":["Dream Catcher"],"max_hp_gain":0,"max_hp_loss":0,"event_name":"WeMeetAgain","floor":5,"gold_loss":0}],"is_beta":false,"boss_relics":[],"items_purged_floors":[],"is_endless":false,"potions_floor_spawned":[],"killed_by":"Lagavulin","ascension_level":0}}