{"host":"k5dhp0bkccqfauyu","time":1611680891,"event":{"mods":["BaseMod","Better Note","Better Skull","Better Vampires","Colored Map","Colored Powertips","DeckTracker","Minty Spire (QoL Compilation)","Permanent Neow","StSLib","SuperFastMode"],"gold_per_floor":[114,124,144,163,163,189,200,200,200,218,253,93,116,132,132,209,209,227,177,188,208,51,51,79,79,79,112,131,143,68,32,32,109,109,124,138,138,206,206,232,250,288,288,288,308,326,326,350,350,350,350],"floor_reached":50,"language":"ENG","playtime":1826,"items_purged":["Strike_B"],"score":1237,"play_id":"abc233ad-3097-4b45-9998-6e0a072aa969","local_time":"20210127040811","is_ascension_mode":true,"campfire_choices":[{"floor":8,"key":"REST"},{"data":"Fission","floor":15,"key":"SMITH"},{"data":"Consume","floor":23,"key":"SMITH"},{"data":"Storm","floor":32,"key":"SMITH"},{"floor":44,"key":"REST"},{"data":"Multi-Cast","floor":47,"key":"SMITH"},{"floor":49,"key":"RECALL"}],"circlet_count":0,"master_deck":["AscendersBane","Defend_B","Defend_B","Zap","Dualcast","Lockon","Coolheaded","Doom and Gloom","Genetic Algorithm","Recycle","Consume+1","Meteor Strike","Double Energy","Coolheaded","Biased Cognition","Defragment","Fission+1","Ball Lightning","Core Surge","Electrodynamics","Streamline+1","Force Field","Rebound+1","Creative AI","Multi-Cast+1","Self Repair","Storm+1","Heatsinks","Creative AI","BootSequence+1","Gash+1","White Noise+1","Heatsinks+1","Lockon","Reinforced Body+1","Undo"],"relics":["Cracked Core","Vajra","Matryoshka","White Beast Statue","Orrery","Akabeko","Anchor","Snecko Eye","DataDisk","Calipers","Nunchaku","Bottled Tornado","Happy Flower","Astrolabe","Oddly Smooth Stone","CeramicFish","Darkstone Periapt"],"acts_visited":["Exordium","TheCity","TheBeyond"],"potions_floor_usage":[6,11,14,16,21,21,21,24,33,33,33,35,41,42,45,46,48,48,50],"damage_taken":[{"damage":1,"enemies":"Cultist","floor":1,"turns":3},{"damage":2,"enemies":"Jaw Worm","floor":2,"turns":3},{"damage":0,"enemies":"Small Slimes","floor":3,"turns":2},{"damage":17,"enemies":"Exordium Thugs","floor":4,"turns":4},{"damage":23,"enemies":"Lagavulin","floor":6,"turns":4},{"damage":0,"enemies":"Lots of Slimes","floor":7,"turns":1},{"damage":3,"enemies":"3 Louse","floor":10,"turns":3},{"damage":10,"enemies":"3 Sentries","floor":11,"turns":6},{"damage":0,"enemies":"Exordium Wildlife","floor":14,"turns":3},{"damage":16,"enemies":"Hexaghost","floor":16,"turns":8},{"damage":3,"enemies":"Spheric Guardian","floor":18,"turns":3},{"damage":0,"enemies":"Chosen","floor":20,"turns":2},{"damage":16,"enemies":"Centurion and Healer","floor":21,"turns":4},{"damage":0,"enemies":"Slavers","floor":24,"turns":2},{"damage":9,"enemies":"Gremlin Leader","floor":27,"turns":5},{"damage":0,"enemies":"Sentry and Sphere","floor":28,"turns":3},{"damage":0,"enemies":"3 Cultists","floor":29,"turns":3},{"damage":7,"enemies":"Champ","floor":33,"turns":9},{"damage":0,"enemies":"Orb Walker","floor":35,"turns":3},{"damage":0,"enemies":"3 Darklings","floor":36,"turns":2},{"damage":20,"enemies":"Reptomancer","floor":40,"turns":5},{"damage":6,"enemies":"Writhing Mass","floor":41,"turns":4},{"damage":24,"enemies":"Giant Head","floor":42,"turns":6},{"damage":0,"enemies":"Sphere and 2 Shapes","floor":45,"turns":2},{"damage":0,"enemies":"Jaw Worm Horde","floor":46,"turns":2},{"damage":33,"enemies":"Writhing Mass","floor":48,"turns":3},{"damage":42,"enemies":"Awakened One","floor":50,"turns":4}],"seed_played":"3049348015948797573","potions_obtained":[{"floor":3,"key":"DuplicationPotion"},{"floor":5,"key":"SteroidPotion"},{"floor":6,"key":"AttackPotion"},{"floor":10,"key":"Fire Potion"},{"floor":14,"key":"Weak Potion"},{"floor":16,"key":"Explosive Potion"},{"floor":18,"key":"EntropicBrew"},{"floor":20,"key":"FocusPotion"},{"floor":21,"key":"BlessingOfTheForge"},{"floor":24,"key":"FocusPotion"},{"floor":27,"key":"LiquidBronze"},{"floor":28,"key":"EntropicBrew"},{"floor":33,"key":"Explosive Potion"},{"floor":35,"key":"Fire Potion"},{"floor":41,"key":"EssenceOfSteel"},{"floor":42,"key":"PowerPotion"},{"floor":45,"key":"AttackPotion"},{"floor":46,"key":"EssenceOfDarkness"},{"floor":48,"key":"AttackPotion"}],"is_trial":false,"path_per_floor":["M","M","M","M","?","E","M","R","T","M","E","$","T","M","R","B",null,"M","?","M","M","$","R","E","?","T","E","M","M","$","$","R","B",null,"M","M","?","T","?","E","M","E","T","R","M","M","R","M","R","B"],"character_chosen":"DEFECT","items_purchased":["Orrery","DataDisk","Heatsinks"],"campfire_rested":2,"item_purchase_floors":[12,22,31],"current_hp_per_floor":[63,61,61,44,44,21,21,42,42,39,29,29,29,29,29,13,57,54,54,54,38,38,38,38,38,38,29,36,36,36,36,36,51,66,66,66,66,66,66,53,54,30,30,51,51,51,51,18,18,0,0],"gold":350,"neow_bonus":"THREE_CARDS","is_daily":false,"chose_seed":false,"campfire_upgraded":4,"win_rate":0.0,"timestamp":1611680891,"path_taken":["M","M","M","M","?","E","M","R","T","M","E","$","?","?","R","BOSS","M","?","?","M","$","R","E","?","T","E","M","M","?","$","R","BOSS","M","?","?","?","?","E","?","E","T","R","M","M","R","M","R","BOSS"],"items_purchased_type":["Relic","Relic","Card"],"build_version":"2020-12-22","purchased_purges":1,"victory":false,"max_hp_per_floor":[71,71,71,71,71,71,71,71,71,71,71,71,71,71,71,71,71,71,71,71,71,71,71,71,71,71,71,71,71,71,71,71,71,71,71,71,71,71,71,71,71,71,71,71,71,71,71,71,71,71,71],"card_choices":[{"not_picked":["Redo","Darkness"],"picked":"Lockon","floor":0},{"not_picked":["Rebound","Barrage"],"picked":"Coolheaded","floor":1},{"not_picked":["Lockon","Ball Lightning"],"picked":"Doom and Gloom","floor":2},{"not_picked":["Turbo","Steam"],"picked":"Genetic Algorithm","floor":3},{"not_picked":["Tempest","Stack"],"picked":"Recycle","floor":4},{"not_picked":["Storm","Redo"],"picked":"Consume","floor":6},{"not_picked":["White Noise","Gash"],"picked":"Meteor Strike","floor":7},{"not_picked":["Recycle","Go for the Eyes"],"picked":"Double Energy","floor":10},{"not_picked":["Cold Snap","Sweeping Beam"],"picked":"Coolheaded","floor":11},{"not_picked":["Conserve Battery","Redo"],"picked":"Biased Cognition","floor":12},{"not_picked":["Cold Snap","Stack"],"picked":"Defragment","floor":12},{"not_picked":["Beam Cell","Scrape"],"picked":"Fission","floor":12},{"not_picked":["Redo","Barrage"],"picked":"Ball Lightning","floor":12},{"not_picked":["Compile Driver","Biased Cognition"],"picked":"Core Surge","floor":12},{"not_picked":["Gash","Leap","Lockon"],"picked":"SKIP","floor":14},{"not_picked":["Amplify","Creative AI"],"picked":"Electrodynamics","floor":16},{"not_picked":["Conserve Battery","Turbo+1"],"picked":"Streamline+1","floor":18},{"not_picked":["Compile Driver","Rebound+1"],"picked":"Force Field","floor":20},{"not_picked":["Gash+1","Rebound+1","Cold Snap"],"picked":"SKIP","floor":21},{"not_picked":["Gash+1","Cold Snap"],"picked":"Rebound+1","floor":21},{"not_picked":["Seek","Buffer"],"picked":"Creative AI","floor":24},{"not_picked":["Streamline","Skim"],"picked":"Self Repair","floor":27},{"not_picked":["FTL+1","Redo","Beam Cell+1"],"picked":"SKIP","floor":28},{"not_picked":["Double Energy","Leap"],"picked":"Storm","floor":29},{"not_picked":["Amplify","Seek"],"picked":"Creative AI","floor":33},{"not_picked":["Streamline","Gash","Turbo"],"picked":"SKIP","floor":35},{"not_picked":["Aggregate","Leap+1"],"picked":"Heatsinks+1","floor":36},{"not_picked":["Hologram","Ball Lightning","FTL"],"picked":"SKIP","floor":40},{"not_picked":["Gash+1","Darkness+1","Rebound"],"picked":"SKIP","floor":41},{"not_picked":["Barrage","Beam Cell"],"picked":"Reinforced Body+1","floor":42},{"not_picked":["Redo","Conserve Battery","Rebound"],"picked":"SKIP","floor":45},{"not_picked":["Hologram","FTL+1","Steam"],"picked":"SKIP","floor":46},{"not_picked":["Hyperbeam","Beam Cell+1"],"picked":"Undo","floor":48}],"player_experience":1861570,"relics_obtained":[{"floor":6,"key":"Vajra"},{"floor":9,"key":"Matryoshka"},{"floor":11,"key":"White Beast Statue"},{"floor":13,"key":"Akabeko"},{"floor":13,"key":"Anchor"},{"floor":24,"key":"Calipers"},{"floor":26,"key":"Nunchaku"},{"floor":26,"key":"Bottled Tornado"},{"floor":27,"key":"Happy Flower"},{"floor":40,"key":"Oddly Smooth Stone"},{"floor":42,"key":"CeramicFish"},{"floor":43,"key":"Darkstone Periapt"}],"event_choices":[{"damage_healed":0,"gold_gain":0,"player_choice":"Got Potions","damage_taken":0,"max_hp_gain":0,"max_hp_loss":0,"event_name":"Lab","floor":5,"gold_loss":0},{"damage_healed":0,"gold_gain":0,"player_choice":"Bet on Murderer","damage_taken":0,"max_hp_gain":0,"max_hp_loss":0,"event_name":"The Joust","floor":19,"gold_loss":50},{"damage_healed":0,"gold_gain":0,"cards_transformed":["Strike_B"],"player_choice":"Transformed","damage_taken":0,"max_hp_gain":0,"max_hp_loss":0,"event_name":"Transmorgrifier","floor":25,"gold_loss":0,"cards_obtained":["Multi-Cast"]},{"damage_healed":0,"gold_gain":0,"player_choice":"Ignored","damage_taken":0,"max_hp_gain":0,"max_hp_loss":0,"event_name":"Tomb of Lord Red Mask","floor":37,"gold_loss":0},{"damage_healed":0,"gold_gain":0,"cards_transformed":["Defend_B"],"player_choice":"Transformed","damage_taken":0,"max_hp_gain":0,"max_hp_loss":0,"event_name":"Transmorgrifier","floor":39,"gold_loss":0,"cards_obtained":["Lockon"]}],"is_beta":false,"boss_relics":[{"not_picked":["Runic Dome","Calling Bell"],"picked":"Snecko Eye"},{"not_picked":["SacredBark","Empty Cage"],"picked":"Astrolabe"}],"items_purged_floors":[30],"is_endless":false,"potions_floor_spawned":[3,6,10,14,16,18,20,21,24,27,28,29,33,35,36,40,41,42,45,46,48],"killed_by":"Awakened One","ascension_level":20}}