{"host":"ajzb762wgznenkzt","time":1611649687,"event":{"mods":["Act Like it!","Arknights The Spire","BaseMod","CapriCore","Gensokyo","Hallownest","HololiveMod","Koishi","Minty Spire (QoL Compilation)","Quick Restart","Remilia£®¿Ÿ√◊¿Ú—«£©","Replay The Spire","Shop Mod","StSLib","The Bug Knight","The Immortal"],"gold_per_floor":[114,39,39,56,66,66,82,0,46,46,46,98,110,120,120,217,217,228,695,355,355,369,399,424,436,471,542,581,606,618,630,642,750,762,790,802,830,942,974,1019,1031,1072,1084,1112,1124,1153,770,770,770,770],"floor_reached":51,"language":"ZHS","playtime":3478,"items_purged":["ats:Strike G","Parasite"],"score":662,"play_id":"04a9de80-d1d4-434d-aa53-3fdf485c1c6e","local_time":"20210126162807","is_ascension_mode":false,"campfire_choices":[{"data":"ats:Emotion Absorption","floor":6,"key":"SMITH"},{"data":"ats:Guard Mode","floor":10,"key":"SMITH"},{"data":"ats:Serious Mode","floor":15,"key":"SMITH"},{"data":"ats:Nebulous Foxfire","floor":25,"key":"SMITH"},{"data":"ats:Literary Storm","floor":32,"key":"SMITH"},{"data":"ats:Closed Bolt Burst Fire","floor":41,"key":"SMITH"},{"data":"ats:Consecutive Shot Auto","floor":45,"key":"SMITH"},{"data":"ReplayTheSpireMod:Uncanny Aura","floor":49,"key":"SMITH"}],"circlet_count":0,"master_deck":["ats:Strike C","ats:Strike S","ats:Strike V","ats:Armor Crushing Shot","ats:Emotion Absorption+1","ats:Guard Mode+1","Hallownest:skillLeafShield","Hallownest:skillLeafShield","Hallownest:skillLeafShield","Hallownest:skillLeafShield","Hallownest:skillLeafShield","ats:Support Order","ats:Serious Mode+1","ats:Nebulous Foxfire+1","ats:Defend Order","ats:Consecutive Shot Auto+1","ats:Literary Storm+1","ats:Wolf Pack","ats:Consecutive Shot Auto+1","ats:Closed Bolt Burst Fire+1","ats:Sunburst+1","ats:Flexible Camouflage+1","ReplayTheSpireMod:Uncanny Aura+1"],"relics":["ats:Sanity","Hallownest:BankAccountRelic","Centennial Puzzle","Boot","Philosopher\u0027s Stone","ats:Assault","Hololive_LightStick","ats:Originium","MawBank","Bag of Marbles","Replay:Bottled Steam","Runic Dome","Bag of Preparation","Durian","Chameleon Ring","AntiCross","White Beast Statue"],"acts_visited":["Hallownest:Greenpath","Hallownest:CityofTears","TheBeyond"],"potions_floor_usage":[13,35,40,40,40,40,40,50,50,50],"damage_taken":[{"damage":0,"enemies":"Hallownest:2_Tiktiks_and_1_Crawlid","floor":1,"turns":2},{"damage":0,"enemies":"Hallownest:monsterHuskGuard","floor":4,"turns":1},{"damage":0,"enemies":"Hallownest:monsterHuskWarrior","floor":5,"turns":1},{"damage":16,"enemies":"Hallownest:monsterAspidMother","floor":7,"turns":10},{"damage":7,"enemies":"Hallownest:2_Tiktiks_1_Baldur_1_Crawlid","floor":13,"turns":6},{"damage":1,"enemies":"Hallownest:Wandering_and_Horned","floor":14,"turns":6},{"damage":33,"enemies":"Hallownest:BossFalseKnight","floor":16,"turns":9},{"damage":2,"enemies":"Hallownest:Flukemon_and_Top","floor":18,"turns":7},{"damage":9,"enemies":"Hallownest:2_Mistakes","floor":22,"turns":14},{"damage":0,"enemies":"Hallownest:eliteSoulWarrior","floor":23,"turns":8},{"damage":34,"enemies":"Hallownest:Master_and_Novice","floor":24,"turns":6},{"damage":13,"enemies":"Hallownest:Glutton_and_Coward","floor":27,"turns":4},{"damage":31,"enemies":"Hallownest:eliteWatcherKnight","floor":28,"turns":13},{"damage":11,"enemies":"Hallownest:monsterShrumalOgre","floor":29,"turns":5},{"damage":66,"enemies":"Hallownest:BossMantisLord","floor":33,"turns":11},{"damage":9,"enemies":"3 Darklings","floor":35,"turns":6},{"damage":0,"enemies":"Orb Walker","floor":37,"turns":4},{"damage":28,"enemies":"Writhing Mass","floor":39,"turns":8},{"damage":36,"enemies":"Reptomancer","floor":40,"turns":4},{"damage":15,"enemies":"R_Hoarder","floor":42,"turns":5},{"damage":6,"enemies":"3 Darklings","floor":44,"turns":4},{"damage":3,"enemies":"Maw","floor":46,"turns":5},{"damage":55,"enemies":"Replay:Hell Engine","floor":50,"turns":7}],"seed_played":"-8883219638464194513","potions_obtained":[{"floor":5,"key":"Strength Potion"},{"floor":7,"key":"SmokeBomb"},{"floor":12,"key":"Elixir"},{"floor":13,"key":"Swift Potion"},{"floor":16,"key":"Weak Potion"},{"floor":33,"key":"PowerPotion"},{"floor":35,"key":"Weak Potion"},{"floor":42,"key":"FearPotion"},{"floor":46,"key":"Languid Potion"}],"is_trial":false,"path_per_floor":["M","?","?","M","M","R","M","?","T","R","?","?","M","M","R","B",null,"M","?","$","?","M","E","M","R","T","M","E","M","?","?","R","B",null,"M","?","M","?","M","E","R","E","T","M","R","M","$","T","R","B",null],"character_chosen":"DOCTOR_CLASS","items_purchased":["ats:Assault","Hololive_LightStick","AntiCross","ReplayTheSpireMod:Uncanny Aura"],"campfire_rested":0,"item_purchase_floors":[20,20,47,47],"current_hp_per_floor":[72,72,72,72,72,72,56,56,56,56,56,28,36,35,35,2,72,72,72,72,68,72,72,55,55,55,53,72,61,61,61,61,72,72,72,68,68,68,67,32,32,27,27,34,34,42,42,42,42,16],"gold":770,"neow_bonus":"THREE_ENEMY_KILL","is_daily":false,"chose_seed":false,"campfire_upgraded":8,"win_rate":0.0,"timestamp":1611649687,"path_taken":["M","?","?","M","M","R","M","?","T","R","?","?","M","?","R","BOSS","M","?","$","?","?","E","M","R","T","M","E","M","?","?","R","BOSS","M","?","M","?","M","E","R","E","T","?","R","M","$","?","R","BOSS"],"items_purchased_type":["Relic","Relic","Relic","Card"],"build_version":"2020-12-22","purchased_purges":2,"victory":true,"max_hp_per_floor":[72,72,72,72,72,72,72,72,72,72,72,72,72,72,72,72,72,72,72,72,72,72,72,72,72,72,72,72,72,72,72,72,72,72,72,68,68,68,68,68,68,73,73,73,73,73,70,70,70,70],"card_choices":[{"not_picked":["ats:Closed Bolt Burst Fire","ats:Powerful Strike"],"picked":"ats:Healing Strengthening","floor":1},{"not_picked":["ats:Blood Oath","ats:Overload","ats:Magnetic Hammer"],"picked":"SKIP","floor":4},{"not_picked":["ats:Blood Oath","ats:Sunburst","ats:Spore Proliferation"],"picked":"SKIP","floor":5},{"not_picked":["ats:Explosion Area Strengthen","ats:Shell Defense"],"picked":"ats:Guard Mode","floor":7},{"not_picked":["ats:Phantom","ats:Shadow Raid"],"picked":"ats:Support Order","floor":12},{"not_picked":["ats:Flexible Camouflage","ats:Steam Pump","ats:Thermite Blade"],"picked":"SKIP","floor":13},{"not_picked":["ats:Poison Spread","ats:Directed Diagnosis"],"picked":"ats:Serious Mode","floor":14},{"not_picked":["ats:Volcano","ats:Wolf Pack"],"picked":"ats:Nebulous Foxfire","floor":16},{"not_picked":["ats:Shell Defense","ats:Mental Burst+1"],"picked":"ats:Defend Order","floor":18},{"not_picked":["ats:Blood Oath","ats:Ignite"],"picked":"ats:Consecutive Shot Auto+1","floor":22},{"not_picked":["ats:Flame Of Heaven","ats:Revitalization"],"picked":"ats:Literary Storm","floor":23},{"not_picked":["ats:Apocalypse+1","ats:Hammer On","ats:Revitalization+1"],"picked":"SKIP","floor":24},{"not_picked":["ats:Curse Doll","ats:Hammer On","ats:True Silver Slash"],"picked":"SKIP","floor":27},{"not_picked":["ats:Very Hot Blade","ats:Blood Oath","ats:Curse Doll"],"picked":"SKIP","floor":28},{"not_picked":["ats:Literary Storm+1","ats:Explosion Area Strengthen","ats:LN2 Cannon"],"picked":"SKIP","floor":29},{"not_picked":["ats:Fractured Body","ats:Disruption Kick"],"picked":"ats:Wolf Pack","floor":33},{"not_picked":["ats:Sashimi Platter","ats:Very Hot Blade+1","ats:Spore Proliferation+1"],"picked":"SKIP","floor":35},{"not_picked":["ats:Guardian Obelisk+1","ats:Counter Healing Mode+1","ats:Shell Defense"],"picked":"SKIP","floor":37},{"not_picked":["ats:Revitalization","ats:Shell Defense"],"picked":"ats:Consecutive Shot Auto","floor":39},{"not_picked":["ats:Steam Pump+1","ats:Wolf Pack"],"picked":"ats:Closed Bolt Burst Fire","floor":40},{"not_picked":["ats:LN2 Cannon","ats:Automatic Cover"],"picked":"ats:Sunburst+1","floor":42},{"not_picked":["ats:Curse Doll","ats:Closed Bolt Burst Fire"],"picked":"ats:Flexible Camouflage+1","floor":44},{"not_picked":["ats:Guardian Obelisk+1","ats:Apocalypse","ats:Blood Oath+1"],"picked":"SKIP","floor":46}],"player_experience":778176,"relics_obtained":[{"floor":12,"key":"Boot"},{"floor":23,"key":"ats:Originium"},{"floor":23,"key":"MawBank"},{"floor":26,"key":"Bag of Marbles"},{"floor":28,"key":"ats:Originium"},{"floor":28,"key":"Replay:Bottled Steam"},{"floor":40,"key":"ats:Originium"},{"floor":40,"key":"Bag of Preparation"},{"floor":42,"key":"ats:Originium"},{"floor":42,"key":"Durian"},{"floor":43,"key":"Chameleon Ring"},{"floor":48,"key":"White Beast Statue"}],"event_choices":[{"damage_healed":0,"gold_gain":0,"player_choice":"Max HP","damage_taken":0,"max_hp_gain":0,"max_hp_loss":4,"event_name":"Winding Halls","floor":36,"gold_loss":0},{"damage_healed":0,"gold_gain":100,"player_choice":"Pray","damage_taken":0,"max_hp_gain":0,"max_hp_loss":0,"event_name":"Golden Shrine","floor":38,"gold_loss":0}],"is_beta":false,"boss_relics":[{"not_picked":["ats:Tactical Delivery","SacredBark"],"picked":"Philosopher\u0027s Stone"},{"not_picked":["Hololive_Finger","Replay:Bronze Core"],"picked":"Runic Dome"}],"items_purged_floors":[20,47],"is_endless":false,"potions_floor_spawned":[5,7,13,16,18,24,27,28,33,35,37,42,46],"ascension_level":0}}