{"host":"f5gffvlv6a66yqkd","time":1611627077,"event":{"mods":["2.2 Compatiblity","BaseMod","Colored Map","Custom Start","DeckTracker","Keyboard Shortcuts","Minty Spire (QoL Compilation)","Permanent Neow","Quick Restart","Relic Stats","StSLib","SuperFastMode"],"gold_per_floor":[118,118,118,131,131,131,147,176,203,223,223,250,250,265,265,340,340,340,220,220,40,40,40,40,40],"floor_reached":24,"language":"KOR","playtime":469,"items_purged":["Strike_B"],"score":388,"play_id":"719586e8-c028-4227-adf8-5332c8a0cb29","local_time":"20210126111117","is_ascension_mode":true,"campfire_choices":[{"data":"Dualcast","floor":6.0,"key":"SMITH"},{"floor":11.0,"key":"REST"},{"floor":13.0,"key":"REST"},{"data":"Redo","floor":15.0,"key":"SMITH"},{"floor":23,"key":"REST"}],"circlet_count":0,"master_deck":["AscendersBane","Strike_B","Defend_B","Defend_B","Defend_B","Defend_B","Zap+1","Dualcast+1","Genetic Algorithm","Thunder Strike","Ball Lightning","Redo+1","Conserve Battery","Coolheaded","Storm","Reinforced Body","Biased Cognition","Cold Snap","Turbo","Heatsinks","Beam Cell","RitualDagger"],"relics":["Cracked Core","Odd Mushroom","Smiling Mask","Oddly Smooth Stone","Ectoplasm"],"acts_visited":["Exordium","TheCity"],"potions_floor_usage":[],"damage_taken":[{"damage":4.0,"enemies":"Jaw Worm","floor":1.0,"turns":3.0},{"damage":13.0,"enemies":"2 Louse","floor":4.0,"turns":2.0},{"damage":12.0,"enemies":"Small Slimes","floor":7.0,"turns":3.0},{"damage":1.0,"enemies":"The Mushroom Lair","floor":8.0,"turns":2.0},{"damage":11.0,"enemies":"Exordium Thugs","floor":10.0,"turns":4.0},{"damage":32.0,"enemies":"Gremlin Nob","floor":12.0,"turns":4.0},{"damage":6.0,"enemies":"3 Louse","floor":14.0,"turns":4.0},{"damage":12.0,"enemies":"The Guardian","floor":16.0,"turns":12.0},{"damage":12.0,"enemies":"3 Byrds","floor":18.0,"turns":5.0},{"damage":30.0,"enemies":"2 Thieves","floor":19.0,"turns":4.0},{"damage":28,"enemies":"Shelled Parasite and Fungi","floor":24,"turns":4}],"seed_played":"-952128336571879170","potions_obtained":[{"floor":1.0,"key":"Explosive Potion"},{"floor":4.0,"key":"Weak Potion"},{"floor":10.0,"key":"FocusPotion"}],"is_trial":false,"path_per_floor":["M","?","?","M","?","R","M","?","T","M","R","E","R","M","R","B",null,"M","M","?","$","?","R","M"],"character_chosen":"DEFECT","items_purchased":["Heatsinks","Beam Cell"],"campfire_rested":3,"item_purchase_floors":[21,21],"current_hp_per_floor":[60,53,53,40,40,40,28,27,27,16,37,5,26,20,20,8,55,43,13,13,13,7,28,0,0],"gold":40,"neow_bonus":"UPGRADE_CARD","is_daily":false,"chose_seed":false,"campfire_upgraded":2,"win_rate":0.0,"timestamp":1611627077,"path_taken":["M","?","?","M","?","R","M","?","T","?","R","E","R","M","R","BOSS","M","M","?","$","?","R","M"],"items_purchased_type":["Card","Card"],"build_version":"2020-12-22","purchased_purges":1,"victory":false,"max_hp_per_floor":[71,71,71,71,71,71,71,71,71,71,71,71,71,71,71,71,71,71,71,71,71,71,71,71,71],"relic_stats":{"counters":[11,47],"Ectoplasm":160,"Smiling Mask":25,"obtain_stats":[{"Oddly Smooth Stone":12,"Ectoplasm":17,"Odd Mushroom":8,"Cracked Core":0,"Smiling Mask":9},{"Oddly Smooth Stone":6,"Ectoplasm":8,"Odd Mushroom":4,"Cracked Core":0,"Smiling Mask":4},{"Oddly Smooth Stone":18,"Ectoplasm":34,"Odd Mushroom":10,"Cracked Core":0,"Smiling Mask":10}]},"card_choices":[{"not_picked":["Go for the Eyes","Redo"],"picked":"Genetic Algorithm","floor":1.0},{"not_picked":["Capacitor","Steam"],"picked":"Ball Lightning","floor":4.0},{"not_picked":["Rebound","Capacitor"],"picked":"Redo","floor":7.0},{"not_picked":["Redo","Coolheaded"],"picked":"Conserve Battery","floor":8.0},{"not_picked":["Cold Snap","Ball Lightning"],"picked":"Coolheaded","floor":10.0},{"not_picked":["Streamline","Rip and Tear"],"picked":"Storm","floor":12.0},{"not_picked":["Barrage","Double Energy"],"picked":"Reinforced Body","floor":14.0},{"not_picked":["All For One","Core Surge"],"picked":"Biased Cognition","floor":16.0},{"not_picked":["Rebound","Rip and Tear"],"picked":"Cold Snap","floor":18.0},{"not_picked":["FTL","Gash"],"picked":"Turbo","floor":19.0}],"player_experience":1625870,"relics_obtained":[{"floor":8.0,"key":"Odd Mushroom"},{"floor":9.0,"key":"Smiling Mask"},{"floor":12.0,"key":"Oddly Smooth Stone"}],"event_choices":[{"cards_removed":["Strike_B"],"damage_healed":0.0,"max_hp_gain":0.0,"max_hp_loss":0.0,"gold_gain":0.0,"event_name":"Golden Wing","player_choice":"Card Removal","floor":2.0,"gold_loss":0.0,"damage_taken":7.0},{"damage_healed":0.0,"max_hp_gain":0.0,"max_hp_loss":0.0,"gold_gain":0.0,"cards_transformed":["Strike_B"],"event_name":"Living Wall","player_choice":"Change","floor":3.0,"gold_loss":0.0,"damage_taken":0.0,"cards_obtained":["Thunder Strike"]},{"damage_healed":0.0,"max_hp_gain":0.0,"max_hp_loss":0.0,"gold_gain":0.0,"event_name":"Liars Game","player_choice":"Ignored","floor":5.0,"gold_loss":0.0,"damage_taken":0.0},{"damage_healed":0.0,"max_hp_gain":0.0,"max_hp_loss":0.0,"gold_gain":0.0,"event_name":"Mushrooms","player_choice":"Fought Mushrooms","floor":8.0,"gold_loss":0.0,"damage_taken":0.0},{"damage_healed":0,"gold_gain":0,"player_choice":"Ignored","damage_taken":0,"max_hp_gain":0,"max_hp_loss":0,"event_name":"Vampires","floor":20,"gold_loss":0},{"damage_healed":0,"gold_gain":0,"player_choice":"Joined the Cult","damage_taken":6,"max_hp_gain":0,"max_hp_loss":0,"event_name":"Nest","floor":22,"gold_loss":0,"cards_obtained":["RitualDagger"]}],"is_beta":false,"boss_relics":[{"not_picked":["Runic Pyramid","Black Star"],"picked":"Ectoplasm"}],"items_purged_floors":[21],"is_endless":false,"potions_floor_spawned":[1,4,7,10],"killed_by":"Shelled Parasite and Fungi","ascension_level":20}}