{"host":"jumrmhf584hajrnz","time":1611662204,"event":{"mods":["BaseMod","Duelist Mod","GifTheSpireLib","Minty Spire (QoL Compilation)","Quick Restart","Replay The Spire","StSLib"],"gold_per_floor":[141,52,52,72,82,82,107,107,107,107,107,136,152,246,246,319,319,299,316,316,306,306,306],"floor_reached":22,"language":"ENG","playtime":1155,"items_purged":["Replay:Hysterical Blindness"],"score":434,"play_id":"357131c3-be8a-4b25-9b2f-a49a35d09d50","local_time":"20210126125644","is_ascension_mode":true,"campfire_choices":[{"floor":6,"key":"RECALL"},{"data":"theDuelist:SmashingGround","floor":8,"key":"SMITH"},{"floor":10,"key":"REST"},{"floor":15,"key":"REST"}],"circlet_count":0,"master_deck":["AscendersBane","theDuelist:DarkSparks+1","theDuelist:CastleWalls+1","theDuelist:CastleWalls+1","theDuelist:MudragonSwamp+1","theDuelist:DarkMagician","theDuelist:MysticalElf","theDuelist:MysticalElf","theDuelist:NeoMagic","theDuelist:NeoMagic","theDuelist:Sparks","theDuelist:Sparks","theDuelist:Graverobber+1","theDuelist:Illusionist","theDuelist:MysticalElf+1","theDuelist:SmashingGround+1","CommonCold","theDuelist:RainbowMagician","theDuelist:DarkPaladin","theDuelist:InjectionFairy","theDuelist:InjectionFairy","theDuelist:IrisEarthMother","theDuelist:ExodiaNecross","theDuelist:NeoMagic","theDuelist:InjectionFairy","theDuelist:StrayLambs","theDuelist:NeoMagic","theDuelist:InjectionFairy","theDuelist:TimeWizard","Necronomicurse","theDuelist:InfernoFireBlast"],"relics":["theDuelist:MillenniumPuzzle","theDuelist:CardPoolRelic","theDuelist:CardPoolBasicRelic","theDuelist:BoosterPackPoolRelic","theDuelist:CardPoolAddRelic","theDuelist:CardPoolMinusRelic","theDuelist:CardPoolSaveRelic","theDuelist:CardPoolOptionsRelic","NeowsBlessing","Mirror","ReplayTheSpireMod:Ring of Exchange","War Paint","Orrery","Necronomicon","ReplayTheSpireMod:CursedCoin"],"acts_visited":["Exordium","TheCity"],"potions_floor_usage":[7],"damage_taken":[{"damage":0,"enemies":"Jaw Worm","floor":1,"turns":1},{"damage":0,"enemies":"Cultist","floor":4,"turns":1},{"damage":0,"enemies":"2 Louse","floor":5,"turns":3},{"damage":6,"enemies":"3 Sentries","floor":7,"turns":7},{"damage":26,"enemies":"Gremlin Nob","floor":12,"turns":4},{"damage":0,"enemies":"2 Fungi Beasts","floor":13,"turns":3},{"damage":18,"enemies":"Hexaghost","floor":16,"turns":9},{"damage":22,"enemies":"2 Thieves","floor":18,"turns":4},{"damage":20,"enemies":"Spheric Guardian","floor":19,"turns":6},{"damage":23,"enemies":"Cultist and Chosen","floor":22,"turns":4}],"seed_played":"7801146543721749220","potions_obtained":[{"floor":1,"key":"Adrenaline Potion"},{"floor":7,"key":"theDuelist:DebuffFuryPotion"}],"is_trial":false,"path_per_floor":["M","$","?","M","M","R","E","R","T","R","?","E","M","?","R","B",null,"M","M","?","$","M"],"character_chosen":"THE_DUELIST","items_purchased":["theDuelist:Graverobber","ReplayTheSpireMod:CursedCoin","theDuelist:InfernoFireBlast"],"campfire_rested":2,"item_purchase_floors":[2,21,21],"current_hp_per_floor":[63,63,63,63,63,63,57,57,57,70,70,44,44,16,37,31,60,46,42,21,21,6,6],"gold":306,"neow_bonus":"THREE_ENEMY_KILL","is_daily":false,"chose_seed":false,"campfire_upgraded":1,"win_rate":0.0,"timestamp":1611662204,"path_taken":["M","$","?","M","?","R","E","R","T","R","?","E","M","?","R","BOSS","M","M","?","$","M"],"items_purchased_type":["Card","Relic","Card"],"build_version":"2020-12-22","purchased_purges":1,"victory":false,"max_hp_per_floor":[70,70,70,70,70,70,70,70,70,70,70,70,70,70,70,70,70,70,70,70,70,70,70],"card_choices":[{"not_picked":["theDuelist:GaiaMidNightSun","theDuelist:MillenniumGolem","theDuelist:Sangan","theDuelist:DestroyerGolem"],"picked":"theDuelist:MudragonSwamp","floor":1},{"not_picked":["theDuelist:SangaThunder","theDuelist:NeoMagic","theDuelist:ThousandEyesIdol","theDuelist:CharcoalInpachi"],"picked":"theDuelist:Illusionist","floor":4},{"not_picked":["theDuelist:DarkMagician","theDuelist:SpiritHarp","theDuelist:AncientElf","theDuelist:PowerKaishin"],"picked":"theDuelist:MysticalElf","floor":5},{"not_picked":["theDuelist:BattleguardKing","theDuelist:MillenniumGolem","theDuelist:MudGolem","theDuelist:ForbiddenLance"],"picked":"theDuelist:SmashingGround","floor":7},{"not_picked":["theDuelist:CrystalWingDragon","theDuelist:IrisEarthMother","theDuelist:QueenDragunDjinn","theDuelist:RainbowDarkDragon"],"picked":"theDuelist:RainbowMagician","floor":12},{"not_picked":["theDuelist:MagicalBlast","theDuelist:ExodiaNecross"],"picked":"theDuelist:DarkPaladin","floor":13},{"not_picked":["theDuelist:FlyingSaucer","theDuelist:Illusionist","theDuelist:SpellShatteringArrow","theDuelist:LordD"],"picked":"theDuelist:InjectionFairy","floor":14},{"not_picked":["theDuelist:SpellShatteringArrow","theDuelist:LordD","theDuelist:AncientElf","theDuelist:Graverobber"],"picked":"theDuelist:InjectionFairy","floor":14},{"not_picked":["theDuelist:RainbowDarkDragon","theDuelist:RainbowMagician","theDuelist:RainbowKuriboh","theDuelist:RainbowOverdragon"],"picked":"theDuelist:IrisEarthMother","floor":16},{"not_picked":["theDuelist:ContractExodia","theDuelist:ExodiaRA","theDuelist:ExodiaLA","theDuelist:ExodiaHead"],"picked":"theDuelist:ExodiaNecross","floor":17},{"not_picked":["theDuelist:ExodiaRL","theDuelist:DarkMagician","theDuelist:OnslaughtFireKings","theDuelist:MagicalBlast"],"picked":"theDuelist:NeoMagic","floor":17},{"not_picked":["theDuelist:BlizzardWarrior","theDuelist:NeoMagic","theDuelist:DarkMagician","theDuelist:MythicalBeast"],"picked":"theDuelist:InjectionFairy","floor":17},{"not_picked":["theDuelist:ClearKuriboh","theDuelist:Sangan","theDuelist:FluteKuriboh","theDuelist:RainbowGravity"],"picked":"theDuelist:StrayLambs","floor":17},{"not_picked":["theDuelist:LegendaryExodia","theDuelist:ExodiaLA","theDuelist:CosmoBrain","theDuelist:BlueDragonSummoner"],"picked":"theDuelist:NeoMagic","floor":17},{"not_picked":["theDuelist:SangaThunder","theDuelist:NeoMagic","theDuelist:DarkMagician+1","theDuelist:SkilledDarkMagician"],"picked":"theDuelist:InjectionFairy","floor":18},{"not_picked":["theDuelist:MagiciansRobe+1","theDuelist:VoidExpansion","theDuelist:WonderWand"],"picked":"theDuelist:TimeWizard","floor":19}],"player_experience":1540443,"relics_obtained":[{"floor":7,"key":"Mirror"},{"floor":11,"key":"ReplayTheSpireMod:Ring of Exchange"},{"floor":12,"key":"War Paint"},{"floor":20,"key":"Necronomicon"}],"event_choices":[{"damage_healed":0,"gold_gain":0,"player_choice":"Forge","damage_taken":0,"max_hp_gain":0,"max_hp_loss":0,"event_name":"Accursed Blacksmith","floor":3,"gold_loss":0,"cards_upgraded":["theDuelist:DarkSparks"]},{"damage_healed":0,"gold_gain":0,"player_choice":"Obtained Book","damage_taken":21,"max_hp_gain":0,"max_hp_loss":0,"event_name":"Cursed Tome","floor":20,"gold_loss":0}],"is_beta":false,"boss_relics":[{"not_picked":["Sling","HandDrill"],"picked":"Orrery"}],"items_purged_floors":[21],"is_endless":false,"potions_floor_spawned":[1,7],"killed_by":"Cultist and Chosen","ascension_level":20}}