{"host":"8f5cu9y0fpol72qs","time":1611647829,"event":{"mods":["AlwaysNeverKeys","BaseMod","Colored Map","Colored Powertips","Curses Come First","Highlight Path","Key Reminder","Minty Spire (QoL Compilation)","StSLib"],"gold_per_floor":[111,124,49,49,124,124,124,124,124,155,155,168,168,204,204,300,300,295,319,339,36,36,36,79,79,79],"floor_reached":25,"language":"ENG","playtime":4342,"items_purged":["Strike_G","Strike_G"],"score":397,"play_id":"549b608a-be53-40f5-a16d-dfaf2ae030f1","local_time":"20210125235709","is_ascension_mode":true,"campfire_choices":[{"data":"Sucker Punch","floor":6,"key":"SMITH"},{"floor":8,"key":"REST"},{"floor":11,"key":"REST"},{"data":"Dash","floor":13,"key":"SMITH"},{"data":"Well Laid Plans","floor":15,"key":"SMITH"},{"floor":23,"key":"REST"}],"circlet_count":0,"master_deck":["AscendersBane","Strike_G","Strike_G","Defend_G","Defend_G","Defend_G","Defend_G","Defend_G","Survivor","Neutralize","Dash+1","Sucker Punch+1","Blade Dance","Well Laid Plans+1","Backflip","Envenom+1","Cloak And Dagger+1","Dagger Spray","Footwork+1","Apotheosis"],"relics":["Ring of the Snake","Golden Idol","Question Card","Regal Pillow","Frozen Egg 2","WristBlade","Gremlin Horn"],"acts_visited":["Exordium","TheCity"],"potions_floor_usage":[16,18],"damage_taken":[{"damage":6,"enemies":"Jaw Worm","floor":1,"turns":6},{"damage":4,"enemies":"Small Slimes","floor":2,"turns":4},{"damage":14,"enemies":"3 Sentries","floor":10,"turns":13},{"damage":0,"enemies":"2 Louse","floor":12,"turns":2},{"damage":33,"enemies":"Gremlin Nob","floor":14,"turns":6},{"damage":7,"enemies":"Hexaghost","floor":16,"turns":11},{"damage":13,"enemies":"2 Thieves","floor":18,"turns":4},{"damage":1,"enemies":"3 Byrds","floor":19,"turns":5},{"damage":33,"enemies":"Snake Plant","floor":20,"turns":6},{"damage":53,"enemies":"Slavers","floor":24,"turns":8},{"damage":0,"enemies":"Centurion and Healer","floor":25,"turns":1}],"seed_played":"2000422989595641889","potions_obtained":[{"floor":14,"key":"Strength Potion"},{"floor":16,"key":"Fruit Juice"},{"floor":24,"key":"EssenceOfSteel"}],"is_trial":false,"path_per_floor":["M","M","$","?","?","R","?","R","T","E","R","M","R","E","R","B",null,"M","M","M","$","?","R","E","M"],"character_chosen":"THE_SILENT","items_purchased":["Footwork+1","Apotheosis"],"campfire_rested":3,"item_purchase_floors":[21,21],"current_hp_per_floor":[59,55,55,55,44,44,19,40,40,26,62,62,62,29,29,22,60,52,51,18,18,18,56,3,3,3],"gold":79,"neow_bonus":"TEN_PERCENT_HP_BONUS","is_daily":false,"chose_seed":false,"campfire_upgraded":3,"win_rate":0.0,"timestamp":1611647829,"path_taken":["M","M","$","?","?","R","?","R","T","E","R","M","R","E","R","BOSS","M","M","M","$","?","R","E","M"],"items_purchased_type":["Card","Card"],"build_version":"2020-12-22","purchased_purges":2,"victory":false,"max_hp_per_floor":[72,72,72,72,72,72,72,72,72,72,72,72,72,72,72,72,72,77,77,77,77,77,77,77,77,77],"card_choices":[{"not_picked":["Blade Dance","Cloak And Dagger"],"picked":"Dash","floor":1},{"not_picked":["Deflect","Outmaneuver"],"picked":"Sucker Punch","floor":2},{"not_picked":["Dagger Throw","Concentrate","Storm of Steel"],"picked":"Blade Dance","floor":10},{"not_picked":["Slice","Prepared","Setup"],"picked":"Well Laid Plans","floor":12},{"not_picked":["Dagger Spray","Dodge and Roll","Acrobatics"],"picked":"Backflip","floor":14},{"not_picked":["Die Die Die","Night Terror","Glass Knife"],"picked":"Envenom+1","floor":16},{"not_picked":["Flying Knee","Bane","Dagger Spray"],"picked":"Cloak And Dagger+1","floor":18},{"not_picked":["Sucker Punch","Deflect","Concentrate+1","Catalyst"],"picked":"SKIP","floor":19},{"not_picked":["Underhanded Strike+1","Backflip","All Out Attack"],"picked":"Dagger Spray","floor":20},{"not_picked":["Tools of the Trade+1","Dagger Spray","Distraction","Cloak And Dagger"],"picked":"SKIP","floor":24}],"player_experience":912256,"relics_obtained":[{"floor":9,"key":"Question Card"},{"floor":10,"key":"Regal Pillow"},{"floor":14,"key":"Frozen Egg 2"},{"floor":24,"key":"Gremlin Horn"}],"event_choices":[{"cards_removed":["Strike_G"],"damage_healed":0,"gold_gain":0,"player_choice":"Forget","damage_taken":0,"max_hp_gain":0,"max_hp_loss":0,"event_name":"Living Wall","floor":4,"gold_loss":0},{"damage_healed":0,"gold_gain":75,"player_choice":"Gather Gold","damage_taken":11,"max_hp_gain":0,"max_hp_loss":0,"event_name":"World of Goop","floor":5,"gold_loss":0},{"damage_healed":0,"gold_gain":0,"player_choice":"Take Damage","damage_taken":25,"relics_obtained":["Golden Idol"],"max_hp_gain":0,"max_hp_loss":0,"event_name":"Golden Idol","floor":7,"gold_loss":0}],"is_beta":false,"boss_relics":[{"not_picked":["Philosopher\u0027s Stone","Runic Dome"],"picked":"WristBlade"}],"items_purged_floors":[3,21],"is_endless":false,"potions_floor_spawned":[14,16,24],"killed_by":"Centurion and Healer","ascension_level":15}}