{"host":"xmr2g8b7eju0288o","time":1611683138,"event":{"mods":["AchievementEnabler","BaseMod","Colored Map","Colored Powertips","Infinite Spire","KOR Keyword Fix","Minty Spire (QoL Compilation)","Quick Restart","Spicy Shops","StSLib","SuperFastMode"],"gold_per_floor":[109,109,124,138,155,155,180,180,227,377,377,50,83,358,358,429,429,443,460,460,460,477,477,495,512,512,602,602,635,635,635],"floor_reached":30,"language":"KOR","playtime":825,"items_purged":["Pain","Doubt"],"score":566,"play_id":"30c45da7-3061-4880-b569-281e6f037df1","local_time":"20210127024538","daily_mods":["Heirloom"],"is_ascension_mode":true,"campfire_choices":[{"data":"Blade Dance","floor":6.0,"key":"SMITH"},{"data":"Blade Dance","floor":8.0,"key":"SMITH"},{"data":"Neutralize","floor":11.0,"key":"SMITH"},{"data":"Accuracy","floor":15.0,"key":"SMITH"},{"floor":23.0,"key":"REST"}],"circlet_count":0,"master_deck":["AscendersBane","Strike_G","Strike_G","Strike_G","Strike_G","Strike_G","Defend_G+1","Defend_G","Defend_G","Defend_G","Defend_G","Survivor","Neutralize+1","Backflip","Blade Dance+1","Deadly Poison","Blur","Blade Dance+1","Accuracy+1","Regret","Storm of Steel","Dodge and Roll","Cloak And Dagger+1","Accuracy+1","Blade Dance","Prepared","Expertise+1","infinitespire:Fortify"],"relics":["Ring of the Snake","Torii","WarpedTongs","Mercury Hourglass","Oddly Smooth Stone","Membership Card","Ornamental Fan","Centennial Puzzle","Fusion Hammer","TungstenRod","Dream Catcher","War Paint"],"acts_visited":["Exordium","TheCity"],"potions_floor_usage":[29],"damage_taken":[{"damage":1.0,"enemies":"2 Louse","floor":1.0,"turns":3.0},{"damage":8.0,"enemies":"Cultist","floor":3.0,"turns":4.0},{"damage":1.0,"enemies":"Small Slimes","floor":4.0,"turns":3.0},{"damage":9.0,"enemies":"3 Louse","floor":5.0,"turns":4.0},{"damage":0.0,"enemies":"Gremlin Nob","floor":7.0,"turns":2.0},{"damage":2.0,"enemies":"Lagavulin","floor":13.0,"turns":5.0},{"damage":22.0,"enemies":"The Guardian","floor":16.0,"turns":10.0},{"damage":7.0,"enemies":"2 Thieves","floor":18.0,"turns":4.0},{"damage":13.0,"enemies":"Spheric Guardian","floor":19.0,"turns":4.0},{"damage":1.0,"enemies":"Snake Plant","floor":22.0,"turns":3.0},{"damage":11.0,"enemies":"3 Cultists","floor":24.0,"turns":5.0},{"damage":14.0,"enemies":"Centurion and Healer","floor":25.0,"turns":6.0},{"damage":15,"enemies":"Gremlin Leader","floor":29,"turns":3},{"damage":2,"enemies":"Snake Plant","floor":30,"turns":1}],"seed_played":"1168411834439199217","potions_obtained":[{"floor":1.0,"key":"ColorlessPotion"},{"floor":4.0,"key":"PowerPotion"},{"floor":18.0,"key":"Strength Potion"},{"floor":24.0,"key":"GamblersBrew"}],"is_trial":true,"path_per_floor":["M","?","M","M","M","R","E","R","T","?","R","$","E","?","R","B",null,"M","M","?","?","M","R","M","M","T","?","AVR","E","M"],"character_chosen":"THE_SILENT","items_purchased":["Membership Card","Ornamental Fan"],"campfire_rested":1,"item_purchase_floors":[12,12],"current_hp_per_floor":[58,58,50,49,40,40,40,40,40,40,40,40,38,38,38,16,54,47,34,34,34,33,52,41,27,27,17,17,2,0,0],"gold":635,"neow_bonus":"","is_daily":false,"chose_seed":false,"campfire_upgraded":4,"win_rate":0.0,"timestamp":1611683138,"path_taken":["M","?","?","M","?","R","E","R","T","?","R","$","E","?","R","BOSS","M","M","?","?","?","R","M","M","T","?","AVR","E","M"],"items_purchased_type":["Relic","Relic"],"build_version":"2020-12-22","purchased_purges":2,"victory":false,"max_hp_per_floor":[66,66,66,66,66,66,66,66,66,66,66,66,66,66,66,66,66,66,66,66,66,66,66,66,66,66,66,66,66,66,66],"card_choices":[{"not_picked":["Acrobatics","Flying Knee"],"picked":"Backflip","floor":1.0},{"not_picked":["Dodge and Roll","Expertise"],"picked":"Blade Dance","floor":3.0},{"not_picked":["Choke","Underhanded Strike"],"picked":"Deadly Poison","floor":4.0},{"not_picked":["Calculated Gamble","PiercingWail"],"picked":"Blur","floor":5.0},{"not_picked":["Dagger Throw","Endless Agony"],"picked":"Blade Dance","floor":7.0},{"not_picked":["Poisoned Stab","Slice"],"picked":"Accuracy","floor":13.0},{"not_picked":["Unload","A Thousand Cuts"],"picked":"Storm of Steel","floor":16.0},{"not_picked":["Dagger Throw","Quick Slash"],"picked":"Dodge and Roll","floor":18.0},{"not_picked":["Bouncing Flask+1","Deflect","Flying Knee"],"picked":"SKIP","floor":19.0},{"not_picked":["All Out Attack","Reflex"],"picked":"Blade Dance","floor":22.0},{"not_picked":["PiercingWail","Acrobatics"],"picked":"Prepared","floor":24.0},{"not_picked":["Deadly Poison","Blur"],"picked":"Expertise+1","floor":25.0},{"not_picked":["Endless Agony","Deadly Poison","Dodge and Roll"],"picked":"SKIP","floor":29}],"player_experience":79435,"relics_obtained":[{"floor":7.0,"key":"Mercury Hourglass"},{"floor":9.0,"key":"Oddly Smooth Stone"},{"floor":13.0,"key":"Centennial Puzzle"},{"floor":26.0,"key":"TungstenRod"},{"floor":29,"key":"War Paint"}],"event_choices":[{"damage_healed":0.0,"max_hp_gain":0.0,"max_hp_loss":0.0,"gold_gain":0.0,"event_name":"Accursed Blacksmith","player_choice":"Rummage","floor":2.0,"gold_loss":0.0,"damage_taken":0.0,"relics_obtained":["WarpedTongs"],"cards_obtained":["Pain"]},{"damage_healed":0.0,"max_hp_gain":0.0,"max_hp_loss":0.0,"gold_gain":150.0,"event_name":"Liars Game","player_choice":"AGREE","floor":10.0,"gold_loss":0.0,"damage_taken":0.0,"cards_obtained":["Doubt"]},{"damage_healed":0.0,"max_hp_gain":0.0,"max_hp_loss":0.0,"gold_gain":275.0,"event_name":"Golden Shrine","player_choice":"Desecrate","floor":14.0,"gold_loss":0.0,"damage_taken":0.0,"cards_obtained":["Regret"]},{"damage_healed":0.0,"max_hp_gain":0.0,"max_hp_loss":0.0,"gold_gain":0.0,"event_name":"The Library","player_choice":"Read","floor":20.0,"gold_loss":0.0,"damage_taken":0.0,"cards_obtained":["Cloak And Dagger"]},{"damage_healed":0.0,"max_hp_gain":0.0,"max_hp_loss":0.0,"gold_gain":0.0,"event_name":"Duplicator","player_choice":"Copied","floor":21.0,"gold_loss":0.0,"damage_taken":0.0,"cards_obtained":["Accuracy"]},{"damage_healed":0.0,"max_hp_gain":0.0,"max_hp_loss":0.0,"gold_gain":90.0,"event_name":"Knowing Skull","player_choice":"GOLD ","floor":27.0,"potions_obtained":[],"gold_loss":0.0,"damage_taken":12.0,"cards_obtained":[]}],"is_beta":false,"boss_relics":[{"not_picked":["Runic Dome","HoveringKite"],"picked":"Fusion Hammer"}],"items_purged_floors":[12,12],"is_endless":false,"potions_floor_spawned":[1,4,5,18,24],"killed_by":"Snake Plant","ascension_level":20}}