{"host":"a2lvm7nbw6nkrc91","time":1611635037,"event":{"mods":["BaseMod","Friendly Minions","Hermit","Lobotomy","Minty Spire (QoL Compilation)","Replay The Spire","StSLib"],"gold_per_floor":[114,127,127,150,163,163,11,25,25,64,134,134,134,152,152,271,271,284,302,242,242,242],"floor_reached":21,"language":"KOR","playtime":902,"items_purged":["HeroicMonk"],"score":181,"play_id":"db5e4034-92ff-45f1-b1bd-8a34dd1d43f2","local_time":"20210126132357","is_ascension_mode":false,"campfire_choices":[{"data":"hermit:Maintenance","floor":6,"key":"SMITH"},{"floor":12,"key":"REST"},{"data":"hermit:Showdown","floor":15,"key":"SMITH"}],"circlet_count":0,"master_deck":["hermit:Strike_Hermit","hermit:Strike_Hermit","hermit:Strike_Hermit","hermit:Strike_Hermit","hermit:Defend_Hermit","hermit:Defend_Hermit","hermit:Defend_Hermit","hermit:Defend_Hermit","hermit:Snapshot","hermit:Covet","BlackArmy","hermit:ShadowCloak","hermit:Headshot","hermit:Maintenance+1","hermit:Showdown+1","hermit:DeadMansHand","hermit:SprayPray","hermit:EyeOfTheStorm","BlueStar","hermit:Reprieve","hermit:Combo","hermit:Snipe+1"],"relics":["hermit:Momento","CogitoBucket","Golden Idol","hermit:RyeStalk","Smiling Mask","Chameleon Ring","AspirationHeart","Honey Jar"],"acts_visited":["Exordium","TheCity"],"potions_floor_usage":[10,11,14,16,19,21],"damage_taken":[{"damage":1,"enemies":"Jaw Worm","floor":1,"turns":3},{"damage":6,"enemies":"2 Louse","floor":2,"turns":4},{"damage":11,"enemies":"Small Slimes","floor":4,"turns":4},{"damage":9,"enemies":"Exordium Thugs","floor":5,"turns":3},{"damage":8,"enemies":"Large Slime","floor":8,"turns":6},{"damage":17,"enemies":"Lagavulin","floor":10,"turns":6},{"damage":20,"enemies":"Lagavulin Event","floor":11,"turns":4},{"damage":48,"enemies":"Looter","floor":14,"turns":8},{"damage":18,"enemies":"Slime Boss","floor":16,"turns":11},{"damage":60,"enemies":"2 Thieves","floor":18,"turns":4},{"damage":13,"enemies":"3 Byrds","floor":19,"turns":4},{"damage":27,"enemies":"3 Cultists","floor":21,"turns":5}],"seed_played":"4230533763254207008","potions_obtained":[{"floor":4,"key":"DuplicationPotion"},{"floor":8,"key":"FearPotion"},{"floor":10,"key":"FearPotion"},{"floor":14,"key":"Dexterity Potion"},{"floor":18,"key":"SkillPotion"},{"floor":19,"key":"BlessingOfTheForge"}],"is_trial":false,"path_per_floor":["M","M","?","M","M","R","$","M","T","E","?","R","?","M","R","B",null,"M","M","?","M"],"character_chosen":"HERMIT","items_purchased":["hermit:Showdown"],"campfire_rested":1,"item_purchase_floors":[7],"current_hp_per_floor":[74,70,69,59,50,50,50,45,45,31,11,31,69,37,37,28,79,22,19,19,0,0],"gold":242,"neow_bonus":"","is_daily":false,"chose_seed":false,"campfire_upgraded":2,"win_rate":0.0,"timestamp":1611635037,"path_taken":["M","M","?","M","M","R","$","M","T","E","?","R","?","M","R","BOSS","M","M","?","M"],"items_purchased_type":["Card"],"build_version":"2020-12-22","purchased_purges":1,"victory":false,"max_hp_per_floor":[75,75,69,69,69,69,69,69,69,69,69,69,69,79,79,79,79,79,79,79,79,79],"card_choices":[{"not_picked":["ShyLook","PunishingBird","Bloodbath"],"picked":"Singing Bowl","floor":1},{"not_picked":["OSAHOGD","MHz"],"picked":"BlackArmy","floor":1},{"not_picked":["hermit:Determination","hermit:CursedWeapon"],"picked":"hermit:ShadowCloak","floor":1},{"not_picked":["Murderer","SpiderBud","VoidDream"],"picked":"Singing Bowl","floor":2},{"not_picked":["hermit:Coalescence","hermit:Shortfuse","hermit:Midnight"],"picked":"SKIP","floor":2},{"not_picked":["Scorched","BeautyBeast"],"picked":"HeroicMonk","floor":4},{"not_picked":["hermit:CalledShot","hermit:PistolWhip"],"picked":"hermit:Headshot","floor":4},{"not_picked":["Murderer","Freischutz","MHz"],"picked":"Singing Bowl","floor":5},{"not_picked":["hermit:TrackingShot","hermit:Coalescence"],"picked":"hermit:Maintenance","floor":5},{"not_picked":["SpiderBud","MHz","Mercenary"],"picked":"Singing Bowl","floor":8},{"not_picked":["hermit:Manifest","hermit:Quickdraw"],"picked":"hermit:DeadMansHand","floor":8},{"not_picked":["MHz","Bloodbath","WallGazer"],"picked":"Singing Bowl","floor":10},{"not_picked":["hermit:Gestalt","hermit:PistolWhip","hermit:Glare"],"picked":"SKIP","floor":10},{"not_picked":["OSAHOGD","MeatLantern","OldLady"],"picked":"Singing Bowl","floor":11},{"not_picked":["SpiderBud","QueenOfHatred"],"picked":"SingingMachine","floor":11},{"not_picked":["hermit:Ricochet","hermit:Feint"],"picked":"hermit:SprayPray","floor":11},{"not_picked":["Scorched","OldLady","UniverseFragment"],"picked":"Singing Bowl","floor":14},{"not_picked":["hermit:BodyArmor","hermit:Headshot"],"picked":"hermit:EyeOfTheStorm","floor":14},{"not_picked":["Porccubus","SnowQueen","Bloodbath"],"picked":"Singing Bowl","floor":16},{"not_picked":["Variant","CherryBlossoms"],"picked":"BlueStar","floor":16},{"not_picked":["hermit:Gambit","hermit:Roughhouse"],"picked":"hermit:Reprieve","floor":16},{"not_picked":["hermit:FlashPowder","hermit:BodyArmor","hermit:ItchyTrigger"],"picked":"hermit:Combo","floor":18},{"not_picked":["BlackSwan","DespairKnight","SpiderBud"],"picked":"Singing Bowl","floor":19},{"not_picked":["hermit:Coalescence","hermit:Manifest","hermit:Headshot"],"picked":"hermit:Snipe+1","floor":19}],"player_experience":509201,"relics_obtained":[{"floor":9,"key":"hermit:RyeStalk"},{"floor":10,"key":"Smiling Mask"},{"floor":11,"key":"Chameleon Ring"}],"event_choices":[{"damage_healed":0,"gold_gain":0,"player_choice":"Lose Max HP","damage_taken":0,"relics_obtained":["Golden Idol"],"max_hp_gain":0,"max_hp_loss":6,"event_name":"Golden Idol","floor":3,"gold_loss":0},{"damage_healed":0,"gold_gain":0,"player_choice":"Searched \u00272\u0027 times","damage_taken":0,"max_hp_gain":0,"max_hp_loss":0,"event_name":"Dead Adventurer","floor":11,"gold_loss":0},{"cards_removed":["SingingMachine"],"damage_healed":38,"gold_gain":0,"player_choice":"Offered Uncommon","damage_taken":0,"max_hp_gain":0,"max_hp_loss":0,"event_name":"Bonfire Elementals","floor":13,"gold_loss":0}],"is_beta":false,"boss_relics":[{"not_picked":["Sozu","Empty Cage"],"picked":"Honey Jar"}],"items_purged_floors":[7],"is_endless":false,"potions_floor_spawned":[4,8,10,14,18,19],"killed_by":"3 Cultists","ascension_level":0}}