{"host":"k2mw1od0xoi9pcfj","time":1611622286,"event":{"mods":["AchievementEnabler","BaseMod","Hermit","Highlight Path","Minty Spire (QoL Compilation)","Permanent Neow","Relic Stats","StSLib"],"gold_per_floor":[218,218,238,313,313,313,313,356,356,79,100,100,135,158,158,286,286,270,270,270,270,283,326,326,326,326],"floor_reached":25,"language":"ENG","playtime":1190,"items_purged":[],"score":250,"play_id":"4c1e9507-4dba-4861-8638-376ca7a622fe","local_time":"20210125185126","is_ascension_mode":true,"campfire_choices":[{"data":"Shockwave","floor":6,"key":"SMITH"},{"floor":12,"key":"REST"},{"data":"Iron Wave","floor":15,"key":"SMITH"},{"floor":24,"key":"RECALL"}],"circlet_count":0,"master_deck":["Strike_R","Strike_R","Strike_R","Strike_R+1","Defend_R","Defend_R","Defend_R","Defend_R+1","Bash","Iron Wave+1","Shockwave+1","Injury","Combust+1","Fire Breathing+1","Barricade+1","Armaments+1","Shockwave+1","RitualDagger","Iron Wave","Disarm+1"],"relics":["Burning Blood","Golden Idol","Anchor","Frozen Egg 2","Pear","Toxic Egg 2","Black Star","Nunchaku","Bottled Flame"],"acts_visited":["Exordium","TheCity"],"potions_floor_usage":[18,22,23],"damage_taken":[{"damage":9,"enemies":"Jaw Worm","floor":1,"turns":5},{"damage":7,"enemies":"2 Louse","floor":3,"turns":3},{"damage":19,"enemies":"Gremlin Nob","floor":8,"turns":5},{"damage":4,"enemies":"Small Slimes","floor":11,"turns":3},{"damage":23,"enemies":"3 Sentries","floor":13,"turns":4},{"damage":8,"enemies":"Blue Slaver","floor":14,"turns":5},{"damage":34,"enemies":"The Guardian","floor":16,"turns":14},{"damage":17,"enemies":"2 Thieves","floor":18,"turns":4},{"damage":17,"enemies":"3 Byrds","floor":22,"turns":6},{"damage":35,"enemies":"Book of Stabbing","floor":23,"turns":7},{"damage":0,"enemies":"Slavers","floor":25,"turns":1}],"seed_played":"-6044895532896076009","potions_obtained":[{"floor":11,"key":"PowerPotion"},{"floor":13,"key":"Explosive Potion"},{"floor":14,"key":"Block Potion"},{"floor":18,"key":"SteroidPotion"}],"is_trial":false,"path_per_floor":["M","?","M","?","?","R","?","E","T","$","M","R","E","M","R","B",null,"M","?","T","?","M","E","R","E"],"character_chosen":"IRONCLAD","items_purchased":["Pear","Combust+1"],"campfire_rested":1,"item_purchase_floors":[10,10],"current_hp_per_floor":[77,61,60,49,49,49,49,36,36,46,48,75,58,56,56,28,90,79,73,73,73,62,33,33,33,33],"gold":326,"neow_bonus":"HUNDRED_GOLD","is_daily":false,"chose_seed":false,"campfire_upgraded":2,"win_rate":0.0,"timestamp":1611622286,"path_taken":["M","?","M","?","?","R","?","E","T","$","?","R","E","M","R","BOSS","M","?","?","?","?","E","R","E"],"items_purchased_type":["Relic","Card"],"build_version":"2020-12-22","purchased_purges":0,"victory":false,"max_hp_per_floor":[80,80,80,80,80,80,80,80,80,90,90,90,90,90,90,90,90,90,90,90,90,90,90,90,90,90],"relic_stats":{"Nunchaku":[0],"counters":[11,57],"Golden Idol":66,"Black Star":1,"obtain_stats":[{"Anchor":8,"Nunchaku":23,"Bottled Flame":23,"Pear":10,"Golden Idol":5,"Black Star":17,"Frozen Egg 2":9,"Toxic Egg 2":13,"Burning Blood":0},{"Anchor":3,"Nunchaku":10,"Bottled Flame":10,"Pear":3,"Golden Idol":2,"Black Star":7,"Frozen Egg 2":3,"Toxic Egg 2":5,"Burning Blood":0},{"Anchor":13,"Nunchaku":56,"Bottled Flame":56,"Pear":13,"Golden Idol":8,"Black Star":39,"Frozen Egg 2":13,"Toxic Egg 2":20,"Burning Blood":0}],"Burning Blood":60},"card_choices":[{"not_picked":["Body Slam","Fire Breathing"],"picked":"Iron Wave","floor":1},{"not_picked":["Headbutt","Rupture"],"picked":"Shockwave","floor":3},{"not_picked":["Sword Boomerang","Cleave","Twin Strike"],"picked":"SKIP","floor":8},{"not_picked":["Cleave","Rage"],"picked":"Fire Breathing+1","floor":11},{"not_picked":["Headbutt","Thunderclap"],"picked":"Barricade+1","floor":13},{"not_picked":["Heavy Blade","Impervious+1"],"picked":"Armaments+1","floor":14},{"not_picked":["Sever Soul","Cleave+1"],"picked":"Shockwave+1","floor":18},{"not_picked":["Havoc+1","Searing Blow","Second Wind+1"],"picked":"SKIP","floor":22},{"not_picked":["Flex+1","Dual Wield+1"],"picked":"Disarm+1","floor":23}],"player_experience":677301,"relics_obtained":[{"floor":8,"key":"Anchor"},{"floor":9,"key":"Frozen Egg 2"},{"floor":13,"key":"Toxic Egg 2"},{"floor":23,"key":"Nunchaku"},{"floor":23,"key":"Bottled Flame"}],"event_choices":[{"damage_healed":0,"gold_gain":0,"player_choice":"Entered Light","damage_taken":16,"max_hp_gain":0,"max_hp_loss":0,"event_name":"Shining Light","floor":2,"gold_loss":0,"cards_upgraded":["Strike_R","Defend_R"]},{"damage_healed":0,"gold_gain":75,"player_choice":"Gather Gold","damage_taken":11,"max_hp_gain":0,"max_hp_loss":0,"event_name":"World of Goop","floor":4,"gold_loss":0},{"damage_healed":0,"gold_gain":0,"player_choice":"Take Wound","damage_taken":0,"relics_obtained":["Golden Idol"],"max_hp_gain":0,"max_hp_loss":0,"event_name":"Golden Idol","floor":5,"gold_loss":0,"cards_obtained":["Injury"]},{"damage_healed":0,"gold_gain":0,"player_choice":"Searched \u00270\u0027 times","damage_taken":0,"max_hp_gain":0,"max_hp_loss":0,"event_name":"Dead Adventurer","floor":7,"gold_loss":0},{"damage_healed":0,"gold_gain":0,"player_choice":"Joined the Cult","damage_taken":6,"max_hp_gain":0,"max_hp_loss":0,"event_name":"Nest","floor":19,"gold_loss":0,"cards_obtained":["RitualDagger"]},{"damage_healed":0,"gold_gain":0,"cards_transformed":["Strike_R"],"player_choice":"Transformed","damage_taken":0,"max_hp_gain":0,"max_hp_loss":0,"event_name":"Transmorgrifier","floor":21,"gold_loss":0,"cards_obtained":["Iron Wave"]}],"is_beta":false,"boss_relics":[{"not_picked":["Velvet Choker","Runic Pyramid"],"picked":"Black Star"}],"items_purged_floors":[],"is_endless":false,"potions_floor_spawned":[11,13,14,16,18],"killed_by":"Slavers","ascension_level":2}}