{"host":"6xsbn6ynqlzwllfm","time":1611697359,"event":{"mods":["2.2 Compatiblity","BaseMod","Bestiary","Colored Map","Colored Powertips","Curses Come First","Highlight Path","Keyboard Shortcuts","Minty Spire (QoL Compilation)","Relic Stats","Slay the Relics Exporter","StSLib","SuperFastMode"],"gold_per_floor":[114,74,87,105,105,148,161,161,237,272,37,37,68,91,91,190,190,211,39,39,58,78,117,117,162,212,212,256,256,281,306,315,420,420,448,475,45,69,353,353,353],"floor_reached":40,"language":"ENG","playtime":1803,"items_purged":["Strike_R","Strike_R"],"score":1203,"play_id":"f6f034cc-17c5-4eaa-92d4-b0a99dce0176","local_time":"20210126164239","is_ascension_mode":true,"campfire_choices":[{"data":"Whirlwind","floor":8,"key":"SMITH"},{"data":"Bash","floor":12,"key":"SMITH"},{"data":"Spot Weakness","floor":15,"key":"SMITH"},{"floor":24,"key":"REST"},{"data":"True Grit","floor":27,"key":"SMITH"},{"data":"Anger","floor":29,"key":"SMITH"},{"floor":32,"key":"REST"}],"circlet_count":0,"master_deck":["AscendersBane","Strike_R","Strike_R","Defend_R","Defend_R","Defend_R","Defend_R","Bash+1","Clothesline","Anger+1","True Grit+1","Rupture","Whirlwind+1","Spot Weakness+1","Warcry","Impervious","Ghostly Armor","Sword Boomerang+1","Disarm","Shockwave","Shrug It Off","Disarm+1","Barricade","Feel No Pain","Seeing Red","Feel No Pain","Regret"],"relics":["SlaversCollar","Golden Idol","FossilizedHelix","Paper Frog","Bag of Preparation","Sling","Dream Catcher","Toy Ornithopter","Runic Cube","Bag of Marbles","CeramicFish","Blue Candle","Nunchaku","Potion Belt","Runic Pyramid","ClockworkSouvenir","Centennial Puzzle"],"acts_visited":["Exordium","TheCity","TheBeyond"],"potions_floor_usage":[6,6,10,18,23,31,33,33,36,36],"damage_taken":[{"damage":1,"enemies":"Cultist","floor":1,"turns":3},{"damage":4,"enemies":"Small Slimes","floor":3,"turns":3},{"damage":7,"enemies":"Jaw Worm","floor":4,"turns":3},{"damage":3,"enemies":"Lagavulin","floor":6,"turns":5},{"damage":5,"enemies":"Blue Slaver","floor":7,"turns":4},{"damage":0,"enemies":"Gremlin Nob","floor":10,"turns":3},{"damage":0,"enemies":"Lagavulin","floor":13,"turns":3},{"damage":23,"enemies":"The Guardian","floor":16,"turns":9},{"damage":41,"enemies":"Spheric Guardian","floor":18,"turns":6},{"damage":0,"enemies":"Chosen","floor":21,"turns":4},{"damage":0,"enemies":"Centurion and Healer","floor":22,"turns":6},{"damage":0,"enemies":"Slavers","floor":23,"turns":1},{"damage":0,"enemies":"Gremlin Leader","floor":25,"turns":4},{"damage":0,"enemies":"Slavers","floor":28,"turns":3},{"damage":4,"enemies":"Snake Plant","floor":30,"turns":5},{"damage":33,"enemies":"Sentry and Sphere","floor":31,"turns":7},{"damage":29,"enemies":"Automaton","floor":33,"turns":9},{"damage":0,"enemies":"3 Shapes","floor":35,"turns":14},{"damage":0,"enemies":"3 Darklings","floor":36,"turns":2},{"damage":26,"enemies":"Writhing Mass","floor":38,"turns":10},{"damage":78,"enemies":"Giant Head","floor":40,"turns":8}],"seed_played":"-9067285827713132287","potions_obtained":[{"floor":2,"key":"Strength Potion"},{"floor":2,"key":"Block Potion"},{"floor":6,"key":"Block Potion"},{"floor":10,"key":"SteroidPotion"},{"floor":13,"key":"FearPotion"},{"floor":16,"key":"SteroidPotion"},{"floor":18,"key":"SpeedPotion"},{"floor":23,"key":"Block Potion"},{"floor":28,"key":"BloodPotion"},{"floor":31,"key":"Block Potion"},{"floor":35,"key":"Energy Potion"}],"is_trial":false,"path_per_floor":["M","?","M","M","?","E","M","R","T","E","$","R","E","T","R","B",null,"M","$","?","M","M","E","R","E","T","R","E","R","M","M","R","B",null,"M","M","$","M","?","E"],"character_chosen":"IRONCLAD","items_purchased":["Sling","Bag of Marbles","ClockworkSouvenir","Centennial Puzzle"],"campfire_rested":2,"item_purchase_floors":[11,19,37,37],"current_hp_per_floor":[67,67,63,56,56,53,48,48,48,48,48,48,48,48,48,25,57,21,21,21,21,21,26,46,46,46,46,46,46,42,14,34,28,58,58,68,68,42,42,0,0],"gold":353,"neow_bonus":"BOSS_RELIC","is_daily":false,"chose_seed":false,"campfire_upgraded":5,"win_rate":0.0,"timestamp":1611697359,"path_taken":["M","?","?","M","?","E","M","R","T","E","?","R","E","?","R","BOSS","M","$","?","?","M","E","R","E","T","R","E","R","M","M","R","BOSS","M","M","$","M","?","E"],"items_purchased_type":["Relic","Relic","Relic","Relic"],"build_version":"2020-12-22","purchased_purges":2,"victory":false,"max_hp_per_floor":[75,75,75,75,68,68,68,68,68,68,68,68,68,68,68,68,68,68,68,68,68,68,68,68,68,68,68,68,68,68,68,68,68,68,68,68,68,68,68,68,68],"relic_stats":{"Dream Catcher":2,"Nunchaku":[5],"Centennial Puzzle":[4],"counters":[21,112],"Golden Idol":117,"CeramicFish":81,"Blue Candle":[4],"Bag of Preparation":[30],"obtain_stats":[{"Potion Belt":28,"Golden Idol":5,"CeramicFish":23,"Blue Candle":25,"Bag of Preparation":10,"Sling":11,"Burning Blood":0,"ClockworkSouvenir":37,"SlaversCollar":0,"Dream Catcher":13,"Nunchaku":26,"Centennial Puzzle":37,"Bag of Marbles":19,"FossilizedHelix":6,"Toy Ornithopter":14,"Paper Frog":9,"Runic Cube":17,"Runic Pyramid":34},{"Potion Belt":14,"Golden Idol":3,"CeramicFish":12,"Blue Candle":13,"Bag of Preparation":6,"Sling":6,"Burning Blood":0,"ClockworkSouvenir":19,"SlaversCollar":0,"Dream Catcher":7,"Nunchaku":13,"Centennial Puzzle":19,"Bag of Marbles":9,"FossilizedHelix":4,"Toy Ornithopter":7,"Paper Frog":5,"Runic Cube":8,"Runic Pyramid":17},{"Potion Belt":57,"Golden Idol":9,"CeramicFish":50,"Blue Candle":54,"Bag of Preparation":21,"Sling":21,"Burning Blood":0,"ClockworkSouvenir":94,"SlaversCollar":0,"Dream Catcher":24,"Nunchaku":54,"Centennial Puzzle":94,"Bag of Marbles":39,"FossilizedHelix":14,"Toy Ornithopter":24,"Paper Frog":18,"Runic Cube":33,"Runic Pyramid":78}],"Toy Ornithopter":35,"Runic Cube":[19]},"card_choices":[{"not_picked":["Twin Strike","Shrug It Off"],"picked":"Clothesline","floor":1},{"not_picked":["Body Slam","Rage"],"picked":"Anger","floor":3},{"not_picked":["Evolve","Clothesline"],"picked":"True Grit","floor":4},{"not_picked":["Burning Pact","Searing Blow"],"picked":"Rupture","floor":6},{"not_picked":["Infernal Blade","Sentinel"],"picked":"Whirlwind","floor":7},{"not_picked":["Clash","Intimidate"],"picked":"Spot Weakness","floor":10},{"not_picked":["Heavy Blade","Bludgeon"],"picked":"Warcry","floor":13},{"not_picked":["Juggernaut","Corruption"],"picked":"Impervious","floor":16},{"not_picked":["Headbutt","Sword Boomerang"],"picked":"Ghostly Armor","floor":18},{"not_picked":["Anger","Armaments"],"picked":"Sword Boomerang+1","floor":21},{"not_picked":["Barricade","Spot Weakness","Pommel Strike"],"picked":"SKIP","floor":22},{"not_picked":["Sword Boomerang","Evolve"],"picked":"Disarm","floor":25},{"not_picked":["Wild Strike","Havoc"],"picked":"Shockwave","floor":30},{"not_picked":["Heavy Blade","Sword Boomerang"],"picked":"Shrug It Off","floor":31},{"not_picked":["Armaments","Havoc"],"picked":"Disarm+1","floor":32},{"not_picked":["Demon Form","Bludgeon"],"picked":"Barricade","floor":33},{"not_picked":["Flame Barrier","Inflame"],"picked":"Feel No Pain","floor":35},{"not_picked":["Pommel Strike","Havoc"],"picked":"Seeing Red","floor":36},{"not_picked":["Hemokinesis","Havoc"],"picked":"Feel No Pain","floor":38}],"player_experience":1142480,"relics_obtained":[{"floor":6,"key":"FossilizedHelix"},{"floor":9,"key":"Paper Frog"},{"floor":10,"key":"Bag of Preparation"},{"floor":13,"key":"Dream Catcher"},{"floor":14,"key":"Toy Ornithopter"},{"floor":23,"key":"CeramicFish"},{"floor":25,"key":"Blue Candle"},{"floor":26,"key":"Nunchaku"},{"floor":28,"key":"Potion Belt"}],"event_choices":[{"damage_healed":0,"gold_gain":0,"player_choice":"Bought 3 Potions","damage_taken":0,"max_hp_gain":0,"max_hp_loss":0,"event_name":"The Woman in Blue","floor":2,"gold_loss":0},{"damage_healed":0,"gold_gain":0,"player_choice":"Lose Max HP","damage_taken":0,"relics_obtained":["Golden Idol"],"max_hp_gain":0,"max_hp_loss":7,"event_name":"Golden Idol","floor":5,"gold_loss":0},{"cards_removed":["Strike_R"],"damage_healed":0,"gold_gain":0,"player_choice":"Purged","damage_taken":0,"max_hp_gain":0,"max_hp_loss":0,"event_name":"Purifier","floor":20,"gold_loss":0},{"damage_healed":0,"gold_gain":275,"player_choice":"Desecrate","damage_taken":0,"max_hp_gain":0,"max_hp_loss":0,"event_name":"Golden Shrine","floor":39,"gold_loss":0,"cards_obtained":["Regret"]}],"is_beta":false,"boss_relics":[{"not_picked":["Runic Dome","Empty Cage"],"picked":"Runic Cube"},{"not_picked":["Tiny House","Astrolabe"],"picked":"Runic Pyramid"}],"items_purged_floors":[11,37],"is_endless":false,"potions_floor_spawned":[6,10,13,16,18,23,28,31,35],"killed_by":"Giant Head","ascension_level":20}}