{"host":"uv5ws9rdk87e8i5k","time":1611645686,"event":{"mods":["AchievementEnabler","BaseMod","Colored Map","Minty Spire (QoL Compilation)","Permanent Neow","Quick Restart","StSLib","SuperFastMode","The Animator","The Cursed","The Hierophant","The Necromancer"],"gold_per_floor":[116,134,150,150,163,163,193,193,193,221,238,268,278,278,278,374,374,394,414,43,56,56,86,86,114,137,169,194,240,252,276,288,401,413,435,447,475,504,536,583,611,623,660,144,144,158,187,203,203,203],"floor_reached":51,"language":"ENG","playtime":1175,"items_purged":["Strike_R","Strike_R"],"score":1150,"play_id":"7be6ebba-c747-432b-8c2d-5a02f6a547c1","local_time":"20210126012126","is_ascension_mode":true,"campfire_choices":[{"data":"Heavy Blade","floor":6.0,"key":"SMITH"},{"data":"Heavy Blade","floor":8.0,"key":"SMITH"},{"floor":15.0,"key":"REST"},{"floor":24.0,"key":"REST"},{"data":"Limit Break","floor":30.0,"key":"SMITH"},{"floor":32.0,"key":"REST"},{"data":"Heavy Blade","floor":42.0,"key":"SMITH"},{"data":"Seeing Red","floor":49.0,"key":"SMITH"}],"circlet_count":0,"master_deck":["Strike_R","Defend_R","Defend_R","Defend_R","Bash","Spot Weakness","Headbutt","Cleave","Havoc+1","Heavy Blade+1","Spot Weakness","Heavy Blade+1","Warcry","Sword Boomerang","Warcry","Double Tap","Limit Break+1","Heavy Blade+1","Shockwave+1","Immolate","Inflame+1","Battle Trance","Inflame","Headbutt+1","Whirlwind","Inflame+1","Seeing Red+1","Immolate"],"relics":["Black Blood","Prayer Wheel","HornCleat","Mummified Hand","Orichalcum","Juzu Bracelet","Runic Dome","Anchor","TheAbacus","Centennial Puzzle","Ornamental Fan","MawBank","CaptainsWheel","Pantograph","Blood Vial","Toy Ornithopter","HandDrill","Omamori"],"acts_visited":["Exordium","TheCity","TheBeyond"],"potions_floor_usage":[50,50,50],"damage_taken":[{"damage":2.0,"enemies":"2 Louse","floor":1.0,"turns":3.0},{"damage":1.0,"enemies":"Cultist","floor":2.0,"turns":4.0},{"damage":14.0,"enemies":"Jaw Worm","floor":3.0,"turns":3.0},{"damage":11.0,"enemies":"Blue Slaver","floor":5.0,"turns":3.0},{"damage":5.0,"enemies":"3 Sentries","floor":7.0,"turns":4.0},{"damage":26.0,"enemies":"Lagavulin","floor":10.0,"turns":5.0},{"damage":5.0,"enemies":"Exordium Thugs","floor":11.0,"turns":2.0},{"damage":10.0,"enemies":"3 Sentries","floor":12.0,"turns":5.0},{"damage":14.0,"enemies":"Gremlin Gang","floor":13.0,"turns":4.0},{"damage":23.0,"enemies":"Hexaghost","floor":16.0,"turns":7.0},{"damage":5.0,"enemies":"2 Thieves","floor":18.0,"turns":2.0},{"damage":0.0,"enemies":"Spheric Guardian","floor":19.0,"turns":3.0},{"damage":21.0,"enemies":"Centurion and Healer","floor":21.0,"turns":6.0},{"damage":30.0,"enemies":"Gremlin Leader","floor":23.0,"turns":4.0},{"damage":34.0,"enemies":"Slavers","floor":25.0,"turns":5.0},{"damage":8.0,"enemies":"Cultist and Chosen","floor":27.0,"turns":4.0},{"damage":0.0,"enemies":"Chosen and Byrds","floor":28.0,"turns":4.0},{"damage":14.0,"enemies":"Gremlin Leader","floor":29.0,"turns":4.0},{"damage":0.0,"enemies":"Centurion and Healer","floor":31.0,"turns":3.0},{"damage":14.0,"enemies":"Collector","floor":33.0,"turns":5.0},{"damage":1.0,"enemies":"Orb Walker","floor":35.0,"turns":3.0},{"damage":0.0,"enemies":"3 Darklings","floor":37.0,"turns":2.0},{"damage":15.0,"enemies":"Writhing Mass","floor":38.0,"turns":3.0},{"damage":15.0,"enemies":"Sphere and 2 Shapes","floor":39.0,"turns":3.0},{"damage":4.0,"enemies":"Reptomancer","floor":40.0,"turns":3.0},{"damage":8.0,"enemies":"Spire Growth","floor":41.0,"turns":3.0},{"damage":22.0,"enemies":"Jaw Worm Horde","floor":46.0,"turns":2.0},{"damage":14.0,"enemies":"Nemesis","floor":47.0,"turns":3.0},{"damage":5.0,"enemies":"Maw","floor":48.0,"turns":4.0},{"damage":32,"enemies":"Time Eater","floor":50,"turns":4}],"seed_played":"6453206673051496872","potions_obtained":[{"floor":1.0,"key":"PowerPotion"},{"floor":2.0,"key":"DistilledChaos"},{"floor":7.0,"key":"Weak Potion"},{"floor":11.0,"key":"LiquidBronze"},{"floor":13.0,"key":"BloodPotion"},{"floor":16.0,"key":"LiquidMemories"},{"floor":21.0,"key":"Weak Potion"},{"floor":23.0,"key":"Swift Potion"},{"floor":33.0,"key":"SpeedPotion"},{"floor":37.0,"key":"Fire Potion"},{"floor":41.0,"key":"SpeedPotion"}],"is_trial":false,"path_per_floor":["M","M","M","?","M","R","E","R","T","E","M","E","M","?","R","B",null,"M","M","$","M","$","E","R","E","T","M","M","E","R","M","R","B",null,"M","?","M","M","M","E","M","R","T","$","?","M","E","M","R","B",null],"character_chosen":"IRONCLAD","items_purchased":["Anchor","TheAbacus","Toy Ornithopter","HandDrill","LiquidMemories","SteroidPotion"],"campfire_rested":3,"item_purchase_floors":[20,20,44,44,44,44],"current_hp_per_floor":[72,72,64,64,59,59,60,60,60,40,41,37,29,29,50,33,62,63,69,69,54,54,30,51,23,23,21,41,33,33,39,60,52,67,72,72,72,69,66,72,72,72,72,72,72,62,62,71,71,52],"gold":203,"neow_bonus":"ONE_RARE_RELIC","is_daily":false,"chose_seed":false,"campfire_upgraded":5,"win_rate":0.0,"timestamp":1611645686,"path_taken":["M","M","M","?","M","R","E","R","T","E","M","E","M","?","R","BOSS","M","M","$","M","?","E","R","E","T","M","M","E","R","M","R","BOSS","M","?","M","M","M","E","M","R","T","$","?","M","E","M","R","BOSS"],"items_purchased_type":["Relic","Relic","Relic","Relic","Potion","Potion"],"build_version":"2020-12-22","purchased_purges":2,"victory":true,"max_hp_per_floor":[72,72,72,72,72,72,72,72,72,72,72,72,72,72,72,72,72,72,72,72,72,72,72,72,72,72,72,72,72,72,72,72,72,72,72,72,72,72,72,72,72,72,72,72,72,72,72,72,72,72],"card_choices":[{"not_picked":["Infernal Blade","Wild Strike"],"picked":"Spot Weakness","floor":1.0},{"not_picked":["Wild Strike","Perfected Strike"],"picked":"Headbutt","floor":1.0},{"not_picked":["Heavy Blade","Blood for Blood"],"picked":"Cleave","floor":2.0},{"not_picked":["Uppercut","Seeing Red"],"picked":"Havoc","floor":2.0},{"not_picked":["Wild Strike","Clash"],"picked":"Heavy Blade","floor":3.0},{"not_picked":["Twin Strike","Bludgeon"],"picked":"Spot Weakness","floor":3.0},{"not_picked":["Pommel Strike","True Grit"],"picked":"Heavy Blade","floor":5.0},{"not_picked":["Body Slam","Reckless Charge","Flex"],"picked":"SKIP","floor":5.0},{"not_picked":["Cleave","True Grit"],"picked":"Warcry","floor":7.0},{"not_picked":["Second Wind","Juggernaut","Shrug It Off"],"picked":"SKIP","floor":10.0},{"not_picked":["Wild Strike","Carnage"],"picked":"Sword Boomerang","floor":11.0},{"not_picked":["Perfected Strike","Burning Pact","Armaments"],"picked":"SKIP","floor":11.0},{"not_picked":["Shrug It Off","Dual Wield","Sword Boomerang"],"picked":"SKIP","floor":12.0},{"not_picked":["Pommel Strike","Wild Strike"],"picked":"Warcry","floor":13.0},{"not_picked":["Carnage","Rampage","Sword Boomerang"],"picked":"SKIP","floor":13.0},{"not_picked":["Feed","Juggernaut"],"picked":"Limit Break","floor":16.0},{"not_picked":["Flame Barrier+1","Flex"],"picked":"Heavy Blade","floor":18.0},{"not_picked":["Anger+1","Cleave+1","Iron Wave+1"],"picked":"SKIP","floor":18.0},{"not_picked":["Reckless Charge","Rupture","Twin Strike+1"],"picked":"SKIP","floor":19.0},{"not_picked":["Searing Blow","Sword Boomerang+1","Havoc"],"picked":"SKIP","floor":19.0},{"not_picked":["Power Through","Shrug It Off+1","Flex+1"],"picked":"SKIP","floor":21.0},{"not_picked":["Twin Strike+1","Flex+1","Shrug It Off"],"picked":"SKIP","floor":21.0},{"not_picked":["Whirlwind","Armaments"],"picked":"Shockwave+1","floor":23.0},{"not_picked":["Flex+1","Clothesline","Wild Strike"],"picked":"SKIP","floor":25.0},{"not_picked":["Spot Weakness","Cleave"],"picked":"Immolate","floor":27.0},{"not_picked":["Intimidate","Twin Strike","Sword Boomerang"],"picked":"SKIP","floor":27.0},{"not_picked":["Wild Strike","Shockwave+1","Dark Embrace"],"picked":"SKIP","floor":28.0},{"not_picked":["Havoc","Dark Embrace","Entrench"],"picked":"SKIP","floor":28.0},{"not_picked":["Havoc","Feed","Twin Strike+1"],"picked":"SKIP","floor":29.0},{"not_picked":["Power Through","Uppercut","Fire Breathing+1"],"picked":"SKIP","floor":31.0},{"not_picked":["Dual Wield","Iron Wave","Havoc"],"picked":"SKIP","floor":31.0},{"not_picked":["Headbutt+1","Sever Soul+1"],"picked":"Inflame+1","floor":35.0},{"not_picked":["Cleave+1","Armaments"],"picked":"Battle Trance","floor":35.0},{"not_picked":["True Grit+1","Anger"],"picked":"Inflame","floor":37.0},{"not_picked":["Twin Strike+1","Sentinel","Clothesline+1"],"picked":"SKIP","floor":37.0},{"not_picked":["Warcry","Wild Strike"],"picked":"Headbutt+1","floor":38.0},{"not_picked":["Wild Strike","Disarm","Pommel Strike+1"],"picked":"SKIP","floor":38.0},{"not_picked":["Pommel Strike+1","Warcry"],"picked":"Whirlwind","floor":39.0},{"not_picked":["Searing Blow","Entrench+1","Shrug It Off+1"],"picked":"SKIP","floor":39.0},{"not_picked":["Whirlwind","Iron Wave+1","Feel No Pain"],"picked":"SKIP","floor":40.0},{"not_picked":["Entrench","Sentinel+1","Iron Wave+1"],"picked":"SKIP","floor":41.0},{"not_picked":["Clothesline+1","Power Through+1","Havoc"],"picked":"SKIP","floor":41.0},{"not_picked":["Battle Trance+1","Heavy Blade+1"],"picked":"Inflame+1","floor":46.0},{"not_picked":["Iron Wave+1","Power Through","Berserk"],"picked":"SKIP","floor":46.0},{"not_picked":["Iron Wave+1","Twin Strike+1","Wild Strike"],"picked":"SKIP","floor":47.0},{"not_picked":["Sword Boomerang+1","Flex"],"picked":"Seeing Red","floor":48.0},{"not_picked":["Flex","Clothesline+1"],"picked":"Immolate","floor":48.0}],"player_experience":286930,"relics_obtained":[{"floor":7.0,"key":"HornCleat"},{"floor":9.0,"key":"Mummified Hand"},{"floor":10.0,"key":"Orichalcum"},{"floor":12.0,"key":"Juzu Bracelet"},{"floor":23.0,"key":"Centennial Puzzle"},{"floor":25.0,"key":"Ornamental Fan"},{"floor":26.0,"key":"MawBank"},{"floor":29.0,"key":"CaptainsWheel"},{"floor":40.0,"key":"Pantograph"},{"floor":43.0,"key":"Blood Vial"},{"floor":47.0,"key":"Omamori"}],"event_choices":[{"damage_healed":0.0,"max_hp_gain":0.0,"max_hp_loss":0.0,"gold_gain":0.0,"event_name":"Upgrade Shrine","player_choice":"Upgraded","floor":4.0,"gold_loss":0.0,"damage_taken":0.0,"cards_upgraded":["Havoc"]},{"damage_healed":0.0,"max_hp_gain":0.0,"max_hp_loss":0.0,"gold_gain":0.0,"cards_transformed":["Strike_R"],"event_name":"Transmorgrifier","player_choice":"Transformed","floor":14.0,"gold_loss":0.0,"damage_taken":0.0,"cards_obtained":["Double Tap"]},{"cards_removed":["Defend_R"],"damage_healed":0.0,"max_hp_gain":0.0,"max_hp_loss":0.0,"gold_gain":0.0,"event_name":"Falling","player_choice":"Removed Skill","floor":36.0,"gold_loss":0.0,"damage_taken":0.0},{"cards_removed":["Strike_R"],"damage_healed":0.0,"max_hp_gain":0.0,"max_hp_loss":0.0,"gold_gain":0.0,"event_name":"Purifier","player_choice":"Purged","floor":45.0,"gold_loss":0.0,"damage_taken":0.0}],"is_beta":false,"boss_relics":[{"not_picked":["Sozu","Velvet Choker"],"picked":"Runic Dome"},{"not_picked":["Snecko Eye","Mark of Pain"],"picked":"Black Blood"}],"items_purged_floors":[20,44],"is_endless":false,"potions_floor_spawned":[1,2,7,11,13,16,21,23,33,37,41,47],"ascension_level":8}}