{"host":"lqbxjgk5gjumi04q","time":1611619819,"event":{"mods":["2.2 Compatiblity","AchievementEnabler","Aspiration","BaseMod","Bestiary","Better Altar","Better Match","Better Note","Better Sensory Stone","Better Skull","Better Third Choice","BetterRewards","Colored Map","Colored Powertips","Conspire","Downfall","Energized Spire","Hermit","Hubris","Minty Spire (QoL Compilation)","Permanent Neow","Quick Restart","Rare Cards Sparkle","Relic Stats","Replay The Spire","StSLib","The Jungle","The Marked","Waifu the Spire"],"gold_per_floor":[113,129,30,30,41,41,52,71,71,102,102,137,212,226,226,226,226],"floor_reached":16,"language":"ENG","playtime":598,"items_purged":["Defend_R"],"score":112,"play_id":"63137747-e45c-4ddb-95d0-4809f661949b","local_time":"20210125161019","is_ascension_mode":false,"campfire_choices":[{"data":"Twin Strike","floor":6.0,"key":"SMITH"},{"data":"Bash","floor":15.0,"key":"SMITH"}],"circlet_count":0,"master_deck":["Strike_R","Strike_R","Strike_R","Strike_R","Strike_R","Defend_R","Defend_R","Bash+1","hubris:ReadiedAction","Clash","Twin Strike+1","Twin Strike","Twin Strike","Headbutt","Clash","Pommel Strike"],"relics":["Burning Blood","hubris:Towel","Red Skull","Strawberry","Ancient Tea Set"],"acts_visited":["Exordium"],"potions_floor_usage":[],"damage_taken":[{"damage":4.0,"enemies":"2 Louse","floor":1.0,"turns":3.0},{"damage":5.0,"enemies":"Jaw Worm","floor":2.0,"turns":4.0},{"damage":0.0,"enemies":"Cultist","floor":5.0,"turns":3.0},{"damage":0.0,"enemies":"Blue Slaver","floor":7.0,"turns":1.0},{"damage":2.0,"enemies":"3 Louse","floor":8.0,"turns":3.0},{"damage":20.0,"enemies":"Gremlin Nob","floor":10.0,"turns":4.0},{"damage":27.0,"enemies":"3 Sentries","floor":12.0,"turns":5.0},{"damage":5.0,"enemies":"Looter","floor":14.0,"turns":2.0},{"damage":40,"enemies":"The Guardian","floor":16,"turns":6}],"seed_played":"7118244688457757774","potions_obtained":[{"floor":1.0,"key":"Energy Potion"},{"floor":2.0,"key":"AttackPotion"},{"floor":7.0,"key":"Fire Potion"}],"is_trial":false,"path_per_floor":["M","M","$","?","M","R","M","M","T","E","?","E","?","M","R","B"],"character_chosen":"IRONCLAD","items_purchased":["Twin Strike"],"campfire_rested":0,"item_purchase_floors":[3],"current_hp_per_floor":[80,80,80,80,80,80,80,80,80,73,66,45,34,35,35,0,0],"gold":226,"neow_bonus":"","is_daily":false,"chose_seed":false,"campfire_upgraded":2,"win_rate":0.0,"timestamp":1611619819,"path_taken":["M","M","$","?","M","R","M","M","T","E","?","E","?","M","R","BOSS"],"items_purchased_type":["Card"],"build_version":"2020-12-22","purchased_purges":1,"victory":false,"max_hp_per_floor":[80,80,80,80,80,80,80,80,80,87,87,87,87,87,87,87,87],"relic_stats":{"counters":[9,31],"obtain_stats":[{"Strawberry":10,"hubris:Towel":4,"Ancient Tea Set":12,"Burning Blood":0,"Red Skull":9},{"Strawberry":6,"hubris:Towel":2,"Ancient Tea Set":7,"Burning Blood":0,"Red Skull":5},{"Strawberry":18,"hubris:Towel":7,"Ancient Tea Set":23,"Burning Blood":0,"Red Skull":14}],"Burning Blood":29},"card_choices":[{"not_picked":["Feel No Pain","Thunderclap"],"picked":"hubris:ReadiedAction","floor":1.0},{"not_picked":["Flame Barrier","Combust"],"picked":"Clash","floor":2.0},{"not_picked":["Iron Wave","Headbutt"],"picked":"Twin Strike","floor":5.0},{"not_picked":["conspire:Charge","Flex"],"picked":"Twin Strike","floor":7.0},{"not_picked":["Armaments","Fiend Fire","Dark Embrace"],"picked":"SKIP","floor":8.0},{"not_picked":["Searing Blow","ReplayTheSpireMod:Stacked"],"picked":"Headbutt","floor":10.0},{"not_picked":["Ghostly Armor","Burning Pact"],"picked":"Clash","floor":12.0},{"not_picked":["Searing Blow","Anger"],"picked":"Pommel Strike","floor":14.0}],"player_experience":0,"relics_obtained":[{"floor":9.0,"key":"Red Skull"},{"floor":10.0,"key":"Strawberry"},{"floor":12.0,"key":"Ancient Tea Set"}],"event_choices":[{"cards_removed":["Defend_R"],"damage_healed":0.0,"max_hp_gain":0.0,"max_hp_loss":0.0,"gold_gain":0.0,"event_name":"Golden Wing","player_choice":"Card Removal","floor":11.0,"gold_loss":0.0,"damage_taken":7.0},{"damage_healed":0.0,"max_hp_gain":0.0,"max_hp_loss":0.0,"gold_gain":75.0,"event_name":"betterThird:BetterGoop","player_choice":"Gold","floor":13.0,"gold_loss":0.0,"damage_taken":11.0}],"is_beta":false,"boss_relics":[],"items_purged_floors":[3],"is_endless":false,"potions_floor_spawned":[1,2,7],"killed_by":"The Guardian","ascension_level":0}}