{"host":"d61fcf2p3sjwe6yo","time":1611666485,"event":{"mods":["AchievementEnabler","BaseMod","Colored Map","Downfall","Minty Spire (QoL Compilation)","StSLib","SuperFastMode"],"gold_per_floor":[99,118,138,288,288,304,304,296,334,108,132,157,57,84,111,214,214,214,214,226,226,241,255,280,299,336,336,356,35,35,66,80,175,175,175,192,212,312,322,322,322,356,243,593,593,607,407,422,437,437,437,470,103,103,103,103],"floor_reached":57,"language":"ENG","playtime":4060,"items_purged":["downfall:Icky","hexamod:Strike","downfall:Icky"],"score":2070,"play_id":"bd31304b-c815-45c5-bd67-827876e8bef4","local_time":"20210126160805","is_ascension_mode":true,"campfire_choices":[{"floor":1.0,"key":"RECALL"},{"floor":13.0,"key":"REST"},{"data":"hexamod:ShieldOfDarkness","floor":18.0,"key":"SMITH"},{"data":"hexamod:Toasty","floor":30,"key":"SMITH"},{"data":"hexamod:ShieldOfDarkness","floor":35,"key":"SMITH"},{"data":"hexamod:ShieldOfDarkness","floor":47,"key":"SMITH"},{"floor":54,"key":"REST"}],"circlet_count":0,"master_deck":["AscendersBane","hexamod:Defend","hexamod:Defend+1","hexamod:Defend","hexamod:Sear+1","hexamod:Float+1","hexamod:SwordOfDarkness","hexamod:StepThrough","hexamod:StepThrough","hexamod:PowerFromBeyond","hexamod:AdvancingGuard","hexamod:ShieldOfDarkness+1","hexamod:EtherealExpedition","hexamod:WildfireWeapon","hexamod:PhantomFireball","hexamod:Incineration+1","hexamod:ShieldOfDarkness+1","hexamod:FlamesFromBeyond+1","hexamod:Toasty+1","hexamod:UnleashSpirits","hexamod:NightmareGuise+1","hexamod:ShieldOfDarkness+1","hexamod:TurnItUp","hexamod:PowerFromBeyond","hexamod:HeatCrush+1","hexamod:FlamesFromBeyond","hexamod:SwordOfDarkness","CurseOfTheBell","CurseOfTheBell","hexamod:NightmareGuise","expansioncontent:PrepareCrush","expansioncontent:Chronoboost+1","expansioncontent:PrepareCrush","hexamod:ShieldOfDarkness+1","expansioncontent:StudyTheSpire+1","hexamod:NightmareGuise","hexamod:GhostflameInferno","hexamod:Incineration+1","hexamod:ShieldOfDarkness+1","hexamod:EmpoweredFlame","hexamod:EmpoweredFlame","hexamod:UnleashSpirits","hexamod:Hexaguard","hexamod:ExtraCrispy"],"relics":["hexamod:SpiritBrand","bronze:BronzeIdol","StrikeDummy","sneckomod:BlankCard","Membership Card","downfall:HeartBlessingRed","Snecko Eye","Potion Belt","hexamod:TheBrokenSeal","Boot","Vajra","FossilizedHelix","Prayer Wheel","Black Star","downfall:ExtraCursedBell","Toy Ornithopter","hexamod:CandleOfCauterizing","Ginger","Ornamental Fan","Blood Vial","Oddly Smooth Stone","Guardian:PocketSentry","Chemical X","Old Coin","downfall:HeartBlessingGreen","downfall:HeartBlessingBlue","Bag of Preparation","StoneCalendar","Art of War","Akabeko"],"acts_visited":["Exordium","TheCity","TheBeyond","TheEnding"],"potions_floor_usage":[26,26,26,43,43,56,56,56],"damage_taken":[{"damage":0.0,"enemies":"2 Louse","floor":2.0,"turns":3.0},{"damage":0.0,"enemies":"Cultist","floor":3.0,"turns":3.0},{"damage":0.0,"enemies":"Small Slimes","floor":6.0,"turns":3.0},{"damage":20.0,"enemies":"Lagavulin","floor":9.0,"turns":6.0},{"damage":5.0,"enemies":"downfall:FleeingMerchant","floor":10.0,"turns":4.0},{"damage":38.0,"enemies":"Exordium Wildlife","floor":11.0,"turns":6.0},{"damage":13.0,"enemies":"Large Slime","floor":12.0,"turns":3.0},{"damage":3.0,"enemies":"3 Louse","floor":14.0,"turns":5.0},{"damage":46.0,"enemies":"Lots of Slimes","floor":15.0,"turns":6.0},{"damage":42.0,"enemies":"SI_SHIV_ARCHETYPE","floor":16.0,"turns":9.0},{"damage":28.0,"enemies":"Spheric Guardian","floor":20.0,"turns":4.0},{"damage":6.0,"enemies":"Cultist and Chosen","floor":22.0,"turns":5.0},{"damage":13.0,"enemies":"Shelled Parasite and Fungi","floor":23.0,"turns":4.0},{"damage":6.0,"enemies":"Snecko","floor":25.0,"turns":3.0},{"damage":32,"enemies":"Slavers","floor":26,"turns":5},{"damage":1,"enemies":"Cultist and Chosen","floor":28,"turns":5},{"damage":0,"enemies":"downfall:FleeingMerchant","floor":29,"turns":4},{"damage":0,"enemies":"Book of Stabbing","floor":31,"turns":3},{"damage":0,"enemies":"Centurion and Healer","floor":32,"turns":3},{"damage":7,"enemies":"IC_MUSHROOM_ARCHETYPE","floor":33,"turns":6},{"damage":0,"enemies":"3 Shapes","floor":36,"turns":3},{"damage":0,"enemies":"Orb Walker","floor":37,"turns":3},{"damage":0,"enemies":"Transient","floor":39,"turns":5},{"damage":0,"enemies":"Nemesis","floor":42,"turns":7},{"damage":0,"enemies":"downfall:FleeingMerchant","floor":43,"turns":4},{"damage":0,"enemies":"downfall:FleeingMerchant","floor":44,"turns":4},{"damage":0,"enemies":"3 Darklings","floor":46,"turns":2},{"damage":0,"enemies":"Writhing Mass","floor":48,"turns":3},{"damage":0,"enemies":"Jaw Worm Horde","floor":49,"turns":3},{"damage":0,"enemies":"WA_ARCHETYPE_DIVINITY","floor":50,"turns":8},{"damage":18,"enemies":"downfall:CharBossMerchant","floor":52,"turns":7},{"damage":0,"enemies":"downfall:NeowBoss","floor":55,"turns":12},{"damage":24,"enemies":"downfall:NeowBossFinal","floor":56,"turns":7}],"seed_played":"4452113791495401530","potions_obtained":[{"floor":11.0,"key":"champ:CounterPotion"},{"floor":12.0,"key":"Regen Potion"},{"floor":14.0,"key":"Energy Potion"},{"floor":15.0,"key":"ColorlessPotion"},{"floor":16.0,"key":"FearPotion"},{"floor":22.0,"key":"hexamod:SoulburnPotion"},{"floor":25.0,"key":"AttackPotion"},{"floor":25.0,"key":"champ:CounterPotion"},{"floor":26,"key":"CultistPotion"},{"floor":31,"key":"SteroidPotion"},{"floor":32,"key":"hexamod:DoubleChargePotion"},{"floor":33,"key":"SkillPotion"},{"floor":46,"key":"Dexterity Potion"}],"is_trial":false,"path_per_floor":["R","M","M","?","?","M","T","?","E","$","M","M","R","M","M","B",null,"R","?","M","?","M","M","T","M","E","?","M","$","R","E","M","B",null,"R","M","M","?","M","?","T","E","$","?","?","M","R","M","M","B",null,"E","$","R","B","B",null],"character_chosen":"THE_SPIRIT","items_purchased":["Membership Card","Regen Potion","Vajra","FossilizedHelix","hexamod:Toasty","Oddly Smooth Stone","Guardian:PocketSentry","Chemical X","expansioncontent:StudyTheSpire+1","hexamod:NightmareGuise","AttackPotion","Energy Potion","hexamod:UnleashSpirits","hexamod:Hexaguard","hexamod:ExtraCrispy","Art of War","Akabeko","Strength Potion"],"campfire_rested":2,"item_purchase_floors":[10,10,29,29,29,43,43,43,43,43,43,43,53,53,53,53,53,53],"current_hp_per_floor":[63,63,63,63,63,63,63,56,43,45,22,16,37,41,80,38,70,70,70,42,42,36,23,23,24,72,72,71,71,71,71,71,64,84,84,84,84,84,84,74,74,74,86,88,80,82,92,94,96,98,100,82,82,100,100,80],"gold":103,"neow_bonus":"RANDOM_COMMON_RELIC","is_daily":false,"chose_seed":false,"campfire_upgraded":4,"win_rate":0.0,"timestamp":1611666485,"path_taken":["R","M","M","?","?","?","T","?","E","$","M","M","R","M","M","BOSS","R","?","M","?","M","M","T","M","E","?","M","$","R","E","M","BOSS","R","M","M","?","M","?","T","E","$","?","?","M","R","M","M","BOSS","E","$","R","BOSS","BOSS"],"items_purchased_type":["Relic","Potion","Relic","Relic","Card","Relic","Relic","Relic","Card","Card","Potion","Potion","Card","Card","Card","Relic","Relic","Potion"],"build_version":"2020-12-22","purchased_purges":3,"victory":true,"max_hp_per_floor":[70,70,70,70,70,70,70,70,70,70,70,70,70,70,80,80,80,80,80,80,80,80,80,80,80,90,90,90,90,90,90,90,90,90,90,90,90,90,90,90,90,90,90,90,90,90,100,100,100,100,100,100,100,100,100,100],"card_choices":[{"not_picked":["hexamod:GhostLash","hexamod:NightmareGuise"],"picked":"hexamod:SwordOfDarkness","floor":2.0},{"not_picked":["hexamod:Incineration","hexamod:FastForward"],"picked":"hexamod:StepThrough","floor":3.0},{"not_picked":["hexamod:BurningTouch","hexamod:Firestarter"],"picked":"hexamod:ThirdSeal","floor":6.0},{"not_picked":["hexamod:GhostLash","hexamod:UnlimitedPower"],"picked":"hexamod:FifthSeal","floor":9.0},{"not_picked":["hexamod:InspiringFlames","hexamod:CatchUp","hexamod:SuperheatedStrike"],"picked":"SKIP","floor":9.0},{"not_picked":["hexamod:FirstSeal","hexamod:SecondSeal"],"picked":"hexamod:SixthSeal","floor":10.0},{"not_picked":["hexamod:GiftsFromTheDead","hexamod:SkipABeat"],"picked":"hexamod:PowerFromBeyond","floor":10.0},{"not_picked":["hexamod:GhostflameBarrier","hexamod:HauntingEcho"],"picked":"hexamod:AdvancingGuard","floor":10.0},{"not_picked":["hexamod:ThirdSeal","hexamod:SecondSeal"],"picked":"hexamod:FourthSeal","floor":11.0},{"not_picked":["hexamod:BacktrackSmack","hexamod:HeatMetal"],"picked":"hexamod:ShieldOfDarkness","floor":11.0},{"not_picked":["hexamod:ThirdSeal","hexamod:Again","hexamod:FirstSeal"],"picked":"SKIP","floor":11.0},{"not_picked":["hexamod:BacktrackSmack","hexamod:HeatShield","hexamod:ThirdSeal"],"picked":"SKIP","floor":12.0},{"not_picked":["hexamod:NecessarySacrifice","hexamod:Toasty","hexamod:ThirdSeal"],"picked":"SKIP","floor":14.0},{"not_picked":["hexamod:NecessarySacrifice","hexamod:AdvancingGuard","hexamod:GhostOfSpireFuture"],"picked":"SKIP","floor":14.0},{"not_picked":["hexamod:HeatShield","hexamod:SpectersWail"],"picked":"hexamod:EtherealExpedition","floor":15.0},{"not_picked":["hexamod:ApocalypseNow","hexamod:WildfireWeapon"],"picked":"hexamod:FifthSeal","floor":16.0},{"not_picked":["hexamod:ThirdSeal","hexamod:SecondSeal"],"picked":"hexamod:FourthSeal","floor":20.0},{"not_picked":["hexamod:SoulSteal","hexamod:GhostOfSpireFuture+1","hexamod:RainOfEmbers"],"picked":"SKIP","floor":20.0},{"not_picked":["hexamod:ThirdSeal","hexamod:FirstSeal"],"picked":"hexamod:SixthSeal","floor":22.0},{"not_picked":["hexamod:HeatShield","hexamod:Firestarter"],"picked":"hexamod:Incineration+1","floor":22.0},{"not_picked":["hexamod:SixthSeal","hexamod:ThirdSeal"],"picked":"hexamod:FirstSeal","floor":23.0},{"not_picked":["hexamod:SkipABeat","hexamod:InspiringFlames"],"picked":"hexamod:SecondSeal","floor":23.0},{"not_picked":["hexamod:FourthSeal","hexamod:SecondSeal"],"picked":"hexamod:ThirdSeal","floor":25.0},{"not_picked":["hexamod:FastForward","hexamod:GhostShield","hexamod:Firestarter"],"picked":"SKIP","floor":25.0},{"not_picked":["hexamod:SpectersWail","hexamod:NightmareGuise"],"picked":"hexamod:ShieldOfDarkness+1","floor":26},{"not_picked":["hexamod:GhostShield","hexamod:ChargedBarrage","hexamod:FlameSwitch"],"picked":"SKIP","floor":28},{"not_picked":["hexamod:Firestarter","hexamod:BacktrackSmack+1"],"picked":"hexamod:FlamesFromBeyond+1","floor":29},{"not_picked":["hexamod:CatchUp","hexamod:HeatMetal"],"picked":"hexamod:UnleashSpirits","floor":31},{"not_picked":["hexamod:SoulSteal","hexamod:FlamesFromBeyond"],"picked":"hexamod:NightmareGuise+1","floor":32},{"not_picked":["hexamod:Hexaguard","hexamod:ThermalTransfer"],"picked":"hexamod:ShieldOfDarkness","floor":32},{"not_picked":["hexamod:SearingWound","hexamod:ApocalypseNow"],"picked":"hexamod:TurnItUp","floor":33},{"not_picked":["hexamod:SwordOfDarkness","hexamod:HeatShield"],"picked":"hexamod:PowerFromBeyond","floor":36},{"not_picked":["hexamod:FastForward","hexamod:ExtraCrispy"],"picked":"hexamod:HeatCrush+1","floor":36},{"not_picked":["hexamod:GhostflameBarrier","hexamod:DynamicBlow+1"],"picked":"hexamod:FlamesFromBeyond","floor":37},{"not_picked":["hexamod:SkipABeat","hexamod:GhostflameBarrier"],"picked":"hexamod:SwordOfDarkness","floor":37},{"not_picked":["hexamod:GhostShield","hexamod:FlamesFromBeyond"],"picked":"hexamod:NightmareGuise","floor":39},{"not_picked":["hexamod:InspiringFlames","hexamod:RainOfEmbers","hexamod:Haunt"],"picked":"SKIP","floor":39},{"not_picked":["expansioncontent:AwakenDeath","expansioncontent:Chronoboost"],"picked":"expansioncontent:PrepareCrush","floor":40},{"not_picked":["expansioncontent:HyperBeam","expansioncontent:GuardianWhirl"],"picked":"expansioncontent:Chronoboost","floor":40},{"not_picked":["expansioncontent:YouAreMine","expansioncontent:GuardianWhirl"],"picked":"expansioncontent:PrepareCrush","floor":40},{"not_picked":["hexamod:RetreatToShadows","hexamod:Again","hexamod:DynamicBlow"],"picked":"SKIP","floor":42},{"not_picked":["hexamod:ThermalTransfer","hexamod:GhostLash"],"picked":"hexamod:ShieldOfDarkness","floor":43},{"not_picked":["hexamod:AdvancingGuard","hexamod:GhostLash"],"picked":"hexamod:GhostflameInferno","floor":46},{"not_picked":["hexamod:ThermalTransfer+1","hexamod:Firestarter+1","hexamod:NecessarySacrifice+1"],"picked":"SKIP","floor":46},{"not_picked":["hexamod:PowerFromBeyond","hexamod:PhantomFireball+1"],"picked":"hexamod:Incineration+1","floor":48},{"not_picked":["hexamod:Again","hexamod:GhostShield+1"],"picked":"hexamod:ShieldOfDarkness+1","floor":48},{"not_picked":["hexamod:PowerFromBeyond","hexamod:InspiringFlames"],"picked":"hexamod:EmpoweredFlame","floor":49},{"not_picked":["hexamod:Hexaguard","hexamod:RadiantFlame+1"],"picked":"hexamod:EmpoweredFlame","floor":49},{"not_picked":["hexamod:RainOfEmbers","hexamod:SkipABeat+1","hexamod:SuperheatedStrike"],"picked":"SKIP","floor":52}],"player_experience":712712,"relics_obtained":[{"floor":7.0,"key":"StrikeDummy"},{"floor":9.0,"key":"sneckomod:BlankCard"},{"floor":24.0,"key":"Potion Belt"},{"floor":26,"key":"Boot"},{"floor":31,"key":"Prayer Wheel"},{"floor":38,"key":"Toy Ornithopter"},{"floor":38,"key":"hexamod:CandleOfCauterizing"},{"floor":38,"key":"Ginger"},{"floor":42,"key":"Ornamental Fan"},{"floor":42,"key":"Blood Vial"},{"floor":44,"key":"Old Coin"},{"floor":52,"key":"Bag of Preparation"},{"floor":52,"key":"StoneCalendar"}],"event_choices":[{"damage_healed":0.0,"max_hp_gain":0.0,"max_hp_loss":0.0,"gold_gain":0.0,"event_name":"Vampires","player_choice":"Ignored","floor":19.0,"gold_loss":0.0,"damage_taken":0.0},{"damage_healed":0.0,"max_hp_gain":0.0,"max_hp_loss":0.0,"gold_gain":0.0,"cards_transformed":["hexamod:Strike","hexamod:Strike"],"event_name":"Drug Dealer","player_choice":"Became Test Subject","floor":21.0,"gold_loss":0.0,"damage_taken":0.0,"cards_obtained":["hexamod:WildfireWeapon","hexamod:PhantomFireball"]}],"is_beta":false,"boss_relics":[{"not_picked":["Astrolabe","Calling Bell"],"picked":"Snecko Eye"},{"not_picked":["Velvet Choker","sneckomod:SneckoTalon"],"picked":"Black Star"}],"items_purged_floors":[10,43,53],"is_endless":false,"potions_floor_spawned":[11,12,14,16,22,25,31,32,33,37,39,46,48],"ascension_level":12}}