{"host":"5jyeqch4fosnsiz2","time":1611697821,"event":{"mods":["BaseMod","Bestiary","Colored Map","Colored Powertips","Filter the Spire","Minty Spire (QoL Compilation)","Relic Stats","StSLib","Waifu the Spire","ojb\u0027s Better Paths Mod","ojb\u0027s Info Mod"],"gold_per_floor":[162,178,178,196,196,196,212,212,239,239,239,239,259,274,274,377,377,393,393,9,28,28,61,81,81,81,81,99,116,126,154,154,256,256,276,294,294,309,325,352,352,377,402,402,433,433,478,497,497,497,497],"floor_reached":50,"language":"ENG","playtime":2133,"items_purged":["Pain"],"score":611,"play_id":"e08749bc-2932-4308-9747-8ea86858fbbc","local_time":"20210126165021","is_ascension_mode":false,"campfire_choices":[{"data":"Perfected Strike","floor":6,"key":"SMITH"},{"floor":8,"key":"DIG"},{"floor":10,"key":"DIG"},{"floor":12,"key":"DIG"},{"floor":15,"key":"DIG"},{"floor":25,"key":"DIG"},{"floor":27,"key":"DIG"},{"floor":32,"key":"REST"},{"floor":44,"key":"DIG"},{"floor":46,"key":"DIG"},{"floor":49,"key":"REST"}],"circlet_count":0,"master_deck":["Strike_R","Strike_R+1","Strike_R+1","Strike_R","Strike_R","Defend_R+1","Defend_R","Defend_R","Defend_R","Bash","Spot Weakness","Ghostly Armor","Offering","Uppercut+1","CurseOfTheBell","Heavy Blade+1","Second Wind+1","Reaper+1","Intimidate+1","Shrug It Off+1","Defend_P+1","Metamorphosis+1","Swift Strike+1","Finesse+1","Parasite","Heavy Blade+1"],"relics":["Tiny House","Shovel","Molten Egg 2","Happy Flower","Toy Ornithopter","WarpedTongs","Lantern","Incense Burner","Calling Bell","Strawberry","Matryoshka","Champion Belt","Lizard Tail","Art of War","Ancient Tea Set","Toxic Egg 2","Blood Vial","Whetstone","Akabeko","Empty Cage","Unceasing Top","CeramicFish","Smiling Mask","MealTicket","Centennial Puzzle","Prayer Wheel"],"acts_visited":["Exordium","TheCity","TheBeyond"],"potions_floor_usage":[1,16,16,18,21,23,24,31,31,31,31,33,38,40,42,45,50],"damage_taken":[{"damage":0,"enemies":"Cultist","floor":1,"turns":2},{"damage":0,"enemies":"2 Louse","floor":2,"turns":2},{"damage":7,"enemies":"Small Slimes","floor":4,"turns":4},{"damage":6,"enemies":"3 Louse","floor":7,"turns":4},{"damage":7,"enemies":"Looter","floor":13,"turns":2},{"damage":6,"enemies":"Gremlin Gang","floor":14,"turns":2},{"damage":23,"enemies":"The Guardian","floor":16,"turns":11},{"damage":8,"enemies":"Chosen","floor":18,"turns":5},{"damage":27,"enemies":"Spheric Guardian","floor":21,"turns":4},{"damage":31,"enemies":"Slavers","floor":23,"turns":7},{"damage":11,"enemies":"Snecko","floor":24,"turns":4},{"damage":28,"enemies":"Centurion and Healer","floor":28,"turns":4},{"damage":14,"enemies":"3 Cultists","floor":29,"turns":5},{"damage":1,"enemies":"Snecko","floor":30,"turns":3},{"damage":10,"enemies":"Book of Stabbing","floor":31,"turns":5},{"damage":38,"enemies":"Collector","floor":33,"turns":9},{"damage":1,"enemies":"Orb Walker","floor":35,"turns":3},{"damage":47,"enemies":"3 Darklings","floor":36,"turns":7},{"damage":59,"enemies":"4 Shapes","floor":38,"turns":6},{"damage":63,"enemies":"Spire Growth","floor":39,"turns":8},{"damage":84,"enemies":"Reptomancer","floor":40,"turns":10},{"damage":39,"enemies":"Giant Head","floor":42,"turns":8},{"damage":21,"enemies":"Writhing Mass","floor":45,"turns":5},{"damage":34,"enemies":"2 Orb Walkers","floor":47,"turns":5},{"damage":26,"enemies":"3 Darklings","floor":48,"turns":7},{"damage":102,"enemies":"Donu and Deca","floor":50,"turns":7}],"seed_played":"5976722936458807942","potions_obtained":[{"floor":0,"key":"SneckoOil"},{"floor":2,"key":"Strength Potion"},{"floor":7,"key":"Weak Potion"},{"floor":13,"key":"Explosive Potion"},{"floor":16,"key":"DuplicationPotion"},{"floor":18,"key":"BloodPotion"},{"floor":21,"key":"BloodPotion"},{"floor":30,"key":"EntropicBrew"},{"floor":31,"key":"ColorlessPotion"},{"floor":33,"key":"CultistPotion"},{"floor":35,"key":"Fire Potion"},{"floor":40,"key":"Regen Potion"},{"floor":45,"key":"BloodPotion"},{"floor":47,"key":"LiquidBronze"}],"is_trial":false,"path_per_floor":["M","M","T","M","?","R","M","R","T","R","?","R","M","M","R","B",null,"M","?","$","M","?","E","M","R","T","R","M","M","M","E","R","B",null,"M","M","?","M","M","E","?","E","T","R","M","R","?","M","R","B"],"character_chosen":"IRONCLAD","items_purchased":["Lizard Tail"],"campfire_rested":2,"item_purchase_floors":[20],"current_hp_per_floor":[85,85,85,78,83,83,77,77,77,77,77,77,70,64,64,51,97,94,75,75,73,73,67,61,61,61,61,35,23,24,36,66,35,102,101,61,61,61,9,51,41,38,38,38,48,48,36,39,69,0,0],"gold":497,"neow_bonus":"BOSS_RELIC","is_daily":false,"chose_seed":false,"campfire_upgraded":1,"win_rate":0.0,"timestamp":1611697821,"path_taken":["M","M","?","M","?","R","M","R","T","R","?","R","M","?","R","BOSS","M","?","$","M","?","E","M","R","T","R","M","M","M","E","R","BOSS","M","M","?","?","M","E","?","E","T","R","M","R","?","M","R","BOSS"],"items_purchased_type":["Relic"],"build_version":"2020-12-22","purchased_purges":1,"victory":false,"max_hp_per_floor":[85,85,85,85,90,90,90,90,90,90,90,90,90,90,90,90,97,97,102,102,102,102,102,102,102,102,102,102,102,102,102,102,102,102,102,102,102,102,102,102,102,102,102,102,102,102,102,102,102,102,102],"relic_stats":{"Happy Flower":[42],"counters":[26,139],"CeramicFish":18,"Whetstone":["Strike_R","Strike_R"],"Smiling Mask":0,"WarpedTongs":[121],"Blood Vial":27,"Lizard Tail":51,"Centennial Puzzle":[9],"Shovel":8,"MealTicket":0,"Prayer Wheel":1,"Art of War":[12],"Champion Belt":[37],"obtain_stats":[{"Lantern":12,"Tiny House":0,"CeramicFish":42,"Incense Burner":15,"Whetstone":27,"Ancient Tea Set":25,"Empty Cage":34,"Smiling Mask":43,"Burning Blood":0,"Blood Vial":26,"Lizard Tail":20,"Centennial Puzzle":46,"Shovel":3,"Matryoshka":17,"Strawberry":17,"MealTicket":44,"Prayer Wheel":47,"Toxic Egg 2":26,"Happy Flower":9,"Akabeko":31,"WarpedTongs":11,"Calling Bell":17,"Molten Egg 2":8,"Art of War":23,"Champion Belt":17,"Toy Ornithopter":10,"Unceasing Top":40},{"Lantern":4,"Tiny House":0,"CeramicFish":22,"Incense Burner":6,"Whetstone":11,"Ancient Tea Set":11,"Empty Cage":16,"Smiling Mask":22,"Burning Blood":0,"Blood Vial":11,"Lizard Tail":8,"Centennial Puzzle":23,"Shovel":2,"Matryoshka":7,"Strawberry":7,"MealTicket":22,"Prayer Wheel":24,"Toxic Egg 2":11,"Happy Flower":4,"Akabeko":15,"WarpedTongs":4,"Calling Bell":7,"Molten Egg 2":4,"Art of War":10,"Champion Belt":7,"Toy Ornithopter":4,"Unceasing Top":21},{"Lantern":12,"Tiny House":0,"CeramicFish":115,"Incense Burner":16,"Whetstone":47,"Ancient Tea Set":47,"Empty Cage":73,"Smiling Mask":115,"Burning Blood":0,"Blood Vial":47,"Lizard Tail":32,"Centennial Puzzle":120,"Shovel":4,"Matryoshka":27,"Strawberry":27,"MealTicket":115,"Prayer Wheel":125,"Toxic Egg 2":47,"Happy Flower":12,"Akabeko":64,"WarpedTongs":12,"Calling Bell":27,"Molten Egg 2":12,"Art of War":43,"Champion Belt":27,"Toy Ornithopter":12,"Unceasing Top":107}],"Toy Ornithopter":75,"Unceasing Top":[7]},"card_choices":[{"not_picked":["Anger","Twin Strike"],"picked":"Perfected Strike","floor":0},{"not_picked":["Rampage","Iron Wave"],"picked":"Spot Weakness","floor":1},{"not_picked":["Feel No Pain","Flex"],"picked":"Ghostly Armor","floor":2},{"not_picked":["Sever Soul","Inflame"],"picked":"Clash","floor":4},{"not_picked":["Wild Strike","True Grit"],"picked":"Offering","floor":7},{"not_picked":["True Grit","Flex","Battle Trance"],"picked":"SKIP","floor":13},{"not_picked":["Clash+1","Seeing Red"],"picked":"Uppercut+1","floor":14},{"not_picked":["Sword Boomerang+1","Twin Strike+1"],"picked":"Heavy Blade+1","floor":18},{"not_picked":["Corruption","Blood for Blood+1"],"picked":"Second Wind+1","floor":21},{"not_picked":["Rage","Thunderclap+1","Twin Strike+1"],"picked":"SKIP","floor":23},{"not_picked":["Pummel+1","Clothesline+1","Flex"],"picked":"SKIP","floor":24},{"not_picked":["Feel No Pain","Carnage+1"],"picked":"Armaments+1","floor":28},{"not_picked":["Second Wind+1","Wild Strike+1","Clash+1"],"picked":"SKIP","floor":29},{"not_picked":["Anger+1","Evolve","Flex+1"],"picked":"SKIP","floor":30},{"not_picked":["Twin Strike+1","Sword Boomerang+1","Carnage+1"],"picked":"SKIP","floor":31},{"not_picked":["Demon Form","Bludgeon+1"],"picked":"Reaper+1","floor":33},{"not_picked":["Perfected Strike+1","Headbutt+1"],"picked":"Intimidate+1","floor":35},{"not_picked":["Perfected Strike+1","Pummel+1"],"picked":"Shrug It Off+1","floor":36},{"not_picked":["Havoc+1","Carnage+1","Shrug It Off+1"],"picked":"SKIP","floor":38},{"not_picked":["Anger+1","Juggernaut","Iron Wave+1"],"picked":"SKIP","floor":39},{"not_picked":["Fire Breathing","Ghostly Armor+1","Sword Boomerang+1"],"picked":"SKIP","floor":40},{"not_picked":["Chrysalis+1","Dramatic Entrance+1"],"picked":"Metamorphosis+1","floor":41},{"not_picked":["Discovery+1","Jack Of All Trades+1"],"picked":"Swift Strike+1","floor":41},{"not_picked":["Metamorphosis+1","Blind+1"],"picked":"Finesse+1","floor":41},{"not_picked":["Evolve","Clothesline+1","Warcry+1"],"picked":"SKIP","floor":42},{"not_picked":["Headbutt+1","Havoc+1"],"picked":"Heavy Blade+1","floor":45},{"not_picked":["Havoc+1","Flex+1","Clash+1"],"picked":"SKIP","floor":48},{"not_picked":["Twin Strike+1","Sword Boomerang+1","Infernal Blade+1"],"picked":"SKIP","floor":48}],"player_experience":330452,"relics_obtained":[{"floor":3,"key":"Shovel"},{"floor":8,"key":"Molten Egg 2"},{"floor":9,"key":"Happy Flower"},{"floor":10,"key":"Toy Ornithopter"},{"floor":12,"key":"Lantern"},{"floor":15,"key":"Incense Burner"},{"floor":17,"key":"Strawberry"},{"floor":17,"key":"Matryoshka"},{"floor":17,"key":"Champion Belt"},{"floor":23,"key":"Art of War"},{"floor":25,"key":"Ancient Tea Set"},{"floor":26,"key":"Toxic Egg 2"},{"floor":26,"key":"Blood Vial"},{"floor":27,"key":"Whetstone"},{"floor":31,"key":"Akabeko"},{"floor":40,"key":"Unceasing Top"},{"floor":42,"key":"CeramicFish"},{"floor":43,"key":"Smiling Mask"},{"floor":44,"key":"MealTicket"},{"floor":46,"key":"Centennial Puzzle"},{"floor":47,"key":"Prayer Wheel"}],"event_choices":[{"damage_healed":0,"gold_gain":0,"player_choice":"Donut","damage_taken":0,"max_hp_gain":5,"max_hp_loss":0,"event_name":"Big Fish","floor":5,"gold_loss":0},{"damage_healed":0,"gold_gain":0,"player_choice":"Rummage","damage_taken":0,"relics_obtained":["WarpedTongs"],"max_hp_gain":0,"max_hp_loss":0,"event_name":"Accursed Blacksmith","floor":11,"gold_loss":0,"cards_obtained":["Pain"]},{"damage_healed":0,"gold_gain":0,"player_choice":"Shed Blood","damage_taken":24,"max_hp_gain":5,"max_hp_loss":0,"event_name":"Forgotten Altar","floor":19,"gold_loss":0},{"damage_healed":0,"gold_gain":0,"player_choice":"Ignored","damage_taken":0,"max_hp_gain":0,"max_hp_loss":0,"event_name":"Vampires","floor":22,"gold_loss":0},{"cards_removed":["Armaments"],"damage_healed":0,"gold_gain":0,"player_choice":"Took Card","damage_taken":0,"max_hp_gain":0,"max_hp_loss":0,"event_name":"NoteForYourself","floor":37,"gold_loss":0,"cards_obtained":["Defend_P"]},{"damage_healed":0,"gold_gain":0,"player_choice":"Memory 3","damage_taken":10,"max_hp_gain":0,"max_hp_loss":0,"event_name":"SensoryStone","floor":41,"gold_loss":0},{"damage_healed":0,"gold_gain":0,"player_choice":"Fight","damage_taken":0,"max_hp_gain":0,"max_hp_loss":0,"event_name":"Mysterious Sphere","floor":47,"gold_loss":0}],"is_beta":false,"boss_relics":[{"not_picked":["Philosopher\u0027s Stone","Pandora\u0027s Box"],"picked":"Calling Bell"},{"not_picked":["SlaversCollar","Snecko Eye"],"picked":"Empty Cage"}],"items_purged_floors":[20],"is_endless":false,"potions_floor_spawned":[2,7,13,16,18,21,30,31,33,35,40,45,47],"killed_by":"Donu and Deca","ascension_level":0}}