{"host":"tm3ghj8mno6gwywm","time":1611698721,"event":{"mods":["2.2 Compatiblity","AchievementEnabler","Bard","BaseMod","Beaked The Cultist","Better Third Choice","Colored Map","Colored Powertips","Conspire","Downfall","Glutton Mod","GungeonMod","Halation","Hermit","Hubris","Infinite Spire","Jorbs\u0027s Wanderer Trilogy","Mad Scientist","Marisa????????","Marked Mod","Mimic Mod","Minty Spire (QoL Compilation)","Potionbrewer","Quick Restart","Replay The Spire","Shade Mod","Shop Mod","Somnambulant","Spicy Shops","StSLib","SuperFastMode","The Bug Knight","The Construct","The Cursed","The Disciple","The Hierophant","The IronCluck","The Judge","The Jungle","The Necromancer","The Runesmith","The Servant 0.9.4","egg"],"gold_per_floor":[419,419,245,313,37,64,97,97,97,97,97,97,114,131,131,230,230,242,258,268,6,24,59,59,77,103,103,103,103,25,58,58,154,154,173,223,223,241,241,272,272,282,282,282,299,299,23,38,38,38,38,38,2,37,37],"floor_reached":56,"language":"ENG","playtime":1345,"items_purged":["Doubt"],"score":1496,"play_id":"5babaf0d-e155-412d-9a7c-9c8d94adf351","local_time":"20210126170521","is_ascension_mode":false,"campfire_choices":[{"floor":8,"key":"RECALL"},{"floor":12,"key":"REST"},{"floor":15,"key":"REST"},{"floor":24,"key":"REST"},{"floor":29,"key":"REST"},{"data":"Zap","floor":32,"key":"SMITH"},{"data":"Dualcast","floor":41,"key":"SMITH"},{"floor":49,"key":"REST"},{"data":"Defend_B","floor":52,"key":"SMITH"}],"circlet_count":0,"master_deck":["Strike_B","Strike_B","Strike_B","Strike_B","Defend_B","Defend_B","Defend_B+1","Defend_B+1","Zap+1","Dualcast+1","Panacea+1","Cold Snap+1","Core Surge+1","All For One+1","Streamline+1","Stack+1","Hologram+1","Gash+1","Biased Cognition+1","FTL+1","ReplayGash+1","Gash+1","Mayhem+1","Go for the Eyes+1","Rebound+1","Gash+1","Scrape+1","Core Surge+1","Sweeping Beam+1","Gash+1","Beam Cell+1","Fusion+1","Double Energy+1","Madness+1","Madness+1","Compile Driver+1","ReplayGash+1","Turbo+1"],"relics":["FrozenCore","Old Coin","WingedGreaves","Lizard Tail","Mummified Hand","Black Star","Molten Egg 2","Toxic Egg 2","Frozen Egg 2","Quantum Egg","Membership Card","Onion Ring","hubris:BallOfYels","Akabeko","Lee\u0027s Waffle","DemoMod:ResourcefulSack","Shuriken","hubris:PeanutButter","Toy Ornithopter","Bird Faced Urn","HornCleat","halation:PinkSoulGem","PreservedInsect","Strange Spoon","hubris:SoftwareUpdate","Bottled Tornado","infinitespire:Lucky Rock","hubris:Icosahedron","hexamod:BolsterEngine","Potion Belt","DemoMod:Metronome","construct:WeddingRing","infinitespire:CursedDice","Runesmith:AutoHammer","potionbrewer:SlideRule","Toxic Egg 2","conspire:Boomerang","sneckomod:BlankCard","DataDisk","Runic Capacitor","conspire:InfiniteJournal","Runesmith:Nanobots"],"acts_visited":["Exordium","TheCity","TheBeyond","TheEnding"],"potions_floor_usage":[50,50,55,55,55,55,55],"damage_taken":[{"damage":3,"enemies":"Jaw Worm","floor":1,"turns":3},{"damage":16,"enemies":"Gremlin Nob","floor":6,"turns":3},{"damage":24,"enemies":"Lagavulin","floor":7,"turns":5},{"damage":0,"enemies":"2 Louse","floor":13,"turns":1},{"damage":0,"enemies":"Small Slimes","floor":14,"turns":2},{"damage":0,"enemies":"Slime Boss","floor":16,"turns":9},{"damage":7,"enemies":"2 Thieves","floor":18,"turns":4},{"damage":0,"enemies":"conspire:HollyBat","floor":19,"turns":6},{"damage":0,"enemies":"Shelled Parasite and Fungi","floor":20,"turns":4},{"damage":0,"enemies":"3 Cultists","floor":22,"turns":4},{"damage":12,"enemies":"Slavers","floor":23,"turns":4},{"damage":10,"enemies":"Snake Plant","floor":25,"turns":3},{"damage":0,"enemies":"HollowMod:Nosk","floor":31,"turns":5},{"damage":0,"enemies":"Collector","floor":33,"turns":6},{"damage":0,"enemies":"3 Darklings","floor":35,"turns":5},{"damage":0,"enemies":"Mind Bloom Boss Battle","floor":36,"turns":3},{"damage":11,"enemies":"3 Shapes","floor":38,"turns":3},{"damage":0,"enemies":"R_Hoarder","floor":40,"turns":6},{"damage":0,"enemies":"Transient","floor":42,"turns":5},{"damage":1,"enemies":"4 Shapes","floor":45,"turns":3},{"damage":0,"enemies":"3 Darklings","floor":48,"turns":3},{"damage":72,"enemies":"infinitespire:MassOfShapes","floor":50,"turns":7},{"damage":0,"enemies":"Shield and Spear","floor":54,"turns":3},{"damage":55,"enemies":"The Heart","floor":55,"turns":6}],"seed_played":"7558890873193022876","potions_obtained":[{"floor":4,"key":"Guardian:BlockOnCardUsePotion"},{"floor":4,"key":"sneckomod:MuddlingPotion"},{"floor":6,"key":"GamblersBrew"},{"floor":19,"key":"ColorlessPotion"},{"floor":22,"key":"Adrenaline Potion"},{"floor":25,"key":"LifebloodPotion"},{"floor":36,"key":"BlessingOfTheForge"},{"floor":45,"key":"AttackPotion"},{"floor":54,"key":"Explosive Potion"}],"is_trial":false,"path_per_floor":["M","?","$","?","$","E","E","R","T","?","?","R","M","M","R","B",null,"M","M","M","$","M","E","R","M","T","?","?","R","$","E","R","B",null,"M","?","?","M","$","E","R","M","T","AVR","M","?","$","M","R","B",null,"R","$","E","B",null],"character_chosen":"DEFECT","items_purchased":["Onion Ring","hubris:BallOfYels","Core Surge+1","Lee\u0027s Waffle","DemoMod:ResourcefulSack","Shuriken","Mayhem+1","PreservedInsect","Strange Spoon","hexamod:BolsterEngine","sneckomod:BlankCard","DataDisk","Runic Capacitor","PowerPotion","ReplayGash+1"],"campfire_rested":5,"item_purchase_floors":[3,3,3,5,5,5,21,21,21,30,47,47,47,47,53],"current_hp_per_floor":[72,72,72,72,82,66,42,42,42,42,42,66,66,66,82,82,82,77,79,81,81,82,74,82,72,72,72,72,82,82,82,82,82,82,82,82,82,72,72,78,78,82,82,82,81,71,71,73,82,22,82,82,82,82,34],"gold":37,"neow_bonus":"RANDOM_COLORLESS","is_daily":false,"chose_seed":false,"campfire_upgraded":3,"win_rate":0.0,"timestamp":1611698721,"path_taken":["M","?","$","?","$","E","E","R","T","?","?","R","?","?","R","BOSS","M","?","M","$","M","E","R","M","T","?","?","R","$","E","R","BOSS","M","?","?","M","?","E","R","?","T","AVR","M","?","$","M","R","BOSS","R","$","E","BOSS"],"items_purchased_type":["Relic","Relic","Card","Relic","Relic","Relic","Card","Relic","Relic","Relic","Relic","Relic","Relic","Potion","Card"],"build_version":"2020-12-22","purchased_purges":1,"victory":true,"max_hp_per_floor":[75,75,75,75,82,82,82,82,82,82,82,82,82,82,82,82,82,82,82,82,82,82,82,82,82,82,82,82,82,82,82,82,82,82,82,82,82,82,82,82,82,82,82,82,82,82,82,82,82,82,82,82,82,82,82],"card_choices":[{"not_picked":["Impatience","ReplayTheSpireMod:Uncanny Aura"],"picked":"Panacea","floor":0},{"not_picked":["Beam Cell+1","Compile Driver+1"],"picked":"Cold Snap+1","floor":1},{"not_picked":["Rebound+1","Leap+1"],"picked":"All For One+1","floor":4},{"not_picked":["Rebound+1","Leap+1"],"picked":"Streamline+1","floor":6},{"not_picked":["Double Energy+1","Redo+1"],"picked":"Stack+1","floor":7},{"not_picked":["ReplayTheSpireMod:Repulse+1","Blizzard+1"],"picked":"Hologram+1","floor":13},{"not_picked":["Conserve Battery+1","Seek+1"],"picked":"Gash+1","floor":14},{"not_picked":["ReplayTheSpireMod:Fabricate Wheel+1","Meteor Strike+1"],"picked":"Biased Cognition+1","floor":16},{"not_picked":["Ball Lightning+1","BasicCrystalCard+1"],"picked":"FTL+1","floor":18},{"not_picked":["Compile Driver+1","Consume+1"],"picked":"ReplayGash+1","floor":19},{"not_picked":["BasicCrystalCard+1","hubris:Ukulele+1"],"picked":"Gash+1","floor":20},{"not_picked":["Compile Driver+1","Leap+1"],"picked":"Go for the Eyes+1","floor":22},{"not_picked":["ReplayTheSpireMod:Repulse+1","ReplayTheSpireMod:Omega Cannon+1"],"picked":"Rebound+1","floor":23},{"not_picked":["Conserve Battery+1","Steam+1"],"picked":"Gash+1","floor":25},{"not_picked":["Cold Snap+1","Blizzard+1"],"picked":"Scrape+1","floor":31},{"not_picked":["Buffer+1","Electrodynamics+1"],"picked":"Core Surge+1","floor":33},{"not_picked":["Steam+1","hubris:PowerSurge+1"],"picked":"Sweeping Beam+1","floor":35},{"not_picked":["Auto Shields+1","Redo+1"],"picked":"Gash+1","floor":36},{"not_picked":["Cold Snap+1","Sweeping Beam+1"],"picked":"Fusion+1","floor":38},{"not_picked":["Compile Driver+1","ReplayTheSpireMod:Repulse+1"],"picked":"Double Energy+1","floor":40},{"not_picked":["Consume+1","Rip and Tear+1","Turbo+1"],"picked":"SKIP","floor":42},{"not_picked":["Sweeping Beam+1","Hello World+1","Recycle+1"],"picked":"SKIP","floor":45},{"not_picked":["Self Repair+1","Beam Cell+1"],"picked":"Compile Driver+1","floor":48},{"not_picked":["Compile Driver+1","Redo+1"],"picked":"Turbo+1","floor":54}],"player_experience":844332,"relics_obtained":[{"floor":4,"key":"Akabeko"},{"floor":6,"key":"hubris:PeanutButter"},{"floor":6,"key":"Toy Ornithopter"},{"floor":7,"key":"Bird Faced Urn"},{"floor":7,"key":"HornCleat"},{"floor":23,"key":"hubris:SoftwareUpdate"},{"floor":23,"key":"Bottled Tornado"},{"floor":26,"key":"infinitespire:Lucky Rock"},{"floor":31,"key":"Potion Belt"},{"floor":31,"key":"DemoMod:Metronome"},{"floor":36,"key":"infinitespire:CursedDice"},{"floor":40,"key":"Runesmith:AutoHammer"},{"floor":40,"key":"potionbrewer:SlideRule"},{"floor":43,"key":"Toxic Egg 2"},{"floor":54,"key":"conspire:InfiniteJournal"},{"floor":54,"key":"Runesmith:Nanobots"}],"event_choices":[{"damage_healed":0,"gold_gain":0,"player_choice":"Ignored","damage_taken":0,"max_hp_gain":0,"max_hp_loss":0,"event_name":"Ghosts","floor":28,"gold_loss":0},{"damage_healed":0,"gold_gain":0,"player_choice":"Fight","damage_taken":0,"max_hp_gain":0,"max_hp_loss":0,"event_name":"MindBloom","floor":36,"gold_loss":0},{"damage_healed":0,"gold_gain":0,"player_choice":"Embrace Madness","damage_taken":10,"max_hp_gain":0,"max_hp_loss":0,"event_name":"Winding Halls","floor":46,"gold_loss":0,"cards_obtained":["Madness","Madness"]}],"is_beta":false,"boss_relics":[{"not_picked":["hubris:HollowSoul","infinitespire:Cupcake"],"picked":"FrozenCore"},{"not_picked":["Replay:Drink Me","Astrolabe"],"picked":"construct:WeddingRing"}],"items_purged_floors":[21],"is_endless":false,"potions_floor_spawned":[6,7,19,20,22,25,36,45,48,54],"ascension_level":0}}