{"host":"i0avyit1s6jb1siw","time":1611663278,"event":{"mods":["BaseMod","DeckTracker","Dota2Spire","Highlight Path","Minty Spire (QoL Compilation)","Quick Restart","StSLib","SuperFastMode"],"gold_per_floor":[113,188,188,21,40,40,40,74,74,108,128,159,171,183,195,298,310,338,350,381,393,426,438,450,450],"floor_reached":24,"language":"ENG","playtime":919,"items_purged":[],"score":474,"play_id":"ef4b0dfb-6fb5-416a-a4e2-4128da602823","local_time":"20210126131438","is_ascension_mode":true,"campfire_choices":[{"data":"Uppercut","floor":6,"key":"SMITH"},{"data":"Barricade","floor":13,"key":"SMITH"},{"data":"Armaments","floor":15,"key":"SMITH"},{"floor":23,"key":"REST"}],"circlet_count":0,"master_deck":["AscendersBane","Strike_R+1","Strike_R+1","Defend_R+1","Defend_R+1","Defend_R+1","Defend_R+1","Bash","Pommel Strike","Barricade+1","Shrug It Off","Seeing Red","Spot Weakness","Hemokinesis","Uppercut+1","Rage","Clothesline","Armaments+1","Impervious","True Grit","Fire Breathing+1","Wild Strike","Twin Strike","Disarm"],"relics":["Burning Blood","NeowsBlessing","Golden Idol","Orrery","Omamori","Letter Opener","Regal Pillow","MawBank","Runic Pyramid"],"acts_visited":["Exordium","TheCity"],"potions_floor_usage":[10,24],"damage_taken":[{"damage":0,"enemies":"Jaw Worm","floor":1,"turns":1},{"damage":0,"enemies":"Small Slimes","floor":5,"turns":1},{"damage":0,"enemies":"Gremlin Nob","floor":8,"turns":1},{"damage":20,"enemies":"Lagavulin","floor":10,"turns":7},{"damage":0,"enemies":"Cultist","floor":11,"turns":3},{"damage":28,"enemies":"Gremlin Nob","floor":12,"turns":4},{"damage":21,"enemies":"The Guardian","floor":16,"turns":13},{"damage":16,"enemies":"Shell Parasite","floor":18,"turns":7},{"damage":4,"enemies":"Chosen","floor":20,"turns":5},{"damage":28,"enemies":"Sentry and Sphere","floor":22,"turns":7},{"damage":64,"enemies":"Book of Stabbing","floor":24,"turns":7}],"seed_played":"-5831457338662799206","potions_obtained":[{"floor":1,"key":"ColorlessPotion"},{"floor":5,"key":"Swift Potion"},{"floor":10,"key":"SpeedPotion"},{"floor":20,"key":"CultistPotion"}],"is_trial":false,"path_per_floor":["M","?","?","$","M","R","?","E","T","E","M","E","R","$","R","B",null,"M","?","M","?","M","R","E"],"character_chosen":"IRONCLAD","items_purchased":["Orrery"],"campfire_rested":1,"item_purchase_floors":[4],"current_hp_per_floor":[74,63,63,63,68,68,68,68,68,54,60,38,38,38,38,23,57,47,47,49,49,27,62,0,0],"gold":450,"neow_bonus":"THREE_ENEMY_KILL","is_daily":false,"chose_seed":false,"campfire_upgraded":3,"win_rate":0.0,"timestamp":1611663278,"path_taken":["M","?","?","$","?","R","?","E","T","E","M","E","R","?","R","BOSS","M","?","M","?","M","R","E"],"items_purchased_type":["Relic"],"build_version":"2020-12-22","purchased_purges":0,"victory":false,"max_hp_per_floor":[75,75,68,68,68,68,68,68,68,68,68,68,68,68,68,68,68,68,68,68,68,68,68,68,68],"card_choices":[{"not_picked":["Seeing Red","Warcry"],"picked":"Pommel Strike","floor":1},{"not_picked":["Anger","Shrug It Off"],"picked":"Barricade","floor":4},{"not_picked":["Body Slam","Blood for Blood"],"picked":"Shrug It Off","floor":4},{"not_picked":["Armaments","Evolve"],"picked":"Seeing Red","floor":4},{"not_picked":["Second Wind","Clash"],"picked":"Spot Weakness","floor":4},{"not_picked":["Fire Breathing","Cleave"],"picked":"Hemokinesis","floor":4},{"not_picked":["Body Slam","Armaments"],"picked":"Uppercut","floor":5},{"not_picked":["Wild Strike","Warcry"],"picked":"Clothesline","floor":8},{"not_picked":["Clash","Thunderclap","Sword Boomerang"],"picked":"SKIP","floor":10},{"not_picked":["Sword Boomerang","Perfected Strike"],"picked":"Armaments","floor":11},{"not_picked":["Perfected Strike","Wild Strike","Twin Strike"],"picked":"SKIP","floor":12},{"not_picked":["Bludgeon","Feed"],"picked":"Impervious","floor":16},{"not_picked":["Pommel Strike","Armaments"],"picked":"True Grit","floor":18},{"not_picked":["Clash","Body Slam"],"picked":"Fire Breathing+1","floor":20},{"not_picked":["Body Slam","Bloodletting"],"picked":"Disarm","floor":22}],"player_experience":2345609,"relics_obtained":[{"floor":8,"key":"Omamori"},{"floor":9,"key":"Letter Opener"},{"floor":10,"key":"Regal Pillow"},{"floor":12,"key":"MawBank"}],"event_choices":[{"damage_healed":0,"gold_gain":75,"player_choice":"Gather Gold","damage_taken":11,"max_hp_gain":0,"max_hp_loss":0,"event_name":"World of Goop","floor":2,"gold_loss":0},{"damage_healed":0,"gold_gain":0,"player_choice":"Lose Max HP","damage_taken":0,"relics_obtained":["Golden Idol"],"max_hp_gain":0,"max_hp_loss":7,"event_name":"Golden Idol","floor":3,"gold_loss":0},{"damage_healed":0,"gold_gain":0,"cards_transformed":["Strike_R"],"player_choice":"Transformed","damage_taken":0,"max_hp_gain":0,"max_hp_loss":0,"event_name":"Transmorgrifier","floor":7,"gold_loss":0,"cards_obtained":["Rage"]},{"damage_healed":0,"gold_gain":0,"player_choice":"Simplicity","damage_taken":0,"max_hp_gain":0,"max_hp_loss":0,"event_name":"Back to Basics","floor":19,"gold_loss":0,"cards_upgraded":["Strike_R","Strike_R","Strike_R","Strike_R","Defend_R","Defend_R","Defend_R","Defend_R"]},{"damage_healed":0,"gold_gain":0,"cards_transformed":["Strike_R","Strike_R"],"player_choice":"Became Test Subject","damage_taken":0,"max_hp_gain":0,"max_hp_loss":0,"event_name":"Drug Dealer","floor":21,"gold_loss":0,"cards_obtained":["Wild Strike","Twin Strike"]}],"is_beta":false,"boss_relics":[{"not_picked":["SlaversCollar","Tiny House"],"picked":"Runic Pyramid"}],"items_purged_floors":[],"is_endless":false,"potions_floor_spawned":[1,5,10,18,20],"killed_by":"Book of Stabbing","ascension_level":20}}