{"host":"vumwfieg2b2mnrfl","time":1611626445,"event":{"mods":["AchievementEnabler","BaseMod","Minty Spire (QoL Compilation)","Rare Cards Sparkle","Relic Stats"],"gold_per_floor":[369,250,270,270,287,287,302,58,106,121,153,153,170,184,184,258,258,271,47,44,44,44,76,76,102,102,102,102,102],"floor_reached":28,"language":"ENG","playtime":797,"items_purged":[],"score":503,"play_id":"535b84d0-8361-449c-9818-7e75e5a1ddc4","local_time":"20210125200044","is_ascension_mode":true,"campfire_choices":[{"data":"Poisoned Stab","floor":6,"key":"SMITH"},{"floor":15,"key":"REST"},{"floor":24,"key":"REST"}],"circlet_count":0,"master_deck":["AscendersBane","Strike_G","Strike_G","Strike_G","Strike_G","Defend_G+1","Defend_G","Defend_G","Defend_G","Defend_G","Survivor","Neutralize","Backflip","Terror","Poisoned Stab+1","Deadly Poison+1","Deadly Poison","Dash","Leg Sweep","Poisoned Stab","Leg Sweep+1","Night Terror+1","Dagger Spray+1","PiercingWail+1","Bouncing Flask+1","Decay","Writhe","Corpse Explosion+1","Shame"],"relics":["Ring of the Snake","Medical Kit","Bronze Scales","PreservedInsect","Toxic Egg 2","Cursed Key","ClockworkSouvenir","Regal Pillow","Question Card","War Paint","Pantograph","MutagenicStrength"],"acts_visited":["Exordium","TheCity"],"potions_floor_usage":[11,16,23],"damage_taken":[{"damage":0,"enemies":"2 Louse","floor":1,"turns":3},{"damage":0,"enemies":"Jaw Worm","floor":3,"turns":3},{"damage":1,"enemies":"Cultist","floor":5,"turns":3},{"damage":11,"enemies":"2 Fungi Beasts","floor":7,"turns":4},{"damage":1,"enemies":"Looter","floor":10,"turns":3},{"damage":10,"enemies":"Lagavulin","floor":11,"turns":7},{"damage":4,"enemies":"Exordium Wildlife","floor":13,"turns":4},{"damage":7,"enemies":"2 Fungi Beasts","floor":14,"turns":3},{"damage":6,"enemies":"Hexaghost","floor":16,"turns":9},{"damage":6,"enemies":"3 Byrds","floor":18,"turns":3},{"damage":9,"enemies":"2 Thieves","floor":20,"turns":4},{"damage":27,"enemies":"Book of Stabbing","floor":23,"turns":5},{"damage":29,"enemies":"Slavers","floor":25,"turns":5},{"damage":38,"enemies":"Snecko","floor":28,"turns":4}],"seed_played":"571270505597853609","potions_obtained":[{"floor":1,"key":"BlessingOfTheForge"},{"floor":7,"key":"Dexterity Potion"},{"floor":11,"key":"LiquidMemories"}],"is_trial":false,"path_per_floor":["M","$","M","?","M","R","M","$","T","M","E","T","M","M","R","B",null,"M","$","M","?","?","E","R","E","T","?","M"],"character_chosen":"THE_SILENT","items_purchased":["Terror","Poisoned Stab","Medical Kit","Dash","ClockworkSouvenir","PiercingWail+1"],"campfire_rested":2,"item_purchase_floors":[2,2,8,8,19,19],"current_hp_per_floor":[59,59,59,52,51,51,40,40,40,39,29,29,25,18,36,30,53,47,47,38,38,38,11,44,15,15,15,0,0],"gold":102,"neow_bonus":"TWO_FIFTY_GOLD","is_daily":false,"chose_seed":false,"campfire_upgraded":1,"win_rate":0.0,"timestamp":1611626444,"path_taken":["M","$","M","?","M","R","M","$","T","M","E","?","M","M","R","BOSS","M","$","?","?","?","E","R","E","T","?","M"],"items_purchased_type":["Card","Card","Relic","Card","Relic","Card"],"build_version":"2020-12-22","purchased_purges":0,"victory":false,"max_hp_per_floor":[60,60,60,60,60,60,60,60,60,60,60,60,60,60,60,60,60,60,60,60,60,60,60,60,60,60,60,60,60],"relic_stats":{"Regal Pillow":15,"counters":[14,60],"Bronze Scales":[229],"Pantograph":0,"PreservedInsect":84,"War Paint":["Deadly Poison","Defend_G"],"Medical Kit":[5],"Cursed Key":1,"Question Card":1,"obtain_stats":[{"Regal Pillow":22,"Bronze Scales":9,"Pantograph":26,"MutagenicStrength":27,"PreservedInsect":11,"Toxic Egg 2":12,"War Paint":25,"Medical Kit":8,"Cursed Key":17,"Question Card":23,"Ring of the Snake":0,"ClockworkSouvenir":19},{"Regal Pillow":11,"Bronze Scales":4,"Pantograph":13,"MutagenicStrength":13,"PreservedInsect":6,"Toxic Egg 2":6,"War Paint":13,"Medical Kit":4,"Cursed Key":9,"Question Card":12,"Ring of the Snake":0,"ClockworkSouvenir":10},{"Regal Pillow":46,"Bronze Scales":13,"Pantograph":56,"MutagenicStrength":56,"PreservedInsect":23,"Toxic Egg 2":23,"War Paint":56,"Medical Kit":13,"Cursed Key":39,"Question Card":51,"Ring of the Snake":0,"ClockworkSouvenir":42}],"Ring of the Snake":[28]},"card_choices":[{"not_picked":["Eviscerate","Acrobatics"],"picked":"Backflip","floor":1},{"not_picked":["Sucker Punch","Backflip"],"picked":"Deadly Poison","floor":3},{"not_picked":["Heel Hook","Sucker Punch"],"picked":"Deadly Poison","floor":5},{"not_picked":["Backflip","Grand Finale","Cloak And Dagger"],"picked":"SKIP","floor":7},{"not_picked":["Quick Slash","Dodge and Roll","Terror"],"picked":"SKIP","floor":10},{"not_picked":["Reflex","Underhanded Strike"],"picked":"Leg Sweep","floor":11},{"not_picked":["Backflip+1","Prepared+1"],"picked":"Poisoned Stab","floor":13},{"not_picked":["Reflex+1","Sucker Punch"],"picked":"Leg Sweep+1","floor":14},{"not_picked":["Wraith Form v2","Bullet Time+1"],"picked":"Night Terror+1","floor":16},{"not_picked":["Sucker Punch","Deflect+1"],"picked":"Dagger Spray+1","floor":18},{"not_picked":["Acrobatics+1","Prepared+1"],"picked":"Bouncing Flask+1","floor":20},{"not_picked":["Quick Slash","Envenom","Riddle With Holes"],"picked":"SKIP","floor":23},{"not_picked":["Deadly Poison+1","Deflect+1","Flechettes"],"picked":"Corpse Explosion+1","floor":25}],"player_experience":466229,"relics_obtained":[{"floor":9,"key":"Bronze Scales"},{"floor":11,"key":"PreservedInsect"},{"floor":12,"key":"Toxic Egg 2"},{"floor":23,"key":"Question Card"},{"floor":25,"key":"War Paint"},{"floor":26,"key":"Pantograph"}],"event_choices":[{"cards_removed":["Strike_G"],"damage_healed":0,"gold_gain":0,"player_choice":"Card Removal","damage_taken":7,"max_hp_gain":0,"max_hp_loss":0,"event_name":"Golden Wing","floor":4,"gold_loss":0},{"damage_healed":0,"gold_gain":0,"player_choice":"Smashed Altar","damage_taken":0,"max_hp_gain":0,"max_hp_loss":0,"event_name":"Forgotten Altar","floor":21,"gold_loss":0,"cards_obtained":["Decay"]},{"damage_healed":0,"gold_gain":0,"player_choice":"Opened","damage_taken":0,"relics_obtained":["Regal Pillow"],"max_hp_gain":0,"max_hp_loss":0,"event_name":"The Mausoleum","floor":22,"gold_loss":0,"cards_obtained":["Writhe"]},{"damage_healed":0,"gold_gain":0,"player_choice":"Inject Mutagens","damage_taken":0,"relics_obtained":["MutagenicStrength"],"max_hp_gain":0,"max_hp_loss":0,"event_name":"Drug Dealer","floor":27,"gold_loss":0}],"is_beta":false,"boss_relics":[{"not_picked":["Velvet Choker","WristBlade"],"picked":"Cursed Key"}],"items_purged_floors":[],"is_endless":false,"potions_floor_spawned":[1,7,11,14],"killed_by":"Snecko","ascension_level":19}}