{"host":"2q4w55ev63ot6isg","time":1611702591,"event":{"mods":["Aspiration","BaseMod","Downfall","Hubris","Marisa????????","Minty Spire (QoL Compilation)","Replay The Spire","StSLib","The Cursed","The Jungle","The Servant 0.9.4"],"gold_per_floor":[118,193,207,224,238,238,267,277,302,302,320,320,330,357,357,460,460,471,485,502,502,516,516,295,305,305,305,317,337,352,45,142,243,343,354,364,364,378,378,378,411,411,435,463,479,234,234,234,234,234],"floor_reached":51,"language":"ENG","playtime":2089,"items_purged":["Strike_P"],"score":927,"play_id":"215b9171-58d6-4534-aad7-d4420c831453","local_time":"20210126150951","is_ascension_mode":true,"campfire_choices":[{"data":"Prostrate","floor":6,"key":"SMITH"},{"floor":12,"key":"REST"},{"floor":15,"key":"DIG"},{"data":"ForeignInfluence","floor":23,"key":"SMITH"},{"data":"Scrawl","floor":27,"key":"SMITH"},{"data":"Scrawl","floor":40,"key":"SMITH"},{"data":"Omniscience","floor":42,"key":"SMITH"},{"data":"Vault","floor":49,"key":"SMITH"}],"circlet_count":0,"master_deck":["Strike_P","Strike_P+1","Strike_P+1","Defend_P","Defend_P","Defend_P","Defend_P+1","Eruption","Vigilance+1","Prostrate+1","Scrawl+1","Perseverance","SignatureMove","JustLucky","ForeignInfluence+1","Evaluate","EmptyFist","DeusExMachina","Prostrate+1","Scrawl+1","WheelKick","WheelKick+1","Omniscience+1","Protect+1","Vault+1","Hallucinations"],"relics":["PureWater","aspiration:Nostalgia","Cracked Core","PreservedInsect","Regal Pillow","War Paint","Odd Mushroom","aspiration:HummingbirdHeart","Painkiller Herb","hubris:TenFootPole","Gremlin Horn","hubris:64BitClover","Replay:Wanted Poster","Replay:WaspNest","Whetstone","hubris:ToyBattleship","Orichalcum","ReplayTheSpireMod:Shallot","Ring of Hypnosis"],"acts_visited":["Exordium","TheCity","TheBeyond"],"potions_floor_usage":[13,16,33,41,50,50,50],"damage_taken":[{"damage":3,"enemies":"Small Slimes","floor":1,"turns":3},{"damage":0,"enemies":"2 Louse","floor":3,"turns":1},{"damage":0,"enemies":"Cultist","floor":4,"turns":2},{"damage":15,"enemies":"Large Slime","floor":5,"turns":5},{"damage":14,"enemies":"3 Sentries","floor":7,"turns":13},{"damage":4,"enemies":"Exordium Wildlife","floor":8,"turns":3},{"damage":0,"enemies":"Red Slaver","floor":11,"turns":3},{"damage":0,"enemies":"Blue Slaver","floor":13,"turns":2},{"damage":48,"enemies":"The Mushroom Lair","floor":14,"turns":4},{"damage":7,"enemies":"Hexaghost","floor":16,"turns":8},{"damage":0,"enemies":"3 Byrds","floor":18,"turns":5},{"damage":0,"enemies":"Spheric Guardian","floor":19,"turns":1},{"damage":0,"enemies":"Snecko","floor":20,"turns":2},{"damage":2,"enemies":"Snake Plant","floor":22,"turns":4},{"damage":14,"enemies":"Sentry and Sphere","floor":25,"turns":6},{"damage":0,"enemies":"Chosen and Byrds","floor":28,"turns":4},{"damage":0,"enemies":"Centurion and Healer","floor":29,"turns":2},{"damage":0,"enemies":"Shelled Parasite and Fungi","floor":30,"turns":2},{"damage":22,"enemies":"hubris:MusketHawk","floor":33,"turns":6},{"damage":8,"enemies":"3 Darklings","floor":35,"turns":3},{"damage":2,"enemies":"3 Shapes","floor":36,"turns":2},{"damage":0,"enemies":"Sphere and 2 Shapes","floor":38,"turns":3},{"damage":0,"enemies":"Giant Head","floor":41,"turns":5},{"damage":0,"enemies":"Reptomancer","floor":44,"turns":2},{"damage":0,"enemies":"Spire Growth","floor":45,"turns":4},{"damage":26,"enemies":"Awakened One","floor":50,"turns":15}],"seed_played":"5686621334808461035","potions_obtained":[{"floor":5,"key":"GamblersBrew"},{"floor":7,"key":"Dexterity Potion"},{"floor":11,"key":"Energy Potion"},{"floor":16,"key":"Ancient Potion"},{"floor":20,"key":"Energy Potion"},{"floor":30,"key":"ColorlessPotion"},{"floor":33,"key":"LiquidMemories"},{"floor":45,"key":"sneckomod:MuddlingPotion"}],"is_trial":false,"path_per_floor":["M","?","M","M","M","R","E","M","T","?","M","R","M","?","R","B",null,"?","?","?","?","?","T","T","?","T","T","?","?","?","T","T","B",null,"?","?","T","?","T","T","E","T","T","E","?","T","?","?","T","B",null],"character_chosen":"WATCHER","items_purchased":["hubris:TenFootPole","hubris:64BitClover","ReplayTheSpireMod:Shallot"],"campfire_rested":1,"item_purchase_floors":[24,31,46],"current_hp_per_floor":[69,58,58,58,43,43,29,25,25,25,25,61,61,13,13,6,72,72,72,72,72,70,70,70,56,56,56,56,56,56,56,56,34,72,64,62,62,62,62,62,62,62,62,62,62,62,62,62,62,36],"gold":234,"neow_bonus":"NOSTALGIA","is_daily":false,"chose_seed":false,"campfire_upgraded":6,"win_rate":0.0,"timestamp":1611702591,"path_taken":["M","?","M","M","M","R","E","M","T","?","?","R","M","?","R","BOSS","?","?","?","?","?","T","T","?","T","T","?","?","?","T","T","BOSS","?","?","T","?","?","T","E","T","T","E","?","T","?","?","T","BOSS"],"items_purchased_type":["Relic","Relic","Relic"],"build_version":"2020-12-22","purchased_purges":1,"victory":true,"max_hp_per_floor":[72,72,72,72,72,72,72,72,72,72,72,72,72,72,72,72,72,72,72,72,72,72,72,72,72,72,72,72,72,72,72,72,72,72,72,72,72,72,72,72,72,72,72,72,72,72,72,72,72,72],"card_choices":[{"not_picked":["BowlingBash","Replay:ManipulateFuture"],"picked":"Prostrate","floor":1},{"not_picked":["EmptyMind","BattleHymn"],"picked":"Scrawl","floor":3},{"not_picked":["FlyingSleeves","Consecrate"],"picked":"Perseverance","floor":4},{"not_picked":["Swivel","FollowUp"],"picked":"SignatureMove","floor":5},{"not_picked":["WreathOfFlame","FlurryOfBlows"],"picked":"JustLucky","floor":7},{"not_picked":["Fasting2","Judgement","Vengeance"],"picked":"SKIP","floor":8},{"not_picked":["FollowUp","ReachHeaven"],"picked":"ForeignInfluence","floor":11},{"not_picked":["BattleHymn","SashWhip"],"picked":"Evaluate","floor":13},{"not_picked":["Replay:BluntJabs","Replay:Vibes"],"picked":"EmptyFist","floor":14},{"not_picked":["Alpha","Wish"],"picked":"DeusExMachina","floor":16},{"not_picked":["Replay:BluntJabs+1","EmptyBody+1","Weave"],"picked":"SKIP","floor":18},{"not_picked":["Wireheading+1","Replay:Cycle"],"picked":"Prostrate+1","floor":19},{"not_picked":["FlyingSleeves","EmptyMind","FearNoEvil"],"picked":"SKIP","floor":20},{"not_picked":["FearNoEvil+1","Alpha"],"picked":"WheelKick","floor":22},{"not_picked":["PathToVictory","TalkToTheHand"],"picked":"WheelKick+1","floor":25},{"not_picked":["CrushJoints","Prostrate","Sanctity"],"picked":"SKIP","floor":28},{"not_picked":["Conclude","ThirdEye","CutThroughFate"],"picked":"SKIP","floor":29},{"not_picked":["BowlingBash","ForeignInfluence","Replay:AtTheReady"],"picked":"SKIP","floor":30},{"not_picked":["MasterReality","ConjureBlade"],"picked":"Omniscience","floor":33},{"not_picked":["JustLucky+1","Prostrate","SashWhip+1"],"picked":"SKIP","floor":35},{"not_picked":["Adaptation","Conclude+1","ThirdEye+1"],"picked":"SKIP","floor":36},{"not_picked":["SashWhip+1","Replay:ManipulateFuture"],"picked":"Protect+1","floor":38},{"not_picked":["FlurryOfBlows+1","ThirdEye","Replay:Hum"],"picked":"SKIP","floor":41},{"not_picked":["CutThroughFate","CrushJoints","FlurryOfBlows"],"picked":"SKIP","floor":44},{"not_picked":["WheelKick","ThirdEye"],"picked":"Vault","floor":45}],"player_experience":173173,"relics_obtained":[{"floor":7,"key":"PreservedInsect"},{"floor":9,"key":"Regal Pillow"},{"floor":14,"key":"Odd Mushroom"},{"floor":15,"key":"aspiration:HummingbirdHeart"},{"floor":26,"key":"Gremlin Horn"},{"floor":39,"key":"Replay:WaspNest"},{"floor":41,"key":"Whetstone"},{"floor":43,"key":"hubris:ToyBattleship"},{"floor":44,"key":"Orichalcum"},{"floor":48,"key":"Ring of Hypnosis"}],"event_choices":[{"damage_healed":0,"gold_gain":75,"player_choice":"Gather Gold","damage_taken":11,"max_hp_gain":0,"max_hp_loss":0,"event_name":"World of Goop","floor":2,"gold_loss":0},{"damage_healed":0,"gold_gain":0,"player_choice":"Gave Potion","damage_taken":0,"relics_obtained":["War Paint"],"max_hp_gain":0,"max_hp_loss":0,"event_name":"WeMeetAgain","floor":10,"gold_loss":0},{"damage_healed":0,"gold_gain":0,"player_choice":"Fought Mushrooms","damage_taken":0,"max_hp_gain":0,"max_hp_loss":0,"event_name":"Mushrooms","floor":14,"gold_loss":0},{"damage_healed":0,"gold_gain":0,"player_choice":"Copied","damage_taken":0,"max_hp_gain":0,"max_hp_loss":0,"event_name":"Duplicator","floor":21,"gold_loss":0,"cards_obtained":["Scrawl"]},{"damage_healed":0,"gold_gain":0,"player_choice":"Ignored","damage_taken":0,"max_hp_gain":0,"max_hp_loss":0,"event_name":"Tomb of Lord Red Mask","floor":47,"gold_loss":0}],"is_beta":false,"boss_relics":[{"not_picked":["hubris:HollowSoul","Pandora\u0027s Box"],"picked":"Painkiller Herb"},{"not_picked":["hubris:ScarierMask","Runic Dome"],"picked":"Replay:Wanted Poster"}],"items_purged_floors":[24],"is_endless":false,"potions_floor_spawned":[5,7,11,16,20,30,33,35,36,45],"ascension_level":3}}