{"host":"qq27suot6m8koe0b","time":1611668994,"event":{"mods":["Act Like it!","BaseMod","CapriCore","Downfall","GifTheSpireLib","Minty Spire (QoL Compilation)","StSLib"],"gold_per_floor":[99,118,136,153,153,163,190,90,105,105,135,155,55,55,68,68,68,68],"floor_reached":16,"language":"ZHS","playtime":520,"items_purged":[],"score":129,"play_id":"68250d99-5bc4-4848-9ba0-83fcff14b755","local_time":"20210126214954","is_ascension_mode":false,"campfire_choices":[{"floor":1,"key":"RECALL"},{"data":"bronze:AlphaBuild","floor":8,"key":"SMITH"},{"data":"bronze:Optimize","floor":13,"key":"SMITH"}],"circlet_count":0,"master_deck":["bronze:Strike+1","bronze:Strike","bronze:Strike","bronze:Defend","bronze:Defend+1","bronze:Defend","bronze:Defend","bronze:Replicate","bronze:Goto","bronze:FollowUp","bronze:Separator+1","bronze:WhirlingStrike","bronze:AlphaBuild+1","bronze:Optimize+1","downfall:Malfunctioning","bronze:WhirlingStrike","bronze:InfiniteBeams"],"relics":["bronze:BronzeCore","downfall:HeartBlessingBlue","Anchor","downfall:HeartBlessingRed"],"acts_visited":["Exordium"],"potions_floor_usage":[6,16,16,16,16],"damage_taken":[{"damage":3,"enemies":"Jaw Worm","floor":2,"turns":4},{"damage":0,"enemies":"Small Slimes","floor":3,"turns":3},{"damage":5,"enemies":"2 Louse","floor":4,"turns":3},{"damage":0,"enemies":"Gremlin Gang","floor":6,"turns":2},{"damage":7,"enemies":"Blue Slaver","floor":9,"turns":2},{"damage":19,"enemies":"3 Sentries","floor":11,"turns":6},{"damage":1,"enemies":"Exordium Wildlife","floor":12,"turns":2},{"damage":0,"enemies":"3 Louse","floor":15,"turns":2},{"damage":56,"enemies":"IC_STATUS_ARCHETYPE","floor":16,"turns":8}],"seed_played":"1868748303129651480","potions_obtained":[{"floor":3,"key":"Dexterity Potion"},{"floor":4,"key":"Explosive Potion"},{"floor":9,"key":"EntropicBrew"},{"floor":11,"key":"SneckoOil"},{"floor":12,"key":"Dexterity Potion"},{"floor":14,"key":"LiquidMemories"},{"floor":14,"key":"Block Potion"}],"is_trial":false,"path_per_floor":["R","M","M","M","?","M","T","R","M","?","E","M","R","?","M","B"],"character_chosen":"THE_AUTOMATON","items_purchased":[],"campfire_rested":0,"item_purchase_floors":[],"current_hp_per_floor":[77,74,74,69,69,69,69,79,72,72,53,52,52,52,52,0,0,0],"gold":68,"neow_bonus":"TEN_PERCENT_HP_BONUS","is_daily":false,"chose_seed":false,"campfire_upgraded":2,"win_rate":0.0,"timestamp":1611668994,"path_taken":["R","M","M","M","?","M","T","R","M","?","E","M","R","?","M","BOSS"],"items_purchased_type":[],"build_version":"2020-12-22","purchased_purges":0,"victory":false,"max_hp_per_floor":[77,77,77,77,77,77,77,87,87,87,87,87,87,87,87,87,87,87],"card_choices":[{"not_picked":["bronze:FineTuning","bronze:Return"],"picked":"bronze:FollowUp","floor":2},{"not_picked":["bronze:Deprecate","bronze:Shield"],"picked":"bronze:Separator","floor":3},{"not_picked":["bronze:CloningBeam","bronze:BuggyMess"],"picked":"bronze:WhirlingStrike","floor":4},{"not_picked":["bronze:BuggyMess","bronze:FineTuning"],"picked":"bronze:Optimize","floor":6},{"not_picked":["bronze:ClassDefault","bronze:Boost","bronze:Refactor"],"picked":"SKIP","floor":9},{"not_picked":["bronze:Break","bronze:BuggyMess"],"picked":"bronze:WhirlingStrike","floor":11},{"not_picked":["bronze:Invalidate","bronze:Philosophize","bronze:OilSpill"],"picked":"SKIP","floor":12},{"not_picked":["bronze:BitShift","bronze:Shield"],"picked":"bronze:InfiniteBeams","floor":15}],"player_experience":369077,"relics_obtained":[{"floor":11,"key":"Anchor"}],"event_choices":[{"damage_healed":0,"gold_gain":0,"player_choice":"Got Potions","damage_taken":0,"max_hp_gain":0,"max_hp_loss":0,"event_name":"Lab","floor":14,"gold_loss":0}],"is_beta":false,"boss_relics":[],"items_purged_floors":[],"is_endless":false,"potions_floor_spawned":[3,4,9,11,12],"killed_by":"IC_STATUS_ARCHETYPE","ascension_level":0}}