{"host":"o0df4zrtlkp0p8rf","time":1611639842,"event":{"mods":["2.2 Compatiblity","Act Like it!","Arknights The Spire","Astrologer","BaseMod","Bestiary","Better Third Choice","BetterRewards","Colored Map","Conspire","Downfall","Duelist Mod","Energized Spire","GifTheSpireLib","Halation","Hermit","Highlight Path","Hubris","Infinite Spire","Mimic Mod","Minty Spire (QoL Compilation)","Rare Cards Sparkle","Reliquary","Replay The Spire","Robot Space Explorer","Shop Mod","Small Relic Pack","Spire Arcade","StSLib","Stuff the Spire","The Accelerator","The Bug Knight","The Cursed","The Disciple","The Forsaken","The Hierophant","The Jungle","The Marked","The Necromancer","The Runesmith"],"gold_per_floor":[99,116,116,128,128,128,167,167,186,219,219,248,248,262,281,281,281,281],"floor_reached":16,"language":"ENG","playtime":807,"items_purged":[],"score":110,"play_id":"50e7aa39-f0a6-44e3-ba82-fe7979e8300f","local_time":"20210125214402","is_ascension_mode":false,"campfire_choices":[{"data":"champ:Taunt","floor":6.0,"key":"SMITH"},{"floor":11.0,"key":"REST"}],"circlet_count":0,"master_deck":["champ:Strike","champ:Strike+1","champ:Strike+1","champ:Strike","champ:Defend+1","champ:Defend","champ:Defend","champ:Defend","champ:Execute","champ:Taunt+1","champ:ShieldWall","champ:BringItOn","hubris:Sloth","theDuelist:VampireCurse","infinitespire:FinalStrike","champ:PerfectedStrike","champ:TornadoPunch","champ:Duel","champ:TripleStrike","champ:FaceSlap","champ:Backstep"],"relics":["champ:ChampionCrown","Whetstone","downfall:BrokenWingStatue","infinitespire:Bottled Soul","reliquary:Stiletto","halation:StarCompass"],"acts_visited":["Exordium"],"potions_floor_usage":[],"damage_taken":[{"damage":18.0,"enemies":"Small Slimes","floor":2.0,"turns":4.0},{"damage":21.0,"enemies":"Jaw Worm","floor":4.0,"turns":4.0},{"damage":13.0,"enemies":"2 Louse","floor":7.0,"turns":9.0},{"damage":10.0,"enemies":"2 Louse","floor":9.0,"turns":3.0},{"damage":73.0,"enemies":"Lagavulin","floor":10.0,"turns":6.0},{"damage":15.0,"enemies":"HollowMod:MossKnight","floor":12.0,"turns":7.0},{"damage":27,"enemies":"Exordium Thugs","floor":14,"turns":4},{"damage":9,"enemies":"2 Fungi Beasts","floor":15,"turns":2},{"damage":13,"enemies":"IC_STATUS_ARCHETYPE","floor":16,"turns":2}],"seed_played":"-4390638884082881395","potions_obtained":[{"floor":9.0,"key":"BlessingOfTheForge"},{"floor":12.0,"key":"champ:CounterPotion"},{"floor":14,"key":"Languid Potion"}],"is_trial":false,"path_per_floor":["R_BF","M","?","M","?","R","MIM","?","M","E","R","E","?","M","M","B"],"character_chosen":"THE_CHAMP","items_purchased":[],"campfire_rested":1,"item_purchase_floors":[],"current_hp_per_floor":[99,91,91,80,80,80,77,77,77,24,53,48,48,21,12,0,0,0],"gold":281,"neow_bonus":"TEN_PERCENT_HP_BONUS","is_daily":false,"chose_seed":false,"campfire_upgraded":1,"win_rate":0.0,"timestamp":1611639842,"path_taken":["R_BF","M","?","M","?","R","MIM","?","?","E","R","E","?","M","M","BOSS"],"items_purchased_type":[],"build_version":"2020-12-22","purchased_purges":0,"victory":false,"max_hp_per_floor":[99,99,99,99,99,99,99,99,99,99,99,99,99,99,99,99,99,99],"card_choices":[{"not_picked":["champ:DeathBlow","champ:EnGarde"],"picked":"champ:ShieldWall","floor":2.0},{"not_picked":["champ:BladeFlurry","champ:EnGarde"],"picked":"champ:BringItOn","floor":4.0},{"not_picked":["infinitespire:Oblivion","infinitespire:DeathsTouch"],"picked":"infinitespire:FinalStrike","floor":5.0},{"not_picked":["champ:FlashCut","champ:BringItOn"],"picked":"champ:PerfectedStrike","floor":7.0},{"not_picked":["champ:Circumvent","champ:BringItOn"],"picked":"champ:TornadoPunch","floor":9.0},{"not_picked":["champ:EnGarde","champ:FancyFootwork"],"picked":"champ:Duel","floor":10.0},{"not_picked":["champ:CrookedStrike","champ:PreciseThrust"],"picked":"champ:TripleStrike","floor":12.0},{"not_picked":["champ:TornadoPunch","champ:CrownThrow"],"picked":"champ:FaceSlap","floor":14},{"not_picked":["champ:TornadoPunch","champ:AdrenalArmor"],"picked":"champ:Backstep","floor":15}],"player_experience":165336,"relics_obtained":[{"floor":7.0,"key":"Whetstone"},{"floor":10.0,"key":"infinitespire:Bottled Soul"},{"floor":12.0,"key":"reliquary:Stiletto"}],"event_choices":[],"is_beta":false,"boss_relics":[],"items_purged_floors":[],"is_endless":false,"potions_floor_spawned":[9,12,14],"killed_by":"IC_STATUS_ARCHETYPE","ascension_level":0}}