{"host":"9jlpuac4fbmnfsvb","time":1611701571,"event":{"mods":["BaseMod","Minty Spire (QoL Compilation)"],"gold_per_floor":[109,109,128,145,160,195,50,50,350,166,166,178,228,256,256,352,352,352,90,90,60,60,60,60,60,60,60,60,60,60,60,60,60,60,60,60,60,60,60,60,60,60,60,60,60,60,60,24,24,24],"floor_reached":51,"language":"ENG","playtime":2132,"items_purged":["Strike_G","Strike_G"],"score":986,"play_id":"2c029da0-c9cc-433f-92d9-a5f4991f0512","local_time":"20210127015251","is_ascension_mode":true,"campfire_choices":[{"data":"Infinite Blades","floor":8,"key":"SMITH"},{"data":"Accuracy","floor":11,"key":"SMITH"},{"floor":15,"key":"REST"},{"data":"Cloak And Dagger","floor":24,"key":"SMITH"},{"floor":27,"key":"REST"},{"floor":32,"key":"REST"},{"data":"Envenom","floor":45,"key":"SMITH"},{"data":"Neutralize","floor":47,"key":"SMITH"},{"data":"Backflip","floor":49,"key":"SMITH"}],"circlet_count":0,"master_deck":["Strike_G","Strike_G","Defend_G","Defend_G","Defend_G","Defend_G","Survivor","Neutralize+1","Corpse Explosion","Quick Slash","Cloak And Dagger+1","Quick Slash","Infinite Blades+1","Accuracy+1","Blade Dance","Bandage Up","Infinite Blades","Burst","Finisher+1","Leg Sweep","Cloak And Dagger","Backflip+1","Blade Dance+1","Terror","Expertise","Calculated Gamble","Envenom+1","Infinite Blades+1","Backstab"],"relics":["Ring of the Snake","SsserpentHead","Mercury Hourglass","Old Coin","Pocketwatch","Ectoplasm","Bottled Tornado","Tingsha","Bronze Scales","Enchiridion","Omamori","Pen Nib","Sozu","Bottled Flame","Eternal Feather","Shuriken","Pear","Lantern"],"acts_visited":["Exordium","TheCity","TheBeyond"],"potions_floor_usage":[14,30,30,33],"damage_taken":[{"damage":4,"enemies":"Jaw Worm","floor":1,"turns":3},{"damage":0,"enemies":"Cultist","floor":3,"turns":4},{"damage":0,"enemies":"2 Louse","floor":4,"turns":3},{"damage":0,"enemies":"2 Fungi Beasts","floor":5,"turns":2},{"damage":21,"enemies":"3 Sentries","floor":6,"turns":4},{"damage":15,"enemies":"Exordium Thugs","floor":12,"turns":3},{"damage":9,"enemies":"Gremlin Nob","floor":14,"turns":3},{"damage":0,"enemies":"Slime Boss","floor":16,"turns":5},{"damage":1,"enemies":"Spheric Guardian","floor":18,"turns":3},{"damage":16,"enemies":"2 Thieves","floor":21,"turns":2},{"damage":8,"enemies":"Book of Stabbing","floor":23,"turns":4},{"damage":0,"enemies":"Centurion and Healer","floor":28,"turns":3},{"damage":12,"enemies":"Gremlin Leader","floor":29,"turns":4},{"damage":21,"enemies":"Snake Plant","floor":30,"turns":3},{"damage":0,"enemies":"Champ","floor":33,"turns":6},{"damage":49,"enemies":"3 Darklings","floor":35,"turns":3},{"damage":7,"enemies":"Orb Walker","floor":37,"turns":2},{"damage":0,"enemies":"Giant Head","floor":40,"turns":5},{"damage":20,"enemies":"Reptomancer","floor":42,"turns":3},{"damage":0,"enemies":"Jaw Worm Horde","floor":44,"turns":2},{"damage":40,"enemies":"3 Darklings","floor":46,"turns":3},{"damage":51,"enemies":"Awakened One","floor":50,"turns":6}],"seed_played":"134273150688189941","potions_obtained":[{"floor":4,"key":"LiquidBronze"},{"floor":12,"key":"PowerPotion"},{"floor":21,"key":"Fire Potion"},{"floor":28,"key":"AttackPotion"},{"floor":29,"key":"AttackPotion"},{"floor":33,"key":"Fire Potion"}],"is_trial":false,"path_per_floor":["M","?","M","M","M","E","$","R","T","$","R","M","?","E","R","B",null,"M","$","?","M","$","E","R","?","T","R","M","E","M","?","R","B",null,"M","?","M","T","?","E","T","E","T","M","R","M","R","$","R","B",null],"character_chosen":"THE_SILENT","items_purchased":["Accuracy","Blade Dance","Bandage Up","Bottled Tornado","Backstab"],"campfire_rested":3,"item_purchase_floors":[7,10,10,19,48],"current_hp_per_floor":[66,66,66,66,66,45,45,45,45,45,45,34,34,29,50,54,70,69,69,69,53,53,49,49,33,33,54,54,50,33,33,54,58,70,29,61,58,58,61,61,61,55,55,59,71,31,46,46,61,14],"gold":24,"neow_bonus":"ONE_RANDOM_RARE_CARD","is_daily":false,"chose_seed":false,"campfire_upgraded":6,"win_rate":0.0,"timestamp":1611701571,"path_taken":["M","?","M","M","M","E","$","R","T","?","R","M","?","E","R","BOSS","M","$","?","M","?","E","R","?","T","R","M","E","M","?","R","BOSS","M","?","M","?","?","E","?","E","T","M","R","M","R","?","R","BOSS"],"items_purchased_type":["Card","Card","Card","Relic","Card"],"build_version":"2020-12-22","purchased_purges":2,"victory":true,"max_hp_per_floor":[70,70,70,70,70,70,70,70,70,70,70,70,70,70,70,70,70,70,70,70,70,70,70,70,70,70,70,70,70,70,70,70,70,70,70,61,61,61,61,61,61,71,71,71,71,71,71,71,71,71],"card_choices":[{"not_picked":["Sucker Punch","Expertise","Deflect"],"picked":"SKIP","floor":1},{"not_picked":["Caltrops","Sucker Punch"],"picked":"Quick Slash","floor":3},{"not_picked":["Bane","Flying Knee"],"picked":"Cloak And Dagger","floor":4},{"not_picked":["Predator","Deflect"],"picked":"Quick Slash","floor":5},{"not_picked":["Flying Knee","Expertise"],"picked":"Infinite Blades","floor":6},{"not_picked":["Dagger Throw","Bane"],"picked":"Infinite Blades","floor":12},{"not_picked":["Reflex","Crippling Poison","Leg Sweep"],"picked":"SKIP","floor":14},{"not_picked":["Corpse Explosion","Glass Knife"],"picked":"Burst","floor":16},{"not_picked":["Riddle With Holes+1","Deadly Poison"],"picked":"Finisher+1","floor":18},{"not_picked":["Predator","Crippling Poison"],"picked":"Leg Sweep","floor":21},{"not_picked":["Catalyst","Deflect"],"picked":"Cloak And Dagger","floor":23},{"not_picked":["Prepared+1","Bouncing Flask+1"],"picked":"Backflip","floor":28},{"not_picked":["Skewer","Flying Knee+1"],"picked":"Blade Dance+1","floor":29},{"not_picked":["All Out Attack+1","Eviscerate"],"picked":"Terror","floor":30},{"not_picked":["Bullet Time","After Image"],"picked":"Envenom","floor":33},{"not_picked":["Outmaneuver+1","Well Laid Plans","Bane+1"],"picked":"SKIP","floor":35},{"not_picked":["All Out Attack+1","Deadly Poison+1","Endless Agony+1"],"picked":"SKIP","floor":37},{"not_picked":["Deadly Poison+1","Dagger Throw","Distraction"],"picked":"SKIP","floor":40},{"not_picked":["Corpse Explosion","Dagger Spray+1","Well Laid Plans"],"picked":"SKIP","floor":42},{"not_picked":["Dagger Spray","All Out Attack+1","Deflect"],"picked":"SKIP","floor":44},{"not_picked":["Dagger Spray+1","Dodge and Roll+1"],"picked":"Infinite Blades+1","floor":46}],"player_experience":55735,"relics_obtained":[{"floor":6,"key":"Mercury Hourglass"},{"floor":9,"key":"Old Coin"},{"floor":14,"key":"Pocketwatch"},{"floor":23,"key":"Bronze Scales"},{"floor":25,"key":"Enchiridion"},{"floor":26,"key":"Omamori"},{"floor":29,"key":"Pen Nib"},{"floor":38,"key":"Bottled Flame"},{"floor":40,"key":"Eternal Feather"},{"floor":41,"key":"Shuriken"},{"floor":42,"key":"Pear"},{"floor":43,"key":"Lantern"}],"event_choices":[{"damage_healed":0,"gold_gain":0,"player_choice":"Trade","damage_taken":0,"relics_obtained":["SsserpentHead"],"max_hp_gain":0,"max_hp_loss":0,"event_name":"FaceTrader","floor":2,"gold_loss":0},{"damage_healed":0,"gold_gain":0,"player_choice":"Ignored","damage_taken":0,"max_hp_gain":0,"max_hp_loss":0,"event_name":"Shining Light","floor":13,"gold_loss":0},{"damage_healed":0,"gold_gain":0,"player_choice":"Gave Potion","damage_taken":0,"relics_obtained":["Tingsha"],"max_hp_gain":0,"max_hp_loss":0,"event_name":"WeMeetAgain","floor":20,"gold_loss":0},{"damage_healed":0,"gold_gain":0,"player_choice":"Obtained Book","damage_taken":16,"max_hp_gain":0,"max_hp_loss":0,"event_name":"Cursed Tome","floor":25,"gold_loss":0},{"damage_healed":0,"gold_gain":0,"cards_transformed":["Defend_G","Strike_G"],"player_choice":"Became Test Subject","damage_taken":0,"max_hp_gain":0,"max_hp_loss":0,"event_name":"Drug Dealer","floor":31,"gold_loss":0,"cards_obtained":["Expertise","Calculated Gamble"]},{"damage_healed":61,"gold_gain":0,"player_choice":"Heal","damage_taken":0,"max_hp_gain":0,"max_hp_loss":9,"event_name":"The Moai Head","floor":36,"gold_loss":0},{"damage_healed":15,"gold_gain":0,"player_choice":"Writhe","damage_taken":0,"max_hp_gain":0,"max_hp_loss":0,"event_name":"Winding Halls","floor":39,"gold_loss":0,"cards_obtained":["Writhe"]}],"is_beta":false,"boss_relics":[{"not_picked":["Tiny House","Cursed Key"],"picked":"Ectoplasm"},{"not_picked":["SacredBark","Coffee Dripper"],"picked":"Sozu"}],"items_purged_floors":[7,10],"is_endless":false,"potions_floor_spawned":[4,12,21,28,29,33,35,42],"ascension_level":2}}