{"host":"2v1wccdd5g2xowsh","time":1611651918,"event":{"mods":["Act Like it!","BaseMod","Hallownest","Minty Spire (QoL Compilation)","Quick Restart","StSLib","SuperFastMode","The Bug Knight"],"gold_per_floor":[117,117,135,135,146,146,171,171,171,183,221,233,278,301,313,325,325],"floor_reached":16,"language":"ZHS","playtime":845,"items_purged":[],"score":108,"play_id":"7e80dab0-aadc-44fd-8886-2e0cd38d8fb3","local_time":"20210126170518","is_ascension_mode":false,"campfire_choices":[{"data":"HollowMod:QuirrelsAssistance","floor":6,"key":"SMITH"},{"data":"HollowMod:HeavyBlow","floor":8,"key":"SMITH"},{"data":"HollowMod:SharpenedShadows","floor":10,"key":"SMITH"},{"data":"HollowMod:BrokenVessel","floor":12,"key":"SMITH"},{"data":"HollowMod:PerfectDash","floor":15,"key":"SMITH"}],"circlet_count":0,"master_deck":["HollowMod:NailStrikeStart","HollowMod:NailStrikeStart","HollowMod:NailStrikeStart","HollowMod:NailStrikeStart","HollowMod:QuickDashStart","HollowMod:QuickDashStart","HollowMod:QuickDashStart","HollowMod:QuickDashStart","HollowMod:FocusHealStart+1","HollowMod:PogoStrike","HollowMod:QuirrelsAssistance+1","HollowMod:HeavyBlow+1","HollowMod:SharpenedShadows+1","HollowMod:BrokenVessel+1","HollowMod:PerfectDash+1","HollowMod:TaintedHusks"],"relics":["HollowMod:VesselMask","Hallownest:DreamNailRelic","Omamori","HollowMod:PaleOreRelic","MawBank","Centennial Puzzle","Tiny Chest"],"acts_visited":["Exordium"],"potions_floor_usage":[11],"damage_taken":[{"damage":0,"enemies":"2_ Uuma","floor":1,"turns":6},{"damage":1,"enemies":"Hallownest:monsterHuskWarrior","floor":3,"turns":2},{"damage":2,"enemies":"Hallownest:2_MossCreeps","floor":5,"turns":6},{"damage":14,"enemies":"Hallownest:eliteMossKnight","floor":11,"turns":9},{"damage":21,"enemies":"Hallownest:eliteCrystalGuardian","floor":13,"turns":7},{"damage":0,"enemies":"Hallownest:MossCreep_and_Mosskin","floor":14,"turns":4},{"damage":73,"enemies":"Hallownest:BossFalseKnight","floor":16,"turns":11}],"seed_played":"1374132644783241772","potions_obtained":[{"floor":5,"key":"DistilledChaos"},{"floor":11,"key":"Swift Potion"}],"is_trial":false,"path_per_floor":["M","?","M","T","M","R","T","R","T","R","E","R","E","M","R","B"],"character_chosen":"THE_BUGKNIGHT","items_purchased":[],"campfire_rested":0,"item_purchase_floors":[],"current_hp_per_floor":[75,75,74,74,73,73,73,73,73,73,69,69,54,60,60,0,0],"gold":325,"neow_bonus":"UPGRADE_CARD","is_daily":false,"chose_seed":false,"campfire_upgraded":5,"win_rate":0.0,"timestamp":1611651918,"path_taken":["M","?","?","?","?","R","?","R","T","R","E","R","E","M","R","BOSS"],"items_purchased_type":[],"build_version":"2020-12-22","purchased_purges":0,"victory":false,"max_hp_per_floor":[75,75,75,75,75,75,75,75,75,75,75,75,75,75,75,75,75],"card_choices":[{"not_picked":["HollowMod:WraithStrike","HollowMod:NewGlowingWomb"],"picked":"HollowMod:QuirrelsAssistance","floor":1},{"not_picked":["HollowMod:VengefulVoid","HollowMod:CornifersMapStart"],"picked":"HollowMod:HeavyBlow","floor":3},{"not_picked":["HollowMod:ChannelNail","HollowMod:ShadowDash"],"picked":"HollowMod:SharpenedShadows","floor":5},{"not_picked":["HollowMod:SharpenedShadows","HollowMod:InfectedAttack"],"picked":"HollowMod:BrokenVessel","floor":11},{"not_picked":["HollowMod:SharpenedNail","HollowMod:DreamGate"],"picked":"HollowMod:PerfectDash","floor":13},{"not_picked":["HollowMod:InfectedAttack","HollowMod:SoulShaman"],"picked":"HollowMod:TaintedHusks","floor":14}],"player_experience":223613,"relics_obtained":[{"floor":4,"key":"Omamori"},{"floor":7,"key":"HollowMod:PaleOreRelic"},{"floor":9,"key":"MawBank"},{"floor":11,"key":"Centennial Puzzle"},{"floor":13,"key":"Tiny Chest"}],"event_choices":[],"is_beta":false,"boss_relics":[],"items_purged_floors":[],"is_endless":false,"potions_floor_spawned":[5,11],"killed_by":"Hallownest:BossFalseKnight","ascension_level":0}}