{"host":"up0yrwoki2hbybns","time":1611656609,"event":{"mods":["BaseMod","Downfall","Hermit","Infinite Spire","Minty Spire (QoL Compilation)","Quick Restart","Replay The Spire","StSLib","The Runesmith"],"gold_per_floor":[118,131,131,56,108,134,134,134,134,151,165,9,9,20,20,120,120,138,138,148,163,12,40,54,54,54,74,100,112,85,111,111,111,111],"floor_reached":33,"language":"ENG","playtime":3641,"items_purged":["Regret"],"score":382,"play_id":"fa3bf075-924a-4d4c-a711-0755fafff99d","local_time":"20210126152329","is_ascension_mode":true,"campfire_choices":[{"data":"Deadly Poison","floor":7.0,"key":"SMITH"},{"data":"Choke","floor":13,"key":"SMITH"},{"data":"Cloak And Dagger","floor":25,"key":"SMITH"},{"data":"Strike_G","floor":32,"key":"PURGE"}],"circlet_count":0,"master_deck":["Strike_G","Strike_G","Strike_G","Strike_G+1","Defend_G","Defend_G","Defend_G","Defend_G","Defend_G","Survivor","Neutralize","Cloak And Dagger+1","Quick Slash+1","Deadly Poison+1","Slice+1","Choke+1","Crippling Poison+1","Escape Plan+1","Replay:Bag of Tricks+1","ReplayTheSpireMod:Tripwire+1","Backflip+1","Draining Mist+1","Sneak Up+1","Deadly Poison+1","Infinite Blades","PiercingWail+1","Toxin Wave+1","Dagger Spray","Deadly Poison+1"],"relics":["Replay:Bronze Core","infinitespire:Lychee Nut","Toxic Egg 2","infinitespire:CheckeredPen","Whetstone","Painkiller Herb","ReplayFunnel","infinitespire:Lucky Rock","Anchor","Frozen Egg 2","Ancient Tea Set"],"acts_visited":["Exordium","TheCity"],"potions_floor_usage":[21,23,33,33,33],"damage_taken":[{"damage":2.0,"enemies":"Small Slimes","floor":1.0,"turns":3.0},{"damage":1.0,"enemies":"2 Louse","floor":2.0,"turns":3.0},{"damage":16.0,"enemies":"Gremlin Nob","floor":6.0,"turns":3.0},{"damage":4.0,"enemies":"Jaw Worm","floor":10.0,"turns":2.0},{"damage":0,"enemies":"Gremlin Gang","floor":11,"turns":5},{"damage":5,"enemies":"Red Slaver","floor":14,"turns":2},{"damage":34,"enemies":"The Guardian","floor":16,"turns":11},{"damage":2,"enemies":"3 Byrds","floor":18,"turns":3},{"damage":5,"enemies":"2 Thieves","floor":20,"turns":3},{"damage":8,"enemies":"Cultist and Chosen","floor":21,"turns":5},{"damage":25,"enemies":"Gremlin Leader","floor":23,"turns":6},{"damage":6,"enemies":"Snecko","floor":24,"turns":4},{"damage":3,"enemies":"Centurion and Healer","floor":27,"turns":6},{"damage":0,"enemies":"Replay:Snechameleon","floor":28,"turns":4},{"damage":1,"enemies":"Sentry and Sphere","floor":29,"turns":3},{"damage":22,"enemies":"Book of Stabbing","floor":31,"turns":6},{"damage":32,"enemies":"Collector","floor":33,"turns":5}],"seed_played":"-3677999424024489548","potions_obtained":[{"floor":2.0,"key":"Swift Potion"},{"floor":5.0,"key":"AttackPotion"},{"floor":5.0,"key":"sneckomod:MuddlingPotion"},{"floor":14,"key":"Doom Potion"},{"floor":16,"key":"ColorlessPotion"},{"floor":20,"key":"AttackPotion"},{"floor":23,"key":"hexamod:SoulburnPotion"},{"floor":28,"key":"Explosive Potion"}],"is_trial":false,"path_per_floor":["M","M","?","$","?","E","R","?","T","M","M","$","R","M","R","B",null,"?","T","?","?","T","E","?","T","T","?","E","?","T","E","T","B"],"character_chosen":"THE_SILENT","items_purchased":["Whetstone","ReplayFunnel","Dagger Spray"],"campfire_rested":0,"item_purchase_floors":[12,22,30],"current_hp_per_floor":[68,67,52,52,52,36,36,36,36,35,41,41,41,41,52,18,52,51,51,49,44,44,25,25,25,25,28,34,38,38,22,22,0,0],"gold":111,"neow_bonus":"BOSS_RELIC","is_daily":false,"chose_seed":false,"campfire_upgraded":3,"win_rate":0.0,"timestamp":1611656609,"path_taken":["M","M","?","$","?","E","R","?","T","M","M","?","R","?","R","BOSS","?","T","?","?","?","E","?","T","T","?","E","?","?","E","T","BOSS"],"items_purchased_type":["Relic","Relic","Card"],"build_version":"2020-12-22","purchased_purges":1,"victory":false,"max_hp_per_floor":[70,70,52,52,52,52,52,52,52,52,52,52,52,52,52,52,52,52,52,52,52,52,52,52,52,52,52,52,52,52,52,52,52,52],"card_choices":[{"not_picked":["Backflip","Choke"],"picked":"Cloak And Dagger","floor":1.0},{"not_picked":["Deflect","Leg Sweep"],"picked":"Quick Slash","floor":2.0},{"not_picked":["Cloak And Dagger","Sucker Punch"],"picked":"Deadly Poison","floor":5.0},{"not_picked":["Unload","Acrobatics+1"],"picked":"Slice","floor":6.0},{"not_picked":["Skewer","Prepared+1"],"picked":"Choke","floor":10.0},{"not_picked":["Expertise+1","ReplayTheSpireMod:Speed Training+1"],"picked":"Crippling Poison+1","floor":11},{"not_picked":["PiercingWail+1","ReplayTheSpireMod:Scrap Shanks"],"picked":"Escape Plan+1","floor":14},{"not_picked":["Adrenaline+1","Die Die Die"],"picked":"Replay:Bag of Tricks+1","floor":16},{"not_picked":["Hidden Blade+1","Blade Dance+1"],"picked":"ReplayTheSpireMod:Tripwire+1","floor":18},{"not_picked":["Masterful Stab","All Out Attack"],"picked":"Backflip+1","floor":20},{"not_picked":["Poisoned Stab","Accuracy+1"],"picked":"Draining Mist+1","floor":21},{"not_picked":["ReplayTheSpireMod:The Works+1","All Out Attack"],"picked":"Sneak Up+1","floor":23},{"not_picked":["Escape Plan+1","Sucker Punch"],"picked":"Deadly Poison+1","floor":24},{"not_picked":["Cloak And Dagger+1","Dodge and Roll+1"],"picked":"Infinite Blades","floor":27},{"not_picked":["Deflect+1","Outmaneuver+1"],"picked":"PiercingWail+1","floor":28},{"not_picked":["Poisoned Stab+1","Dagger Throw+1"],"picked":"Toxin Wave+1","floor":29},{"not_picked":["Tactician+1","Eviscerate+1"],"picked":"Deadly Poison+1","floor":31}],"player_experience":445098,"relics_obtained":[{"floor":6.0,"key":"Toxic Egg 2"},{"floor":9.0,"key":"infinitespire:CheckeredPen"},{"floor":23,"key":"infinitespire:Lucky Rock"},{"floor":26,"key":"Anchor"},{"floor":28,"key":"Frozen Egg 2"},{"floor":31,"key":"Ancient Tea Set"}],"event_choices":[{"damage_healed":0.0,"max_hp_gain":0.0,"max_hp_loss":0.0,"gold_gain":0.0,"event_name":"Big Fish","player_choice":"Box","floor":3.0,"gold_loss":0.0,"damage_taken":0.0,"relics_obtained":["infinitespire:Lychee Nut"],"cards_obtained":["Regret"]}],"is_beta":false,"boss_relics":[{"not_picked":["Velvet Choker","Ectoplasm"],"picked":"Painkiller Herb"}],"items_purged_floors":[4],"is_endless":false,"potions_floor_spawned":[2,14,16,20,23,28],"killed_by":"Collector","ascension_level":3}}