{"host":"s5d39dhq0ddhxhke","time":1611650950,"event":{"mods":["AchievementEnabler","BaseMod","Colored Map","Minty Spire (QoL Compilation)","SuperFastMode"],"gold_per_floor":[161,176,176,101,26,57,57,92,92,56,74,130,130,146,146,146,146],"floor_reached":16,"language":"ENG","playtime":623,"items_purged":[],"score":189,"play_id":"f6579cfe-aa8e-47ac-9fe3-425b0c966149","local_time":"20210126104910","is_ascension_mode":true,"campfire_choices":[{"floor":7,"key":"REST"},{"floor":15,"key":"REST"}],"circlet_count":0,"master_deck":["AscendersBane","Strike_R","Strike_R","Strike_R","Strike_R","Defend_R","Defend_R","Defend_R","Defend_R","Bash+1","Feel No Pain","Iron Wave","Wild Strike","Evolve","Reckless Charge","Rampage","Inflame"],"relics":["Tiny House","Pocketwatch","Ancient Tea Set","Potion Belt","InkBottle","Du-Vu Doll"],"acts_visited":["Exordium"],"potions_floor_usage":[6,12,12],"damage_taken":[{"damage":7,"enemies":"Jaw Worm","floor":1,"turns":4},{"damage":6,"enemies":"Small Slimes","floor":2,"turns":5},{"damage":33,"enemies":"Lagavulin","floor":6,"turns":8},{"damage":18,"enemies":"3 Sentries","floor":8,"turns":9},{"damage":7,"enemies":"Cultist","floor":11,"turns":4},{"damage":17,"enemies":"Lagavulin Event","floor":12,"turns":5},{"damage":7,"enemies":"Looter","floor":14,"turns":3},{"damage":30,"enemies":"The Guardian","floor":16,"turns":9}],"seed_played":"-6781928112209179524","potions_obtained":[{"floor":0,"key":"Fruit Juice"},{"floor":2,"key":"FearPotion"},{"floor":6,"key":"PowerPotion"},{"floor":11,"key":"EssenceOfSteel"}],"is_trial":false,"path_per_floor":["M","M","?","?","$","E","R","E","T","$","M","?","?","M","R","B"],"character_chosen":"IRONCLAD","items_purchased":["Evolve","Reckless Charge"],"campfire_rested":2,"item_purchase_floors":[5,10],"current_hp_per_floor":[66,60,55,55,55,22,46,28,28,28,21,9,9,2,27,0,0],"gold":146,"neow_bonus":"BOSS_RELIC","is_daily":false,"chose_seed":false,"campfire_upgraded":0,"win_rate":0.0,"timestamp":1611650950,"path_taken":["M","M","?","?","?","E","R","E","T","$","?","?","?","M","R","BOSS"],"items_purchased_type":["Card","Card"],"build_version":"2020-12-22","purchased_purges":0,"victory":false,"max_hp_per_floor":[80,80,80,80,80,80,80,80,80,80,80,85,85,85,85,85,85],"card_choices":[{"not_picked":["Anger","Dropkick"],"picked":"Feel No Pain","floor":0},{"not_picked":["Dark Embrace","Feel No Pain"],"picked":"Iron Wave","floor":1},{"not_picked":["Intimidate","Headbutt"],"picked":"Wild Strike","floor":2},{"not_picked":["Heavy Blade","Uppercut","Perfected Strike"],"picked":"SKIP","floor":6},{"not_picked":["Shrug It Off","Barricade","Battle Trance"],"picked":"SKIP","floor":8},{"not_picked":["Body Slam","Dropkick"],"picked":"Rampage","floor":11},{"not_picked":["Wild Strike","Warcry"],"picked":"Inflame","floor":14}],"player_experience":464062,"relics_obtained":[{"floor":6,"key":"Ancient Tea Set"},{"floor":8,"key":"Potion Belt"},{"floor":9,"key":"InkBottle"},{"floor":12,"key":"Du-Vu Doll"}],"event_choices":[{"damage_healed":0,"gold_gain":0,"player_choice":"Success","damage_taken":5,"relics_obtained":["Pocketwatch"],"max_hp_gain":0,"max_hp_loss":0,"event_name":"Scrap Ooze","floor":3,"gold_loss":0},{"cards_removed":["Strike_R"],"damage_healed":0,"gold_gain":0,"player_choice":"Card Removal","damage_taken":0,"max_hp_gain":0,"max_hp_loss":0,"event_name":"The Cleric","floor":4,"gold_loss":75},{"damage_healed":0,"gold_gain":0,"player_choice":"Searched \u00271\u0027 times","damage_taken":0,"max_hp_gain":0,"max_hp_loss":0,"event_name":"Dead Adventurer","floor":12,"gold_loss":0},{"damage_healed":0,"gold_gain":0,"player_choice":"Ignored","damage_taken":0,"max_hp_gain":0,"max_hp_loss":0,"event_name":"Liars Game","floor":13,"gold_loss":0}],"is_beta":false,"boss_relics":[],"items_purged_floors":[],"is_endless":false,"potions_floor_spawned":[2,6,11],"killed_by":"The Guardian","ascension_level":15}}