{"host":"snn1c4qsf0fj7fzf","time":1611636013,"event":{"mods":["AchievementEnabler","Aspiration","Astrologer","BaseMod","Colored Powertips","Downfall","Hermit","Infinite Spire","Lobotomy","Marisa????????","Minty Spire (QoL Compilation)","Random Character Button","Rare Cards Sparkle","Reimu??????","Reliquary","Replay The Spire","Shop Mod","Spire Arcade","StSLib","The Administrix","The Cursed","The Gatherer","The Hierophant","The Poker Player","The Runesmith","Wandering Minibosses"],"gold_per_floor":[111,129,183,183,4,4,14,14,14,32,6,6,18,38,38,138,138,151,131,17,29,47,47,24,34,34,44,69,69,69],"floor_reached":29,"language":"ENG","playtime":1369,"items_purged":["Strike_P"],"score":237,"play_id":"bf0ac8d9-7026-440c-899f-be04c193de58","local_time":"20210126124013","is_ascension_mode":false,"campfire_choices":[{"data":"Eruption","floor":6,"key":"SMITH"},{"data":"Replay:DivineShield","floor":8,"key":"SMITH"},{"data":"JustLucky","floor":12,"key":"SMITH"},{"data":"PathToVictory","floor":15,"key":"SMITH"},{"floor":23,"key":"REST"}],"circlet_count":0,"master_deck":["Strike_P","Strike_P","Strike_P","Defend_P","Defend_P","Defend_P","Eruption+1","Vigilance","PathToVictory+1","JustLucky+1","Replay:DivineShield+1","FlurryOfBlows+1","FlyingSleeves+1","SashWhip+1","JustLucky+1","EmptyFist+1","Establishment","FlurryOfBlows+1","WindmillStrike+1","Prostrate","FlurryOfBlows+1","Prostrate"],"relics":["HolyWater","Molten Egg 2","Membership Card","Replay:Towering Pillar of Hats","Tiny Chest","Replay:PocketPolymizer","CrazyTorch:ReiMu"],"acts_visited":["Exordium","TheCity"],"potions_floor_usage":[13,16,16,22,29,29,29],"damage_taken":[{"damage":0,"enemies":"Small Slimes","floor":1,"turns":2},{"damage":14,"enemies":"2 Louse","floor":2,"turns":2},{"damage":0,"enemies":"Cultist","floor":7,"turns":3},{"damage":3,"enemies":"Lots of Slimes","floor":10,"turns":3},{"damage":0,"enemies":"Exordium Wildlife","floor":13,"turns":4},{"damage":0,"enemies":"Gremlin Gang","floor":14,"turns":3},{"damage":14,"enemies":"Slime Boss","floor":16,"turns":7},{"damage":17,"enemies":"3 Byrds","floor":18,"turns":5},{"damage":2,"enemies":"Shell Parasite","floor":21,"turns":5},{"damage":26,"enemies":"Shelled Parasite and Fungi","floor":22,"turns":4},{"damage":14,"enemies":"Centurion and Healer","floor":25,"turns":5},{"damage":0,"enemies":"Cultist and Chosen","floor":27,"turns":4},{"damage":20,"enemies":"Replay:Snechameleon","floor":28,"turns":4},{"damage":27,"enemies":"Snake Plant","floor":29,"turns":3}],"seed_played":"418159611990463408","potions_obtained":[{"floor":3,"key":"FearPotion"},{"floor":7,"key":"Block Potion"},{"floor":10,"key":"BlessingOfTheForge"},{"floor":14,"key":"EssenceOfSteel"},{"floor":19,"key":"BlessingOfTheForge"},{"floor":21,"key":"LiquidMemories"},{"floor":28,"key":"DuplicationPotion"}],"is_trial":false,"path_per_floor":["M","M","?","?","$","R","M","R","T","M","$","R","M","M","R","B",null,"M","?","$","M","M","R","$","M","T","M","E","M"],"character_chosen":"WATCHER","items_purchased":["Membership Card","FlurryOfBlows+1","JustLucky+1","Tiny Chest","FlurryOfBlows+1"],"campfire_rested":1,"item_purchase_floors":[5,5,11,20,24],"current_hp_per_floor":[72,58,30,37,37,37,37,37,37,34,34,34,34,34,34,20,72,55,55,55,53,27,48,48,34,34,34,14,0,0],"gold":69,"neow_bonus":"REMOVE_CARD","is_daily":false,"chose_seed":false,"campfire_upgraded":4,"win_rate":0.0,"timestamp":1611636013,"path_taken":["M","M","?","?","$","R","M","R","T","M","$","R","M","M","R","BOSS","M","?","$","?","M","R","$","M","T","M","E","M"],"items_purchased_type":["Relic","Card","Card","Relic","Card"],"build_version":"2020-12-22","purchased_purges":1,"victory":false,"max_hp_per_floor":[72,72,72,72,72,72,72,72,72,72,72,72,72,72,72,72,72,72,72,72,72,72,72,72,72,72,72,72,72,72],"card_choices":[{"not_picked":["Halt","Perseverance"],"picked":"PathToVictory","floor":1},{"not_picked":["Replay:AllIn","EmptyBody"],"picked":"JustLucky","floor":2},{"not_picked":["Perseverance","FollowUp+1"],"picked":"Replay:DivineShield","floor":3},{"not_picked":["Replay:AtTheReady","FollowUp+1"],"picked":"FlyingSleeves+1","floor":7},{"not_picked":["Evaluate","CutThroughFate+1"],"picked":"SashWhip+1","floor":10},{"not_picked":["Protect","Adaptation","Swivel"],"picked":"SKIP","floor":13},{"not_picked":["Prostrate","Replay:AtTheReady"],"picked":"EmptyFist+1","floor":14},{"not_picked":["Vault","ConjureBlade"],"picked":"Establishment","floor":16},{"not_picked":["ThirdEye","Replay:Cycle"],"picked":"FlurryOfBlows+1","floor":18},{"not_picked":["Evaluate","CutThroughFate+1"],"picked":"WindmillStrike+1","floor":21},{"not_picked":["Replay:Hum","Replay:Cycle"],"picked":"Prostrate","floor":22},{"not_picked":["Study","Omniscience"],"picked":"Prostrate","floor":25},{"not_picked":["EmptyMind","InnerPeace","Crescendo"],"picked":"SKIP","floor":27},{"not_picked":["CutThroughFate+1","EmptyBody","EmptyFist+1"],"picked":"SKIP","floor":28}],"player_experience":330061,"relics_obtained":[{"floor":3,"key":"Molten Egg 2"},{"floor":9,"key":"Replay:Towering Pillar of Hats"},{"floor":26,"key":"Replay:PocketPolymizer"},{"floor":28,"key":"CrazyTorch:ReiMu"}],"event_choices":[{"damage_healed":0,"gold_gain":0,"player_choice":"Bought 1 Potion","damage_taken":0,"max_hp_gain":0,"max_hp_loss":0,"event_name":"The Woman in Blue","floor":19,"gold_loss":0}],"is_beta":false,"boss_relics":[{"not_picked":["Replay:Wanted Poster","Runic Dome"],"picked":"HolyWater"}],"items_purged_floors":[20],"is_endless":false,"potions_floor_spawned":[7,10,14,21,28],"killed_by":"Snake Plant","ascension_level":0}}