{"host":"sav7uxregyirlf69","time":1611635366,"event":{"mods":["AchievementEnabler","BaseMod","Colored Map","DeckTracker","Keyboard Shortcuts","Minty Spire (QoL Compilation)","READ ME - Guardian Mod","StSLib","SuperFastMode"],"gold_per_floor":[116,129,147,21,96,96,96,123,149,174,174,21,39,59,59,59,59],"floor_reached":16,"language":"KOR","playtime":184,"items_purged":["Strike_R","Strike_R"],"score":220,"play_id":"8dcc194c-901b-4137-94ec-af456d574a5f","local_time":"20210126132926","is_ascension_mode":true,"campfire_choices":[{"data":"Carnage","floor":6,"key":"SMITH"},{"data":"Dark Embrace","floor":11,"key":"SMITH"},{"floor":15,"key":"REST"}],"circlet_count":0,"master_deck":["AscendersBane","Strike_R+1","Strike_R","Strike_R+1","Defend_R","Defend_R","Defend_R","Defend_R","Bash","Dark Embrace+1","Carnage+1","Pommel Strike","Cleave","Seeing Red","Double Tap"],"relics":["Burning Blood","NeowsBlessing","Whetstone","Art of War","Dream Catcher"],"acts_visited":["Exordium"],"potions_floor_usage":[8,16],"damage_taken":[{"damage":0,"enemies":"Cultist","floor":1,"turns":1},{"damage":0,"enemies":"2 Louse","floor":2,"turns":1},{"damage":0,"enemies":"Jaw Worm","floor":3,"turns":1},{"damage":30,"enemies":"Lagavulin","floor":8,"turns":6},{"damage":20,"enemies":"3 Sentries","floor":10,"turns":6},{"damage":14,"enemies":"Exordium Wildlife","floor":13,"turns":3},{"damage":17,"enemies":"Lots of Slimes","floor":14,"turns":4},{"damage":41,"enemies":"The Guardian","floor":16,"turns":6}],"seed_played":"-8923881249751065508","potions_obtained":[{"floor":3,"key":"SkillPotion"},{"floor":13,"key":"FearPotion"}],"is_trial":false,"path_per_floor":["M","M","M","$","?","R","?","E","T","E","R","$","M","M","R","B"],"character_chosen":"IRONCLAD","items_purchased":["Pommel Strike","Energy Potion"],"campfire_rested":1,"item_purchase_floors":[4,12],"current_hp_per_floor":[74,75,75,75,64,64,69,45,45,31,31,31,23,12,36,0,0],"gold":59,"neow_bonus":"THREE_ENEMY_KILL","is_daily":false,"chose_seed":false,"campfire_upgraded":2,"win_rate":0.0,"timestamp":1611635366,"path_taken":["M","M","M","?","?","R","?","E","T","E","R","$","M","M","R","BOSS"],"items_purchased_type":["Card","Potion"],"build_version":"2020-12-22","purchased_purges":2,"victory":false,"max_hp_per_floor":[75,75,75,75,75,75,80,80,80,80,80,80,80,80,80,80,80],"card_choices":[{"not_picked":["Havoc","Intimidate","Sentinel"],"picked":"SKIP","floor":1},{"not_picked":["Iron Wave","Body Slam"],"picked":"Dark Embrace","floor":2},{"not_picked":["Body Slam","Hemokinesis"],"picked":"Carnage","floor":3},{"not_picked":["Clash","Rampage"],"picked":"Cleave","floor":8},{"not_picked":["Havoc","Wild Strike","Pommel Strike"],"picked":"SKIP","floor":10},{"not_picked":["Cleave","Anger"],"picked":"Seeing Red","floor":13},{"not_picked":["Flex","Body Slam","Cleave"],"picked":"SKIP","floor":14},{"not_picked":["Headbutt","Rampage"],"picked":"Double Tap","floor":15}],"player_experience":1388047,"relics_obtained":[{"floor":8,"key":"Whetstone"},{"floor":9,"key":"Art of War"},{"floor":10,"key":"Dream Catcher"}],"event_choices":[{"damage_healed":0,"gold_gain":75,"player_choice":"Gather Gold","damage_taken":11,"max_hp_gain":0,"max_hp_loss":0,"event_name":"World of Goop","floor":5,"gold_loss":0},{"damage_healed":0,"gold_gain":0,"player_choice":"Donut","damage_taken":0,"max_hp_gain":5,"max_hp_loss":0,"event_name":"Big Fish","floor":7,"gold_loss":0}],"is_beta":false,"boss_relics":[],"items_purged_floors":[4,12],"is_endless":false,"potions_floor_spawned":[3,13,14],"killed_by":"The Guardian","ascension_level":20}}