{"host":"yvsfsto0agm53yt2","time":1611634114,"event":{"mods":["AchievementEnabler","BaseMod","Ironclad Rager","Minty Spire (QoL Compilation)","Practice Mode","Rare Cards Sparkle","Relic Stats","Spicy Shops","Spire Arcade","StSLib","everything is the same but u backflip on backflip"],"gold_per_floor":[11,28,46,58,58,87,87,115,115,145,67,83,101,101,101,196,196,212,225,6,6,6,6,55,55,82,98,25,25,52,81,93,209,221,245,277,439,468,480,523,535,582,594,635,662,674,228,245,245,245,245,245,55,81,81,81],"floor_reached":55,"language":"ENG","playtime":4235,"items_purged":["Strike_B","Strike_B"],"score":1230,"play_id":"19bbff9d-e36e-4b1f-a450-8e3142859bf0","local_time":"20210126140834","is_ascension_mode":true,"campfire_choices":[{"data":"Reinforced Body","floor":7.0,"key":"SMITH"},{"floor":15.0,"key":"REST"},{"data":"Loop","floor":23.0,"key":"SMITH"},{"data":"Defragment","floor":25.0,"key":"SMITH"},{"data":"Defragment","floor":29.0,"key":"SMITH"},{"data":"Loop","floor":32.0,"key":"SMITH"},{"data":"Amplify","floor":41.0,"key":"SMITH"},{"floor":49,"key":"RECALL"},{"data":"Biased Cognition","floor":52,"key":"SMITH"}],"circlet_count":0,"master_deck":["AscendersBane","Strike_B","Strike_B","Defend_B","Defend_B","Defend_B","Defend_B","Zap","Dualcast","Biased Cognition+1","Self Repair","Barrage","Loop+1","BootSequence","Reinforced Body+1","Coolheaded","Gash+1","Defragment+1","Gash+1","Defragment+1","Echo Form","Chaos+1","Streamline+1","Loop+1","Blizzard+1","Amplify+1","BootSequence","Core Surge+1","Coolheaded+1","Cold Snap+1","Coolheaded+1","Redo","Go for the Eyes+1","Impatience","Redo","Gash+1","Stack","Conserve Battery+1","FTL+1","Multi-Cast","Coolheaded"],"relics":["FrozenCore","Ginger","Emotion Chip","Letter Opener","Molten Egg 2","Nunchaku","DollysMirror","Bag of Preparation","MealTicket","MawBank","Busted Crown","Ancient Tea Set","Toy Ornithopter","Anchor","Cables","Orrery","Sundial"],"acts_visited":["TheCity","TheBeyond","TheEnding"],"potions_floor_usage":[48,50,55],"damage_taken":[{"damage":0.0,"enemies":"Cultist","floor":1.0,"turns":4.0},{"damage":4.0,"enemies":"Small Slimes","floor":2.0,"turns":3.0},{"damage":1.0,"enemies":"2 Louse","floor":3.0,"turns":3.0},{"damage":8.0,"enemies":"Large Slime","floor":4.0,"turns":4.0},{"damage":30.0,"enemies":"Lagavulin","floor":6.0,"turns":6.0},{"damage":22.0,"enemies":"3 Sentries","floor":8.0,"turns":10.0},{"damage":31.0,"enemies":"Gremlin Nob","floor":10.0,"turns":6.0},{"damage":0.0,"enemies":"Blue Slaver","floor":12.0,"turns":3.0},{"damage":11.0,"enemies":"3 Louse","floor":13.0,"turns":3.0},{"damage":15.0,"enemies":"Hexaghost","floor":16.0,"turns":12.0},{"damage":5.0,"enemies":"Spheric Guardian","floor":18.0,"turns":5.0},{"damage":8.0,"enemies":"Chosen","floor":19.0,"turns":6.0},{"damage":9.0,"enemies":"Snake Plant","floor":27.0,"turns":13.0},{"damage":36.0,"enemies":"Gremlin Leader","floor":30.0,"turns":8.0},{"damage":0.0,"enemies":"Snecko","floor":31.0,"turns":12.0},{"damage":60.0,"enemies":"Automaton","floor":33.0,"turns":17.0},{"damage":20.0,"enemies":"3 Darklings","floor":35.0,"turns":10.0},{"damage":1.0,"enemies":"3 Shapes","floor":36.0,"turns":8.0},{"damage":6.0,"enemies":"Spire Growth","floor":38.0,"turns":8.0},{"damage":19.0,"enemies":"Reptomancer","floor":40.0,"turns":10.0},{"damage":47.0,"enemies":"Giant Head","floor":42.0,"turns":10.0},{"damage":9.0,"enemies":"Nemesis","floor":44.0,"turns":13.0},{"damage":14,"enemies":"Transient","floor":45,"turns":5},{"damage":0,"enemies":"3 Darklings","floor":48,"turns":7},{"damage":15,"enemies":"Awakened One","floor":50,"turns":17},{"damage":14,"enemies":"Shield and Spear","floor":54,"turns":8},{"damage":78,"enemies":"The Heart","floor":55,"turns":6}],"seed_played":"-9066942796010166024","potions_obtained":[{"floor":1.0,"key":"Strength Potion"},{"floor":2.0,"key":"PowerPotion"},{"floor":6.0,"key":"SpeedPotion"},{"floor":12.0,"key":"GamblersBrew"},{"floor":16.0,"key":"SneckoOil"},{"floor":30.0,"key":"FearPotion"},{"floor":31.0,"key":"Regen Potion"},{"floor":33.0,"key":"ColorlessPotion"},{"floor":42.0,"key":"DistilledChaos"},{"floor":45,"key":"SpeedPotion"},{"floor":54,"key":"LiquidBronze"}],"is_trial":false,"path_per_floor":["M","M","M","M","?","E","R","E","T","E","$","M","M","?","R","B",null,"M","M","$","?","?","R","T","R","T","M","$","R","E","M","R","B",null,"M","M","?","M","?","E","R","E","T","E","M","?","$","M","R","B",null,"R","$","E","B"],"character_chosen":"DEFECT","items_purchased":["Defragment","DollysMirror","Blizzard+1","Cables","Redo","Gash+1","Orrery","Coolheaded"],"campfire_rested":1,"item_purchase_floors":[11,20,28,47,47,47,53,53],"current_hp_per_floor":[68,71,75,74,71,48,48,33,33,9,9,16,5,5,27,19,61,63,62,62,62,48,48,48,48,48,53,68,68,46,60,60,22,66,60,73,73,80,80,75,75,28,28,38,24,24,39,51,51,55,74,74,80,73,0,0],"gold":81,"neow_bonus":"THREE_RARE_CARDS","is_daily":false,"chose_seed":false,"campfire_upgraded":7,"win_rate":0.0,"timestamp":1611634114,"path_taken":["M","M","M","?","?","E","R","E","T","E","$","M","M","?","R","BOSS","M","M","$","?","?","R","?","R","T","M","$","R","E","M","R","BOSS","M","M","?","M","?","E","R","E","T","E","M","?","$","M","R","BOSS","R","$","E","BOSS"],"items_purchased_type":["Card","Relic","Card","Relic","Card","Card","Relic","Card"],"build_version":"2020-12-22","purchased_purges":2,"victory":false,"max_hp_per_floor":[75,75,75,75,75,75,75,75,75,75,75,75,75,75,75,75,75,75,75,75,75,80,80,80,80,80,80,80,80,80,80,80,80,80,80,80,80,80,80,80,80,80,80,80,80,80,80,80,80,80,80,80,80,80,80,80],"relic_stats":{"counters":[27,216],"Bag of Preparation":[30],"Ginger":[23],"Letter Opener":[194],"MawBank":204,"FrozenCore":[38],"Cables":[40,1,34,4,1],"Emotion Chip":[91,24,58,5,4],"Nunchaku":[30],"Busted Crown":30,"Sundial":[0],"MealTicket":36,"obtain_stats":[{"Bag of Preparation":24,"Ginger":5,"Letter Opener":8,"MawBank":30,"Ancient Tea Set":40,"FrozenCore":17,"Cables":47,"Emotion Chip":6,"Nunchaku":10,"Anchor":44,"Busted Crown":34,"DollysMirror":20,"Sundial":54,"Orrery":53,"Molten Egg 2":9,"MealTicket":26,"Cracked Core":0,"Toy Ornithopter":42},{"Bag of Preparation":12,"Ginger":4,"Letter Opener":6,"MawBank":14,"Ancient Tea Set":20,"FrozenCore":10,"Cables":23,"Emotion Chip":5,"Nunchaku":7,"Anchor":22,"Busted Crown":16,"DollysMirror":12,"Sundial":26,"Orrery":25,"Molten Egg 2":6,"MealTicket":12,"Cracked Core":0,"Toy Ornithopter":21},{"Bag of Preparation":64,"Ginger":14,"Letter Opener":29,"MawBank":85,"Ancient Tea Set":150,"FrozenCore":53,"Cables":178,"Emotion Chip":20,"Nunchaku":35,"Anchor":173,"Busted Crown":114,"DollysMirror":64,"Sundial":210,"Orrery":202,"Molten Egg 2":29,"MealTicket":64,"Cracked Core":0,"Toy Ornithopter":160}],"Toy Ornithopter":20},"card_choices":[{"not_picked":["Multi-Cast","Amplify"],"picked":"Biased Cognition","floor":0.0},{"not_picked":["Aggregate","Sweeping Beam"],"picked":"Self Repair","floor":1.0},{"not_picked":["Darkness","Turbo"],"picked":"Barrage","floor":2.0},{"not_picked":["Storm","Undo"],"picked":"Loop","floor":3.0},{"not_picked":["Turbo","Recycle"],"picked":"BootSequence","floor":4.0},{"not_picked":["Beam Cell","Recycle"],"picked":"Reinforced Body","floor":6.0},{"not_picked":["Stack","Gash"],"picked":"Coolheaded","floor":8.0},{"not_picked":["Steam","Rebound+1"],"picked":"Gash+1","floor":10.0},{"not_picked":["Reboot","Consume"],"picked":"Gash+1","floor":12.0},{"not_picked":["Gash+1","Compile Driver+1"],"picked":"Defragment","floor":13.0},{"not_picked":["All For One+1","Meteor Strike+1"],"picked":"Echo Form","floor":16.0},{"not_picked":["Cold Snap+1","Turbo"],"picked":"Chaos+1","floor":18.0},{"not_picked":["Tempest","Reinforced Body+1"],"picked":"Streamline+1","floor":19.0},{"not_picked":["Steam","Hologram+1","Compile Driver+1"],"picked":"SKIP","floor":27.0},{"not_picked":["Rainbow","Reinforced Body"],"picked":"Amplify","floor":30.0},{"not_picked":["Streamline+1","Beam Cell+1"],"picked":"BootSequence","floor":31.0},{"not_picked":["Multi-Cast","Buffer"],"picked":"Core Surge+1","floor":33.0},{"not_picked":[],"picked":"Coolheaded+1","floor":35.0},{"not_picked":["Cold Snap+1"],"picked":"SKIP","floor":36.0},{"not_picked":[],"picked":"Cold Snap+1","floor":36.0},{"not_picked":[],"picked":"Coolheaded+1","floor":38.0},{"not_picked":["Lockon+1"],"picked":"SKIP","floor":40.0},{"not_picked":["Storm+1"],"picked":"SKIP","floor":42.0},{"not_picked":[],"picked":"Redo","floor":44.0},{"not_picked":[],"picked":"Go for the Eyes+1","floor":45},{"not_picked":[],"picked":"Impatience","floor":46},{"not_picked":[],"picked":"Stack","floor":48},{"not_picked":[],"picked":"Conserve Battery+1","floor":53},{"not_picked":[],"picked":"FTL+1","floor":53},{"not_picked":[],"picked":"Multi-Cast","floor":53},{"not_picked":["Fusion"],"picked":"SKIP","floor":54}],"player_experience":272802,"relics_obtained":[{"floor":6.0,"key":"Emotion Chip"},{"floor":8.0,"key":"Letter Opener"},{"floor":9.0,"key":"Molten Egg 2"},{"floor":10.0,"key":"Nunchaku"},{"floor":24.0,"key":"Bag of Preparation"},{"floor":26.0,"key":"MealTicket"},{"floor":30.0,"key":"MawBank"},{"floor":40.0,"key":"Ancient Tea Set"},{"floor":42.0,"key":"Toy Ornithopter"},{"floor":44.0,"key":"Anchor"},{"floor":54,"key":"Sundial"}],"event_choices":[{"damage_healed":0.0,"max_hp_gain":0.0,"max_hp_loss":0.0,"gold_gain":0.0,"event_name":"Scrap Ooze","player_choice":"Success","floor":5.0,"gold_loss":0.0,"damage_taken":3.0,"relics_obtained":["Ginger"]},{"damage_healed":0.0,"max_hp_gain":0.0,"max_hp_loss":0.0,"gold_gain":0.0,"event_name":"Golden Wing","player_choice":"Ignored","floor":14.0,"gold_loss":0.0,"damage_taken":0.0},{"damage_healed":0.0,"max_hp_gain":0.0,"max_hp_loss":0.0,"gold_gain":0.0,"event_name":"Ghosts","player_choice":"Ignored","floor":21.0,"gold_loss":0.0,"damage_taken":0.0},{"damage_healed":0.0,"max_hp_gain":5.0,"max_hp_loss":0.0,"gold_gain":0.0,"event_name":"Forgotten Altar","player_choice":"Shed Blood","floor":22.0,"gold_loss":0.0,"damage_taken":19.0},{"damage_healed":0.0,"max_hp_gain":0.0,"max_hp_loss":0.0,"gold_gain":0.0,"event_name":"Tomb of Lord Red Mask","player_choice":"Ignored","floor":39.0,"gold_loss":0.0,"damage_taken":0.0},{"damage_healed":0,"gold_gain":0,"player_choice":"Memory 1","damage_taken":0,"max_hp_gain":0,"max_hp_loss":0,"event_name":"SensoryStone","floor":46,"gold_loss":0}],"is_beta":false,"boss_relics":[{"not_picked":["Tiny House","Ectoplasm"],"picked":"FrozenCore"},{"not_picked":["Black Star","SacredBark"],"picked":"Busted Crown"}],"items_purged_floors":[20,47],"is_endless":false,"potions_floor_spawned":[1,2,6,12,16,30,31,33,35,42,45,54],"killed_by":"The Heart","ascension_level":10}}