{"host":"627up2rvtmm0cf0r","time":1611667655,"event":{"mods":["100% Spire Juice","ATMod(阿瑾Mod)","Act Like it!","BaseMod","Better Vampires","CapriCore","Card Filter","Card Forge","Colored Powertips","DeckTracker","Dota2Spire","Downfall","Energized Spire","Friendly Minions","Highlight Path","Infinite Spire","Jedi Mod","Marked Mod","Mimic Mod","Minty Spire (QoL Compilation)","MostiFishMod","Permanent Neow","Practice Mode","Quick Restart","Relic Filter Mod","Relic Stats","Shop Mod","Spicy Shops","StSLib","SuperFastMode","TestMod","The Blackbeard","The Marked","【遗物卡牌】REMEMod","残留之物","篝火指南"],"gold_per_floor":[99,116,116,132,149,183,219,247,247,272,288,288,136,164,174,279,279,279,298,298,298,212,240,273,273,347,347,363,391,391,491,502,603,603,228,247,247,247,647,667,698,730,750,766,840,871,871,871,888,888],"floor_reached":51,"language":"ZHS","playtime":1593,"items_purged":["Slimebound:Strike_Slimebound","Decay","Slimebound:Tackle","Slimebound:Strike_Slimebound","Slimebound:Defend_Slimebound+1","Slimebound:Defend_Slimebound","Slimebound:Defend_Slimebound","Slimebound:Defend_Slimebound+1"],"score":1371,"play_id":"72ab0274-807d-4ca4-bcb8-6dee7cb96804","local_time":"20210126212735","is_ascension_mode":true,"campfire_choices":[{"data":"AT_MachinaRedman","floor":1,"key":"SMITH"},{"data":"AT_ShadowStep","floor":9,"key":"SMITH"},{"data":"Thinking Ahead","floor":18,"key":"SMITH"}],"circlet_count":0,"master_deck":["Slimebound:Split","Slimebound:CorrosiveSpit","AT_ShadowStep+1","AT_MachinaRedman+1","Thinking Ahead+1","infinitespire:Collect"],"relics":["Slimebound:AbsorbEndCombat","Hammer of Thor","Seething Fire","Anvil of the Gods","DaveBox","testmod-TestBox","AT_ATBox","testmod-RainbowHikingShoes","ArrowTower","Dota2Spire:PowerTreads","Meat on the Bone","War Paint","DiscerningMonocle","infinitespire:Satchel","AT_ArcaneBoots","OrangePellets","infinitespire:Golems Mask","infinitespire:Lucky Rock","Nilry\u0027s Codex","infinitespire:WardingShard","BrkXgEgg","Anchor","Dota2Spire:Vanguard","infinitespire:ShieldingShard","AT_Manta","SynthV:C4","Omamori","Lee\u0027s Waffle","ImprovedEquipment","AT_ForceNature","Dota2Spire:EtherealBlade","Slimebound:TarBlob","Pear","Lizard Tail","jedi:HeartOfTheCards","Calling Bell","infinitespire:PuzzleCube","infinitespire:EmpoweringShard","StoneCalendar","testmod-LifeArmor","Chemical X","Medical Kit","WingedGreaves","Bag of Preparation","Orichalcum","Frozen Eye","Dota2Spire:MonkeyKingBar","MerchantsRug","Dota2Spire:DrumOfEndurance","Vajra","Mummified Hand","Dream Catcher","ClockworkSouvenir","PreservedInsect","testmod-ArcanaOfDestiny","jedi:fakemustache","jedi:windupbox","Regal Pillow","Slimebound:AggressiveSlimeRelic"],"acts_visited":["Exordium","TheCity","TheBeyond"],"potions_floor_usage":[15],"damage_taken":[{"damage":0,"enemies":"2 Louse","floor":2,"turns":2},{"damage":0,"enemies":"Cultist","floor":4,"turns":2},{"damage":0,"enemies":"Small Slimes","floor":5,"turns":1},{"damage":0,"enemies":"Lagavulin","floor":6,"turns":3},{"damage":0,"enemies":"Blue Slaver","floor":7,"turns":4},{"damage":0,"enemies":"Gremlin Nob","floor":8,"turns":1},{"damage":2,"enemies":"Lagavulin","floor":10,"turns":2},{"damage":3,"enemies":"Blue Slaver","floor":11,"turns":3},{"damage":4,"enemies":"downfall:FleeingMerchant","floor":13,"turns":4},{"damage":11,"enemies":"3 Sentries","floor":14,"turns":2},{"damage":0,"enemies":"Exordium Thugs","floor":15,"turns":1},{"damage":8,"enemies":"SI_SHIV_ARCHETYPE","floor":16,"turns":3},{"damage":9,"enemies":"Chosen","floor":19,"turns":2},{"damage":7,"enemies":"downfall:FleeingMerchant","floor":22,"turns":2},{"damage":2,"enemies":"Gremlin Leader","floor":23,"turns":3},{"damage":0,"enemies":"3 Byrds","floor":24,"turns":2},{"damage":0,"enemies":"3 Byrds","floor":28,"turns":1},{"damage":0,"enemies":"REME_1_Revenger","floor":29,"turns":1},{"damage":0,"enemies":"DF_ARCHETYPE_STREAMLINE","floor":31,"turns":1},{"damage":0,"enemies":"Snake Plant","floor":32,"turns":1},{"damage":0,"enemies":"WA_ARCHETYPE_CALM","floor":33,"turns":2},{"damage":0,"enemies":"3 Darklings","floor":36,"turns":1},{"damage":0,"enemies":"Orb Walker","floor":40,"turns":1},{"damage":0,"enemies":"Spire Growth","floor":41,"turns":2},{"damage":0,"enemies":"Nemesis","floor":42,"turns":1},{"damage":2,"enemies":"Spire Growth","floor":43,"turns":1},{"damage":2,"enemies":"Transient","floor":44,"turns":4},{"damage":0,"enemies":"Giant Head","floor":46,"turns":1},{"damage":0,"enemies":"Jaw Worm Horde","floor":49,"turns":1},{"damage":0,"enemies":"IC_BLOCK_ARCHETYPE","floor":50,"turns":1}],"seed_played":"-4514003823327682634","potions_obtained":[{"floor":2,"key":"Guardian:BlockOnCardUsePotion"},{"floor":4,"key":"Swift Potion"},{"floor":10,"key":"jedi:tentaclejuice"},{"floor":15,"key":"REME_GoldPotion"},{"floor":19,"key":"SteroidPotion"}],"is_trial":false,"path_per_floor":["R","M","?","M","M","E","MIM","E","R","E","M","?","$","E","M","B",null,"R","M","?","?","$","E","MIM","$","T","AVR","M","E","?","?","M","B",null,"R","M","?","?","?","M","MIM","E","M","M","$","E","$","?","M","B",null],"character_chosen":"SLIMEBOUND","items_purchased":["DiscerningMonocle","infinitespire:Satchel","AT_SpeedBoots","OrangePellets","infinitespire:Golems Mask","Thinking Ahead","PowerPotion","Fire Potion","BrkXgEgg","Anchor","AT_Manta","SynthV:C4","Omamori","Lee\u0027s Waffle","ImprovedEquipment","testmod-LifeArmor","Chemical X","Medical Kit","WingedGreaves","Bag of Preparation","Orichalcum","Frozen Eye","MerchantsRug","Dota2Spire:DrumOfEndurance","Vajra","Mummified Hand","Dream Catcher","ClockworkSouvenir","testmod-ArcanaOfDestiny","jedi:fakemustache","jedi:windupbox","Regal Pillow","Slimebound:AggressiveSlimeRelic"],"campfire_rested":0,"item_purchase_floors":[13,13,13,13,13,13,13,13,22,22,25,25,25,25,25,35,35,37,37,37,37,37,45,45,45,45,45,45,47,47,47,47,47],"current_hp_per_floor":[65,65,65,65,65,65,65,65,65,63,62,62,63,52,52,46,65,65,56,40,40,37,35,35,72,72,72,72,82,82,82,82,82,82,82,82,82,82,82,82,82,82,80,78,78,78,82,82,82,82],"gold":888,"neow_bonus":"RANDOM_COLORLESS","is_daily":false,"chose_seed":false,"campfire_upgraded":3,"win_rate":0.0,"timestamp":1611667655,"path_taken":["R","M","?","M","M","E","MIM","E","R","E","M","?","?","E","M","BOSS","R","M","?","?","?","E","MIM","$","?","AVR","?","E","?","?","M","BOSS","R","M","?","?","?","?","MIM","E","M","M","$","E","$","?","M","BOSS"],"items_purchased_type":["Relic","Relic","Relic","Relic","Relic","Card","Potion","Potion","Relic","Relic","Relic","Relic","Relic","Relic","Relic","Relic","Relic","Relic","Relic","Relic","Relic","Relic","Relic","Relic","Relic","Relic","Relic","Relic","Relic","Relic","Relic","Relic","Relic"],"build_version":"2020-12-22","purchased_purges":8,"victory":true,"max_hp_per_floor":[65,65,65,65,65,65,65,65,65,65,65,65,65,65,65,65,65,65,65,65,65,65,65,65,72,72,72,72,82,82,82,82,82,82,82,82,82,82,82,82,82,82,82,82,82,82,82,82,82,82],"relic_stats":{"Lee\u0027s Waffle":37,"Regal Pillow":0,"counters":[30,54],"StoneCalendar":[0],"PreservedInsect":0,"Bag of Preparation":[14],"War Paint":["Slimebound:Defend_Slimebound","Slimebound:Defend_Slimebound"],"Orichalcum":[6],"Medical Kit":[2],"OrangePellets":[0],"Lizard Tail":0,"Dream Catcher":0,"Mummified Hand":[0],"Chemical X":[3],"obtain_stats":[{"Dota2Spire:PowerTreads":6,"AT_ATBox":0,"Nilry\u0027s Codex":20,"Vajra":45,"Hammer of Thor":0,"testmod-LifeArmor":35,"AT_ArcaneBoots":44,"testmod-RainbowHikingShoes":0,"Dota2Spire:EtherealBlade":27,"Lizard Tail":31,"infinitespire:ShieldingShard":24,"infinitespire:Golems Mask":13,"MerchantsRug":45,"Slimebound:AggressiveSlimeRelic":47,"testmod-TestBox":0,"Pear":29,"AT_Manta":25,"War Paint":10,"jedi:HeartOfTheCards":31,"Slimebound:TarBlob":27,"OrangePellets":13,"AT_SpeedBoots":13,"Anvil of the Gods":0,"infinitespire:EmpoweringShard":34,"ArrowTower":0,"Dota2Spire:MonkeyKingBar":42,"infinitespire:PuzzleCube":34,"Meat on the Bone":8,"Regal Pillow":47,"DaveBox":0,"DiscerningMonocle":13,"StoneCalendar":34,"Dota2Spire:DrumOfEndurance":45,"Dota2Spire:Vanguard":23,"Bag of Preparation":37,"SynthV:C4":25,"ClockworkSouvenir":45,"Frozen Eye":37,"Dream Catcher":45,"Mummified Hand":45,"WingedGreaves":37,"Chemical X":35,"testmod-ArcanaOfDestiny":47,"AT_ForceNature":26,"Lee\u0027s Waffle":25,"ImprovedEquipment":25,"BrkXgEgg":22,"testmod-CyclicPeriapt":41,"PreservedInsect":46,"Omamori":25,"Seething Fire":0,"infinitespire:Lucky Rock":14,"Orichalcum":37,"Medical Kit":37,"Calling Bell":34,"jedi:fakemustache":47,"jedi:windupbox":47,"Anchor":22,"infinitespire:WardingShard":21,"infinitespire:Satchel":13,"Slimebound:AbsorbEndCombat":0,"REME_ComplimentaryCards":0},{"Dota2Spire:PowerTreads":4,"AT_ATBox":0,"Nilry\u0027s Codex":13,"Vajra":27,"Hammer of Thor":0,"testmod-LifeArmor":21,"AT_ArcaneBoots":27,"testmod-RainbowHikingShoes":0,"Dota2Spire:EtherealBlade":16,"Lizard Tail":19,"infinitespire:ShieldingShard":16,"infinitespire:Golems Mask":9,"MerchantsRug":27,"Slimebound:AggressiveSlimeRelic":28,"testmod-TestBox":0,"Pear":18,"AT_Manta":16,"War Paint":7,"jedi:HeartOfTheCards":19,"Slimebound:TarBlob":16,"OrangePellets":9,"AT_SpeedBoots":9,"Anvil of the Gods":0,"infinitespire:EmpoweringShard":21,"ArrowTower":0,"Dota2Spire:MonkeyKingBar":25,"infinitespire:PuzzleCube":21,"Meat on the Bone":6,"Regal Pillow":28,"DaveBox":0,"DiscerningMonocle":9,"StoneCalendar":21,"Dota2Spire:DrumOfEndurance":27,"Dota2Spire:Vanguard":15,"Bag of Preparation":22,"SynthV:C4":16,"ClockworkSouvenir":27,"Frozen Eye":22,"Dream Catcher":27,"Mummified Hand":27,"WingedGreaves":22,"Chemical X":21,"testmod-ArcanaOfDestiny":28,"AT_ForceNature":16,"Lee\u0027s Waffle":16,"ImprovedEquipment":16,"BrkXgEgg":14,"testmod-CyclicPeriapt":24,"PreservedInsect":28,"Omamori":16,"Seething Fire":0,"infinitespire:Lucky Rock":10,"Orichalcum":22,"Medical Kit":22,"Calling Bell":21,"jedi:fakemustache":28,"jedi:windupbox":28,"Anchor":14,"infinitespire:WardingShard":13,"infinitespire:Satchel":9,"Slimebound:AbsorbEndCombat":0,"REME_ComplimentaryCards":0},{"Dota2Spire:PowerTreads":8,"AT_ATBox":0,"Nilry\u0027s Codex":29,"Vajra":51,"Hammer of Thor":0,"testmod-LifeArmor":42,"AT_ArcaneBoots":51,"testmod-RainbowHikingShoes":0,"Dota2Spire:EtherealBlade":36,"Lizard Tail":39,"infinitespire:ShieldingShard":36,"infinitespire:Golems Mask":21,"MerchantsRug":51,"Slimebound:AggressiveSlimeRelic":52,"testmod-TestBox":0,"Pear":38,"AT_Manta":36,"War Paint":14,"jedi:HeartOfTheCards":39,"Slimebound:TarBlob":36,"OrangePellets":21,"AT_SpeedBoots":21,"Anvil of the Gods":0,"infinitespire:EmpoweringShard":42,"ArrowTower":0,"Dota2Spire:MonkeyKingBar":47,"infinitespire:PuzzleCube":42,"Meat on the Bone":12,"Regal Pillow":52,"DaveBox":0,"DiscerningMonocle":21,"StoneCalendar":42,"Dota2Spire:DrumOfEndurance":51,"Dota2Spire:Vanguard":34,"Bag of Preparation":43,"SynthV:C4":36,"ClockworkSouvenir":51,"Frozen Eye":43,"Dream Catcher":51,"Mummified Hand":51,"WingedGreaves":43,"Chemical X":42,"testmod-ArcanaOfDestiny":52,"AT_ForceNature":36,"Lee\u0027s Waffle":36,"ImprovedEquipment":36,"BrkXgEgg":31,"testmod-CyclicPeriapt":46,"PreservedInsect":52,"Omamori":36,"Seething Fire":0,"infinitespire:Lucky Rock":23,"Orichalcum":43,"Medical Kit":43,"Calling Bell":42,"jedi:fakemustache":52,"jedi:windupbox":52,"Anchor":31,"infinitespire:WardingShard":29,"infinitespire:Satchel":21,"Slimebound:AbsorbEndCombat":0,"REME_ComplimentaryCards":0}],"Meat on the Bone":0},"card_choices":[{"not_picked":["REME_FirmDetermination","testmod-Provocation"],"picked":"testmod-PerfectCombo","floor":0},{"not_picked":["Slimebound:Prepare","Slimebound:Replication","Slimebound:SplitBruiser"],"picked":"SKIP","floor":2},{"not_picked":["Slimebound:TongueLash","Slimebound:LeechEnergy","Slimebound:Grow"],"picked":"SKIP","floor":4},{"not_picked":["Slimebound:LeechEnergy","Slimebound:Repurpose","Slimebound:LivingWall"],"picked":"SKIP","floor":5},{"not_picked":["Slimebound:RainOfGoop","Slimebound:Nibble","Slimebound:SplitAcid"],"picked":"SKIP","floor":6},{"not_picked":["Slimebound:SlimeBarrage","Slimebound:Grow","Slimebound:HauntingLick"],"picked":"SKIP","floor":8},{"not_picked":["Slimebound:ForwardTackle","Slimebound:SlimeBarrage","Slimebound:SlimeTap"],"picked":"SKIP","floor":10},{"not_picked":["Slimebound:RainOfGoop","Slimebound:DivideAndConquer","Slimebound:LeadByExample"],"picked":"SKIP","floor":11},{"not_picked":["Slimebound:SelfFormingGoo","Slimebound:Equalize","Slimebound:HauntingLick"],"picked":"SKIP","floor":13},{"not_picked":["Slimebound:LivingWall","Slimebound:SamplingLick","Slimebound:SlimeSpikes"],"picked":"SKIP","floor":14},{"not_picked":["Slimebound:SlimeBrawl","Slimebound:AcidTongue","Slimebound:Grow"],"picked":"SKIP","floor":15},{"not_picked":["Slimebound:SplitLeeching","Slimebound:GoopSpray+1","Slimebound:AcidTongue"],"picked":"SKIP","floor":19},{"not_picked":["Slimebound:Prepare","Slimebound:SlimeBarrage+1","Slimebound:SplitBruiser+1"],"picked":"SKIP","floor":22},{"not_picked":["Slimebound:ComboTackle","Slimebound:Replication","Slimebound:LeechingTouch"],"picked":"SKIP","floor":23},{"not_picked":["Slimebound:SlimeSpikes","Slimebound:GoopSpray","Slimebound:GoopTackle"],"picked":"SKIP","floor":28},{"not_picked":["Slimebound:LivingWall","Slimebound:Chomp+1","Slimebound:ItLooksTasty+1"],"picked":"SKIP","floor":29},{"not_picked":["Slimebound:SlimeBarrage+1","Slimebound:SplitBruiser+1","Slimebound:LeechingTouch"],"picked":"SKIP","floor":32},{"not_picked":["Slimebound:Prepare+1","Slimebound:DivideAndConquer+1","Slimebound:SplitMire+1"],"picked":"SKIP","floor":36},{"not_picked":["Slimebound:GoopSpray+1","Slimebound:TongueLash","Slimebound:Equalize"],"picked":"SKIP","floor":40},{"not_picked":["Slimebound:LeechEnergy+1","Slimebound:SplitLeeching","Slimebound:LeadByExample"],"picked":"SKIP","floor":42},{"not_picked":["Slimebound:SplitBruiser","Slimebound:RollThrough+1","Slimebound:SplitLeeching"],"picked":"SKIP","floor":43},{"not_picked":["Slimebound:RainOfGoop","Slimebound:HauntingLick","Slimebound:ComboTackle+1"],"picked":"SKIP","floor":44},{"not_picked":["Slimebound:Overexert+1","Slimebound:Repurpose+1","Slimebound:ItLooksTasty+1"],"picked":"SKIP","floor":46},{"not_picked":["Slimebound:FinishingTackle+1","Slimebound:Chomp+1","Slimebound:GoopSpray+1"],"picked":"SKIP","floor":49}],"player_experience":140656,"relics_obtained":[{"floor":6,"key":"Dota2Spire:PowerTreads"},{"floor":8,"key":"Meat on the Bone"},{"floor":10,"key":"War Paint"},{"floor":14,"key":"infinitespire:Lucky Rock"},{"floor":20,"key":"Nilry\u0027s Codex"},{"floor":23,"key":"Dota2Spire:Vanguard"},{"floor":24,"key":"infinitespire:ShieldingShard"},{"floor":26,"key":"AT_ForceNature"},{"floor":29,"key":"Pear"},{"floor":31,"key":"Lizard Tail"},{"floor":31,"key":"jedi:HeartOfTheCards"},{"floor":34,"key":"infinitespire:PuzzleCube"},{"floor":34,"key":"infinitespire:EmpoweringShard"},{"floor":34,"key":"StoneCalendar"},{"floor":41,"key":"testmod-CyclicPeriapt"},{"floor":42,"key":"Dota2Spire:MonkeyKingBar"},{"floor":46,"key":"PreservedInsect"}],"event_choices":[{"damage_healed":27,"gold_gain":0,"player_choice":"Heal","damage_taken":0,"max_hp_gain":0,"max_hp_loss":0,"event_name":"The Library","floor":30,"gold_loss":0},{"cards_removed":["testmod-PerfectCombo"],"damage_healed":0,"gold_gain":0,"player_choice":"Removed Attack","damage_taken":0,"max_hp_gain":0,"max_hp_loss":0,"event_name":"Falling","floor":38,"gold_loss":0},{"damage_healed":0,"gold_gain":400,"player_choice":"Sell","damage_taken":0,"max_hp_gain":0,"max_hp_loss":0,"event_name":"恩洛斯的盘子","floor":39,"relics_lost":["REME_ComplimentaryCards"],"gold_loss":0}],"is_beta":false,"boss_relics":[{"not_picked":["testmod-Recursion","energizedSpire:SpiderWeb","Snecko Eye"]},{"not_picked":["Slimebound:AbsorbEndCombatUpgraded","SynthV:MejaisSoulstealer"],"picked":"Calling Bell"}],"items_purged_floors":[13,22,25,27,35,37,45,47],"is_endless":false,"potions_floor_spawned":[2,4,10,11,14,15,19,23,29,31,33,43,46,49],"ascension_level":2}}