{"host":"mn5kbj4x7gv3jr0o","time":1611683756,"event":{"mods":["2.2 Compatiblity","A Magickal Journey","AchievementEnabler","Ascension Reborn","Ascension Unlocker","Aspiration","BaseMod","Bestiary","Better Altar","Better Note","Better Sensory Stone","Better Silent Start","Better Skull","Better Third Choice","Better Vampires","Better-Laid Plans","BetterRewards","Block Reminder","CCEM2","Colored Powertips","Colorless Booster Pack","Conjunction","Conspire","Curses Come First","Dota2Spire","Downfall","Emptier Cage","Energized Spire","Fox Events","GifTheSpireLib","Halation","HololiveMod","Hubris","Infinite Spire","Ironclad Rager","Jess\u0027s Bottle","Keyboard Shortcuts","Minty Spire (QoL Compilation)","Mirrors Mod","Poem Panic","Potion Indicator Mod","Potionbrewer","Puzzle Mod","Quarter Circle Forward PUNCH!","Quick Restart","Random Character Button","RatMod","Relic Sorter","Retaliation","Reworked Bosses","SCP261 Mod","SacredBarkPlus","Shop Mod","Small Relic Pack","Spicy Shops","Spikes Relics","StS++","StSLib","Stuff the Spire","The Blue Laboratory","Thieving Mod","Trackpad","Uncapped","UnlockEverythingMod","Useless Jewels Mod","Virulent Crown"],"gold_per_floor":[19,19,33,33,47,73,86,113,137,151,151,184,184,184,184,280,280,295,295,295,295,308,308,320,320,320],"floor_reached":25,"language":"ENG","playtime":1339,"items_purged":[],"score":283,"play_id":"9955e088-7b3c-47e4-a6b4-dbc7300298fa","local_time":"20210126125556","is_ascension_mode":true,"campfire_choices":[{"floor":11,"key":"REST"},{"floor":13,"key":"REST"},{"data":"Prostrate","floor":15,"key":"SMITH"},{"floor":23,"key":"REST"}],"circlet_count":0,"master_deck":["Eruption+1","Vigilance","hubris:Disease","FollowUp","FollowUp","FollowUp","FollowUp","ThirdEye","ThirdEye","ThirdEye","ThirdEye","LikeWater","JustLucky","StSpp:Faith","Prostrate+1","FlurryOfBlows","PathToVictory","downfall:Malfunctioning","hubris:Sloth","infinitespire:DeathsTouch","ClearTheMind","StuffTheSpire:Deluminance","StuffTheSpire:Deluminance","StuffTheSpire:Deluminance","StuffTheSpire:Deluminance","StuffTheSpire:Deluminance","hubris:InfiniteBlow+42","InnerPeace","PathToVictory"],"relics":["PureWater","qcfpunch:Red_Headband","GoldenEye","PreservedInsect","CCEMRelics:BundleOfDynamite","halation:Prosthetics","StuffTheSpire:BlackoutCurse","trackpad:CultistFigurine"],"acts_visited":["Exordium","TheCity"],"potions_floor_usage":[7,16,18,24,24],"damage_taken":[{"damage":0,"enemies":"2 Louse","floor":1,"turns":3},{"damage":6,"enemies":"FloatingMirror","floor":3,"turns":4},{"damage":0,"enemies":"Cultist","floor":5,"turns":3},{"damage":5,"enemies":"3 Sentries","floor":6,"turns":5},{"damage":18,"enemies":"2 Fungi Beasts","floor":7,"turns":3},{"damage":15,"enemies":"Lagavulin","floor":8,"turns":5},{"damage":0,"enemies":"Looter","floor":10,"turns":3},{"damage":4,"enemies":"Gremlin Nob","floor":12,"turns":3},{"damage":14,"enemies":"Hexaghost","floor":16,"turns":6},{"damage":18,"enemies":"2 Thieves","floor":18,"turns":4},{"damage":0,"enemies":"Spheric Guardian","floor":22,"turns":1},{"damage":13,"enemies":"3 Cultists","floor":24,"turns":5},{"damage":0,"enemies":"conspire:Head Lice","floor":25,"turns":1}],"seed_played":"2305305985633508158","potions_obtained":[{"floor":1,"key":"Dota2Spire:Clarity"},{"floor":5,"key":"blueLaboratory:FrostheartPotion"},{"floor":6,"key":"Energy Potion"},{"floor":16,"key":"blueLaboratory:ImpenetrablePotion"},{"floor":22,"key":"blueLaboratory:MidnightOil"}],"is_trial":false,"path_per_floor":["M","?","M","$","M","E","M","E","T","M","R","E","R","?","R","B",null,"M","?","?","AVR","M","R","M","E"],"character_chosen":"WATCHER","items_purchased":[],"campfire_rested":3,"item_purchase_floors":[],"current_hp_per_floor":[47,47,41,41,41,36,18,3,3,3,22,18,37,37,37,23,30,12,12,12,12,12,21,8,8,8],"gold":320,"neow_bonus":"WATCHER_SHAOLIN","is_daily":false,"chose_seed":false,"campfire_upgraded":1,"win_rate":0.0,"timestamp":1611683756,"path_taken":["M","?","M","$","M","E","?","E","T","M","R","E","R","?","R","BOSS","M","?","?","AVR","M","R","M","E"],"items_purchased_type":[],"build_version":"2020-12-22","purchased_purges":0,"victory":false,"max_hp_per_floor":[65,65,65,65,65,65,65,65,65,65,65,65,65,65,65,65,30,30,30,30,30,30,30,30,30,30],"card_choices":[{"not_picked":["CarveReality","SashWhip","StSpp:Purify"],"picked":"SKIP","floor":1},{"not_picked":["CrushJoints","Crescendo"],"picked":"LikeWater","floor":3},{"not_picked":["CrushJoints","ThirdEye"],"picked":"JustLucky","floor":5},{"not_picked":["MentalFortress","EmptyFist"],"picked":"StSpp:Faith","floor":6},{"not_picked":["Wallop","StSpp:Renounce"],"picked":"Prostrate","floor":7},{"not_picked":["EmptyFist","Wallop"],"picked":"FlurryOfBlows","floor":8},{"not_picked":["JustLucky","EmptyBody","Tantrum"],"picked":"SKIP","floor":10},{"not_picked":["BowlingBash","StSpp:Patience"],"picked":"PathToVictory","floor":12},{"not_picked":["infinitespire:FinalStrike","infinitespire:UltimateForm"],"picked":"infinitespire:DeathsTouch","floor":14},{"not_picked":["BattleHymn","CrushJoints"],"picked":"ClearTheMind","floor":18},{"not_picked":["ThirdEye","CutThroughFate+1"],"picked":"InnerPeace","floor":22},{"not_picked":["Crescendo","FlurryOfBlows"],"picked":"PathToVictory","floor":24}],"player_experience":160116,"relics_obtained":[{"floor":6,"key":"qcfpunch:Red_Headband"},{"floor":8,"key":"GoldenEye"},{"floor":9,"key":"PreservedInsect"},{"floor":12,"key":"CCEMRelics:BundleOfDynamite"}],"event_choices":[{"damage_healed":0,"gold_gain":0,"player_choice":"Forge","damage_taken":0,"max_hp_gain":0,"max_hp_loss":0,"event_name":"Accursed Blacksmith","floor":2,"gold_loss":0,"cards_upgraded":["Eruption"]},{"cards_removed":["infinitespire:DeathsTouch"],"damage_healed":0,"gold_gain":0,"player_choice":"Give","damage_taken":0,"max_hp_gain":0,"max_hp_loss":0,"event_name":"betterNote:BetterNote","floor":19,"gold_loss":0,"cards_obtained":["None"]}],"is_beta":false,"boss_relics":[{"not_picked":["StSpp:Balance","energizedSpire:StickyHand"],"picked":"halation:Prosthetics"}],"items_purged_floors":[],"is_endless":false,"potions_floor_spawned":[1,5,6,16,22],"killed_by":"conspire:Head Lice","ascension_level":1}}