{"host":"zksvs3x2ysy9npnz","time":1611625450,"event":{"mods":["Aspiration","BaseMod","Beaked The Cultist","BetterRewards","Clockwork Mod","Colored Map","Conspire","Downfall","Duelist Mod","Ekko","Fiend Mod","Halation","Highlight Path","Hubris","Infinite Spire","Jedi Mod","Magitek Elite","Minty Spire (QoL Compilation)","Permanent Neow","Quick Restart","Relic Stats","Shop Mod","StSLib","The Runesmith","The Witch","thorton"],"gold_per_floor":[136,136,61,81,93,93,93,93,93,93,104,139,150,168,168,239,239,218,218,118,118,133,133,133,133,212,212,226,226,254,271,271,346,346,359,359,359,369,369,369,396,396,396,396,422,422,442,457,457,457,457],"floor_reached":52,"language":"FRA","playtime":3947,"items_purged":["theDuelist:Sparks","theDuelist:Sparks","theDuelist:WhiteMagicalHat"],"score":2196,"play_id":"2e5014af-e7e1-4240-87d8-edd8182aa2c1","local_time":"20210126024410","is_ascension_mode":true,"campfire_choices":[{"data":"theDuelist:WhiteNinja","floor":6.0,"key":"SMITH"},{"data":"theDuelist:CombinationAttack","floor":8,"key":"SMITH"},{"data":"theDuelist:CombinationAttack+1","floor":10,"key":"SMITH"},{"data":"theDuelist:CombinationAttack+2","floor":15,"key":"SMITH"},{"data":"theDuelist:CombinationAttack+3","floor":23,"key":"SMITH"},{"data":"theDuelist:CombinationAttack+4","floor":25,"key":"SMITH"},{"data":"theDuelist:CombinationAttack+5","floor":27,"key":"SMITH"},{"data":"infinitespire:NeuralNetwork","floor":29,"key":"SMITH"},{"floor":32,"key":"REST"},{"data":"theDuelist:AmuletAmbition","floor":40,"key":"SMITH"},{"data":"theDuelist:AmuletAmbition+1","floor":42,"key":"SMITH"},{"data":"theDuelist:AmuletAmbition+2","floor":46,"key":"SMITH"},{"data":"theDuelist:Wiretap+1","floor":49,"key":"SMITH"}],"circlet_count":0,"master_deck":["theDuelist:BeaverWarrior","theDuelist:BeaverWarrior","theDuelist:CastleWalls","theDuelist:CastleWalls","theDuelist:FinalFlame","AscendersBane","theDuelist:GiantSoldier","theDuelist:GiantSoldier","theDuelist:ScrapFactory","theDuelist:CombinationAttack+6","theDuelist:SpiritHarp","theDuelist:WhiteNinja+1","theDuelist:Eva","theDuelist:SwordsConcealing","theDuelist:HappyLover","infinitespire:NeuralNetwork+1","theDuelist:Eva+1","theDuelist:AmuletAmbition+3","theDuelist:HappyLover+1","infinitespire:Execution","infinitespire:SevenWalls","theDuelist:Wiretap+2","theDuelist:ScrapFactory+1","theDuelist:Eva+1"],"relics":["theDuelist:MillenniumPuzzle","theDuelist:CardPoolRelic","theDuelist:CardPoolBasicRelic","theDuelist:BoosterPackPoolRelic","theDuelist:CardPoolAddRelic","theDuelist:CardPoolMinusRelic","theDuelist:CardPoolSaveRelic","theDuelist:CardPoolOptionsRelic","aspiration:Nostalgia","theDuelist:ChallengePuzzle","halation:PinkSoulGem","FossilizedHelix","Question Card","thethorton:BottledFunds","halation:EternalFortune","Bottled Lightning","theDuelist:BoosterPackMonsterEgg","hubris:Backtick","beaked:MendingPlumage","hubris:Towel","halation:BottledLove","hubris:Icosahedron","hubris:SlimyHat","theDuelist:MillenniumArmor"],"acts_visited":["Exordium","TheCity","TheBeyond"],"potions_floor_usage":[22,30,30],"damage_taken":[{"damage":8.0,"enemies":"Jaw Worm","floor":1.0,"turns":6.0},{"damage":2.0,"enemies":"Small Slimes","floor":4.0,"turns":4.0},{"damage":2.0,"enemies":"Cultist","floor":5.0,"turns":4.0},{"damage":0,"enemies":"Large Slime","floor":11,"turns":8},{"damage":0,"enemies":"Lagavulin","floor":12,"turns":9},{"damage":0,"enemies":"3 Louse","floor":13,"turns":4},{"damage":0,"enemies":"Blue Slaver","floor":14,"turns":5},{"damage":3,"enemies":"The Guardian","floor":16,"turns":20},{"damage":0,"enemies":"2 Thieves","floor":18,"turns":5},{"damage":0,"enemies":"Chosen","floor":22,"turns":7},{"damage":0,"enemies":"Snecko","floor":28,"turns":9},{"damage":38,"enemies":"Slavers","floor":30,"turns":14},{"damage":0,"enemies":"Snake Plant","floor":31,"turns":6},{"damage":0,"enemies":"conspire:MysteriousRune","floor":33,"turns":26},{"damage":2,"enemies":"Orb Walker","floor":35,"turns":6},{"damage":0,"enemies":"3 Darklings","floor":38,"turns":10},{"damage":1,"enemies":"Giant Head","floor":41,"turns":8},{"damage":0,"enemies":"Maw","floor":47,"turns":7},{"damage":0,"enemies":"Writhing Mass","floor":48,"turns":8},{"damage":0,"enemies":"conspire:OrnateMirror","floor":50,"turns":10},{"damage":0,"enemies":"hubris:GrandSnecko","floor":51,"turns":12}],"seed_played":"1547606506968931965","potions_obtained":[{"floor":5.0,"key":"Regen Potion"},{"floor":11,"key":"theDuelist:VampireVial"},{"floor":22,"key":"theDuelist:VoidBottle"},{"floor":31,"key":"theDuelist:StunPotion"},{"floor":33,"key":"theDuelist:DebuffArmorPotion"}],"is_trial":false,"path_per_floor":["M","?","$","M","M","R","?","R","T","R","M","E","M","M","R","B",null,"M","?","$","?","M","R","?","R","T","R","M","R","E","M","R","B",null,"M","?","AVR","M","?","R","E","R","T","?","T","R","M","M","R","B","B",null],"character_chosen":"THE_DUELIST","items_purchased":[],"campfire_rested":1,"item_purchase_floors":[],"current_hp_per_floor":[55,55,55,53,51,51,51,51,51,51,51,51,51,51,51,48,65,65,48,48,48,48,48,51,51,51,51,54,54,34,34,57,57,74,79,79,79,79,79,79,79,79,79,79,79,79,79,79,79,79,79],"gold":457,"neow_bonus":"NOSTALGIA","is_daily":false,"chose_seed":false,"campfire_upgraded":12,"win_rate":0.0,"timestamp":1611625450,"path_taken":["M","?","$","M","M","R","?","R","T","R","?","E","M","M","R","BOSS","M","?","$","?","M","R","?","R","T","R","M","R","E","M","R","BOSS","M","?","AVR","M","?","R","E","R","T","?","?","R","?","M","R","BOSS","BOSS"],"items_purchased_type":[],"build_version":"2020-12-22","purchased_purges":3,"victory":true,"max_hp_per_floor":[70,70,70,70,70,70,70,70,70,70,70,70,70,70,70,70,70,70,70,70,70,70,70,73,73,73,73,76,76,79,79,79,79,79,79,79,79,79,79,79,79,79,79,79,79,79,79,79,79,79,79],"relic_stats":{"counters":[21,188],"Question Card":44,"obtain_stats":[{"theDuelist:MillenniumArmor":45,"aspiration:Nostalgia":0,"thethorton:BottledFunds":17,"halation:BottledLove":37,"hubris:SlimyHat":41,"theDuelist:MillenniumPuzzle":0,"theDuelist:CardPoolSaveRelic":0,"hubris:Towel":36,"Question Card":12,"theDuelist:ChallengePuzzle":0,"theDuelist:BoosterPackPoolRelic":0,"theDuelist:CardPoolMinusRelic":0,"hubris:Backtick":34,"hubris:Icosahedron":39,"theDuelist:CardPoolBasicRelic":0,"halation:EternalFortune":24,"theDuelist:CardPoolAddRelic":0,"theDuelist:CardPoolOptionsRelic":0,"Bottled Lightning":26,"beaked:MendingPlumage":34,"halation:PinkSoulGem":2,"theDuelist:BoosterPackMonsterEgg":30,"FossilizedHelix":9,"theDuelist:CardPoolRelic":0},{"theDuelist:MillenniumArmor":17,"aspiration:Nostalgia":0,"thethorton:BottledFunds":8,"halation:BottledLove":15,"hubris:SlimyHat":17,"theDuelist:MillenniumPuzzle":0,"theDuelist:CardPoolSaveRelic":0,"hubris:Towel":15,"Question Card":5,"theDuelist:ChallengePuzzle":0,"theDuelist:BoosterPackPoolRelic":0,"theDuelist:CardPoolMinusRelic":0,"hubris:Backtick":14,"hubris:Icosahedron":16,"theDuelist:CardPoolBasicRelic":0,"halation:EternalFortune":10,"theDuelist:CardPoolAddRelic":0,"theDuelist:CardPoolOptionsRelic":0,"Bottled Lightning":10,"beaked:MendingPlumage":14,"halation:PinkSoulGem":1,"theDuelist:BoosterPackMonsterEgg":12,"FossilizedHelix":3,"theDuelist:CardPoolRelic":0},{"theDuelist:MillenniumArmor":151,"aspiration:Nostalgia":0,"thethorton:BottledFunds":60,"halation:BottledLove":133,"hubris:SlimyHat":151,"theDuelist:MillenniumPuzzle":0,"theDuelist:CardPoolSaveRelic":0,"hubris:Towel":133,"Question Card":31,"theDuelist:ChallengePuzzle":0,"theDuelist:BoosterPackPoolRelic":0,"theDuelist:CardPoolMinusRelic":0,"hubris:Backtick":127,"hubris:Icosahedron":143,"theDuelist:CardPoolBasicRelic":0,"halation:EternalFortune":72,"theDuelist:CardPoolAddRelic":0,"theDuelist:CardPoolOptionsRelic":0,"Bottled Lightning":72,"beaked:MendingPlumage":127,"halation:PinkSoulGem":6,"theDuelist:BoosterPackMonsterEgg":95,"FossilizedHelix":14,"theDuelist:CardPoolRelic":0}]},"card_choices":[{"not_picked":["theDuelist:MeteorDestruction","theDuelist:PowerKaishin","theDuelist:DarkBurningAttack","theDuelist:UnderworldCannon"],"picked":"theDuelist:CombinationAttack","floor":1.0},{"not_picked":["theDuelist:DoubleTool","theDuelist:Tuningware","theDuelist:PowerKaishin","theDuelist:CombinationAttack"],"picked":"theDuelist:SpiritHarp","floor":4.0},{"not_picked":["theDuelist:Hinotama","theDuelist:Reinforcements","theDuelist:WormApocalypse","theDuelist:SparkBlaster"],"picked":"theDuelist:WhiteNinja","floor":5.0},{"not_picked":["theDuelist:SpellShatteringArrow","theDuelist:RainbowNeos","theDuelist:Downbeat","theDuelist:CrystalRaigeki"],"picked":"theDuelist:Eva","floor":11},{"not_picked":["theDuelist:YamiForm","theDuelist:SevenCompleted","theDuelist:ForbiddenLance","theDuelist:AmuletAmbition"],"picked":"theDuelist:SwordsConcealing","floor":12},{"not_picked":["theDuelist:MeteorDestruction","theDuelist:SpiritHarp","theDuelist:WormApocalypse","theDuelist:LegendHeart"],"picked":"theDuelist:WhiteMagicalHat","floor":13},{"not_picked":["theDuelist:ScrapFactory","theDuelist:MagnumShield","theDuelist:EgoBoost","theDuelist:Tuningware","theDuelist:DeltaAttacker"],"picked":"SKIP","floor":14},{"not_picked":["theDuelist:RainbowNeos","theDuelist:KamionTimelord","theDuelist:Eva","theDuelist:RainbowKuriboh"],"picked":"theDuelist:HappyLover","floor":16},{"not_picked":["theDuelist:CoreBlaster+1","theDuelist:SpiritHarp","theDuelist:WormApocalypse","theDuelist:ScrapFactory","theDuelist:BreakDraw"],"picked":"SKIP","floor":18},{"not_picked":["infinitespire:Menacing","hubris:Rewind"],"picked":"infinitespire:NeuralNetwork","floor":19},{"not_picked":["theDuelist:BigFire","theDuelist:PowerKaishin","theDuelist:MythicalBeast","theDuelist:WhiteNinja","theDuelist:LegendHeart"],"picked":"SKIP","floor":22},{"not_picked":["theDuelist:BigFire+1","theDuelist:AfterTheStorm","theDuelist:Tuningware","theDuelist:EgoBoost+1","theDuelist:CrossAttack"],"picked":"SKIP","floor":28},{"not_picked":["theDuelist:BigFire+1","theDuelist:AfterTheStorm","theDuelist:Tuningware","theDuelist:EgoBoost+1","theDuelist:CrossAttack"],"picked":"SKIP","floor":28},{"not_picked":["theDuelist:Hinotama","theDuelist:FairyBox+1","theDuelist:Tuningware","theDuelist:AfterTheStorm","theDuelist:ScrapFactory+1"],"picked":"SKIP","floor":30},{"not_picked":["theDuelist:CombinationAttack+1","theDuelist:MagnumShield","theDuelist:SpellShatteringArrow","theDuelist:SpiralSpearStrike"],"picked":"theDuelist:Eva+1","floor":31},{"not_picked":["theDuelist:YamiForm","theDuelist:PineappleBlast","theDuelist:FeatherShot+1","theDuelist:KamionTimelord+1"],"picked":"theDuelist:AmuletAmbition","floor":33},{"not_picked":["theDuelist:KamionTimelord+1","theDuelist:Eva+1","theDuelist:RainbowKuriboh+1","theDuelist:RainbowOverdragon+1"],"picked":"theDuelist:HappyLover+1","floor":35},{"not_picked":["theDuelist:Wildfire+3","theDuelist:MeteorDestruction+1","theDuelist:LegendarySword+2","theDuelist:ChaosSeed+1"],"picked":"theDuelist:Wiretap+1","floor":38},{"not_picked":["theDuelist:DoubleTool","theDuelist:CoreBlaster","theDuelist:AfterTheStorm","theDuelist:CharcoalInpachi+1"],"picked":"theDuelist:ScrapFactory+1","floor":41},{"not_picked":["theDuelist:WhiteMagicalHat+1","theDuelist:SangaEarth+1","theDuelist:FrontierWiseman+1","theDuelist:KamionTimelord+1"],"picked":"theDuelist:Eva+1","floor":47},{"not_picked":["theDuelist:WhiteHowling","theDuelist:Electrowhip+1","theDuelist:ElectromagneticShield","theDuelist:MiraculousDescent+1"],"picked":"SKIP","floor":48}],"player_experience":2254101,"relics_obtained":[{"floor":9,"key":"FossilizedHelix"},{"floor":12,"key":"Question Card"},{"floor":26,"key":"Bottled Lightning"},{"floor":28,"key":"halation:EternalFortune"},{"floor":30,"key":"halation:EternalFortune"},{"floor":30,"key":"theDuelist:BoosterPackMonsterEgg"},{"floor":41,"key":"hubris:SlimyHat"},{"floor":45,"key":"theDuelist:MillenniumArmor"}],"event_choices":[{"damage_healed":0,"gold_gain":0,"player_choice":"Leave","duelist":true,"damage_taken":0,"max_hp_gain":0,"max_hp_loss":0,"event_name":"Battle City","floor":7,"gold_loss":0},{"damage_healed":0,"gold_gain":0,"player_choice":"Leave","duelist":true,"damage_taken":0,"max_hp_gain":0,"max_hp_loss":0,"event_name":"Tomb of the Nameless","floor":21,"gold_loss":0}],"is_beta":false,"boss_relics":[{"not_picked":["aspiration:RitualDagger","hubris:ScarierMask"],"picked":"thethorton:BottledFunds"},{"not_picked":["Coffee Dripper","Black Star"],"picked":"hubris:Backtick"}],"items_purged_floors":[3,20,37],"is_endless":false,"potions_floor_spawned":[5,11,14,16,22,28,31,33,41,47],"ascension_level":20}}