{"host":"k7udt7atmcuzf6l0","time":1611650271,"event":{"mods":["AchievementEnabler","BaseMod","Colored Map","Colored Powertips","Highlight Path","Minty Spire (QoL Compilation)","Quick Restart","Rare Cards Sparkle","StSLib","UnlockEverythingMod"],"gold_per_floor":[115,41,141,157,69,69,69,69,119,146,164,184,184,196,196,301,301,301,76,76,76,76,76,76,76,76,76,76,76,76,76,76,76,76,76,28,28,28,28,28,28,28,28,28,28,28,28,28,28,28],"floor_reached":51,"language":"ZHS","playtime":1510,"items_purged":[],"score":836,"play_id":"fce7b9f7-45af-4340-b0f8-63d97961f3f3","local_time":"20210126163751","is_ascension_mode":false,"campfire_choices":[{"data":"Flex","floor":6,"key":"SMITH"},{"data":"Rage","floor":8,"key":"SMITH"},{"data":"Pommel Strike","floor":13,"key":"SMITH"},{"data":"Body Slam","floor":15,"key":"SMITH"},{"data":"Exhume","floor":23,"key":"SMITH"},{"data":"Madness","floor":30,"key":"SMITH"},{"data":"Warcry","floor":32,"key":"SMITH"},{"data":"Double Tap","floor":40,"key":"SMITH"},{"data":"Dual Wield","floor":49,"key":"SMITH"}],"circlet_count":0,"master_deck":["Strike_R","Strike_R","Strike_R","Strike_R","Strike_R","Defend_R","Defend_R","Defend_R","Defend_R","Bash","Rage+1","Inflame+1","Pommel Strike+1","Flex+1","Whirlwind","Clash","Warcry+1","Sword Boomerang","Body Slam+1","Exhume+1","Madness+1","Clash","Headbutt","Infernal Blade+1","Spot Weakness","Twin Strike+1","Double Tap+1","Thunderclap+1","Dark Shackles","Warcry+1","Dropkick","Dual Wield+1","Shockwave+1","Battle Trance","Armaments+1"],"relics":["Burning Blood","NeowsBlessing","Orichalcum","Bottled Tornado","Ectoplasm","Chemical X","Bag of Marbles","Happy Flower","Coffee Dripper","Meat on the Bone","Omamori","Shuriken","Smiling Mask","Lantern"],"acts_visited":["Exordium","TheCity","TheBeyond"],"potions_floor_usage":[16,16,24,24,28,33,33,38,38,45,50],"damage_taken":[{"damage":0,"enemies":"Jaw Worm","floor":1,"turns":1},{"damage":0,"enemies":"Cultist","floor":4,"turns":1},{"damage":0,"enemies":"Gremlin Nob","floor":10,"turns":1},{"damage":2,"enemies":"2 Louse","floor":11,"turns":2},{"damage":7,"enemies":"Blue Slaver","floor":12,"turns":2},{"damage":10,"enemies":"Red Slaver","floor":14,"turns":3},{"damage":31,"enemies":"Hexaghost","floor":16,"turns":8},{"damage":2,"enemies":"3 Byrds","floor":18,"turns":4},{"damage":4,"enemies":"Chosen","floor":21,"turns":2},{"damage":6,"enemies":"Snake Plant","floor":22,"turns":2},{"damage":0,"enemies":"Slavers","floor":24,"turns":4},{"damage":0,"enemies":"Snecko","floor":27,"turns":2},{"damage":0,"enemies":"Shelled Parasite and Fungi","floor":28,"turns":1},{"damage":5,"enemies":"Chosen and Byrds","floor":29,"turns":3},{"damage":0,"enemies":"3 Cultists","floor":31,"turns":2},{"damage":56,"enemies":"Collector","floor":33,"turns":6},{"damage":8,"enemies":"Orb Walker","floor":35,"turns":3},{"damage":10,"enemies":"3 Darklings","floor":38,"turns":3},{"damage":7,"enemies":"Giant Head","floor":41,"turns":5},{"damage":23,"enemies":"Jaw Worm Horde","floor":42,"turns":4},{"damage":22,"enemies":"Spire Growth","floor":44,"turns":3},{"damage":40,"enemies":"Reptomancer","floor":45,"turns":5},{"damage":0,"enemies":"Sphere and 2 Shapes","floor":46,"turns":3},{"damage":42,"enemies":"Nemesis","floor":47,"turns":7},{"damage":16,"enemies":"Writhing Mass","floor":48,"turns":4},{"damage":24,"enemies":"Donu and Deca","floor":50,"turns":5}],"seed_played":"-5972952471809162021","potions_obtained":[{"floor":1,"key":"LiquidMemories"},{"floor":10,"key":"SpeedPotion"},{"floor":11,"key":"Weak Potion"},{"floor":16,"key":"HeartOfIron"},{"floor":22,"key":"Swift Potion"},{"floor":27,"key":"ColorlessPotion"},{"floor":28,"key":"FearPotion"},{"floor":31,"key":"Weak Potion"},{"floor":35,"key":"PowerPotion"},{"floor":42,"key":"SteroidPotion"},{"floor":47,"key":"SkillPotion"},{"floor":48,"key":"Fire Potion"}],"is_trial":false,"path_per_floor":["M","$","?","M","$","R","?","R","T","E","M","M","R","M","R","B",null,"M","$","?","M","M","R","E","?","T","M","M","M","R","M","R","B",null,"M","$","?","M","?","R","E","M","T","M","E","M","E","M","R","B",null],"character_chosen":"IRONCLAD","items_purchased":["Inflame","Flex","Whirlwind","Chemical X","Madness","Block Potion"],"campfire_rested":0,"item_purchase_floors":[2,5,5,19,19,36],"current_hp_per_floor":[80,80,80,80,80,80,80,80,80,80,80,79,79,75,75,50,80,80,80,65,67,67,67,73,73,73,79,85,85,85,85,85,35,85,83,83,83,79,79,79,78,61,61,57,35,53,29,31,31,25],"gold":28,"neow_bonus":"THREE_ENEMY_KILL","is_daily":false,"chose_seed":false,"campfire_upgraded":9,"win_rate":0.0,"timestamp":1611650271,"path_taken":["M","$","?","?","$","R","?","R","T","E","M","M","R","?","R","BOSS","M","$","?","M","M","R","E","?","T","M","M","M","R","M","R","BOSS","M","$","?","M","?","R","E","?","T","M","E","M","E","M","R","BOSS"],"items_purchased_type":["Card","Card","Card","Relic","Card","Potion"],"build_version":"2020-12-22","purchased_purges":0,"victory":true,"max_hp_per_floor":[80,80,80,80,80,80,80,80,80,80,80,80,80,80,80,80,80,80,80,85,85,85,85,85,85,85,85,85,85,85,85,85,85,85,85,85,85,85,85,85,85,85,85,85,85,85,85,85,85,85],"card_choices":[{"not_picked":["Entrench","Warcry"],"picked":"Rage","floor":1},{"not_picked":["Evolve","Heavy Blade"],"picked":"Pommel Strike","floor":4},{"not_picked":["Cleave","Warcry"],"picked":"Clash","floor":10},{"not_picked":["Sever Soul","Anger"],"picked":"Warcry","floor":11},{"not_picked":["Havoc","Twin Strike"],"picked":"Sword Boomerang","floor":12},{"not_picked":["Clothesline","Pommel Strike"],"picked":"Body Slam","floor":14},{"not_picked":["Demon Form","Impervious"],"picked":"Exhume","floor":16},{"not_picked":["Heavy Blade","Clothesline","Pommel Strike"],"picked":"SKIP","floor":18},{"not_picked":["Reckless Charge","Havoc"],"picked":"Clash","floor":21},{"not_picked":["Shrug It Off+1","Hemokinesis"],"picked":"Headbutt","floor":22},{"not_picked":["Feel No Pain+1","Heavy Blade","True Grit"],"picked":"SKIP","floor":24},{"not_picked":["Dark Embrace","Headbutt","Sword Boomerang"],"picked":"SKIP","floor":27},{"not_picked":["Combust","Havoc"],"picked":"Infernal Blade+1","floor":28},{"not_picked":["Metallicize","Headbutt"],"picked":"Spot Weakness","floor":29},{"not_picked":["Clothesline","Wild Strike+1"],"picked":"Twin Strike+1","floor":31},{"not_picked":["Fiend Fire","Immolate"],"picked":"Double Tap","floor":33},{"not_picked":["Perfected Strike","Iron Wave"],"picked":"Thunderclap+1","floor":35},{"not_picked":["Metamorphosis","Sadistic Nature"],"picked":"Dark Shackles","floor":37},{"not_picked":["Thunderclap+1","Cleave"],"picked":"Warcry+1","floor":38},{"not_picked":["Infernal Blade","Anger"],"picked":"Dropkick","floor":41},{"not_picked":["Carnage+1","Perfected Strike+1","Headbutt"],"picked":"SKIP","floor":42},{"not_picked":["Metallicize","Uppercut","Wild Strike"],"picked":"SKIP","floor":44},{"not_picked":["Uppercut+1","Impervious"],"picked":"Dual Wield","floor":45},{"not_picked":["Entrench","Sword Boomerang+1"],"picked":"Shockwave+1","floor":46},{"not_picked":["Second Wind","Dark Embrace+1"],"picked":"Battle Trance","floor":47},{"not_picked":["Bloodletting+1","Reckless Charge"],"picked":"Armaments+1","floor":48}],"player_experience":5266,"relics_obtained":[{"floor":9,"key":"Orichalcum"},{"floor":10,"key":"Bottled Tornado"},{"floor":24,"key":"Bag of Marbles"},{"floor":26,"key":"Happy Flower"},{"floor":41,"key":"Omamori"},{"floor":43,"key":"Shuriken"},{"floor":45,"key":"Smiling Mask"},{"floor":47,"key":"Lantern"}],"event_choices":[{"damage_healed":0,"gold_gain":100,"player_choice":"Gold","damage_taken":0,"max_hp_gain":0,"max_hp_loss":0,"event_name":"Wheel of Change","floor":3,"gold_loss":0},{"damage_healed":0,"gold_gain":0,"player_choice":"Forge","damage_taken":0,"max_hp_gain":0,"max_hp_loss":0,"event_name":"Accursed Blacksmith","floor":7,"gold_loss":0,"cards_upgraded":["Inflame"]},{"damage_healed":0,"gold_gain":0,"player_choice":"Shed Blood","damage_taken":20,"max_hp_gain":5,"max_hp_loss":0,"event_name":"Forgotten Altar","floor":20,"gold_loss":0},{"damage_healed":0,"gold_gain":0,"player_choice":"Ignored","damage_taken":0,"max_hp_gain":0,"max_hp_loss":0,"event_name":"Vampires","floor":25,"gold_loss":0},{"damage_healed":0,"gold_gain":0,"player_choice":"Memory 1","damage_taken":0,"max_hp_gain":0,"max_hp_loss":0,"event_name":"SensoryStone","floor":37,"gold_loss":0},{"damage_healed":0,"gold_gain":0,"player_choice":"Gave Potion","damage_taken":0,"relics_obtained":["Meat on the Bone"],"max_hp_gain":0,"max_hp_loss":0,"event_name":"WeMeetAgain","floor":39,"gold_loss":0}],"is_beta":false,"boss_relics":[{"not_picked":["Tiny House","Empty Cage"],"picked":"Ectoplasm"},{"not_picked":["SacredBark","Runic Cube"],"picked":"Coffee Dripper"}],"items_purged_floors":[],"is_endless":false,"potions_floor_spawned":[1,10,11,16,22,27,28,31,35,42,47,48],"ascension_level":0}}