{"host":"anox4050deqdcqoh","time":1611625107,"event":{"mods":["BaseMod","Colored Map","Highlight Path","Minty Spire (QoL Compilation)","Quick Restart","Rare Cards Sparkle","everything is the same but u backflip on backflip"],"gold_per_floor":[111,125,139,40,40,73,93,93,93,93,114,114,114,114,114,233,233,253,253,272,272,272,272],"floor_reached":22,"language":"ENG","playtime":1710,"items_purged":[],"score":212,"play_id":"47cc971a-ee84-4ac5-bdae-8dde7b0198cb","local_time":"20210125203827","is_ascension_mode":true,"campfire_choices":[{"floor":8.0,"key":"REST"},{"floor":10,"key":"REST"},{"floor":15,"key":"REST"}],"circlet_count":0,"master_deck":["Strike_B","Strike_B","Defend_B","Defend_B","Defend_B","Defend_B","Zap","Dualcast","Reboot","Genetic Algorithm+1","Darkness","Skim","Injury","Glacier","Rebound","BootSequence","Amplify","Hologram+1","Reinforced Body","Reinforced Body","Genetic Algorithm+1","RitualDagger"],"relics":["Cracked Core","Golden Idol","Juzu Bracelet","White Beast Statue","Gremlin Horn","Inserter"],"acts_visited":["Exordium","TheCity"],"potions_floor_usage":[],"damage_taken":[{"damage":1.0,"enemies":"Cultist","floor":1.0,"turns":3.0},{"damage":6.0,"enemies":"2 Louse","floor":2.0,"turns":3.0},{"damage":5.0,"enemies":"Jaw Worm","floor":3.0,"turns":4.0},{"damage":47.0,"enemies":"3 Sentries","floor":6.0,"turns":9.0},{"damage":9.0,"enemies":"Large Slime","floor":7.0,"turns":9.0},{"damage":6,"enemies":"2 Fungi Beasts","floor":11,"turns":5},{"damage":64,"enemies":"Hexaghost","floor":16,"turns":14},{"damage":13,"enemies":"Chosen","floor":18,"turns":8},{"damage":18,"enemies":"Spheric Guardian","floor":20,"turns":10},{"damage":22,"enemies":"Centurion and Healer","floor":22,"turns":3}],"seed_played":"-4764242211136634829","potions_obtained":[{"floor":1.0,"key":"SneckoOil"},{"floor":11,"key":"Ancient Potion"},{"floor":13,"key":"CultistPotion"},{"floor":13,"key":"Fire Potion"}],"is_trial":false,"path_per_floor":["M","M","M","$","?","E","M","R","T","R","M","?","?","T","R","B",null,"M","?","M","?","M"],"character_chosen":"DEFECT","items_purchased":["Fruit Juice"],"campfire_rested":3,"item_purchase_floors":[4],"current_hp_per_floor":[74,68,63,68,68,21,12,36,36,60,54,54,54,54,78,14,80,67,67,49,43,21,21],"gold":272,"neow_bonus":"ONE_RANDOM_RARE_CARD","is_daily":false,"chose_seed":false,"campfire_upgraded":0,"win_rate":0.0,"timestamp":1611625107,"path_taken":["M","M","M","$","?","E","M","R","T","R","M","?","?","?","R","BOSS","M","?","M","?","M"],"items_purchased_type":["Potion"],"build_version":"2020-12-22","purchased_purges":0,"victory":false,"max_hp_per_floor":[75,75,75,80,80,80,80,80,80,80,80,80,80,80,80,80,80,80,80,80,80,80,80],"card_choices":[{"not_picked":["Blizzard","Steam Power"],"picked":"Genetic Algorithm","floor":1.0},{"not_picked":["Hologram","Recycle"],"picked":"Darkness","floor":2.0},{"not_picked":["Go for the Eyes","Rebound"],"picked":"Skim","floor":3.0},{"not_picked":["White Noise","Go for the Eyes"],"picked":"Glacier","floor":6.0},{"not_picked":["Loop","Chill"],"picked":"Rebound","floor":7.0},{"not_picked":["Compile Driver","Redo"],"picked":"BootSequence","floor":11},{"not_picked":["Rainbow","Meteor Strike"],"picked":"Amplify","floor":16},{"not_picked":["Coolheaded","Doom and Gloom"],"picked":"Hologram+1","floor":18},{"not_picked":["Beam Cell+1","Blizzard"],"picked":"Genetic Algorithm+1","floor":20}],"player_experience":396900,"relics_obtained":[{"floor":6.0,"key":"Juzu Bracelet"},{"floor":9.0,"key":"White Beast Statue"},{"floor":14,"key":"Gremlin Horn"}],"event_choices":[{"damage_healed":0.0,"max_hp_gain":0.0,"max_hp_loss":0.0,"gold_gain":0.0,"event_name":"Golden Idol","player_choice":"Take Wound","floor":5.0,"gold_loss":0.0,"damage_taken":0.0,"relics_obtained":["Golden Idol"],"cards_obtained":["Injury"]},{"damage_healed":0,"gold_gain":0,"player_choice":"Forge","damage_taken":0,"max_hp_gain":0,"max_hp_loss":0,"event_name":"Accursed Blacksmith","floor":12,"gold_loss":0,"cards_upgraded":["Genetic Algorithm"]},{"damage_healed":0,"gold_gain":0,"player_choice":"Got Potions","damage_taken":0,"max_hp_gain":0,"max_hp_loss":0,"event_name":"Lab","floor":13,"gold_loss":0},{"damage_healed":0,"gold_gain":0,"cards_transformed":["Strike_B","Strike_B"],"player_choice":"Became Test Subject","damage_taken":0,"max_hp_gain":0,"max_hp_loss":0,"event_name":"Drug Dealer","floor":19,"gold_loss":0,"cards_obtained":["Reinforced Body","Reinforced Body"]},{"damage_healed":0,"gold_gain":0,"player_choice":"Joined the Cult","damage_taken":6,"max_hp_gain":0,"max_hp_loss":0,"event_name":"Nest","floor":21,"gold_loss":0,"cards_obtained":["RitualDagger"]}],"is_beta":false,"boss_relics":[{"not_picked":["Velvet Choker","Pandora\u0027s Box"],"picked":"Inserter"}],"items_purged_floors":[],"is_endless":false,"potions_floor_spawned":[1,11,16,18,20],"killed_by":"Centurion and Healer","ascension_level":3}}