{"host":"iphsb0ccnjx0pfn6","time":1611644886,"event":{"mods":["2.2 Compatiblity","AchievementEnabler","BaseMod","Colored Map","DeckTracker","Keyboard Shortcuts","Minty Spire (QoL Compilation)","Permanent Neow","Quick Restart","Relic Stats","StSLib","SuperFastMode","Uncapped","everything is the same but u backflip on backflip"],"gold_per_floor":[118,136,136,136,149,175,191,191,242,259,271,25,37,66,66,137,137,137,137],"floor_reached":18,"language":"KOR","playtime":633,"items_purged":["Strike_G"],"score":348,"play_id":"acf64e88-604f-431d-9bd6-c0df64d0ebbb","local_time":"20210126160806","is_ascension_mode":true,"campfire_choices":[{"data":"Bullet Time","floor":8.0,"key":"SMITH"},{"data":"Choke","floor":15.0,"key":"SMITH"}],"circlet_count":0,"master_deck":["AscendersBane","Strike_G","Strike_G","Strike_G","Defend_G","Defend_G","Defend_G","Defend_G","Survivor","Neutralize","Predator+1","Bullet Time+1","Acrobatics","Underhanded Strike+1","Flechettes","Wraith Form v2","Predator","After Image","Predator","Choke+1","Night Terror"],"relics":["Ring of the Snake","Akabeko","TungstenRod","The Specimen","Whetstone","Lee\u0027s Waffle","Kunai","SlaversCollar"],"acts_visited":["Exordium","TheCity"],"potions_floor_usage":[],"damage_taken":[{"damage":0.0,"enemies":"2 Louse","floor":1.0,"turns":3.0},{"damage":0.0,"enemies":"Jaw Worm","floor":2.0,"turns":5.0},{"damage":0.0,"enemies":"Cultist","floor":5.0,"turns":2.0},{"damage":39.0,"enemies":"Lagavulin","floor":6.0,"turns":7.0},{"damage":0.0,"enemies":"Red Slaver","floor":7.0,"turns":3.0},{"damage":0.0,"enemies":"3 Louse","floor":10.0,"turns":3.0},{"damage":1.0,"enemies":"Exordium Thugs","floor":11.0,"turns":4.0},{"damage":4.0,"enemies":"Lots of Slimes","floor":13.0,"turns":5.0},{"damage":1.0,"enemies":"3 Sentries","floor":14.0,"turns":6.0},{"damage":32,"enemies":"Hexaghost","floor":16,"turns":8},{"damage":30,"enemies":"Spheric Guardian","floor":18,"turns":8}],"seed_played":"8973014657177684112","potions_obtained":[{"floor":1.0,"key":"Regen Potion"},{"floor":6.0,"key":"Ancient Potion"},{"floor":7.0,"key":"GhostInAJar"},{"floor":13.0,"key":"Regen Potion"},{"floor":14.0,"key":"EntropicBrew"}],"is_trial":false,"path_per_floor":["M","M","?","T","M","E","M","R","T","M","M","$","M","E","R","B",null,"M"],"character_chosen":"THE_SILENT","items_purchased":["Lee\u0027s Waffle"],"campfire_rested":0,"item_purchase_floors":[12],"current_hp_per_floor":[44,44,26,26,26,2,2,2,2,2,1,73,69,68,68,36,64,34,34],"gold":137,"neow_bonus":"TRANSFORM_TWO_CARDS","is_daily":false,"chose_seed":false,"campfire_upgraded":2,"win_rate":0.0,"timestamp":1611644886,"path_taken":["M","M","?","?","?","E","M","R","T","M","M","?","M","E","R","BOSS","M"],"items_purchased_type":["Relic"],"build_version":"2020-12-22","purchased_purges":1,"victory":false,"max_hp_per_floor":[66,66,66,66,66,66,66,66,66,66,66,73,73,73,73,73,73,73,73],"relic_stats":{"Lee\u0027s Waffle":72,"counters":[11,54],"Whetstone":["Underhanded Strike","Predator"],"Kunai":[3],"obtain_stats":[{"SlaversCollar":17,"Lee\u0027s Waffle":12,"The Specimen":6,"Whetstone":9,"Kunai":14,"Akabeko":3,"TungstenRod":4,"Ring of the Snake":0},{"SlaversCollar":10,"Lee\u0027s Waffle":7,"The Specimen":4,"Whetstone":5,"Kunai":9,"Akabeko":2,"TungstenRod":2,"Ring of the Snake":0},{"SlaversCollar":46,"Lee\u0027s Waffle":27,"The Specimen":17,"Whetstone":20,"Kunai":38,"Akabeko":8,"TungstenRod":8,"Ring of the Snake":0}],"TungstenRod":19,"Ring of the Snake":[22]},"card_choices":[{"not_picked":["Distraction","Bane"],"picked":"Acrobatics","floor":1.0},{"not_picked":["Dagger Throw","Backflip"],"picked":"Underhanded Strike","floor":2.0},{"not_picked":["Backflip","Blade Dance"],"picked":"Flechettes","floor":5.0},{"not_picked":["Cloak And Dagger","Bane","Deflect"],"picked":"SKIP","floor":6.0},{"not_picked":["Backflip","Footwork"],"picked":"Wraith Form v2","floor":7.0},{"not_picked":["Backstab","Quick Slash"],"picked":"Predator","floor":10.0},{"not_picked":["Dagger Spray","Acrobatics"],"picked":"After Image","floor":11.0},{"not_picked":["Backflip","Outmaneuver"],"picked":"Predator","floor":13.0},{"not_picked":["Tools of the Trade","Burst"],"picked":"Choke","floor":14.0},{"not_picked":["Glass Knife","Burst"],"picked":"Night Terror","floor":16}],"player_experience":1281658,"relics_obtained":[{"floor":4.0,"key":"TungstenRod"},{"floor":6.0,"key":"The Specimen"},{"floor":9.0,"key":"Whetstone"},{"floor":14.0,"key":"Kunai"}],"event_choices":[{"damage_healed":0.0,"max_hp_gain":0.0,"max_hp_loss":0.0,"gold_gain":0.0,"event_name":"Scrap Ooze","player_choice":"Success","floor":3.0,"gold_loss":0.0,"damage_taken":18.0,"relics_obtained":["Akabeko"]}],"is_beta":false,"boss_relics":[{"not_picked":["Busted Crown","Tiny House"],"picked":"SlaversCollar"}],"items_purged_floors":[12],"is_endless":false,"potions_floor_spawned":[1,6,7,13,14,16],"killed_by":"Spheric Guardian","ascension_level":20}}