{"host":"ojezjkpqju62j8xy","time":1611634963,"event":{"mods":["ATMod(°¢èªMod)","Act Like it!","Aspiration","BaseMod","Conspire","Minty Spire (QoL Compilation)","Pale of the Ancients","Replay The Spire","Spicy Shops","StSLib","[GremlinLeader]The Maniac","¡¾ÒÅÎï¿¨ÅÆ¡¿REMEMod"],"gold_per_floor":[116,135,52,52,52,87,87,121,148,162,180,180,180],"floor_reached":12,"language":"ZHS","playtime":408,"items_purged":[],"score":161,"play_id":"62c26a53-eb7f-40ce-8877-6c2ddc1fb27a","local_time":"20210126122243","is_ascension_mode":true,"campfire_choices":[{"floor":7,"key":"REST"}],"circlet_count":0,"master_deck":["AscendersBane","Strike_B","Strike_B","Strike_B","Strike_B","Defend_B","Defend_B","Defend_B","Defend_B","Zap","Dualcast","AT_PowerWithin","After Image","Aggregate","Defragment+1","Injury","AT_RobotInSpace","Conserve Battery","Rip and Tear+1","Biased Cognition","Leap","Sunder+1","Conserve Battery","Beam Cell+1","Darkness","Rebound+1"],"relics":["Cracked Core","AT_ATBox","REME_ComplimentaryCards","REME_IWantAll","Molten Egg 2","aspiration:FrozenJewel","Mummified Hand","Akabeko"],"acts_visited":["Exordium"],"potions_floor_usage":[6,8,11],"damage_taken":[{"damage":0,"enemies":"Cultist","floor":1,"turns":3},{"damage":16,"enemies":"Jaw Worm","floor":2,"turns":2},{"damage":49,"enemies":"Replay:BlueRogue","floor":6,"turns":5},{"damage":24,"enemies":"Lagavulin","floor":8,"turns":5},{"damage":0,"enemies":"Small Slimes","floor":10,"turns":2},{"damage":1,"enemies":"conspire:2 RoseBushes","floor":11,"turns":3},{"damage":19,"enemies":"Gremlin Nob","floor":12,"turns":3}],"seed_played":"-7059408724152735833","potions_obtained":[{"floor":1,"key":"Ancient Potion"},{"floor":6,"key":"Swift Potion"},{"floor":8,"key":"AttackPotion"}],"is_trial":false,"path_per_floor":["M","M","$","?","?","E","R","E","T","M","M","E"],"character_chosen":"DEFECT","items_purchased":["REME_IWantAll"],"campfire_rested":1,"item_purchase_floors":[3],"current_hp_per_floor":[75,59,59,59,59,13,38,14,14,17,19,0,0],"gold":180,"neow_bonus":"TEN_PERCENT_HP_BONUS","is_daily":false,"chose_seed":false,"campfire_upgraded":0,"win_rate":0.0,"timestamp":1611634963,"path_taken":["M","M","?","?","?","E","R","E","T","?","M","E"],"items_purchased_type":["Relic"],"build_version":"2020-12-22","purchased_purges":0,"victory":false,"max_hp_per_floor":[82,82,82,82,82,85,85,85,85,88,91,91,91],"card_choices":[{"not_picked":["Stack","FIFO Queue"],"picked":"Aggregate","floor":1},{"not_picked":["Leap","conspire:Rain"],"picked":"Defragment","floor":2},{"not_picked":["AT_RobotInSpace","Conserve Battery","Rip and Tear+1"],"picked":"Singing Bowl","floor":6},{"not_picked":["Rebound+1","Aggregate"],"picked":"Biased Cognition","floor":8},{"not_picked":["Leap","Sunder+1","Conserve Battery"],"picked":"Singing Bowl","floor":10},{"not_picked":["Beam Cell+1","Darkness","Rebound+1"],"picked":"Singing Bowl","floor":11}],"player_experience":1376498,"relics_obtained":[{"floor":6,"key":"aspiration:FrozenJewel"},{"floor":8,"key":"Mummified Hand"},{"floor":9,"key":"Akabeko"}],"event_choices":[{"damage_healed":0,"gold_gain":0,"player_choice":"Upgraded","damage_taken":0,"max_hp_gain":0,"max_hp_loss":0,"event_name":"Upgrade Shrine","floor":5,"gold_loss":0,"cards_upgraded":["Defragment"]}],"is_beta":false,"boss_relics":[],"items_purged_floors":[],"is_endless":false,"potions_floor_spawned":[1,6,8],"killed_by":"Gremlin Nob","ascension_level":11}}