{"host":"qgvpd00zvzorrg7j","time":1611626804,"event":{"mods":["BaseMod","Colored Map","Minty Spire (QoL Compilation)","Quick Restart","StSLib"],"gold_per_floor":[114,131,206,131,56,56,4,4,81,115,125,156,156,156,156,156,156],"floor_reached":16,"language":"ENG","playtime":457,"items_purged":["Strike_R"],"score":236,"play_id":"de023cca-eed6-4daa-9507-fd6cf2ec8e73","local_time":"20210125210644","is_ascension_mode":true,"campfire_choices":[{"data":"Body Slam","floor":6,"key":"SMITH"},{"data":"Metallicize","floor":8,"key":"SMITH"},{"data":"Feed","floor":13,"key":"SMITH"},{"floor":15,"key":"RECALL"}],"circlet_count":0,"master_deck":["AscendersBane","Strike_R","Strike_R","Strike_R","Defend_R","Defend_R","Defend_R","Defend_R","Bash","Body Slam+1","Metallicize+1","Feed+1"],"relics":["Burning Blood","NeowsBlessing","Bag of Preparation","Frozen Egg 2","Boot","Ornamental Fan"],"acts_visited":["Exordium"],"potions_floor_usage":[12,16,16],"damage_taken":[{"damage":0,"enemies":"2 Louse","floor":1,"turns":2},{"damage":0,"enemies":"Small Slimes","floor":2,"turns":1},{"damage":0,"enemies":"Lagavulin","floor":10,"turns":1},{"damage":0,"enemies":"Cultist","floor":11,"turns":3},{"damage":46,"enemies":"3 Sentries","floor":12,"turns":18},{"damage":59,"enemies":"The Guardian","floor":16,"turns":13}],"seed_played":"7380936021906932702","potions_obtained":[{"floor":10,"key":"Energy Potion"},{"floor":11,"key":"Weak Potion"},{"floor":12,"key":"DistilledChaos"}],"is_trial":false,"path_per_floor":["M","M","?","?","$","R","?","R","T","E","M","E","R","?","R","B"],"character_chosen":"IRONCLAD","items_purchased":[],"campfire_rested":0,"item_purchase_floors":[],"current_hp_per_floor":[74,75,64,64,64,64,64,64,64,70,78,41,41,46,46,0,0],"gold":156,"neow_bonus":"THREE_ENEMY_KILL","is_daily":false,"chose_seed":false,"campfire_upgraded":3,"win_rate":0.0,"timestamp":1611626804,"path_taken":["M","M","?","?","$","R","?","R","T","E","?","E","R","?","R","BOSS"],"items_purchased_type":[],"build_version":"2020-12-22","purchased_purges":1,"victory":false,"max_hp_per_floor":[75,75,75,75,75,75,75,75,75,75,78,81,81,86,86,86,86],"card_choices":[{"not_picked":["Twin Strike","Armaments"],"picked":"Body Slam","floor":1},{"not_picked":["Evolve","Ghostly Armor"],"picked":"Metallicize","floor":2},{"not_picked":["Havoc","Armaments"],"picked":"Feed","floor":10},{"not_picked":["Headbutt","Blood for Blood","Armaments"],"picked":"SKIP","floor":11},{"not_picked":["Rupture+1","Flex","Corruption+1"],"picked":"SKIP","floor":12}],"player_experience":563353,"relics_obtained":[{"floor":9,"key":"Frozen Egg 2"},{"floor":10,"key":"Boot"},{"floor":12,"key":"Ornamental Fan"}],"event_choices":[{"damage_healed":0,"gold_gain":75,"player_choice":"Gather Gold","damage_taken":11,"max_hp_gain":0,"max_hp_loss":0,"event_name":"World of Goop","floor":3,"gold_loss":0},{"cards_removed":["Strike_R"],"damage_healed":0,"gold_gain":0,"player_choice":"Card Removal","damage_taken":0,"max_hp_gain":0,"max_hp_loss":0,"event_name":"The Cleric","floor":4,"gold_loss":75},{"damage_healed":0,"gold_gain":0,"player_choice":"Paid Gold","damage_taken":0,"relics_obtained":["Bag of Preparation"],"max_hp_gain":0,"max_hp_loss":0,"event_name":"WeMeetAgain","floor":7,"gold_loss":52},{"damage_healed":0,"gold_gain":0,"player_choice":"Donut","damage_taken":0,"max_hp_gain":5,"max_hp_loss":0,"event_name":"Big Fish","floor":14,"gold_loss":0}],"is_beta":false,"boss_relics":[],"items_purged_floors":[5],"is_endless":false,"potions_floor_spawned":[10,11,12],"killed_by":"The Guardian","ascension_level":16}}