{"host":"i9o1vf12cf9bzpty","time":1611699178,"event":{"mods":["Act Like it!","Astrologer","BaseMod","Colored Powertips","DeckTracker","Downfall","Gensokyo","Jorbs\u0027s Wanderer Trilogy","Marisa????????","Minty Spire (QoL Compilation)","Robot Space Explorer","Shop Mod","StSLib","The Cursed","The Hierophant","The Marked","The Servant 0.9.4"],"gold_per_floor":[117,121,131,145,160,160,160,160,160,160,36,67,75,75,75],"floor_reached":14,"language":"ENG","playtime":1276,"items_purged":["hierophant:Defend_Hierophant"],"score":109,"play_id":"06606d43-af3c-4513-9b97-6d166ce591ff","local_time":"20210126231258","is_ascension_mode":false,"campfire_choices":[{"data":"hierophant:ChurchCoffers","floor":6,"key":"SMITH"},{"data":"hierophant:EyeForCoin","floor":8,"key":"SMITH"},{"data":"hierophant:SecretStash","floor":10,"key":"SMITH"}],"circlet_count":0,"master_deck":["hierophant:Strike_Hierophant","hierophant:Strike_Hierophant","hierophant:Strike_Hierophant","hierophant:Punish","hierophant:Defend_Hierophant","hierophant:Defend_Hierophant","hierophant:Defend_Hierophant","hierophant:ChurchCoffers+1","hierophant:MorningPrayer","hierophant:EyeForCoin+1","hierophant:Doubloon","hierophant:RepressedViolence","hierophant:Doubloon","hierophant:OrnateBuckler","hierophant:Doubloon","hierophant:SecretStash+1","hierophant:HammerAndAnvil","hierophant:Smite","hierophant:Doubloon+1","hierophant:HolyVerse","hierophant:Doubloon+1"],"relics":["hierophant:PropheticMaskRelic","Shuriken"],"acts_visited":["Exordium"],"potions_floor_usage":[13,14],"damage_taken":[{"damage":1,"enemies":"Jaw Worm","floor":1,"turns":6},{"damage":0,"enemies":"2 Louse","floor":2,"turns":2},{"damage":4,"enemies":"Cultist","floor":3,"turns":5},{"damage":6,"enemies":"Exordium Wildlife","floor":4,"turns":5},{"damage":6,"enemies":"2 Fungi Beasts","floor":5,"turns":5},{"damage":27,"enemies":"Lots of Slimes","floor":12,"turns":6},{"damage":12,"enemies":"Large Slime","floor":13,"turns":5},{"damage":33,"enemies":"Gremlin Nob","floor":14,"turns":3}],"seed_played":"-5790747295359818810","potions_obtained":[{"floor":3,"key":"sneckomod:MuddlingPotion"},{"floor":5,"key":"champ:CounterPotion"},{"floor":12,"key":"BlessingOfTheForge"}],"is_trial":false,"path_per_floor":["M","M","M","M","M","R","?","R","T","R","$","M","M","E"],"character_chosen":"HIEROPHANT","items_purchased":["hierophant:HammerAndAnvil"],"campfire_rested":0,"item_purchase_floors":[11],"current_hp_per_floor":[81,81,77,71,65,65,58,58,58,58,58,31,19,0,0],"gold":75,"neow_bonus":"TEN_PERCENT_HP_BONUS","is_daily":false,"chose_seed":false,"campfire_upgraded":3,"win_rate":0.0,"timestamp":1611699178,"path_taken":["M","M","M","M","M","R","?","R","T","R","$","M","M","E"],"items_purchased_type":["Card"],"build_version":"2020-12-22","purchased_purges":1,"victory":false,"max_hp_per_floor":[82,82,82,82,82,82,82,82,82,82,82,82,82,82,82],"card_choices":[{"not_picked":["hierophant:PassingBell","hierophant:Community"],"picked":"hierophant:MorningPrayer","floor":1},{"not_picked":["hierophant:OrnateBuckler","hierophant:Purify"],"picked":"hierophant:EyeForCoin","floor":2},{"not_picked":["hierophant:ThreeLashes","hierophant:Zeal"],"picked":"hierophant:RepressedViolence","floor":3},{"not_picked":["hierophant:AuricBeam","hierophant:ThreeLashes"],"picked":"hierophant:OrnateBuckler","floor":4},{"not_picked":["hierophant:ThreeLashes","hierophant:MirrorShield"],"picked":"hierophant:SecretStash","floor":5},{"not_picked":["hierophant:Generosity","hierophant:Alms"],"picked":"hierophant:Smite","floor":12},{"not_picked":["hierophant:HammerAndAnvil","hierophant:RustyCrate"],"picked":"hierophant:HolyVerse","floor":13}],"player_experience":289822,"relics_obtained":[{"floor":9,"key":"Shuriken"}],"event_choices":[{"cards_removed":["hierophant:Strike_Hierophant"],"damage_healed":0,"gold_gain":0,"player_choice":"Card Removal","damage_taken":7,"max_hp_gain":0,"max_hp_loss":0,"event_name":"Golden Wing","floor":7,"gold_loss":0}],"is_beta":false,"boss_relics":[],"items_purged_floors":[11],"is_endless":false,"potions_floor_spawned":[3,5,12],"killed_by":"Gremlin Nob","ascension_level":0}}