{"host":"jfbo3eu2ui08ej1u","time":1611638601,"event":{"mods":["2.2 Compatiblity","AchievementEnabler","Act Like it!","Aspiration","BaseMod","Better Altar","Better Match","Better Note","Better Sensory Stone","Better Skull","Better Third Choice","Block Reminder","Colored Map","Colored Powertips","Conspire","DeckTracker","Displayed Cursed Tome","Energized Spire","Fox Events","GifTheSpireLib","Hubris","Infinite Spire","Marked Mod","Minty Spire (QoL Compilation)","Pale of the Ancients","Poor People Problems","Quick Restart","Relic Filter","Reliquary","Reorder Act Four","Replay The Spire","Shop Mod","Spicy Shops","Spire Arcade","StSLib","Stuff the Spire","The Blue Laboratory","The Disciple","The Forsaken","The Hierophant","The Marked","Uncapped","Unceasing Turn Reminder","Wandering Minibosses"],"gold_per_floor":[112,262,273,288,84,84,117,117,142,170,186,186,204,233,233,307,307,319,319,319,35,55,55,83,83,83,118,128,128,60,77,77,151,151,166,58,58,74,99,99,132,150,201,201,220,238,265,276,276,276,276,294,294,294,79,79,92,92,92,92,92,92],"floor_reached":61,"language":"ENG","playtime":2525,"items_purged":["Doubt","Clumsy"],"score":2019,"play_id":"df4c81b8-aba3-4358-8136-ffde0760cc9b","local_time":"20210126002321","is_ascension_mode":true,"campfire_choices":[{"data":"Eruption","floor":6.0,"key":"SMITH"},{"data":"CrushJoints","floor":8.0,"key":"SMITH"},{"data":"Battle Trance","floor":15.0,"key":"SMITH"},{"data":"StuffTheSpire:CelestialWarden","floor":23.0,"key":"SMITH"},{"data":"WreathOfFlame","floor":25.0,"key":"SMITH"},{"floor":29.0,"key":"REST"},{"floor":32.0,"key":"REST"},{"data":"Establishment","floor":40.0,"key":"SMITH"},{"data":"StuffTheSpire:MirrorStance","floor":44.0,"key":"SMITH"},{"data":"Scrawl","floor":49.0,"key":"SMITH"},{"data":"infinitespire:Punishment","floor":56,"key":"SMITH"},{"floor":58,"key":"REST"}],"circlet_count":0,"master_deck":["AscendersBane","Strike_P+1","Strike_P","Strike_P","Strike_P","Defend_P","Defend_P","Defend_P","Defend_P","Eruption+1","Vigilance","FollowUp+1","BowlingBash","CrushJoints+1","Consecrate","Battle Trance+1","Swift Strike","Sanctity","Establishment+1","Seeing Red+1","StuffTheSpire:CelestialWarden+1","Replay:BluntJabs","Replay:BluntJabs","WreathOfFlame+1","PiercingWail","StuffTheSpire:MirrorStance+1","WindUp","FlurryOfBlows","theMarked:MysticalArsenal","FollowUp","Blade Dance+1","Scrawl+1","Blade Dance+1","Undo","infinitespire:Punishment+1","PiercingWail"],"relics":["PureWater","infinitespire:Lucky Rock","PrismaticShard","Boot","reliquary:Firecrackers","reliquary:QuartzCube","aspiration:SecretTechniqueScroll","reliquary:BallBearing","Darkstone Periapt","hubris:DeckOfHolding","Gremlin Horn","hubris:BundleOfHerbs","Snack Pack","Painkiller Herb","Shuriken","infinitespire:Joker Card","aspiration:HatOfInfinitePower","MarkedMod:AcupunctureKit","hubris:ToyBattleship","paleoftheancients:Timepiece","paleoftheancients:KeyRelic","Bronze Scales","CultistMask","Ice Cream","paleoftheancients:SoulOfTheDefect","Art of War"],"acts_visited":["Exordium","TheCity","TheBeyond","paleoftheancients:PaleOfTheAncients"],"potions_floor_usage":[],"damage_taken":[{"damage":0.0,"enemies":"Small Slimes","floor":1.0,"turns":2.0},{"damage":7.0,"enemies":"2 Louse","floor":3.0,"turns":3.0},{"damage":12.0,"enemies":"Cultist","floor":4.0,"turns":5.0},{"damage":2.0,"enemies":"3 Sentries","floor":7.0,"turns":4.0},{"damage":0.0,"enemies":"Lagavulin","floor":10.0,"turns":3.0},{"damage":3.0,"enemies":"Exordium Wildlife","floor":11.0,"turns":2.0},{"damage":8.0,"enemies":"Blue Slaver","floor":13.0,"turns":3.0},{"damage":0.0,"enemies":"3 Sentries","floor":14.0,"turns":4.0},{"damage":39.0,"enemies":"Fading Forest","floor":16.0,"turns":13.0},{"damage":1.0,"enemies":"Spheric Guardian","floor":18.0,"turns":3.0},{"damage":0.0,"enemies":"Chosen","floor":22.0,"turns":2.0},{"damage":12.0,"enemies":"Book of Stabbing","floor":24.0,"turns":2.0},{"damage":6.0,"enemies":"Gremlin Leader","floor":27.0,"turns":6.0},{"damage":30.0,"enemies":"Book of Stabbing","floor":30.0,"turns":4.0},{"damage":0.0,"enemies":"Snake Plant","floor":31.0,"turns":3.0},{"damage":83.0,"enemies":"Champ","floor":33.0,"turns":10.0},{"damage":7.0,"enemies":"Orb Walker","floor":35.0,"turns":3.0},{"damage":0.0,"enemies":"3 Darklings","floor":38.0,"turns":4.0},{"damage":11.0,"enemies":"Mind Bloom Boss Battle","floor":39.0,"turns":7.0},{"damage":0.0,"enemies":"R_Hoarder","floor":41.0,"turns":4.0},{"damage":0.0,"enemies":"Sphere and 2 Shapes","floor":42.0,"turns":2.0},{"damage":31.0,"enemies":"Spire Growth","floor":45.0,"turns":5.0},{"damage":5.0,"enemies":"Writhing Mass","floor":46.0,"turns":5.0},{"damage":6.0,"enemies":"Reptomancer","floor":47.0,"turns":4.0},{"damage":0.0,"enemies":"Sphere and 2 Shapes","floor":48.0,"turns":2.0},{"damage":44.0,"enemies":"Donu and Deca","floor":50.0,"turns":4.0},{"damage":48.0,"enemies":"Replay:Hell Engine","floor":51.0,"turns":6.0},{"damage":23.0,"enemies":"Replay:Hell Engine","floor":52.0,"turns":7.0},{"damage":90,"enemies":"Replay:Hell Engine","floor":53,"turns":3},{"damage":51,"enemies":"Replay:Hell Engine","floor":57,"turns":7},{"damage":74,"enemies":"paleoftheancients:N","floor":61,"turns":3}],"seed_played":"6824251170948622655","potions_obtained":[{"floor":3.0,"key":"SneckoOil"},{"floor":4.0,"key":"Fruit Juice"},{"floor":10.0,"key":"blueLaboratory:BottledHope"},{"floor":16.0,"key":"PowerPotion"},{"floor":30.0,"key":"Ambrosia"},{"floor":31.0,"key":"blueLaboratory:PhilterOfMotion"},{"floor":33.0,"key":"DistilledChaos"},{"floor":39.0,"key":"PowerPotion"},{"floor":45.0,"key":"blueLaboratory:ImpenetrablePotion"},{"floor":47.0,"key":"SneckoOil"}],"is_trial":false,"path_per_floor":["M","?","M","M","$","R","E","R","T","E","M","?","M","E","R","B",null,"M","?","?","$","M","R","E","R","T","E","?","R","E","M","R","B",null,"?","T","?","?","?","T","E","?","T","T","?","?","E","?","T","B","B","?","?","?","T","T","?","T","T","?","B"],"character_chosen":"WATCHER","items_purchased":["Consecrate","PrismaticShard","Replay:BluntJabs","WreathOfFlame","Shuriken","Ice Cream"],"campfire_rested":3,"item_purchase_floors":[5,5,21,21,36,55],"current_hp_per_floor":[61,61,54,47,47,47,45,45,45,45,42,46,38,38,38,21,60,59,59,59,59,59,59,47,47,47,41,12,33,3,5,26,37,64,61,67,67,71,70,70,76,79,79,79,54,57,59,63,63,37,65,72,79,60,60,60,33,56,56,56,0,0],"gold":92,"neow_bonus":"RANDOM_COMMON_RELIC","is_daily":false,"chose_seed":false,"campfire_upgraded":9,"win_rate":0.0,"timestamp":1611638601,"path_taken":["M","?","M","M","$","R","E","R","T","E","M","?","?","E","R","BOSS","M","?","?","$","M","R","E","R","T","E","?","R","E","M","R","BOSS","?","T","?","?","?","T","E","?","T","T","?","?","E","?","T","BOSS","BOSS","?","?","?","T","T","?","T","T","?","BOSS"],"items_purchased_type":["Card","Relic","Card","Card","Relic","Relic"],"build_version":"2020-12-22","purchased_purges":2,"victory":false,"max_hp_per_floor":[68,68,68,73,73,73,73,73,73,73,73,73,73,73,73,73,73,73,73,73,73,73,73,73,73,73,73,73,73,73,73,73,73,73,73,79,79,79,79,79,79,79,79,79,79,79,79,79,79,79,79,79,79,79,79,79,79,79,79,79,79,79],"card_choices":[{"not_picked":["LikeWater","WindmillStrike"],"picked":"FollowUp","floor":1.0},{"not_picked":["Halt","EmptyFist"],"picked":"BowlingBash","floor":3.0},{"not_picked":["MarkedMod:GentlePulse","SashWhip"],"picked":"CrushJoints","floor":4.0},{"not_picked":["Vengeance","Backstab"],"picked":"Battle Trance","floor":7.0},{"not_picked":["Evaluate","StuffTheSpire:BloodClot"],"picked":"Swift Strike","floor":10.0},{"not_picked":["theForsaken:BlessedWeapon","Stack"],"picked":"Sanctity","floor":11.0},{"not_picked":["StuffTheSpire:BumpUp","theMarked:BanishingWave","hubris:SlightOfHand"],"picked":"SKIP","floor":13.0},{"not_picked":["theMarked:EmpowerWeapon","Replay:Parry","StuffTheSpire:PlasmaPulse"],"picked":"SKIP","floor":14.0},{"not_picked":["MarkedMod:ChiBlock","hierophant:WrathOfGod"],"picked":"Establishment","floor":16.0},{"not_picked":["Fluid Movement","Hologram"],"picked":"Seeing Red+1","floor":18.0},{"not_picked":["StuffTheSpire:Brawn","StuffTheSpire:Harmony"],"picked":"StuffTheSpire:CelestialWarden","floor":20.0},{"not_picked":["conspire:Charge+1","theForsaken:WrathOfGod","MarkedMod:FirstStrike"],"picked":"SKIP","floor":22.0},{"not_picked":["theMarked:EmpowerWeapon","hierophant:EyeForCoin","Crystallizer"],"picked":"SKIP","floor":24.0},{"not_picked":["theForsaken:Parry","hierophant:HammerAndAnvil"],"picked":"PiercingWail","floor":27.0},{"not_picked":["theMarked:ShockingTouch+1","hubris:SlightOfHand"],"picked":"StuffTheSpire:MirrorStance","floor":28.0},{"not_picked":["hierophant:Encroach","Indignation"],"picked":"WindUp","floor":30.0},{"not_picked":["Rupture","Sword Boomerang+1"],"picked":"FlurryOfBlows","floor":31.0},{"not_picked":["StuffTheSpire:RockThrow+1","hierophant:Doomsaying+1","LockedMedicine+1"],"picked":"SKIP","floor":35.0},{"not_picked":["Pommel Strike","StuffTheSpire:Incursion+1"],"picked":"theMarked:MysticalArsenal","floor":38.0},{"not_picked":["Tempo","theMarked:GodGivenPower+1"],"picked":"FollowUp","floor":39.0},{"not_picked":["theForsaken:HealingLight","theMarked:Panic+1","hierophant:SealAway"],"picked":"SKIP","floor":41.0},{"not_picked":["theMarked:SelfDefenseTraining","Evaluate+1"],"picked":"Blade Dance+1","floor":42.0},{"not_picked":["MarkedMod:Acupuncture","LockedOrichalcum"],"picked":"Scrawl","floor":45.0},{"not_picked":["Clothesline","conspire:SharedLibrary"],"picked":"Blade Dance+1","floor":46.0},{"not_picked":["Bouncing Flask","FollowUp","Leap+1"],"picked":"SKIP","floor":47.0},{"not_picked":["hierophant:Shelter+1","hubris:SlightOfHand","PrimeTime"],"picked":"SKIP","floor":48.0},{"not_picked":["hierophant:AuricShield","Bane"],"picked":"Undo","floor":52},{"not_picked":["infinitespire:Oblivion","hubris:InfiniteBlow"],"picked":"infinitespire:Punishment","floor":54},{"not_picked":["FlyingSleeves+1","hierophant:DisplayOfPower"],"picked":"PiercingWail","floor":57}],"player_experience":1228082,"relics_obtained":[{"floor":7.0,"key":"Whetstone"},{"floor":9.0,"key":"Boot"},{"floor":10.0,"key":"reliquary:Firecrackers"},{"floor":14.0,"key":"reliquary:QuartzCube"},{"floor":24.0,"key":"Darkstone Periapt"},{"floor":26.0,"key":"hubris:DeckOfHolding"},{"floor":27.0,"key":"Gremlin Horn"},{"floor":28.0,"key":"hubris:BundleOfHerbs"},{"floor":30.0,"key":"Snack Pack"},{"floor":39.0,"key":"infinitespire:Joker Card"},{"floor":41.0,"key":"aspiration:HatOfInfinitePower"},{"floor":43.0,"key":"MarkedMod:AcupunctureKit"},{"floor":47.0,"key":"hubris:ToyBattleship"},{"floor":57,"key":"paleoftheancients:SoulOfTheDefect"},{"floor":59,"key":"Art of War"}],"event_choices":[{"damage_healed":0.0,"max_hp_gain":0.0,"max_hp_loss":0.0,"gold_gain":150.0,"event_name":"betterThird:BetterSerpent","player_choice":"AGREE","floor":2.0,"gold_loss":0.0,"damage_taken":112.0},{"damage_healed":0.0,"max_hp_gain":0.0,"max_hp_loss":0.0,"gold_gain":0.0,"event_name":"betterThird:BetterPortal","player_choice":"Ignored","floor":37.0,"gold_loss":0.0,"damage_taken":0.0},{"damage_healed":0.0,"max_hp_gain":0.0,"max_hp_loss":0.0,"gold_gain":0.0,"event_name":"MindBloom","player_choice":"Fight","floor":39.0,"gold_loss":0.0,"damage_taken":0.0}],"is_beta":false,"boss_relics":[{"not_picked":["Ring of Chaos","hubris:VirtuousBlindfold"],"picked":"aspiration:SecretTechniqueScroll"},{"not_picked":["theForsaken:PaleLantern","energizedSpire:HugeHouse"],"picked":"Painkiller Herb"}],"items_purged_floors":[5,55],"is_endless":false,"potions_floor_spawned":[3,4,10,16,30,31,33,39,41,45,47],"killed_by":"paleoftheancients:N","ascension_level":20}}