{"host":"a5lz0e76zb3fcwkm","time":1611636309,"event":{"mods":["AchievementEnabler","BaseMod","Colored Map","Colored Powertips","Minty Spire (QoL Compilation)","StSLib","SuperFastMode"],"gold_per_floor":[10,10,10,30,55,55,88,363,363,22,22,22,22],"floor_reached":12,"language":"KOR","playtime":275,"items_purged":["Regret"],"score":152,"play_id":"02d49d1e-2d63-4c8c-997f-c2add0a4f410","local_time":"20210126134509","is_ascension_mode":true,"campfire_choices":[{"data":"Neutralize","floor":6,"key":"SMITH"},{"data":"Acrobatics","floor":11,"key":"SMITH"}],"circlet_count":0,"master_deck":["AscendersBane","Strike_G","Strike_G","Strike_G","Strike_G","Strike_G","Defend_G","Defend_G","Defend_G","Defend_G","Defend_G","Survivor","Neutralize+1","Backstab","Dagger Throw","Underhanded Strike","Acrobatics+1"],"relics":["Ring of the Snake","Mango","Golden Idol","Torii","Turnip","Eternal Feather"],"acts_visited":["Exordium"],"potions_floor_usage":[],"damage_taken":[{"damage":1,"enemies":"2 Louse","floor":1,"turns":4},{"damage":4,"enemies":"Small Slimes","floor":4,"turns":3},{"damage":0,"enemies":"Cultist","floor":5,"turns":3},{"damage":19,"enemies":"3 Sentries","floor":7,"turns":9},{"damage":31,"enemies":"Lagavulin","floor":12,"turns":7}],"seed_played":"6968901586390589560","potions_obtained":[{"floor":1,"key":"EssenceOfSteel"}],"is_trial":false,"path_per_floor":["M","?","?","M","M","R","E","?","T","$","R","E"],"character_chosen":"THE_SILENT","items_purchased":["Eternal Feather"],"campfire_rested":0,"item_purchase_floors":[10],"current_hp_per_floor":[72,72,72,68,68,68,49,49,49,49,58,27,27],"gold":22,"neow_bonus":"ONE_RARE_RELIC","is_daily":false,"chose_seed":false,"campfire_upgraded":2,"win_rate":0.0,"timestamp":1611636309,"path_taken":["M","?","?","M","M","R","E","?","T","$","R","E"],"items_purchased_type":["Relic"],"build_version":"2020-12-22","purchased_purges":1,"victory":false,"max_hp_per_floor":[80,72,72,72,72,72,72,72,72,72,72,72,72],"card_choices":[{"not_picked":["Heel Hook","Backflip"],"picked":"Backstab","floor":1},{"not_picked":["Outmaneuver","Caltrops"],"picked":"Dagger Throw","floor":4},{"not_picked":["Outmaneuver","Envenom"],"picked":"Underhanded Strike","floor":5},{"not_picked":["Sucker Punch","Leg Sweep"],"picked":"Acrobatics","floor":7}],"player_experience":1806759,"relics_obtained":[{"floor":7,"key":"Torii"},{"floor":9,"key":"Turnip"}],"event_choices":[{"damage_healed":0,"gold_gain":0,"player_choice":"Lose Max HP","damage_taken":0,"relics_obtained":["Golden Idol"],"max_hp_gain":0,"max_hp_loss":8,"event_name":"Golden Idol","floor":2,"gold_loss":0},{"damage_healed":0,"gold_gain":0,"player_choice":"Ignored","damage_taken":0,"max_hp_gain":0,"max_hp_loss":0,"event_name":"Liars Game","floor":3,"gold_loss":0},{"damage_healed":0,"gold_gain":275,"player_choice":"Desecrate","damage_taken":0,"max_hp_gain":0,"max_hp_loss":0,"event_name":"Golden Shrine","floor":8,"gold_loss":0,"cards_obtained":["Regret"]}],"is_beta":false,"boss_relics":[],"items_purged_floors":[10],"is_endless":false,"potions_floor_spawned":[1],"killed_by":"Lagavulin","ascension_level":20}}