{"host":"g7mkzn6qfoxkk5sz","time":1611620754,"event":{"mods":["BaseMod","Colored Map","Colored Powertips","Downfall","Hermit","Marisa????????","Minty Spire (QoL Compilation)","StSLib","The Animator","The Bug Knight","The Cursed","The Servant 0.9.4"],"gold_per_floor":[110,110,125,125,125,153,153,172,172,182,207,222,172,347,347,347,347],"floor_reached":16,"language":"ENG","playtime":375,"items_purged":[],"score":110,"play_id":"ca4fefb4-44f9-4139-9bc1-ff75a59f6b0f","local_time":"20210126022554","is_ascension_mode":false,"campfire_choices":[{"data":"Body Slam","floor":7,"key":"SMITH"},{"data":"Immolate","floor":15,"key":"SMITH"}],"circlet_count":0,"master_deck":["Strike_R+1","Strike_R","Strike_R","Strike_R","Defend_R","Defend_R","Defend_R+1","Defend_R","Bash","Body Slam+1","Disarm","Immolate+1","Twin Strike","True Grit","Burning Pact","Armaments","Doubt"],"relics":["Burning Blood","Juzu Bracelet","Matryoshka","StrikeDummy"],"acts_visited":["Exordium"],"potions_floor_usage":[6,6,11,11,16,16],"damage_taken":[{"damage":3,"enemies":"2 Louse","floor":1,"turns":3},{"damage":6,"enemies":"Jaw Worm","floor":3,"turns":4},{"damage":14,"enemies":"Gremlin Nob","floor":6,"turns":4},{"damage":0,"enemies":"Cultist","floor":8,"turns":3},{"damage":10,"enemies":"Looter","floor":10,"turns":3},{"damage":8,"enemies":"Lagavulin","floor":11,"turns":4},{"damage":0,"enemies":"2 Fungi Beasts","floor":12,"turns":3},{"damage":57,"enemies":"The Guardian","floor":16,"turns":11}],"seed_played":"-1538372609189188349","potions_obtained":[{"floor":0,"key":"AttackPotion"},{"floor":0,"key":"SteroidPotion"},{"floor":0,"key":"Block Potion"},{"floor":1,"key":"Fire Potion"},{"floor":6,"key":"Weak Potion"},{"floor":10,"key":"Strength Potion"},{"floor":11,"key":"LiquidBronze"}],"is_trial":false,"path_per_floor":["M","?","M","?","$","E","R","M","T","M","E","M","$","?","R","B"],"character_chosen":"IRONCLAD","items_purchased":["Armaments"],"campfire_rested":0,"item_purchase_floors":[13],"current_hp_per_floor":[80,73,73,57,57,49,49,55,55,51,49,55,55,55,55,0,0],"gold":347,"neow_bonus":"THREE_SMALL_POTIONS","is_daily":false,"chose_seed":true,"campfire_upgraded":2,"win_rate":0.0,"timestamp":1611620754,"path_taken":["M","?","M","?","$","E","R","M","T","M","E","M","$","?","R","BOSS"],"items_purchased_type":["Card"],"build_version":"2020-12-22","purchased_purges":0,"victory":false,"max_hp_per_floor":[80,80,80,80,80,80,80,80,80,80,80,80,80,80,80,80,80],"card_choices":[{"not_picked":["Blood for Blood","Clash"],"picked":"Body Slam","floor":1},{"not_picked":["Reckless Charge","Body Slam"],"picked":"Disarm","floor":3},{"not_picked":["Dual Wield","Whirlwind","Anger"],"picked":"SKIP","floor":6},{"not_picked":["Burning Pact","Flame Barrier"],"picked":"Immolate","floor":8},{"not_picked":["Flex","Ghostly Armor"],"picked":"Twin Strike","floor":10},{"not_picked":["Dual Wield","Berserk"],"picked":"True Grit","floor":11},{"not_picked":["Armaments","Pommel Strike"],"picked":"Burning Pact","floor":12}],"player_experience":426769,"relics_obtained":[{"floor":6,"key":"Juzu Bracelet"},{"floor":9,"key":"Matryoshka"},{"floor":11,"key":"StrikeDummy"}],"event_choices":[{"cards_removed":["Strike_R"],"damage_healed":0,"gold_gain":0,"player_choice":"Card Removal","damage_taken":7,"max_hp_gain":0,"max_hp_loss":0,"event_name":"Golden Wing","floor":2,"gold_loss":0},{"damage_healed":0,"gold_gain":0,"player_choice":"Entered Light","damage_taken":16,"max_hp_gain":0,"max_hp_loss":0,"event_name":"Shining Light","floor":4,"gold_loss":0,"cards_upgraded":["Strike_R","Defend_R"]},{"damage_healed":0,"gold_gain":175,"player_choice":"AGREE","damage_taken":0,"max_hp_gain":0,"max_hp_loss":0,"event_name":"Liars Game","floor":14,"gold_loss":0,"cards_obtained":["Doubt"]}],"is_beta":false,"boss_relics":[],"items_purged_floors":[],"is_endless":false,"potions_floor_spawned":[1,6,10,11],"killed_by":"The Guardian","ascension_level":0}}