{"host":"jlw4slqoq862puwo","time":1611691976,"event":{"mods":["BaseMod","DeckTracker","Dota2Spire","Highlight Path","Minty Spire (QoL Compilation)","Quick Restart","StSLib","SuperFastMode"],"gold_per_floor":[109,109,109,4,17,17,44,61,138,138,138,138,149,149,18,48,48,144,144,144,241,241,261,261,176,187,201,201,221,221,221,247,247,247,31,59,74,106,106,208,208,220,233,285,305,355,355,382,382,406,440,450,470,481,481,495,495,495],"floor_reached":59,"language":"ENG","playtime":1244,"items_purged":[],"score":1197,"play_id":"ab002675-2eff-4568-8551-f6294d628ed8","local_time":"20210126211256","is_ascension_mode":false,"campfire_choices":[{"data":"Perfected Strike","floor":6,"key":"SMITH"},{"data":"Bash","floor":11,"key":"SMITH"},{"data":"Perfected Strike","floor":14,"key":"SMITH"},{"data":"Inflame","floor":17,"key":"SMITH"},{"data":"Corruption","floor":20,"key":"SMITH"},{"data":"Shockwave","floor":28,"key":"SMITH"},{"data":"Perfected Strike","floor":33,"key":"SMITH"},{"data":"Inflame","floor":39,"key":"SMITH"},{"data":"Demon Form","floor":47,"key":"SMITH"},{"data":"Flame Barrier","floor":57,"key":"SMITH"}],"circlet_count":0,"master_deck":["Strike_R+1","Strike_R+1","Strike_R+1","Strike_R+1","Defend_R+1","Defend_R+1","Defend_R+1","Defend_R+1","Bash+1","Perfected Strike+1","Pommel Strike","Disarm","Power Through","Perfected Strike+1","Battle Trance+1","Inflame+1","Corruption+1","Impervious+1","Shockwave+1","Perfected Strike+1","Perfected Strike+1","Impervious","Flame Barrier+1","Pommel Strike+1","Demon Form+1","CurseOfTheBell","Armaments+1","Inflame+1","Twin Strike","Iron Wave"],"relics":["Burning Blood","Red Skull","Ginger","Letter Opener","Calipers","Dota2Spire:Butterfly","Snecko Eye","Dota2Spire:RefresherOrb","Dota2Spire:ShivaGuard","Bottled Lightning","War Paint","MutagenicStrength","Oddly Smooth Stone","Bottled Tornado","FossilizedHelix","Calling Bell","Dota2Spire:PowerTreads","Dota2Spire:BlackKingBar","CaptainsWheel","Pocketwatch","Champion Belt","Dota2Spire:LotusOrb","Boot","Happy Flower"],"acts_visited":["Exordium","TheCity","TheBeyond"],"potions_floor_usage":[16,26],"damage_taken":[{"damage":8,"enemies":"2 Louse","floor":1,"turns":4},{"damage":1,"enemies":"Jaw Worm","floor":5,"turns":3},{"damage":32,"enemies":"Lagavulin","floor":7,"turns":5},{"damage":5,"enemies":"Small Slimes","floor":8,"turns":3},{"damage":13,"enemies":"3 Louse","floor":13,"turns":3},{"damage":8,"enemies":"3 Sentries","floor":16,"turns":4},{"damage":20,"enemies":"The Guardian","floor":18,"turns":8},{"damage":10,"enemies":"The Guardian","floor":21,"turns":6},{"damage":4,"enemies":"2 Thieves","floor":23,"turns":3},{"damage":0,"enemies":"Chosen","floor":26,"turns":2},{"damage":3,"enemies":"Shelled Parasite and Fungi","floor":27,"turns":3},{"damage":0,"enemies":"Centurion and Healer","floor":29,"turns":2},{"damage":4,"enemies":"Book of Stabbing","floor":36,"turns":3},{"damage":0,"enemies":"3 Cultists","floor":37,"turns":2},{"damage":0,"enemies":"Gremlin Leader","floor":38,"turns":3},{"damage":0,"enemies":"Champ","floor":40,"turns":6},{"damage":0,"enemies":"3 Shapes","floor":42,"turns":3},{"damage":0,"enemies":"3 Darklings","floor":43,"turns":4},{"damage":0,"enemies":"2 Orb Walkers","floor":44,"turns":3},{"damage":0,"enemies":"Jaw Worm Horde","floor":45,"turns":3},{"damage":0,"enemies":"Mind Bloom Boss Battle","floor":46,"turns":2},{"damage":0,"enemies":"Nemesis","floor":48,"turns":5},{"damage":0,"enemies":"Reptomancer","floor":51,"turns":4},{"damage":0,"enemies":"Spire Growth","floor":52,"turns":3},{"damage":0,"enemies":"Writhing Mass","floor":53,"turns":3},{"damage":0,"enemies":"Jaw Worm Horde","floor":54,"turns":2},{"damage":0,"enemies":"Spire Growth","floor":56,"turns":3},{"damage":0,"enemies":"Awakened One","floor":58,"turns":8}],"seed_played":"338064765987031850","potions_obtained":[{"floor":13,"key":"SteroidPotion"},{"floor":18,"key":"Block Potion"},{"floor":21,"key":"Weak Potion"},{"floor":23,"key":"Fruit Juice"},{"floor":26,"key":"Regen Potion"}],"is_trial":false,"path_per_floor":["M","?","?","$","M","R","E","M","T","T","R","?","M","R","$","E","R","B",null,"R","B",null,"M","?","?","M","M","R","M","?","T","T","R","?","$","E","M","E","R","B",null,"M","M","?","M","?","R","E","?","T","E","M","M","M","?","M","R","B",null],"character_chosen":"IRONCLAD","items_purchased":["Pommel Strike","Disarm","Battle Trance","Energy Potion","Oddly Smooth Stone","Inflame"],"campfire_rested":0,"item_purchase_floors":[4,4,15,15,35,35],"current_hp_per_floor":[78,83,80,80,85,85,59,60,60,60,60,53,46,46,46,44,44,30,30,30,26,85,85,85,85,90,90,90,90,90,90,90,90,90,90,90,90,90,90,90,90,90,90,90,90,90,90,90,90,90,90,90,90,90,90,90,90,90],"gold":495,"neow_bonus":"","is_daily":false,"chose_seed":false,"campfire_upgraded":10,"win_rate":0.0,"timestamp":1611691976,"path_taken":["M","?","?","$","M","R","E","M","T","T","R","?","M","R","$","E","R","BOSS","R","BOSS","M","?","?","M","M","R","M","?","T","T","R","?","$","E","?","E","R","BOSS","M","M","?","M","?","R","E","?","T","E","M","M","M","?","M","R","BOSS"],"items_purchased_type":["Card","Card","Card","Potion","Relic","Card"],"build_version":"2020-12-22","purchased_purges":0,"victory":true,"max_hp_per_floor":[80,85,85,85,85,85,85,85,85,85,85,85,85,85,85,85,85,85,85,85,85,85,85,85,85,90,90,90,90,90,90,90,90,90,90,90,90,90,90,90,90,90,90,90,90,90,90,90,90,90,90,90,90,90,90,90,90,90],"card_choices":[{"not_picked":["Cleave","Clothesline"],"picked":"Perfected Strike","floor":1},{"not_picked":["Sword Boomerang","Anger","Searing Blow"],"picked":"SKIP","floor":5},{"not_picked":["Entrench","Thunderclap"],"picked":"Power Through","floor":7},{"not_picked":["Body Slam","Cleave","Thunderclap"],"picked":"SKIP","floor":8},{"not_picked":["Pommel Strike","Bloodletting"],"picked":"Perfected Strike","floor":13},{"not_picked":["Warcry","Seeing Red"],"picked":"Inflame","floor":16},{"not_picked":["Impervious","Demon Form"],"picked":"Corruption","floor":18},{"not_picked":["Berserk","Brutality"],"picked":"Impervious","floor":21},{"not_picked":["Combust+1","Twin Strike","Thunderclap"],"picked":"SKIP","floor":23},{"not_picked":["Carnage","Intimidate","Searing Blow"],"picked":"SKIP","floor":26},{"not_picked":["Second Wind+1","Armaments"],"picked":"Perfected Strike+1","floor":27},{"not_picked":["Whirlwind+1","Warcry"],"picked":"Perfected Strike","floor":29},{"not_picked":["Armaments","Clothesline"],"picked":"Impervious","floor":36},{"not_picked":["Battle Trance","Dropkick"],"picked":"Flame Barrier","floor":37},{"not_picked":["Searing Blow","Headbutt+1"],"picked":"Pommel Strike+1","floor":38},{"not_picked":["Brutality","Berserk"],"picked":"Demon Form","floor":40},{"not_picked":["Cleave+1","Body Slam+1","Power Through+1"],"picked":"SKIP","floor":42},{"not_picked":["Sword Boomerang","Iron Wave+1","Twin Strike"],"picked":"SKIP","floor":43},{"not_picked":["Sword Boomerang","Power Through"],"picked":"Armaments+1","floor":44},{"not_picked":["Iron Wave","Whirlwind+1","Twin Strike+1"],"picked":"SKIP","floor":45},{"not_picked":["Warcry+1","Clothesline"],"picked":"Inflame+1","floor":46},{"not_picked":["Clash","Flex+1","Searing Blow"],"picked":"SKIP","floor":48},{"not_picked":["Sever Soul+1","Offering","Searing Blow"],"picked":"SKIP","floor":51},{"not_picked":["Seeing Red+1","Warcry+1","Armaments+1"],"picked":"SKIP","floor":52},{"not_picked":["Sword Boomerang","Shockwave","Thunderclap+1"],"picked":"SKIP","floor":53},{"not_picked":["Dropkick","Hemokinesis","Twin Strike"],"picked":"SKIP","floor":54},{"not_picked":["Dropkick","Hemokinesis"],"picked":"Twin Strike","floor":54},{"not_picked":["Clothesline","Flex+1","Entrench+1"],"picked":"SKIP","floor":56}],"player_experience":0,"relics_obtained":[{"floor":7,"key":"Ginger"},{"floor":9,"key":"Letter Opener"},{"floor":10,"key":"Calipers"},{"floor":16,"key":"Dota2Spire:Butterfly"},{"floor":31,"key":"Bottled Lightning"},{"floor":32,"key":"War Paint"},{"floor":36,"key":"Bottled Tornado"},{"floor":38,"key":"FossilizedHelix"},{"floor":41,"key":"Dota2Spire:PowerTreads"},{"floor":41,"key":"Dota2Spire:BlackKingBar"},{"floor":41,"key":"CaptainsWheel"},{"floor":44,"key":"Pocketwatch"},{"floor":46,"key":"Champion Belt"},{"floor":48,"key":"Dota2Spire:LotusOrb"},{"floor":50,"key":"Boot"},{"floor":51,"key":"Happy Flower"}],"event_choices":[{"damage_healed":0,"gold_gain":0,"player_choice":"Donut","damage_taken":0,"max_hp_gain":5,"max_hp_loss":0,"event_name":"Big Fish","floor":2,"gold_loss":0},{"damage_healed":0,"gold_gain":0,"player_choice":"Success","damage_taken":3,"relics_obtained":["Red Skull"],"max_hp_gain":0,"max_hp_loss":0,"event_name":"Scrap Ooze","floor":3,"gold_loss":0},{"cards_removed":["Strike_R"],"damage_healed":0,"gold_gain":0,"player_choice":"Card Removal","damage_taken":7,"max_hp_gain":0,"max_hp_loss":0,"event_name":"Golden Wing","floor":12,"gold_loss":0},{"damage_healed":0,"gold_gain":0,"player_choice":"Read","damage_taken":0,"max_hp_gain":0,"max_hp_loss":0,"event_name":"The Library","floor":24,"gold_loss":0,"cards_obtained":["Shockwave"]},{"damage_healed":0,"gold_gain":0,"player_choice":"Obtained Relic","damage_taken":0,"relics_obtained":["Dota2Spire:ShivaGuard"],"max_hp_gain":0,"max_hp_loss":0,"event_name":"Addict","floor":25,"gold_loss":85},{"damage_healed":0,"gold_gain":0,"player_choice":"Simplicity","damage_taken":0,"max_hp_gain":0,"max_hp_loss":0,"event_name":"Back to Basics","floor":30,"gold_loss":0,"cards_upgraded":["Strike_R","Strike_R","Strike_R","Strike_R","Defend_R","Defend_R","Defend_R","Defend_R"]},{"damage_healed":0,"gold_gain":0,"player_choice":"Inject Mutagens","damage_taken":0,"relics_obtained":["MutagenicStrength"],"max_hp_gain":0,"max_hp_loss":0,"event_name":"Drug Dealer","floor":34,"gold_loss":0},{"damage_healed":0,"gold_gain":0,"player_choice":"Fight","damage_taken":0,"max_hp_gain":0,"max_hp_loss":0,"event_name":"Mysterious Sphere","floor":44,"gold_loss":0},{"damage_healed":0,"gold_gain":0,"player_choice":"Fight","damage_taken":0,"max_hp_gain":0,"max_hp_loss":0,"event_name":"MindBloom","floor":46,"gold_loss":0},{"damage_healed":0,"gold_gain":0,"player_choice":"Ignored","damage_taken":0,"max_hp_gain":0,"max_hp_loss":0,"event_name":"Tomb of Lord Red Mask","floor":49,"gold_loss":0},{"cards_removed":["Inflame"],"damage_healed":0,"gold_gain":0,"player_choice":"Took Card","damage_taken":0,"max_hp_gain":0,"max_hp_loss":0,"event_name":"NoteForYourself","floor":55,"gold_loss":0,"cards_obtained":["Iron Wave"]}],"is_beta":false,"boss_relics":[{"not_picked":["Ectoplasm","Velvet Choker"],"picked":"Snecko Eye"},{"not_picked":["SacredBark","Coffee Dripper"],"picked":"Dota2Spire:RefresherOrb"},{"not_picked":["Runic Cube","Sozu"],"picked":"Calling Bell"}],"items_purged_floors":[],"is_endless":false,"potions_floor_spawned":[13,18,21,23,26,27,42,45,48,52,53],"ascension_level":0}}