{"host":"c3lc60y5x60jlt1y","time":1611674330,"event":{"mods":["AchievementEnabler","BaseMod","Bestiary","Colored Map","Minty Spire (QoL Compilation)","Quick Restart","StSLib","ojb\u0027s Info Mod"],"gold_per_floor":[117,131,141,141,152,152,169,169,217,217,248,248,260,273,273,273,273],"floor_reached":16,"language":"ENG","playtime":568,"items_purged":[],"score":208,"play_id":"4a42c9a4-db43-473e-8803-afbbae29954e","local_time":"20210126171850","is_ascension_mode":true,"campfire_choices":[{"data":"True Grit","floor":6,"key":"SMITH"},{"data":"Uppercut","floor":10,"key":"SMITH"},{"data":"Whirlwind","floor":12,"key":"SMITH"},{"data":"Fire Breathing","floor":15,"key":"SMITH"}],"circlet_count":0,"master_deck":["AscendersBane","Strike_R","Strike_R","Strike_R","Strike_R","Defend_R","Defend_R","Defend_R","Defend_R","Bash","Impervious","True Grit+1","Uppercut+1","Feel No Pain","Pummel","Combust","Pommel Strike","Whirlwind+1","Fire Breathing+1"],"relics":["Burning Blood","Bag of Marbles","Bottled Flame"],"acts_visited":["Exordium"],"potions_floor_usage":[7,11,14,16],"damage_taken":[{"damage":7,"enemies":"2 Louse","floor":1,"turns":4},{"damage":11,"enemies":"Cultist","floor":2,"turns":6},{"damage":2,"enemies":"Small Slimes","floor":3,"turns":4},{"damage":17,"enemies":"Red Slaver","floor":5,"turns":4},{"damage":8,"enemies":"Large Slime","floor":7,"turns":5},{"damage":23,"enemies":"Gremlin Nob","floor":11,"turns":4},{"damage":9,"enemies":"3 Louse","floor":13,"turns":2},{"damage":0,"enemies":"2 Fungi Beasts","floor":14,"turns":4},{"damage":39,"enemies":"Hexaghost","floor":16,"turns":9}],"seed_played":"3008683859513048479","potions_obtained":[{"floor":2,"key":"Explosive Potion"},{"floor":3,"key":"DuplicationPotion"},{"floor":11,"key":"Block Potion"},{"floor":13,"key":"Weak Potion"}],"is_trial":false,"path_per_floor":["M","M","M","?","M","R","M","?","T","R","E","R","M","M","R","B"],"character_chosen":"IRONCLAD","items_purchased":[],"campfire_rested":0,"item_purchase_floors":[],"current_hp_per_floor":[67,62,66,66,55,55,53,53,53,53,36,36,33,39,39,0,0],"gold":273,"neow_bonus":"THREE_RARE_CARDS","is_daily":false,"chose_seed":false,"campfire_upgraded":4,"win_rate":0.0,"timestamp":1611674330,"path_taken":["M","M","M","?","?","R","M","?","T","R","E","R","M","M","R","BOSS"],"items_purchased_type":[],"build_version":"2020-12-22","purchased_purges":0,"victory":false,"max_hp_per_floor":[75,75,75,75,75,75,75,75,75,75,75,75,75,75,75,75,75],"card_choices":[{"not_picked":["Berserk","Barricade"],"picked":"Impervious","floor":0},{"not_picked":["Rampage","Havoc"],"picked":"True Grit","floor":1},{"not_picked":["Clothesline","Evolve"],"picked":"Uppercut","floor":2},{"not_picked":["Rage","Bloodletting"],"picked":"Feel No Pain","floor":3},{"not_picked":["Anger","Searing Blow"],"picked":"Pummel","floor":5},{"not_picked":["Clothesline","Uppercut"],"picked":"Combust","floor":7},{"not_picked":["Warcry","Shrug It Off"],"picked":"Whirlwind","floor":11},{"not_picked":["Cleave","Clothesline","Carnage"],"picked":"SKIP","floor":13},{"not_picked":["Body Slam","Reckless Charge"],"picked":"Fire Breathing","floor":14}],"player_experience":8590937,"relics_obtained":[{"floor":9,"key":"Bag of Marbles"},{"floor":11,"key":"Bottled Flame"}],"event_choices":[{"cards_removed":["Pain"],"damage_healed":0,"gold_gain":0,"player_choice":"Removed Curses","damage_taken":0,"max_hp_gain":0,"max_hp_loss":0,"event_name":"Fountain of Cleansing","floor":4,"gold_loss":0},{"damage_healed":0,"gold_gain":0,"cards_transformed":["Strike_R"],"player_choice":"Transformed","damage_taken":0,"max_hp_gain":0,"max_hp_loss":0,"event_name":"Transmorgrifier","floor":8,"gold_loss":0,"cards_obtained":["Pommel Strike"]}],"is_beta":false,"boss_relics":[],"items_purged_floors":[],"is_endless":false,"potions_floor_spawned":[2,3,5,11,13],"killed_by":"Hexaghost","ascension_level":20}}