{"host":"1c17lcvl7acx821p","time":1611683146,"event":{"mods":["AchievementEnabler","BaseMod","Colored Map","Minty Spire (QoL Compilation)","Quick Restart","Relic Sorter","StSLib"],"gold_per_floor":[117,292,308,308,324,352,368,429,429,429,76,16,16,49,59,59,59,162,162,178,194,194,211,229,229,261,261,311,311,346,360,360,29,29,29,124,124,135,149,149,168,186,186,197,224,224,224,224,277,287,301,301,301],"floor_reached":54,"language":"ENG","playtime":3481,"items_purged":["Doubt","Strike_P"],"score":1203,"play_id":"2f46c4ef-ac93-4590-b582-efb39749c47d","local_time":"20210126194546","is_ascension_mode":true,"campfire_choices":[{"floor":13.0,"key":"REST"},{"floor":16.0,"key":"REST"},{"data":"Strike_P","floor":17.0,"key":"PURGE"},{"floor":25.0,"key":"REST"},{"floor":27.0,"key":"REST"},{"floor":32.0,"key":"REST"},{"data":"Shame","floor":35.0,"key":"PURGE"},{"floor":43.0,"key":"REST"},{"data":"Secret Technique","floor":48.0,"key":"SMITH"},{"floor":52,"key":"REST"}],"circlet_count":0,"master_deck":["AscendersBane","Defend_P+1","Defend_P+1","Defend_P+1","Eruption+1","Vigilance+1","CutThroughFate+1","Conclude+1","Study","FlurryOfBlows+1","TalkToTheHand","FlyingSleeves+1","Evaluate+1","Flash of Steel","ThirdEye+1","FlurryOfBlows+1","LessonLearned+1","Protect+1","Tantrum+1","TalkToTheHand+1","EmptyFist+1","ForeignInfluence+1","Evaluate+1","Worship+1","Wireheading+1","Alpha+1","ThirdEye+1","Madness","Madness+1","ClearTheMind+1","Impatience+1","Secret Technique+1","Deep Breath","Weave+1"],"relics":["PureWater","PreservedInsect","Peace Pipe","Kunai","TheAbacus","Molten Egg 2","StrikeDummy","Sozu","Damaru","War Paint","Question Card","Strawberry","Sling","Sundial","VioletLotus","Bird Faced Urn","TeardropLocket","FossilizedHelix"],"acts_visited":["Exordium","TheCity","TheBeyond"],"potions_floor_usage":[53],"damage_taken":[{"damage":0.0,"enemies":"2 Louse","floor":1.0,"turns":4.0},{"damage":2.0,"enemies":"Jaw Worm","floor":3.0,"turns":3.0},{"damage":8.0,"enemies":"Cultist","floor":5.0,"turns":4.0},{"damage":24.0,"enemies":"3 Sentries","floor":6.0,"turns":7.0},{"damage":9.0,"enemies":"Exordium Wildlife","floor":7.0,"turns":4.0},{"damage":25.0,"enemies":"Lagavulin Event","floor":8.0,"turns":4.0},{"damage":7.0,"enemies":"Gremlin Nob","floor":14.0,"turns":4.0},{"damage":1.0,"enemies":"Looter","floor":15.0,"turns":4.0},{"damage":11.0,"enemies":"Slime Boss","floor":18.0,"turns":6.0},{"damage":20.0,"enemies":"2 Thieves","floor":20.0,"turns":3.0},{"damage":12.0,"enemies":"Chosen","floor":21.0,"turns":4.0},{"damage":11.0,"enemies":"Snake Plant","floor":23.0,"turns":4.0},{"damage":0.0,"enemies":"Centurion and Healer","floor":24.0,"turns":5.0},{"damage":21.0,"enemies":"Slavers","floor":26.0,"turns":4.0},{"damage":10.0,"enemies":"Gremlin Leader","floor":30.0,"turns":6.0},{"damage":3.0,"enemies":"Shelled Parasite and Fungi","floor":31.0,"turns":5.0},{"damage":7.0,"enemies":"Collector","floor":36.0,"turns":8.0},{"damage":16.0,"enemies":"3 Darklings","floor":38.0,"turns":5.0},{"damage":0.0,"enemies":"3 Shapes","floor":39.0,"turns":4.0},{"damage":1.0,"enemies":"Sphere and 2 Shapes","floor":41.0,"turns":8.0},{"damage":14.0,"enemies":"3 Darklings","floor":42.0,"turns":5.0},{"damage":0.0,"enemies":"Maw","floor":44.0,"turns":7.0},{"damage":0.0,"enemies":"Giant Head","floor":45.0,"turns":5.0},{"damage":23.0,"enemies":"2 Orb Walkers","floor":49.0,"turns":5.0},{"damage":0,"enemies":"Sphere and 2 Shapes","floor":50,"turns":5},{"damage":16,"enemies":"Jaw Worm Horde","floor":51,"turns":5},{"damage":20,"enemies":"Awakened One","floor":53,"turns":9}],"seed_played":"-7543236913473829917","potions_obtained":[{"floor":1.0,"key":"Fruit Juice"},{"floor":8.0,"key":"SpeedPotion"},{"floor":14.0,"key":"Dexterity Potion"},{"floor":15.0,"key":"StancePotion"}],"is_trial":false,"path_per_floor":["M","?","M","?","M","E","M","?","T","T","$","?","R","E","M","R","R","B",null,"M","M","?","M","M","R","E","R","T","T","E","M","R","$","?","R","B",null,"M","M","?","M","M","R","M","E","T","?","R","?","M","M","R","B",null],"character_chosen":"WATCHER","items_purchased":["TheAbacus","Flash of Steel","BlessingOfTheForge","Sling","Wireheading"],"campfire_rested":7,"item_purchase_floors":[11,11,11,33,33],"current_hp_per_floor":[65,65,63,63,55,31,22,2,2,2,2,2,23,16,15,36,36,25,59,39,27,27,16,16,37,16,37,37,37,34,31,54,54,54,54,47,70,54,54,44,43,29,52,52,52,52,42,42,23,25,11,34,20],"gold":301,"neow_bonus":"REMOVE_TWO","is_daily":false,"chose_seed":false,"campfire_upgraded":1,"win_rate":0.0,"timestamp":1611683146,"path_taken":["M","?","M","?","?","E","M","?","T","T","$","?","R","E","M","R","R","BOSS","M","?","?","M","M","R","E","R","T","T","E","M","R","?","?","R","BOSS","M","M","?","M","M","R","M","E","T","?","R","?","M","?","R","BOSS"],"items_purchased_type":["Relic","Card","Potion","Relic","Card"],"build_version":"2020-12-22","purchased_purges":2,"victory":true,"max_hp_per_floor":[65,65,65,65,65,65,65,70,70,70,70,70,70,70,70,70,70,70,70,70,70,70,70,70,70,70,70,70,70,77,77,77,77,77,77,77,77,77,77,77,77,77,77,77,77,77,77,77,77,77,77,77,77],"card_choices":[{"not_picked":["Worship","SashWhip"],"picked":"CutThroughFate","floor":1.0},{"not_picked":["Protect","JustLucky"],"picked":"Conclude","floor":3.0},{"not_picked":["WindmillStrike","CrushJoints"],"picked":"FlurryOfBlows","floor":5.0},{"not_picked":["BowlingBash","ReachHeaven"],"picked":"TalkToTheHand","floor":6.0},{"not_picked":["EmptyFist","Adaptation"],"picked":"FlyingSleeves","floor":7.0},{"not_picked":["WreathOfFlame","WindmillStrike"],"picked":"Evaluate","floor":8.0},{"not_picked":["ConjureBlade","Perseverance"],"picked":"ThirdEye","floor":14.0},{"not_picked":["ClearTheMind","Worship"],"picked":"FlurryOfBlows+1","floor":15.0},{"not_picked":["Alpha","DeusExMachina"],"picked":"LessonLearned+1","floor":18.0},{"not_picked":["ThirdEye","WreathOfFlame"],"picked":"Protect","floor":20.0},{"not_picked":["CrushJoints+1","Perseverance"],"picked":"Tantrum+1","floor":21.0},{"not_picked":["WheelKick+1","Study"],"picked":"EmptyFist+1","floor":23.0},{"not_picked":["CrushJoints+1","Halt"],"picked":"ForeignInfluence+1","floor":24.0},{"not_picked":["InnerPeace","Prostrate"],"picked":"Evaluate+1","floor":26.0},{"not_picked":["ThirdEye","Crescendo","LessonLearned+1","Prostrate"],"picked":"SKIP","floor":30.0},{"not_picked":["WaveOfTheHand","WheelKick+1","Perseverance+1"],"picked":"Worship+1","floor":31.0},{"not_picked":["DevaForm","Ragnarok+1","SpiritShield"],"picked":"Alpha","floor":36.0},{"not_picked":["EmptyBody+1","CrushJoints+1","JustLucky+1","Crescendo+1"],"picked":"SKIP","floor":38.0},{"not_picked":["FollowUp+1","Protect","Crescendo+1"],"picked":"ThirdEye+1","floor":39.0},{"not_picked":["FollowUp+1","Crescendo","SashWhip+1","CutThroughFate+1"],"picked":"SKIP","floor":41.0},{"not_picked":["FlyingSleeves+1","MentalFortress","Devotion"],"picked":"ClearTheMind+1","floor":42.0},{"not_picked":["Protect","CrushJoints+1","BowlingBash+1","LessonLearned+1"],"picked":"SKIP","floor":44.0},{"not_picked":["WreathOfFlame+1","Swivel+1","FlurryOfBlows+1","JustLucky+1"],"picked":"SKIP","floor":45.0},{"not_picked":["Trip","Mayhem","Finesse"],"picked":"Impatience","floor":47.0},{"not_picked":["Dramatic Entrance+1","Finesse","Blind"],"picked":"Secret Technique","floor":47.0},{"not_picked":["Enlightenment","Swift Strike+1","Bandage Up"],"picked":"Deep Breath","floor":47.0},{"not_picked":["ClearTheMind+1","EmptyBody","Swivel+1","BowlingBash+1"],"picked":"SKIP","floor":50},{"not_picked":["FlyingSleeves+1","EmptyBody","ForeignInfluence"],"picked":"Weave+1","floor":51}],"player_experience":221086,"relics_obtained":[{"floor":6.0,"key":"PreservedInsect"},{"floor":8.0,"key":"Peace Pipe"},{"floor":10.0,"key":"Kunai"},{"floor":14.0,"key":"StrikeDummy"},{"floor":26.0,"key":"Damaru"},{"floor":28.0,"key":"War Paint"},{"floor":29.0,"key":"Question Card"},{"floor":30.0,"key":"Strawberry"},{"floor":45.0,"key":"Bird Faced Urn"},{"floor":46.0,"key":"TeardropLocket"},{"floor":49.0,"key":"FossilizedHelix"}],"event_choices":[{"damage_healed":0.0,"max_hp_gain":0.0,"max_hp_loss":0.0,"gold_gain":175.0,"event_name":"Liars Game","player_choice":"AGREE","floor":2.0,"gold_loss":0.0,"damage_taken":0.0,"cards_obtained":["Doubt"]},{"damage_healed":0.0,"max_hp_gain":0.0,"max_hp_loss":0.0,"gold_gain":0.0,"cards_transformed":["Strike_P"],"event_name":"Transmorgrifier","player_choice":"Transformed","floor":4.0,"gold_loss":0.0,"damage_taken":0.0,"cards_obtained":["Study"]},{"damage_healed":0.0,"max_hp_gain":0.0,"max_hp_loss":0.0,"gold_gain":30.0,"event_name":"Dead Adventurer","player_choice":"Searched \u00272\u0027 times","floor":8.0,"gold_loss":0.0,"damage_taken":0.0},{"damage_healed":0.0,"max_hp_gain":0.0,"max_hp_loss":0.0,"gold_gain":0.0,"event_name":"WeMeetAgain","player_choice":"Paid Gold","floor":12.0,"gold_loss":60.0,"damage_taken":0.0,"relics_obtained":["Molten Egg 2"]},{"damage_healed":0.0,"max_hp_gain":0.0,"max_hp_loss":0.0,"gold_gain":0.0,"event_name":"Duplicator","player_choice":"Copied","floor":22.0,"gold_loss":0.0,"damage_taken":0.0,"cards_obtained":["TalkToTheHand"]},{"damage_healed":0.0,"max_hp_gain":0.0,"max_hp_loss":0.0,"gold_gain":0.0,"event_name":"Addict","player_choice":"Stole Relic","floor":34.0,"gold_loss":0.0,"damage_taken":0.0,"relics_obtained":["Sundial"],"cards_obtained":["Shame"]},{"damage_healed":0.0,"max_hp_gain":0.0,"max_hp_loss":0.0,"gold_gain":0.0,"event_name":"Winding Halls","player_choice":"Embrace Madness","floor":40.0,"gold_loss":0.0,"damage_taken":10.0,"cards_obtained":["Madness","Madness"]},{"damage_healed":0.0,"max_hp_gain":0.0,"max_hp_loss":0.0,"gold_gain":0.0,"event_name":"SensoryStone","player_choice":"Memory 3","floor":47.0,"gold_loss":0.0,"damage_taken":10.0},{"damage_healed":0.0,"max_hp_gain":0.0,"max_hp_loss":0.0,"gold_gain":0.0,"event_name":"Mysterious Sphere","player_choice":"Fight","floor":49.0,"gold_loss":0.0,"damage_taken":0.0}],"is_beta":false,"boss_relics":[{"not_picked":["Cursed Key","Coffee Dripper"],"picked":"Sozu"},{"not_picked":["Snecko Eye","SacredBark"],"picked":"VioletLotus"}],"items_purged_floors":[11,33],"is_endless":false,"potions_floor_spawned":[1,8,14,15,24,30,31,39,41,44,49,50],"ascension_level":11}}