{"host":"ELF","time":1611669200,"event":{"mods":["BaseMod","Bestiary","Minty Spire (QoL Compilation)","Relic Stats","Slay the Relics Exporter"],"gold_per_floor":[15,15,15,25,39,39,67,79,164,195,222,234,266,297,309,398,410,436,368,368],"floor_reached":19,"language":"ENG","playtime":1167,"items_purged":[],"score":333,"play_id":"87a78ff5-7148-43e8-a048-2602237076bf","local_time":"20210126075320","is_ascension_mode":true,"campfire_choices":[{"data":"True Grit","floor":6,"key":"SMITH"},{"data":"Rage","floor":12,"key":"SMITH"},{"data":"Anger","floor":15,"key":"SMITH"}],"circlet_count":0,"master_deck":["AscendersBane","Bash","Second Wind+1","Clash","Feel No Pain","Anger+1","True Grit+1","Rage+1","Feel No Pain","Wild Strike","Demon Form","Wild Strike","Reaper","Rampage","Combust","Offering","Clothesline","Flame Barrier","Dropkick","True Grit","Dark Embrace"],"relics":["Burning Blood","MawBank","Centennial Puzzle","Letter Opener","Pandora\u0027s Box"],"acts_visited":["Exordium","TheCity"],"potions_floor_usage":[16,16,19],"damage_taken":[{"damage":3,"enemies":"2 Louse","floor":1,"turns":3},{"damage":5,"enemies":"Jaw Worm","floor":4,"turns":4},{"damage":1,"enemies":"Cultist","floor":5,"turns":4},{"damage":16,"enemies":"3 Sentries","floor":7,"turns":11},{"damage":0,"enemies":"Exordium Wildlife","floor":10,"turns":4},{"damage":9,"enemies":"Red Slaver","floor":11,"turns":5},{"damage":10,"enemies":"Lots of Slimes","floor":13,"turns":7},{"damage":4,"enemies":"Large Slime","floor":14,"turns":7},{"damage":31,"enemies":"Hexaghost","floor":16,"turns":9},{"damage":48,"enemies":"Shell Parasite","floor":18,"turns":5},{"damage":29,"enemies":"2 Thieves","floor":19,"turns":2}],"seed_played":"-8886501914422758795","potions_obtained":[{"floor":1,"key":"Dexterity Potion"},{"floor":7,"key":"HeartOfIron"},{"floor":16,"key":"Swift Potion"},{"floor":18,"key":"ElixirPotion"}],"is_trial":false,"path_per_floor":["M","?","$","M","M","R","E","?","T","M","M","R","M","M","R","B",null,"M","M"],"character_chosen":"IRONCLAD","items_purchased":[],"campfire_rested":0,"item_purchase_floors":[],"current_hp_per_floor":[71,71,71,72,75,75,65,65,65,71,68,68,64,66,66,41,67,25,0,0],"gold":368,"neow_bonus":"TRANSFORM_TWO_CARDS","is_daily":false,"chose_seed":false,"campfire_upgraded":3,"win_rate":0.0,"timestamp":1611669200,"path_taken":["M","?","$","M","M","R","E","?","T","M","?","R","M","M","R","BOSS","M","M"],"items_purchased_type":[],"build_version":"2020-12-18","purchased_purges":0,"victory":false,"max_hp_per_floor":[75,75,75,75,75,75,75,75,75,75,75,75,75,75,75,75,75,75,75,75],"relic_stats":{"Centennial Puzzle":[18],"counters":[11,61],"Pandora\u0027s Box":["Rampage","Combust","Offering","Clothesline","Flame Barrier","Dropkick","True Grit"],"Letter Opener":[0],"MawBank":144,"obtain_stats":[{"Centennial Puzzle":8,"Pandora\u0027s Box":17,"Letter Opener":9,"MawBank":7,"Burning Blood":0},{"Centennial Puzzle":4,"Pandora\u0027s Box":9,"Letter Opener":4,"MawBank":4,"Burning Blood":0},{"Centennial Puzzle":22,"Pandora\u0027s Box":54,"Letter Opener":22,"MawBank":22,"Burning Blood":0}],"Burning Blood":58},"card_choices":[{"not_picked":["Uppercut","Anger"],"picked":"Feel No Pain","floor":1},{"not_picked":["True Grit","Wild Strike"],"picked":"Anger","floor":4},{"not_picked":["Perfected Strike","Uppercut"],"picked":"True Grit","floor":5},{"not_picked":["Headbutt","Spot Weakness"],"picked":"Rage","floor":7},{"not_picked":["Carnage","Armaments"],"picked":"Feel No Pain","floor":10},{"not_picked":["Warcry","Flex"],"picked":"Wild Strike","floor":11},{"not_picked":["Iron Wave","Warcry"],"picked":"Demon Form","floor":13},{"not_picked":["Perfected Strike","Rupture"],"picked":"Wild Strike","floor":14},{"not_picked":["Bludgeon","Offering"],"picked":"Reaper","floor":16},{"not_picked":["Combust","Warcry+1"],"picked":"Dark Embrace","floor":18}],"player_experience":3314369,"relics_obtained":[{"floor":7,"key":"MawBank"},{"floor":9,"key":"Letter Opener"}],"event_choices":[{"damage_healed":0,"gold_gain":0,"player_choice":"Grow","damage_taken":0,"max_hp_gain":0,"max_hp_loss":0,"event_name":"Living Wall","floor":2,"gold_loss":0,"cards_upgraded":["Second Wind"]},{"damage_healed":0,"gold_gain":0,"player_choice":"Searched \u00271\u0027 times","damage_taken":0,"relics_obtained":["Centennial Puzzle"],"max_hp_gain":0,"max_hp_loss":0,"event_name":"Dead Adventurer","floor":8,"gold_loss":0}],"is_beta":true,"boss_relics":[{"not_picked":["Ectoplasm","SlaversCollar"],"picked":"Pandora\u0027s Box"}],"items_purged_floors":[],"is_endless":false,"potions_floor_spawned":[1,7,16,18],"killed_by":"2 Thieves","ascension_level":19}}