{"host":"w8jq41i5zn1fudf9","time":1611622214,"event":{"mods":["2.2 Compatiblity","AchievementEnabler","Aspiration","BaseMod","BetterRewards","Colored Map","Colored Powertips","Curses Come First","GifTheSpireLib","Googly Eyes","Hermit","Hubris","Infinite Spire","Jedi Mod","Magitek Elite","Minty Spire (QoL Compilation)","Permanent Neow","Quick Restart","Rare Cards Sparkle","Relic Stats","Replay The Spire","Robot Space Explorer","Shop Mod","StSLib","Td1madao Mod","The Awakened One except there are too many feathers","The Servant 0.9.4","Wandering Minibosses","egg","everything is the same but u backflip on backflip","slay the spire mod where everything is the same but ironclad has a cowboy hat"],"gold_per_floor":[116,126,126,126,126,126,40,56,130,94,94,121,121,135,135,135,135],"floor_reached":16,"language":"ENG","playtime":749,"items_purged":[],"score":113,"play_id":"df016b70-062b-410f-bf66-0158eee6d4d3","local_time":"20210125175014","is_ascension_mode":true,"campfire_choices":[{"data":"RobotSpaceExplorer:RigExplosive","floor":6,"key":"SMITH"},{"data":"Replay:Bootleg Shield Generator","floor":11,"key":"SMITH"},{"data":"RobotSpaceExplorer:Jetpack","floor":13,"key":"SMITH"},{"floor":15,"key":"REST"}],"circlet_count":0,"master_deck":["RobotSpaceExplorer:Strike","RobotSpaceExplorer:Strike","RobotSpaceExplorer:Strike","RobotSpaceExplorer:Strike","RobotSpaceExplorer:Defend","RobotSpaceExplorer:Defend","RobotSpaceExplorer:Defend","RobotSpaceExplorer:Defend","RobotSpaceExplorer:Scan","RobotSpaceExplorer:MiniLasers","RobotSpaceExplorer:ScrapMissile","RobotSpaceExplorer:RigExplosive+1","Replay:Bootleg Shield Generator+1","RobotSpaceExplorer:IronShell","RobotSpaceExplorer:Jetpack+1"],"relics":["Sizzling Blood","NeowsBlessing","infinitespire:Cubic Diamond","hubris:Towel","hubris:DeckOfHolding","aspiration:Lifesprig"],"acts_visited":["Exordium"],"potions_floor_usage":[12,14],"damage_taken":[{"damage":0,"enemies":"Jaw Worm","floor":1,"turns":1},{"damage":0,"enemies":"Small Slimes","floor":2,"turns":1},{"damage":0,"enemies":"2 Louse","floor":8,"turns":1},{"damage":30,"enemies":"Replay:BlueRogue","floor":12,"turns":10},{"damage":6,"enemies":"Looter","floor":14,"turns":3},{"damage":75,"enemies":"Hexaghost","floor":16,"turns":14}],"seed_played":"-8871326168152475026","potions_obtained":[{"floor":1,"key":"Reflective Coating"}],"is_trial":false,"path_per_floor":["M","M","?","?","?","R","$","M","T","$","R","E","R","M","R","B"],"character_chosen":"RobotSpaceExplorer","items_purchased":["Replay:Bootleg Shield Generator","RobotSpaceExplorer:Jetpack"],"campfire_rested":1,"item_purchase_floors":[7,10],"current_hp_per_floor":[75,75,75,75,75,75,75,75,75,75,75,49,49,47,69,0,0],"gold":135,"neow_bonus":"THREE_ENEMY_KILL","is_daily":false,"chose_seed":false,"campfire_upgraded":3,"win_rate":0.0,"timestamp":1611622214,"path_taken":["M","M","?","?","?","R","?","?","T","$","R","E","R","M","R","BOSS"],"items_purchased_type":["Card","Card"],"build_version":"2020-12-22","purchased_purges":0,"victory":false,"max_hp_per_floor":[75,75,75,75,75,75,75,75,75,75,75,75,75,75,75,75,75],"relic_stats":{"counters":[6,30],"obtain_stats":[{"aspiration:Lifesprig":12,"NeowsBlessing":0,"RobotSpaceExplorer:RoboCore":0,"hubris:DeckOfHolding":9,"infinitespire:Cubic Diamond":4,"Sizzling Blood":4,"hubris:Towel":5},{"aspiration:Lifesprig":4,"NeowsBlessing":0,"RobotSpaceExplorer:RoboCore":0,"hubris:DeckOfHolding":3,"infinitespire:Cubic Diamond":2,"Sizzling Blood":2,"hubris:Towel":2},{"aspiration:Lifesprig":13,"NeowsBlessing":0,"RobotSpaceExplorer:RoboCore":0,"hubris:DeckOfHolding":3,"infinitespire:Cubic Diamond":2,"Sizzling Blood":2,"hubris:Towel":2}]},"card_choices":[{"not_picked":["RobotSpaceExplorer:Pulsar","RobotSpaceExplorer:ShovelStrike"],"picked":"RobotSpaceExplorer:ScrapMissile","floor":1},{"not_picked":["RobotSpaceExplorer:ShovelStrike","RobotSpaceExplorer:LaserBurst"],"picked":"RobotSpaceExplorer:RigExplosive","floor":2},{"not_picked":["RobotSpaceExplorer:SlimeMissile","RobotSpaceExplorer:MetalStrike"],"picked":"RobotSpaceExplorer:IronShell","floor":8},{"not_picked":["RobotSpaceExplorer:ImprovisedAttack","RobotSpaceExplorer:FrostMissile","RobotSpaceExplorer:FreezingShield"],"picked":"SKIP","floor":12},{"not_picked":["RobotSpaceExplorer:SurgingShield","RobotSpaceExplorer:Electroshield","RobotSpaceExplorer:GlueShot"],"picked":"SKIP","floor":14}],"player_experience":223408,"relics_obtained":[{"floor":9,"key":"hubris:DeckOfHolding"},{"floor":12,"key":"aspiration:Lifesprig"}],"event_choices":[{"damage_healed":0,"gold_gain":0,"player_choice":"Ignored","damage_taken":0,"max_hp_gain":0,"max_hp_loss":0,"event_name":"Golden Wing","floor":3,"gold_loss":0}],"is_beta":false,"boss_relics":[],"items_purged_floors":[],"is_endless":false,"potions_floor_spawned":[1],"killed_by":"Hexaghost","ascension_level":3}}