{"host":"8is2j71l4wmybkoi","time":1611659166,"event":{"mods":["AchievementEnabler","BaseMod","Colored Map","Minty Spire (QoL Compilation)","Rare Cards Sparkle","StSLib","SuperFastMode"],"gold_per_floor":[117,192,192,203,203,232,157,157,211,237,0,0,0,17,17,88,88,117,117,117],"floor_reached":19,"language":"KOR","playtime":2671,"items_purged":["Decay"],"score":396,"play_id":"c60c66c5-db82-4340-a04c-5961f75e8143","local_time":"20210126200606","is_ascension_mode":true,"campfire_choices":[{"data":"Genetic Algorithm","floor":8,"key":"SMITH"},{"floor":15,"key":"REST"}],"circlet_count":0,"master_deck":["AscendersBane","Strike_B","Strike_B","Strike_B","Defend_B","Defend_B","Defend_B","Defend_B","Zap","Dualcast","Sweeping Beam","Static Discharge","Genetic Algorithm+1","Good Instincts","Coolheaded","Coolheaded","Reboot","CurseOfTheBell","Leap+1"],"relics":["Cracked Core","NeowsBlessing","Boot","Anchor","Dream Catcher","Shuriken","Calling Bell","CeramicFish","HornCleat","FossilizedHelix"],"acts_visited":["Exordium","TheCity"],"potions_floor_usage":[10,16,16],"damage_taken":[{"damage":0,"enemies":"Small Slimes","floor":1,"turns":1},{"damage":0,"enemies":"Jaw Worm","floor":4,"turns":1},{"damage":0,"enemies":"Lagavulin","floor":6,"turns":1},{"damage":28,"enemies":"3 Sentries","floor":10,"turns":5},{"damage":2,"enemies":"Cultist","floor":14,"turns":3},{"damage":34,"enemies":"The Guardian","floor":16,"turns":18},{"damage":0,"enemies":"Chosen","floor":18,"turns":7},{"damage":2,"enemies":"Spheric Guardian","floor":19,"turns":9}],"seed_played":"-441019463400511205","potions_obtained":[{"floor":6,"key":"Explosive Potion"},{"floor":10,"key":"Weak Potion"}],"is_trial":false,"path_per_floor":["M","?","?","M","?","E","?","R","T","E","$","?","T","M","R","B",null,"M","M"],"character_chosen":"DEFECT","items_purchased":["Good Instincts","Fire Potion"],"campfire_rested":1,"item_purchase_floors":[11,11],"current_hp_per_floor":[64,53,53,53,58,58,58,58,58,30,30,30,30,28,50,16,61,61,59,59],"gold":117,"neow_bonus":"THREE_ENEMY_KILL","is_daily":false,"chose_seed":false,"campfire_upgraded":1,"win_rate":0.0,"timestamp":1611659166,"path_taken":["M","?","?","?","?","E","?","R","T","E","$","?","?","M","R","BOSS","M","M"],"items_purchased_type":["Card","Potion"],"build_version":"2020-12-22","purchased_purges":1,"victory":false,"max_hp_per_floor":[71,71,71,71,76,76,76,76,76,76,76,76,76,76,76,76,76,76,76,76],"card_choices":[{"not_picked":["Steam","Aggregate"],"picked":"Sweeping Beam","floor":1},{"not_picked":["Rebound","Redo"],"picked":"Static Discharge","floor":4},{"not_picked":["Loop","Gash"],"picked":"Genetic Algorithm","floor":6},{"not_picked":["Stack","Leap","Steam Power"],"picked":"SKIP","floor":10},{"not_picked":["Stack","Leap","Steam Power"],"picked":"SKIP","floor":10},{"not_picked":["Sweeping Beam","Reprogram"],"picked":"Coolheaded","floor":14},{"not_picked":["Beam Cell","All For One"],"picked":"Coolheaded","floor":15},{"not_picked":["Seek","All For One"],"picked":"Reboot","floor":16},{"not_picked":["Coolheaded","Sweeping Beam"],"picked":"Leap+1","floor":18}],"player_experience":814268,"relics_obtained":[{"floor":6,"key":"Boot"},{"floor":9,"key":"Anchor"},{"floor":10,"key":"Dream Catcher"},{"floor":13,"key":"Shuriken"},{"floor":17,"key":"CeramicFish"},{"floor":17,"key":"HornCleat"},{"floor":17,"key":"FossilizedHelix"}],"event_choices":[{"damage_healed":0,"gold_gain":75,"player_choice":"Gather Gold","damage_taken":11,"max_hp_gain":0,"max_hp_loss":0,"event_name":"World of Goop","floor":2,"gold_loss":0},{"damage_healed":0,"gold_gain":0,"player_choice":"Cursed","damage_taken":0,"max_hp_gain":0,"max_hp_loss":0,"event_name":"Wheel of Change","floor":3,"gold_loss":0,"cards_obtained":["Decay"]},{"damage_healed":0,"gold_gain":0,"player_choice":"Donut","damage_taken":0,"max_hp_gain":5,"max_hp_loss":0,"event_name":"Big Fish","floor":5,"gold_loss":0},{"cards_removed":["Strike_B"],"damage_healed":0,"gold_gain":0,"player_choice":"Card Removal","damage_taken":0,"max_hp_gain":0,"max_hp_loss":0,"event_name":"The Cleric","floor":7,"gold_loss":75},{"damage_healed":0,"gold_gain":0,"player_choice":"Ignored","damage_taken":0,"max_hp_gain":0,"max_hp_loss":0,"event_name":"Liars Game","floor":12,"gold_loss":0}],"is_beta":false,"boss_relics":[{"not_picked":["Coffee Dripper","Ectoplasm"],"picked":"Calling Bell"}],"items_purged_floors":[11],"is_endless":false,"potions_floor_spawned":[6,10,14],"killed_by":"Spheric Guardian","ascension_level":20}}