{"host":"pec1bvkeldr5yzx1","time":1611640502,"event":{"mods":["ATMod(°¢èªMod)","AchievementEnabler","Act Like it!","Aspiration","BaseMod","Better Altar","Better Match","Better Sensory Stone","Better Skull","Better Vampires","BetterRewards","Conspire","Dota2Spire","Energized Spire","Friendly Minions","GifTheSpireLib","Hubris","Minty Spire (QoL Compilation)","Replay The Spire","Spicy Shops","StSLib","Stuff the Spire","SuperFastMode","óô»ðÖ¸ÄÏ"],"gold_per_floor":[111,127,141,152,227,258,258,289,341,341,341,372,388,51,11,108,108,121,138,138,156,156,187,199,199,199,199,199,3,3,30,30,127,127,144,144,0,275,323,355,355,383,383,403,422,454,474,507,507,507,507],"floor_reached":50,"language":"ZHS","playtime":1580,"items_purged":["Regret"],"score":1381,"play_id":"7503a10c-630c-420f-a9c3-971bf8c4450e","local_time":"20210126135502","is_ascension_mode":true,"campfire_choices":[{"data":"Heavy Blade","floor":7.0,"key":"SMITH"},{"floor":10.0,"key":"RECALL"},{"data":"Feed","floor":25.0,"key":"SMITH"},{"data":"Demon Form","floor":28.0,"key":"SMITH"},{"data":"Brutality","floor":30.0,"key":"SMITH"},{"data":"Double Tap","floor":49,"key":"SMITH"}],"circlet_count":0,"master_deck":["Defend_R","Defend_R","Defend_R","Defend_R","Bash","Inflame","Inflame","Thunderclap","Heavy Blade+1","hubris:ReadiedAction","Cleave","AT_CaressingTears","StuffTheSpire:Slingshot+1","Flex","Shrug It Off","Rupture","Offering","AT_IchimonjiDouble+1","Apotheosis+1","Feed+1","Fire Breathing+1","Clash+1","Demon Form+1","StuffTheSpire:RockThrow+1","Brutality+1","hubris:SharpeningStone","Bite","Bite","Bite","Bite","Bite","hubris:CleavingFinish+1","Run Through","Corruption","CurseOfTheBell","Thunderclap","Regret","FollowUp","Double Tap+1","hubris:CleavingFinish+1","AT_ShrugMaster","Pommel Strike","Headbutt","Inflame+1"],"relics":["Burning Blood","AT_ATBox","Cauldron","ReplayTheSpireMod:CursedCoin","AT_BellowingDragoncrestRing","Replay:Baseball","AT_SunfireAegis","Replay:Wax Seal","Dota2Spire:DrumOfEndurance","Blue Doll","hubris:PeanutButter","AT_ArchangelStaff","Painkiller Herb","Happy Flower","Tiny Chest","aspiration:ArtOfWarUpgrade","Calling Bell","Dota2Spire:PowerTreads","StuffTheSpire:SapphireSignet","Dota2Spire:HeartOfTarrasque","aspiration:Nostalgia","Replay:M_SmolderingBlood","Whetstone","aspiration:HiddenCompartment","InkBottle","Oddly Smooth Stone","Potion Belt","aspiration:HatOfInfinitePower"],"acts_visited":["Exordium","TheCity","TheBeyond"],"potions_floor_usage":[40,44,47],"damage_taken":[{"damage":5.0,"enemies":"Small Slimes","floor":1.0,"turns":3.0},{"damage":0.0,"enemies":"Jaw Worm","floor":2.0,"turns":1.0},{"damage":3.0,"enemies":"Cultist","floor":3.0,"turns":3.0},{"damage":1.0,"enemies":"Exordium Thugs","floor":4.0,"turns":2.0},{"damage":15.0,"enemies":"3 Sentries","floor":6.0,"turns":3.0},{"damage":16.0,"enemies":"Lagavulin","floor":8.0,"turns":4.0},{"damage":0.0,"enemies":"Gremlin Nob","floor":12.0,"turns":2.0},{"damage":3.0,"enemies":"Looter","floor":13.0,"turns":2.0},{"damage":1.0,"enemies":"The Guardian","floor":16.0,"turns":3.0},{"damage":0.0,"enemies":"Chosen","floor":18.0,"turns":2.0},{"damage":0.0,"enemies":"Spheric Guardian","floor":19.0,"turns":1.0},{"damage":5.0,"enemies":"Cultist and Chosen","floor":21.0,"turns":3.0},{"damage":0.0,"enemies":"Book of Stabbing","floor":23.0,"turns":2.0},{"damage":14.0,"enemies":"Shelled Parasite and Fungi","floor":24.0,"turns":3.0},{"damage":21.0,"enemies":"Slavers","floor":31.0,"turns":2.0},{"damage":6.0,"enemies":"Pondfish","floor":33.0,"turns":5.0},{"damage":53.0,"enemies":"3 Shapes","floor":35.0,"turns":3.0},{"damage":21,"enemies":"Nemesis","floor":40,"turns":3},{"damage":31,"enemies":"R_Hoarder","floor":42,"turns":4},{"damage":3,"enemies":"3 Darklings","floor":44,"turns":2},{"damage":3,"enemies":"Maw","floor":45,"turns":4},{"damage":9,"enemies":"Giant Head","floor":46,"turns":3},{"damage":27,"enemies":"Spire Growth","floor":47,"turns":3},{"damage":0,"enemies":"R_Hoarder","floor":48,"turns":3},{"damage":85,"enemies":"conspire:OrnateMirror","floor":50,"turns":2}],"seed_played":"3323063659917317941","potions_obtained":[{"floor":0.0,"key":"Explosive Potion"},{"floor":0.0,"key":"SkillPotion"},{"floor":0.0,"key":"LifebloodPotion"},{"floor":13.0,"key":"Explosive Potion"},{"floor":16.0,"key":"Block Potion"},{"floor":21.0,"key":"AttackPotion"},{"floor":23.0,"key":"Swift Potion"},{"floor":35.0,"key":"SteroidPotion"},{"floor":40,"key":"Explosive Potion"},{"floor":42,"key":"conspire:TimeTravelPotion"},{"floor":45,"key":"SkillPotion"}],"is_trial":false,"path_per_floor":["M","M","M","M","?","E","R","E","T","R","?","E","M","$","R","B",null,"?","?","?","?","?","E","?","T","T","?","T","T","T","E","T","B",null,"?","?","T","?","T","E","T","E","T","?","?","E","?","E","T","B"],"character_chosen":"IRONCLAD","items_purchased":["Cauldron","ReplayTheSpireMod:CursedCoin","AT_BellowingDragoncrestRing","Inflame","Thunderclap","Heavy Blade","hubris:ReadiedAction","Replay:Baseball","AT_SunfireAegis","Cleave","Apotheosis","AT_ArchangelStaff","hubris:CleavingFinish+1","Tiny Chest","aspiration:Nostalgia"],"campfire_rested":0,"item_purchase_floors":[0,0,0,0,0,0,0,0,0,0,14,14,29,29,37],"current_hp_per_floor":[37,43,46,51,40,31,31,21,21,21,21,27,30,30,30,35,69,75,83,67,72,72,82,74,74,74,63,63,63,63,48,48,58,70,35,35,35,35,35,28,28,13,13,18,33,36,47,57,57,0,0],"gold":507,"neow_bonus":"","is_daily":false,"chose_seed":false,"campfire_upgraded":5,"win_rate":0.0,"timestamp":1611640502,"path_taken":["M","M","M","M","?","E","R","E","T","R","?","E","?","$","R","BOSS","?","?","?","?","?","E","?","T","T","?","T","T","T","E","T","BOSS","?","?","?","?","?","E","T","E","T","?","?","E","?","E","T","BOSS"],"items_purchased_type":["Relic","Relic","Relic","Card","Card","Card","Card","Relic","Relic","Card","Card","Relic","Card","Relic","Relic"],"build_version":"2020-12-22","purchased_purges":1,"victory":false,"max_hp_per_floor":[80,80,80,80,80,80,80,80,80,80,80,80,80,80,80,80,80,80,83,83,87,87,91,91,91,91,63,63,63,63,63,63,63,71,71,71,71,71,71,71,71,75,75,75,75,75,75,75,75,75,75],"card_choices":[{"not_picked":["Body Slam","Fire Breathing"],"picked":"AT_CaressingTears","floor":1.0},{"not_picked":["Heavy Blade","True Grit"],"picked":"StuffTheSpire:Slingshot","floor":2.0},{"not_picked":["Clothesline","Hemokinesis"],"picked":"ReplayTheSpireMod:Limb From Limb","floor":3.0},{"not_picked":["Perfected Strike","AT_IchimonjiDouble"],"picked":"Flex","floor":4.0},{"not_picked":["Massacre","Carnage"],"picked":"Shrug It Off","floor":6.0},{"not_picked":["StuffTheSpire:Slingshot","StuffTheSpire:RagingBull"],"picked":"Rupture","floor":8.0},{"not_picked":["Burning Pact","Iron Wave"],"picked":"Offering","floor":12.0},{"not_picked":["Twin Strike","Searing Blow"],"picked":"AT_IchimonjiDouble","floor":13.0},{"not_picked":["Reaper","Fiend Fire"],"picked":"Feed","floor":16.0},{"not_picked":["Reckless Charge","AT_IchimonjiDouble"],"picked":"Fire Breathing+1","floor":18.0},{"not_picked":["hubris:ReadiedAction","StuffTheSpire:Slingshot"],"picked":"Clash","floor":19.0},{"not_picked":["Body Slam","Heavy Blade+1"],"picked":"StuffTheSpire:RockThrow+1","floor":21.0},{"not_picked":["StuffTheSpire:Pyroclast+1","Run Through"],"picked":"Brutality","floor":23.0},{"not_picked":["AT_IchimonjiDouble","StuffTheSpire:RockThrow+1"],"picked":"hubris:SharpeningStone","floor":24.0},{"not_picked":["Twin Strike","Hemokinesis"],"picked":"Run Through","floor":31.0},{"not_picked":["Exhume","conspire:Purge"],"picked":"Corruption","floor":33.0},{"not_picked":["Twin Strike","Sword Boomerang"],"picked":"Thunderclap","floor":35.0},{"not_picked":["Defy Death+1","StuffTheSpire:Incineration"],"picked":"FollowUp","floor":40},{"not_picked":["Flex+1","Ghostly Armor"],"picked":"Double Tap","floor":42},{"not_picked":["Twin Strike","Body Slam"],"picked":"hubris:CleavingFinish+1","floor":44},{"not_picked":["StuffTheSpire:RockThrow+1","Flex+1"],"picked":"AT_ShrugMaster","floor":45},{"not_picked":["hubris:ReadiedAction","Headbutt"],"picked":"Pommel Strike","floor":46},{"not_picked":["Hemogenesis","AT_DiedThrough+1"],"picked":"Headbutt","floor":47},{"not_picked":["Whirlwind","hubris:SharpeningStone"],"picked":"Inflame+1","floor":48}],"player_experience":109028,"relics_obtained":[{"floor":6.0,"key":"Replay:Wax Seal"},{"floor":8.0,"key":"Dota2Spire:DrumOfEndurance"},{"floor":9.0,"key":"Blue Doll"},{"floor":12.0,"key":"hubris:PeanutButter"},{"floor":23.0,"key":"Happy Flower"},{"floor":31.0,"key":"Art of War"},{"floor":34.0,"key":"Dota2Spire:PowerTreads"},{"floor":34.0,"key":"StuffTheSpire:SapphireSignet"},{"floor":34.0,"key":"Dota2Spire:HeartOfTarrasque"},{"floor":39.0,"key":"Whetstone"},{"floor":40,"key":"aspiration:HiddenCompartment"},{"floor":42,"key":"InkBottle"},{"floor":43,"key":"Oddly Smooth Stone"},{"floor":46,"key":"Potion Belt"},{"floor":48,"key":"aspiration:HatOfInfinitePower"}],"event_choices":[{"damage_healed":0.0,"max_hp_gain":0.0,"max_hp_loss":0.0,"gold_gain":75.0,"event_name":"World of Goop","player_choice":"Gather Gold","floor":5.0,"gold_loss":0.0,"damage_taken":11.0},{"cards_removed":["hubris:Lust"],"damage_healed":0.0,"max_hp_gain":0.0,"max_hp_loss":0.0,"gold_gain":0.0,"event_name":"Purifier","player_choice":"Purged","floor":11.0,"gold_loss":0.0,"damage_taken":0.0},{"damage_healed":0.0,"max_hp_gain":0.0,"max_hp_loss":0.0,"gold_gain":0.0,"event_name":"Designer","player_choice":"Upgraded Two","floor":15.0,"gold_loss":40.0,"damage_taken":0.0,"cards_upgraded":["Apotheosis","AT_IchimonjiDouble"]},{"damage_healed":0.0,"max_hp_gain":0.0,"max_hp_loss":16.0,"gold_gain":2.0,"event_name":"betterStone:BetterStone","player_choice":"2","floor":20.0,"gold_loss":0.0,"damage_taken":0.0},{"damage_healed":0.0,"max_hp_gain":0.0,"max_hp_loss":0.0,"gold_gain":0.0,"event_name":"Lab","player_choice":"Got Potions","floor":22.0,"gold_loss":0.0,"damage_taken":0.0},{"damage_healed":0.0,"max_hp_gain":0.0,"max_hp_loss":28.0,"gold_gain":0.0,"event_name":"Vampires","player_choice":"Became a vampire","floor":27.0,"gold_loss":0.0,"damage_taken":0.0,"cards_obtained":["Bite","Bite","Bite","Bite","Bite"]},{"cards_removed":["ReplayTheSpireMod:Limb From Limb"],"damage_healed":0.0,"max_hp_gain":0.0,"max_hp_loss":0.0,"gold_gain":0.0,"event_name":"Purifier","player_choice":"Purged","floor":36.0,"gold_loss":0.0,"damage_taken":0.0},{"damage_healed":0.0,"max_hp_gain":0.0,"max_hp_loss":0.0,"gold_gain":275.0,"event_name":"Golden Shrine","player_choice":"Desecrate","floor":38.0,"gold_loss":0.0,"damage_taken":0.0,"cards_obtained":["Regret"]}],"is_beta":false,"boss_relics":[{"not_picked":["hubris:Stopwatch","Runic Pyramid"],"picked":"Painkiller Herb"},{"not_picked":["Electric Blood","conspire:SeveredTorchhead"],"picked":"Calling Bell"}],"items_purged_floors":[0],"is_endless":false,"potions_floor_spawned":[1,4,13,16,21,23,35,40,42,45],"killed_by":"conspire:OrnateMirror","ascension_level":6}}