{"host":"rz8ryyppw1rffr47","time":1611678291,"event":{"mods":["BaseMod","BetterRewards","Downfall","Googly Eyes","Minty Spire (QoL Compilation)","Quick Restart","Replay The Spire","StSLib","everything is the same but u backflip on backflip","slay the spire mod where everything is the same but ironclad has a cowboy hat"],"gold_per_floor":[114,114,42,42,53,53,53,67,67,242,14,14,14,32,32,137,137,157,157,72,72,82,82,96,144,144,162,162,177,32,50,50,155,155,175,225,248,262,262,262,297,322,349,97,114,114,114],"floor_reached":46,"language":"ENG","playtime":1839,"items_purged":["Doubt","Strike_G+1"],"score":806,"play_id":"388af1b7-7622-400e-bb13-84eafb715c2c","local_time":"20210126162451","is_ascension_mode":false,"campfire_choices":[{"data":"Noxious Fumes","floor":6,"key":"SMITH"},{"data":"Dodge and Roll","floor":13,"key":"SMITH"},{"data":"Sneak Up","floor":15,"key":"SMITH"},{"floor":23,"key":"REST"},{"floor":28,"key":"REST"},{"floor":32,"key":"REST"},{"floor":40,"key":"REST"}],"circlet_count":0,"master_deck":["Strike_G","Strike_G","Strike_G","Strike_G+1","Defend_G","Defend_G","Defend_G","Defend_G","Defend_G","Survivor+1","Neutralize","Noxious Fumes+1","Noxious Fumes+1","Noxious Fumes+1","Dodge and Roll+1","Sneak Up+1","Necronomicurse","Pot Of Greed","Pot Of Greed"],"relics":["Ring of the Serpent","White Beast Statue","Guide Book","Necronomicon","TungstenRod","Centennial Puzzle","Byrd Skull","Grinning Jar","SacredBark","Ginger","Simple Rune","Shovel","Omamori","Strawberry","MealTicket"],"acts_visited":["Exordium","TheCity","TheBeyond"],"potions_floor_usage":[16,16,22,25,25,25,27,33,33,33,36,38,38,41,45,45,45,46],"damage_taken":[{"damage":3,"enemies":"Small Slimes","floor":1,"turns":4},{"damage":10,"enemies":"2 Louse","floor":5,"turns":4},{"damage":3,"enemies":"Jaw Worm","floor":8,"turns":4},{"damage":1,"enemies":"2 Fungi Beasts","floor":14,"turns":4},{"damage":5,"enemies":"Fading Forest","floor":16,"turns":11},{"damage":10,"enemies":"Chosen","floor":18,"turns":7},{"damage":9,"enemies":"2 Thieves","floor":22,"turns":4},{"damage":0,"enemies":"Chosen and Byrds","floor":24,"turns":6},{"damage":19,"enemies":"Slavers","floor":25,"turns":5},{"damage":5,"enemies":"Snecko","floor":27,"turns":6},{"damage":11,"enemies":"Cultist and Chosen","floor":29,"turns":7},{"damage":7,"enemies":"Snake Plant","floor":31,"turns":6},{"damage":35,"enemies":"Pondfish","floor":33,"turns":10},{"damage":9,"enemies":"3 Darklings","floor":35,"turns":5},{"damage":19,"enemies":"Mind Bloom Boss Battle","floor":36,"turns":8},{"damage":16,"enemies":"Orb Walker","floor":38,"turns":6},{"damage":20,"enemies":"R_Hoarder","floor":41,"turns":9},{"damage":26,"enemies":"Transient","floor":45,"turns":5},{"damage":1,"enemies":"4 Shapes","floor":46,"turns":3}],"seed_played":"2059699389140384481","potions_obtained":[{"floor":1,"key":"CultistPotion"},{"floor":5,"key":"Weak Potion"},{"floor":14,"key":"AttackPotion"},{"floor":16,"key":"ColorlessPotion"},{"floor":18,"key":"Fire Potion"},{"floor":22,"key":"Fire Potion"},{"floor":24,"key":"champ:CounterPotion"},{"floor":25,"key":"Adrenaline Potion"},{"floor":27,"key":"Energy Potion"},{"floor":29,"key":"Weak Potion"},{"floor":31,"key":"PowerPotion"},{"floor":33,"key":"GamblersBrew"},{"floor":35,"key":"champ:CounterPotion"},{"floor":36,"key":"Elixir"},{"floor":38,"key":"hexamod:SoulburnPotion"},{"floor":41,"key":"Guardian:BlockOnCardUsePotion"},{"floor":45,"key":"Weak Potion"}],"is_trial":false,"path_per_floor":["M","?","$","?","M","R","$","M","T","?","$","?","R","M","R","B",null,"M","?","?","?","M","R","M","E","T","M","R","M","$","M","R","B",null,"M","?","T","M","?","R","E","T","T","$","M","M"],"character_chosen":"THE_SILENT","items_purchased":["Noxious Fumes","Noxious Fumes","Guide Book","Grinning Jar","MealTicket"],"campfire_rested":4,"item_purchase_floors":[0,3,11,30,44],"current_hp_per_floor":[57,62,62,62,52,52,52,49,49,49,49,49,49,48,48,65,65,55,39,39,39,30,49,49,30,30,25,44,33,33,26,45,10,65,56,37,37,21,21,40,20,20,27,27,1,0,0],"gold":114,"neow_bonus":"","is_daily":false,"chose_seed":false,"campfire_upgraded":3,"win_rate":0.0,"timestamp":1611678291,"path_taken":["M","?","$","?","M","R","$","M","T","?","$","?","R","M","R","BOSS","M","?","?","?","?","R","M","E","T","M","R","?","$","M","R","BOSS","M","?","?","M","?","R","E","?","T","$","M","?"],"items_purchased_type":["Card","Card","Relic","Relic","Relic"],"build_version":"2020-12-22","purchased_purges":2,"victory":false,"max_hp_per_floor":[60,65,65,65,65,65,65,65,65,65,65,65,65,65,65,65,65,65,65,65,65,65,65,65,65,65,65,65,65,65,65,65,65,65,65,65,65,65,65,65,65,65,72,72,72,72,72],"card_choices":[{"not_picked":["Acrobatics","Deadly Poison","Caltrops"],"picked":"SKIP","floor":1},{"not_picked":["Tactician","Caltrops"],"picked":"Dodge and Roll","floor":5},{"not_picked":["Poisoned Stab","Accuracy","Choke"],"picked":"SKIP","floor":8},{"not_picked":["Underhanded Strike","Flying Knee"],"picked":"Sneak Up","floor":14},{"not_picked":["Tactician","PiercingWail","Leg Sweep"],"picked":"SKIP","floor":18},{"not_picked":["Dash","Underhanded Strike+1","Leg Sweep"],"picked":"SKIP","floor":22},{"not_picked":["Eviscerate","Setup","Quick Slash"],"picked":"SKIP","floor":24},{"not_picked":["Deflect","PiercingWail","Flying Knee"],"picked":"SKIP","floor":25},{"not_picked":["Quick Slash+1","Unload","Cloak And Dagger"],"picked":"SKIP","floor":27},{"not_picked":["Cloak And Dagger","Acrobatics","Leg Sweep+1"],"picked":"SKIP","floor":29},{"not_picked":["Hidden Blade","Dagger Spray","Leg Sweep"],"picked":"SKIP","floor":31},{"not_picked":["Acrobatics+1","Outmaneuver+1","Underhanded Strike+1"],"picked":"SKIP","floor":35},{"not_picked":["Dagger Throw","Dagger Spray","Deadly Poison"],"picked":"SKIP","floor":38},{"not_picked":["ReplayTheSpireMod:Scrap Shanks","Bane+1","Flying Knee"],"picked":"SKIP","floor":41},{"not_picked":["Underhanded Strike","Deadly Poison","Slice+1"],"picked":"SKIP","floor":45}],"player_experience":392935,"relics_obtained":[{"floor":9,"key":"White Beast Statue"},{"floor":19,"key":"Necronomicon"},{"floor":25,"key":"Centennial Puzzle"},{"floor":26,"key":"Byrd Skull"},{"floor":36,"key":"Ginger"},{"floor":37,"key":"Simple Rune"},{"floor":41,"key":"Shovel"},{"floor":42,"key":"Omamori"},{"floor":43,"key":"Strawberry"}],"event_choices":[{"damage_healed":0,"gold_gain":0,"player_choice":"Donut","damage_taken":0,"max_hp_gain":5,"max_hp_loss":0,"event_name":"Big Fish","floor":2,"gold_loss":0},{"damage_healed":0,"gold_gain":0,"player_choice":"Leave","damage_taken":0,"max_hp_gain":0,"max_hp_loss":0,"event_name":"The Cleric","floor":4,"gold_loss":0},{"damage_healed":0,"gold_gain":175,"player_choice":"AGREE","damage_taken":0,"max_hp_gain":0,"max_hp_loss":0,"event_name":"Liars Game","floor":10,"gold_loss":0,"cards_obtained":["Doubt"]},{"damage_healed":0,"gold_gain":0,"player_choice":"Obtained Book","damage_taken":16,"max_hp_gain":0,"max_hp_loss":0,"event_name":"Cursed Tome","floor":19,"gold_loss":0},{"damage_healed":0,"gold_gain":0,"player_choice":"Obtained Relic","damage_taken":0,"relics_obtained":["TungstenRod"],"max_hp_gain":0,"max_hp_loss":0,"event_name":"Addict","floor":20,"gold_loss":85},{"damage_healed":0,"gold_gain":0,"player_choice":"Forge","damage_taken":0,"max_hp_gain":0,"max_hp_loss":0,"event_name":"Accursed Blacksmith","floor":21,"gold_loss":0,"cards_upgraded":["Survivor"]},{"damage_healed":0,"gold_gain":0,"player_choice":"Fight","damage_taken":0,"max_hp_gain":0,"max_hp_loss":0,"event_name":"MindBloom","floor":36,"gold_loss":0},{"damage_healed":0,"gold_gain":0,"player_choice":"Memory 1","damage_taken":0,"max_hp_gain":0,"max_hp_loss":0,"event_name":"SensoryStone","floor":39,"gold_loss":0}],"is_beta":false,"boss_relics":[{"not_picked":["Empty Cage","Runic Dome"],"picked":"Ring of the Serpent"},{"not_picked":["Sozu","Replay:Ancient Bell"],"picked":"SacredBark"}],"items_purged_floors":[11,44],"is_endless":false,"potions_floor_spawned":[1,5,14,16,18,22,24,25,27,29,31,33,35,36,38,41,45],"killed_by":"4 Shapes","ascension_level":0}}