{"host":"h1qktzcccqnez8tx","time":1611669559,"event":{"mods":["AchievementEnabler","BaseMod","Bestiary","Better Note","Block Reminder","Colored Map","Colored Powertips","Curses Come First","Highlight Path","Minty Spire (QoL Compilation)","Permanent Neow","Quick Restart","Relic Stats","StSLib","UnlockEverythingMod"],"gold_per_floor":[111,128,143,143,67,67,17,59,59,35,76,99,99,142,142,253,253,280,293,190,211,58,58,98,129,141,177,139,151,123,155,167,291,303,364,396,428,64,64,73,73,73,73],"floor_reached":42,"language":"ENG","playtime":2464,"items_purged":["Strike_R"],"score":576,"play_id":"64db7110-9e43-484d-858e-e3d64be32ef2","local_time":"20210126145919","is_ascension_mode":true,"campfire_choices":[{"floor":6,"key":"RECALL"},{"floor":13,"key":"REST"},{"floor":15,"key":"REST"},{"floor":23,"key":"REST"},{"floor":29,"key":"REST"},{"floor":32,"key":"REST"},{"floor":40,"key":"REST"}],"circlet_count":0,"master_deck":["Strike_R","Strike_R+1","Strike_R","Strike_R","Defend_R","Defend_R","Defend_R","Defend_R","Wild Strike","Clothesline","Pummel","Corruption","Fire Breathing","Flex","Impervious","Rage","Perfected Strike","Shrug It Off","Perfected Strike","Feed","Clash+1","Battle Trance+1","Hemokinesis+1","Whirlwind","Whirlwind+1","Thunderclap","Whirlwind+1","Inflame+1","Burning Pact","Berserk","Seeing Red+1","Shockwave+1","Second Wind+1"],"relics":["Fusion Hammer","CeramicFish","Bottled Lightning","Omamori","Vajra","Mark of Pain","Orrery","Toolbox","MawBank","Dream Catcher","Runic Pyramid","Mercury Hourglass"],"acts_visited":["Exordium","TheCity","TheBeyond"],"potions_floor_usage":[33,37,42],"damage_taken":[{"damage":3,"enemies":"2 Louse","floor":1,"turns":3},{"damage":0,"enemies":"Cultist","floor":2,"turns":2},{"damage":0,"enemies":"Small Slimes","floor":3,"turns":2},{"damage":30,"enemies":"3 Sentries","floor":8,"turns":6},{"damage":10,"enemies":"Gremlin Nob","floor":11,"turns":4},{"damage":11,"enemies":"Looter","floor":12,"turns":2},{"damage":13,"enemies":"Lagavulin","floor":14,"turns":7},{"damage":12,"enemies":"Slime Boss","floor":16,"turns":9},{"damage":0,"enemies":"Spheric Guardian","floor":18,"turns":3},{"damage":12,"enemies":"Chosen","floor":19,"turns":2},{"damage":24,"enemies":"Snake Plant","floor":21,"turns":2},{"damage":9,"enemies":"Chosen and Byrds","floor":24,"turns":3},{"damage":0,"enemies":"Slavers","floor":25,"turns":1},{"damage":9,"enemies":"Cultist and Chosen","floor":27,"turns":4},{"damage":18,"enemies":"Snecko","floor":31,"turns":3},{"damage":69,"enemies":"Collector","floor":33,"turns":8},{"damage":8,"enemies":"3 Shapes","floor":35,"turns":4},{"damage":32,"enemies":"3 Darklings","floor":36,"turns":4},{"damage":20,"enemies":"Writhing Mass","floor":37,"turns":4},{"damage":61,"enemies":"Giant Head","floor":42,"turns":6}],"seed_played":"-4665262397577794885","potions_obtained":[{"floor":2,"key":"SteroidPotion"},{"floor":11,"key":"Ancient Potion"},{"floor":16,"key":"GamblersBrew"},{"floor":18,"key":"FairyPotion"},{"floor":37,"key":"PowerPotion"}],"is_trial":false,"path_per_floor":["M","M","M","?","$","R","$","E","T","$","E","M","R","E","R","B",null,"M","M","$","M","$","R","M","E","T","M","?","R","?","M","R","B",null,"M","M","M","$","?","R","?","E"],"character_chosen":"IRONCLAD","items_purchased":["Fire Breathing","Flex","Rage","Orrery","Toolbox","Mercury Hourglass","SpeedPotion"],"campfire_rested":6,"item_purchase_floors":[5,7,10,20,22,38,38],"current_hp_per_floor":[77,77,77,77,77,77,77,47,47,47,37,26,50,37,61,49,72,72,63,63,39,39,63,54,54,54,45,45,69,69,51,75,6,64,56,24,4,4,4,27,27,0,0],"gold":73,"neow_bonus":"BOSS_RELIC","is_daily":false,"chose_seed":false,"campfire_upgraded":0,"win_rate":0.0,"timestamp":1611669559,"path_taken":["M","M","M","?","?","R","$","E","T","$","E","M","R","E","R","BOSS","M","M","$","M","$","R","M","E","T","M","?","R","?","M","R","BOSS","M","M","?","$","?","R","?","E"],"items_purchased_type":["Card","Card","Card","Relic","Relic","Relic","Potion"],"build_version":"2020-12-22","purchased_purges":1,"victory":false,"max_hp_per_floor":[80,80,80,80,80,80,80,80,80,80,80,80,80,80,80,80,80,80,83,83,83,83,83,83,83,83,83,83,83,83,83,83,83,83,83,83,83,83,79,79,79,79,79],"relic_stats":{"Dream Catcher":3,"counters":[20,79],"CeramicFish":171,"MawBank":156,"obtain_stats":[{"CeramicFish":8,"Vajra":14,"Omamori":11,"MawBank":25,"Burning Blood":0,"Mercury Hourglass":38,"Dream Catcher":26,"Orrery":20,"Toolbox":22,"Fusion Hammer":0,"Mark of Pain":17,"Bottled Lightning":9,"Runic Pyramid":34},{"CeramicFish":4,"Vajra":7,"Omamori":5,"MawBank":13,"Burning Blood":0,"Mercury Hourglass":19,"Dream Catcher":13,"Orrery":10,"Toolbox":11,"Fusion Hammer":0,"Mark of Pain":8,"Bottled Lightning":4,"Runic Pyramid":16},{"CeramicFish":13,"Vajra":26,"Omamori":17,"MawBank":46,"Burning Blood":0,"Mercury Hourglass":73,"Dream Catcher":46,"Orrery":40,"Toolbox":42,"Fusion Hammer":0,"Mark of Pain":35,"Bottled Lightning":13,"Runic Pyramid":61}],"Mercury Hourglass":[18]},"card_choices":[{"not_picked":["Sword Boomerang","True Grit"],"picked":"Wild Strike","floor":1},{"not_picked":["Rupture","Hemokinesis"],"picked":"Clothesline","floor":2},{"not_picked":["Thunderclap","Blood for Blood"],"picked":"Pummel","floor":3},{"not_picked":["True Grit","Uppercut"],"picked":"Impervious","floor":8},{"not_picked":["Thunderclap","Cleave"],"picked":"Perfected Strike","floor":11},{"not_picked":["Spot Weakness","Rupture"],"picked":"Shrug It Off","floor":12},{"not_picked":["Double Tap","Dark Embrace"],"picked":"Perfected Strike","floor":14},{"not_picked":["Fiend Fire","Juggernaut"],"picked":"Feed","floor":16},{"not_picked":["Metallicize","Body Slam"],"picked":"Clash+1","floor":18},{"not_picked":["Havoc","Headbutt","Dark Embrace"],"picked":"SKIP","floor":19},{"not_picked":["Sentinel","Disarm"],"picked":"Battle Trance+1","floor":20},{"not_picked":["Bludgeon","Wild Strike"],"picked":"Hemokinesis+1","floor":20},{"not_picked":["Anger","Warcry"],"picked":"Whirlwind","floor":20},{"not_picked":["Flex+1","Uppercut"],"picked":"Whirlwind","floor":20},{"not_picked":["Clash+1","Body Slam+1"],"picked":"Thunderclap","floor":20},{"not_picked":["Blood for Blood","Rupture"],"picked":"Whirlwind+1","floor":21},{"not_picked":["Armaments","Sword Boomerang+1"],"picked":"Inflame+1","floor":24},{"not_picked":["Burning Pact","Reaper","Heavy Blade"],"picked":"SKIP","floor":25},{"not_picked":["Sentinel","Reckless Charge"],"picked":"Burning Pact","floor":27},{"not_picked":["Clothesline","Heavy Blade","Hemokinesis+1"],"picked":"SKIP","floor":31},{"not_picked":["Barricade","Brutality"],"picked":"Berserk","floor":33},{"not_picked":["Pommel Strike","Dark Embrace"],"picked":"Seeing Red+1","floor":35},{"not_picked":["Warcry","Cleave"],"picked":"Shockwave+1","floor":36},{"not_picked":["True Grit","Cleave+1","Headbutt"],"picked":"SKIP","floor":37},{"not_picked":["Body Slam+1","Armaments"],"picked":"Second Wind+1","floor":40}],"player_experience":180998,"relics_obtained":[{"floor":8,"key":"CeramicFish"},{"floor":9,"key":"Bottled Lightning"},{"floor":11,"key":"Omamori"},{"floor":14,"key":"Vajra"},{"floor":25,"key":"MawBank"},{"floor":26,"key":"Dream Catcher"}],"event_choices":[{"damage_healed":0,"gold_gain":0,"player_choice":"1 cards matched","damage_taken":0,"max_hp_gain":0,"max_hp_loss":0,"event_name":"Match and Keep!","floor":4,"gold_loss":0,"cards_obtained":["Corruption"]},{"damage_healed":0,"gold_gain":0,"player_choice":"Bet on Owner","damage_taken":0,"max_hp_gain":0,"max_hp_loss":0,"event_name":"The Joust","floor":28,"gold_loss":50},{"damage_healed":0,"gold_gain":0,"player_choice":"Upgraded Two","damage_taken":0,"max_hp_gain":0,"max_hp_loss":0,"event_name":"Designer","floor":30,"gold_loss":40,"cards_upgraded":["Strike_R","Whirlwind"]},{"damage_healed":0,"gold_gain":0,"player_choice":"Max HP","damage_taken":0,"max_hp_gain":0,"max_hp_loss":4,"event_name":"Winding Halls","floor":39,"gold_loss":0},{"cards_removed":["Bash"],"damage_healed":0,"gold_gain":0,"player_choice":"Removed Attack","damage_taken":0,"max_hp_gain":0,"max_hp_loss":0,"event_name":"Falling","floor":41,"gold_loss":0}],"is_beta":false,"boss_relics":[{"not_picked":["SacredBark","Busted Crown"],"picked":"Mark of Pain"},{"not_picked":["Runic Cube","Black Star"],"picked":"Runic Pyramid"}],"items_purged_floors":[38],"is_endless":false,"potions_floor_spawned":[2,11,16,18,21,27,31,37],"killed_by":"Giant Head","ascension_level":5}}