{"host":"yd6hhqps9de4qmof","time":1611660998,"event":{"mods":["BaseMod","Downfall","Hermit","Highlight Path","Jorbs\u0027s Wanderer Trilogy","Minty Spire (QoL Compilation)","Relic Stats","Robot Space Explorer","Shade Mod","StSLib","The Cursed","The Disciple","The Marked","The Servant 0.9.4"],"gold_per_floor":[111,42,42,42,57,57,91,91,116,126,159,177,277,310,310,410,410,425,443,469,245,160,191,211,211,238,267,267,281,281,281,281,377,377,392,94,106,106,123,158,158,192,192,207,207,207,227,227,227,227,227,227,69,94,94,94],"floor_reached":55,"language":"ENG","playtime":2366,"items_purged":["RobotSpaceExplorer:Strike"],"score":931,"play_id":"ea79c24b-35af-4994-95a0-d6da33dd10c2","local_time":"20210126123638","is_ascension_mode":true,"campfire_choices":[{"data":"RobotSpaceExplorer:Accelerator","floor":6,"key":"SMITH"},{"data":"RobotSpaceExplorer:PowerCollector","floor":8,"key":"SMITH"},{"floor":15,"key":"REST"},{"floor":25,"key":"REST"},{"floor":28,"key":"REST"},{"floor":30,"key":"REST"},{"data":"RobotSpaceExplorer:ShovelStrike","floor":32,"key":"SMITH"},{"floor":41,"key":"REST"},{"floor":46,"key":"RECALL"},{"data":"RobotSpaceExplorer:ShockMissile","floor":49,"key":"SMITH"},{"data":"RobotSpaceExplorer:StarDust","floor":52,"key":"SMITH"}],"circlet_count":0,"master_deck":["RobotSpaceExplorer:Strike","RobotSpaceExplorer:Strike","RobotSpaceExplorer:Strike","RobotSpaceExplorer:Defend","RobotSpaceExplorer:Defend","RobotSpaceExplorer:Defend","RobotSpaceExplorer:Defend","RobotSpaceExplorer:Scan","RobotSpaceExplorer:MiniLasers","RobotSpaceExplorer:StarDust+1","RobotSpaceExplorer:PowerCollector+1","RobotSpaceExplorer:Accelerator+1","RobotSpaceExplorer:Probe","RobotSpaceExplorer:ShovelStrike+1","RobotSpaceExplorer:ScrapShield","RobotSpaceExplorer:TrailblazerForm","RobotSpaceExplorer:Pulsar","RobotSpaceExplorer:ScrapShield","RobotSpaceExplorer:Multitool","RobotSpaceExplorer:Fix","RobotSpaceExplorer:StarLightning","RobotSpaceExplorer:Jetpack+1","RobotSpaceExplorer:FreezeRay+1","RobotSpaceExplorer:Pulsar+1","RobotSpaceExplorer:ChargingLaser","RobotSpaceExplorer:DoubleFind","RobotSpaceExplorer:BigMissile+1","RobotSpaceExplorer:Pulsar+1","RobotSpaceExplorer:Scanner","RobotSpaceExplorer:Probe+1","RobotSpaceExplorer:JunkDive+1","RobotSpaceExplorer:ShockMissile+1","RobotSpaceExplorer:ScrapToss","Enlightenment","RobotSpaceExplorer:Electroshield"],"relics":["Sozu","RobotSpaceExplorer:BottledGravity","Boot","Shuriken","Incense Burner","RobotSpaceExplorer:Reprocessor","Dream Catcher","Lantern","hexamod:Sixitude","Oddly Smooth Stone","Bronze Scales","Ice Cream","sneckomod:BabySnecko","RobotSpaceExplorer:SearchSpecs","RobotSpaceExplorer:RingOfTheNewt","Spirit Poop","Darkstone Periapt","Art of War","hexamod:BolsterEngine"],"acts_visited":["Exordium","TheCity","TheBeyond","TheEnding"],"potions_floor_usage":[],"damage_taken":[{"damage":0,"enemies":"Cultist","floor":1,"turns":4},{"damage":0,"enemies":"2 Louse","floor":5,"turns":2},{"damage":24,"enemies":"Gremlin Nob","floor":7,"turns":4},{"damage":0,"enemies":"Small Slimes","floor":10,"turns":2},{"damage":4,"enemies":"Lagavulin","floor":11,"turns":6},{"damage":0,"enemies":"Exordium Thugs","floor":12,"turns":3},{"damage":25,"enemies":"Gremlin Nob","floor":14,"turns":4},{"damage":26,"enemies":"Slime Boss","floor":16,"turns":6},{"damage":6,"enemies":"Spheric Guardian","floor":18,"turns":4},{"damage":12,"enemies":"3 Byrds","floor":19,"turns":5},{"damage":10,"enemies":"Gremlin Leader","floor":23,"turns":4},{"damage":10,"enemies":"Snecko","floor":24,"turns":3},{"damage":27,"enemies":"Slavers","floor":27,"turns":7},{"damage":9,"enemies":"Centurion and Healer","floor":29,"turns":5},{"damage":10,"enemies":"Collector","floor":33,"turns":7},{"damage":17,"enemies":"3 Darklings","floor":35,"turns":4},{"damage":7,"enemies":"3 Shapes","floor":37,"turns":3},{"damage":4,"enemies":"Spire Growth","floor":39,"turns":2},{"damage":6,"enemies":"Giant Head","floor":40,"turns":8},{"damage":0,"enemies":"Nemesis","floor":42,"turns":4},{"damage":10,"enemies":"4 Shapes","floor":44,"turns":3},{"damage":0,"enemies":"Sphere and 2 Shapes","floor":47,"turns":4},{"damage":34,"enemies":"Time Eater","floor":50,"turns":7},{"damage":53,"enemies":"Shield and Spear","floor":54,"turns":4},{"damage":49,"enemies":"The Heart","floor":55,"turns":2}],"seed_played":"-4208231305380592830","potions_obtained":[],"is_trial":false,"path_per_floor":["M","$","$","?","M","R","E","R","T","M","E","M","?","E","R","B",null,"M","M","T","$","?","E","M","R","T","E","R","M","R","?","R","B",null,"M","$","M","?","M","E","R","E","T","M","?","R","M","?","R","B",null,"R","$","E","B"],"character_chosen":"RobotSpaceExplorer","items_purchased":["RobotSpaceExplorer:PowerCollector","Lantern","RobotSpaceExplorer:RingOfTheNewt","RobotSpaceExplorer:ScrapToss","Enlightenment"],"campfire_rested":5,"item_purchase_floors":[2,21,36,53,53],"current_hp_per_floor":[75,75,75,75,75,75,51,51,51,51,47,47,47,22,44,18,75,69,57,57,57,57,51,41,63,63,40,62,57,75,75,75,65,75,58,58,55,55,55,53,75,75,75,69,69,69,73,73,73,41,75,75,75,22,0,0],"gold":94,"neow_bonus":"BOSS_RELIC","is_daily":false,"chose_seed":false,"campfire_upgraded":5,"win_rate":0.0,"timestamp":1611660998,"path_taken":["M","?","$","?","M","R","E","R","T","?","E","M","?","E","R","BOSS","M","M","?","$","?","E","M","R","T","E","R","M","R","?","R","BOSS","M","$","M","?","?","E","R","E","T","M","?","R","M","?","R","BOSS","R","$","E","BOSS"],"items_purchased_type":["Card","Relic","Relic","Card","Card"],"build_version":"2020-12-22","purchased_purges":1,"victory":false,"max_hp_per_floor":[75,75,75,75,75,75,75,75,75,75,75,75,75,75,75,75,75,75,75,75,75,75,75,75,75,75,75,75,75,75,75,75,75,75,75,75,75,75,75,75,75,75,75,75,75,75,75,75,75,75,75,75,75,75,75,75],"relic_stats":{"Sozu":14,"Darkstone Periapt":0,"Dream Catcher":4,"counters":[25,107],"Shuriken":[48],"Bronze Scales":[180],"Art of War":[1],"Boot":[128],"obtain_stats":[{"Ice Cream":27,"Darkstone Periapt":40,"Lantern":21,"hexamod:Sixitude":22,"Oddly Smooth Stone":23,"Spirit Poop":38,"RobotSpaceExplorer:RoboCore":0,"RobotSpaceExplorer:RingOfTheNewt":36,"Incense Burner":14,"RobotSpaceExplorer:Reprocessor":17,"Boot":9,"Sozu":0,"sneckomod:BabySnecko":31,"Dream Catcher":20,"RobotSpaceExplorer:BottledGravity":7,"Shuriken":11,"Bronze Scales":26,"RobotSpaceExplorer:SearchSpecs":34,"Art of War":42,"hexamod:BolsterEngine":54},{"Ice Cream":13,"Darkstone Periapt":19,"Lantern":10,"hexamod:Sixitude":10,"Oddly Smooth Stone":11,"Spirit Poop":17,"RobotSpaceExplorer:RoboCore":0,"RobotSpaceExplorer:RingOfTheNewt":16,"Incense Burner":7,"RobotSpaceExplorer:Reprocessor":8,"Boot":3,"Sozu":0,"sneckomod:BabySnecko":14,"Dream Catcher":10,"RobotSpaceExplorer:BottledGravity":3,"Shuriken":5,"Bronze Scales":12,"RobotSpaceExplorer:SearchSpecs":15,"Art of War":20,"hexamod:BolsterEngine":24},{"Ice Cream":54,"Darkstone Periapt":83,"Lantern":40,"hexamod:Sixitude":40,"Oddly Smooth Stone":44,"Spirit Poop":73,"RobotSpaceExplorer:RoboCore":0,"RobotSpaceExplorer:RingOfTheNewt":70,"Incense Burner":25,"RobotSpaceExplorer:Reprocessor":31,"Boot":10,"Sozu":0,"sneckomod:BabySnecko":59,"Dream Catcher":40,"RobotSpaceExplorer:BottledGravity":10,"Shuriken":18,"Bronze Scales":47,"RobotSpaceExplorer:SearchSpecs":66,"Art of War":87,"hexamod:BolsterEngine":105}]},"card_choices":[{"not_picked":["RobotSpaceExplorer:FranticSearch","RobotSpaceExplorer:Ammunition"],"picked":"RobotSpaceExplorer:StarDust","floor":1},{"not_picked":["RobotSpaceExplorer:StunGrenade","RobotSpaceExplorer:Electroshield"],"picked":"RobotSpaceExplorer:ShovelStrike","floor":5},{"not_picked":["RobotSpaceExplorer:SlimeMissile","RobotSpaceExplorer:FrostMissile"],"picked":"RobotSpaceExplorer:ScrapShield","floor":7},{"not_picked":["RobotSpaceExplorer:GlueShot","RobotSpaceExplorer:MetalStrike","RobotSpaceExplorer:FrostMissile"],"picked":"SKIP","floor":10},{"not_picked":["RobotSpaceExplorer:Asteroid","RobotSpaceExplorer:Electroshield"],"picked":"RobotSpaceExplorer:TrailblazerForm","floor":11},{"not_picked":["RobotSpaceExplorer:SlimeMissile","RobotSpaceExplorer:Ammunition"],"picked":"RobotSpaceExplorer:Pulsar","floor":12},{"not_picked":["RobotSpaceExplorer:ToxicBomb","RobotSpaceExplorer:Electropulse"],"picked":"RobotSpaceExplorer:ScrapShield","floor":14},{"not_picked":["RobotSpaceExplorer:Explosion","RobotSpaceExplorer:Wormhole"],"picked":"RobotSpaceExplorer:Multitool","floor":16},{"not_picked":["RobotSpaceExplorer:SwiftStep+1","RobotSpaceExplorer:Ammunition","RobotSpaceExplorer:StunGrenade"],"picked":"SKIP","floor":18},{"not_picked":["RobotSpaceExplorer:GlueSpray","RobotSpaceExplorer:FranticSearch+1"],"picked":"RobotSpaceExplorer:Fix","floor":19},{"not_picked":["RobotSpaceExplorer:ShockMissile","RobotSpaceExplorer:MetalStrike"],"picked":"RobotSpaceExplorer:StarLightning","floor":23},{"not_picked":["RobotSpaceExplorer:SlimeMissile","RobotSpaceExplorer:GlueShot"],"picked":"RobotSpaceExplorer:Jetpack+1","floor":24},{"not_picked":["RobotSpaceExplorer:SurgingShield","RobotSpaceExplorer:ToxicBomb"],"picked":"RobotSpaceExplorer:FreezeRay+1","floor":25},{"not_picked":["RobotSpaceExplorer:GlueShot","RobotSpaceExplorer:Jetpack","RobotSpaceExplorer:FranticSearch"],"picked":"SKIP","floor":27},{"not_picked":["RobotSpaceExplorer:ShovelStrike","RobotSpaceExplorer:LaserBurst"],"picked":"RobotSpaceExplorer:Pulsar+1","floor":28},{"not_picked":["RobotSpaceExplorer:MetalStrike","RobotSpaceExplorer:BlastShield","RobotSpaceExplorer:SwiftStep"],"picked":"SKIP","floor":29},{"not_picked":["RobotSpaceExplorer:BlastShield","RobotSpaceExplorer:Exploration"],"picked":"RobotSpaceExplorer:ChargingLaser","floor":33},{"not_picked":["RobotSpaceExplorer:MetalStrike","RobotSpaceExplorer:ScrapMissile"],"picked":"RobotSpaceExplorer:DoubleFind","floor":35},{"not_picked":["RobotSpaceExplorer:ScrapShield","RobotSpaceExplorer:FranticSearch"],"picked":"RobotSpaceExplorer:BigMissile+1","floor":37},{"not_picked":["RobotSpaceExplorer:ShockKick","RobotSpaceExplorer:SurgingStrike+1"],"picked":"RobotSpaceExplorer:Pulsar+1","floor":39},{"not_picked":["RobotSpaceExplorer:FreezingShield+1","RobotSpaceExplorer:DoubleBlock"],"picked":"RobotSpaceExplorer:Scanner","floor":40},{"not_picked":["RobotSpaceExplorer:DoubleFind+1","RobotSpaceExplorer:GlueShot+1"],"picked":"RobotSpaceExplorer:Probe+1","floor":41},{"not_picked":["RobotSpaceExplorer:Probe","RobotSpaceExplorer:GlueSpray+1"],"picked":"RobotSpaceExplorer:JunkDive+1","floor":42},{"not_picked":["RobotSpaceExplorer:StunGrenade+1","RobotSpaceExplorer:Electropulse+1","RobotSpaceExplorer:SlimeMissile"],"picked":"SKIP","floor":44},{"not_picked":["RobotSpaceExplorer:DoubleFind+1","RobotSpaceExplorer:Electroshield+1"],"picked":"RobotSpaceExplorer:ShockMissile","floor":47},{"not_picked":["RobotSpaceExplorer:TurboDodge","RobotSpaceExplorer:SurgingStrike"],"picked":"RobotSpaceExplorer:Electroshield","floor":54}],"player_experience":1182080,"relics_obtained":[{"floor":7,"key":"RobotSpaceExplorer:BottledGravity"},{"floor":9,"key":"Boot"},{"floor":11,"key":"Shuriken"},{"floor":14,"key":"Incense Burner"},{"floor":20,"key":"Dream Catcher"},{"floor":23,"key":"Oddly Smooth Stone"},{"floor":26,"key":"Bronze Scales"},{"floor":27,"key":"Ice Cream"},{"floor":40,"key":"Darkstone Periapt"},{"floor":42,"key":"Art of War"},{"floor":54,"key":"hexamod:BolsterEngine"}],"event_choices":[{"damage_healed":0,"gold_gain":0,"player_choice":"2 cards matched","damage_taken":0,"max_hp_gain":0,"max_hp_loss":0,"event_name":"Match and Keep!","floor":4,"gold_loss":0,"cards_obtained":["RobotSpaceExplorer:Accelerator","RobotSpaceExplorer:Probe"]},{"damage_healed":0,"gold_gain":100,"player_choice":"Gold","damage_taken":0,"max_hp_gain":0,"max_hp_loss":0,"event_name":"Wheel of Change","floor":13,"gold_loss":0},{"damage_healed":0,"gold_gain":0,"player_choice":"Obtained Relic","damage_taken":0,"relics_obtained":["hexamod:Sixitude"],"max_hp_gain":0,"max_hp_loss":0,"event_name":"Addict","floor":22,"gold_loss":85},{"cards_removed":["downfall:Bewildered"],"damage_healed":0,"gold_gain":0,"player_choice":"Offered Curse","damage_taken":0,"relics_obtained":["Spirit Poop"],"max_hp_gain":0,"max_hp_loss":0,"event_name":"Bonfire Elementals","floor":38,"gold_loss":0},{"damage_healed":0,"gold_gain":0,"player_choice":"Ignored","damage_taken":0,"max_hp_gain":0,"max_hp_loss":0,"event_name":"Mysterious Sphere","floor":45,"gold_loss":0},{"damage_healed":0,"gold_gain":0,"player_choice":"Got Potions","damage_taken":0,"max_hp_gain":0,"max_hp_loss":0,"event_name":"Lab","floor":48,"gold_loss":0}],"is_beta":false,"boss_relics":[{"not_picked":["SacredBark","Black Star"],"picked":"RobotSpaceExplorer:Reprocessor"},{"not_picked":["Snecko Eye","SlaversCollar"],"picked":"RobotSpaceExplorer:SearchSpecs"}],"items_purged_floors":[21],"is_endless":false,"potions_floor_spawned":[1,5,7,12,19,29,35,39,40,42],"killed_by":"The Heart","ascension_level":4}}