{"host":"ilhhjx796p2x2wmd","time":1611659782,"event":{"mods":["AchievementEnabler","BaseMod","BetterRewards","Colored Map","Colored Powertips","DeckTracker","Highlight Path","Minty Spire (QoL Compilation)","Permanent Neow","Rare Cards Sparkle","Shop Mod"],"gold_per_floor":[19,30,42,57,76,101,159,187,269,286,318,318,334,345,345,445,445,465,465,67,77,77,77,87,115,139,139,139,170,190,115,115,218,218,238,238,256,306,63,63,113,142,214,240,240,240,267,284,284,284],"floor_reached":51,"language":"KOR","playtime":2053,"items_purged":["Defend_R","Strike_R"],"score":1196,"play_id":"ee782815-ab12-4b88-ad27-b05af4bbb822","local_time":"20210126201622","is_ascension_mode":true,"campfire_choices":[{"data":"Armaments","floor":12.0,"key":"SMITH"},{"data":"Demon Form","floor":15.0,"key":"SMITH"},{"data":"1","floor":23.0,"key":"LIFT"},{"data":"2","floor":27.0,"key":"LIFT"},{"data":"3","floor":32.0,"key":"LIFT"},{"floor":40.0,"key":"REST"},{"data":"Limit Break","floor":46.0,"key":"SMITH"},{"data":"Demon Form","floor":49.0,"key":"SMITH"}],"circlet_count":0,"master_deck":["Strike_R","Strike_R","Bash","Seeing Red","Hemokinesis","True Grit","Inflame","Cleave+1","Armaments+1","Twin Strike","True Grit","Limit Break+1","Burning Pact","Inflame","Demon Form+1","Reaper+1","CurseOfTheBell","Dropkick+1","Pummel","True Grit","Flex","Battle Trance","Limit Break","Dual Wield","Heavy Blade","Fiend Fire","Shrug It Off+1","Purity","Flash of Steel","Violence","Fire Breathing+1","Inflame+1","Battle Trance","Demon Form+1"],"relics":["Burning Blood","Nunchaku","Mummified Hand","Charon\u0027s Ashes","The Courier","Anchor","Calling Bell","Omamori","Mercury Hourglass","Girya","Pantograph","Orichalcum","Whetstone","Letter Opener","SlaversCollar","Calipers","Potion Belt","Du-Vu Doll","StrikeDummy","Blue Candle","Bag of Preparation","Ancient Tea Set"],"acts_visited":["Exordium","TheCity","TheBeyond"],"potions_floor_usage":[],"damage_taken":[{"damage":12.0,"enemies":"Jaw Worm","floor":1.0,"turns":3.0},{"damage":2.0,"enemies":"2 Louse","floor":2.0,"turns":2.0},{"damage":2.0,"enemies":"Cultist","floor":3.0,"turns":2.0},{"damage":14.0,"enemies":"Looter","floor":4.0,"turns":3.0},{"damage":15.0,"enemies":"Large Slime","floor":5.0,"turns":5.0},{"damage":33.0,"enemies":"3 Sentries","floor":6.0,"turns":7.0},{"damage":18.0,"enemies":"Gremlin Nob","floor":7.0,"turns":3.0},{"damage":18.0,"enemies":"Gremlin Nob","floor":8.0,"turns":3.0},{"damage":2.0,"enemies":"Blue Slaver","floor":10.0,"turns":1.0},{"damage":10.0,"enemies":"3 Sentries","floor":11.0,"turns":4.0},{"damage":4.0,"enemies":"2 Fungi Beasts","floor":13.0,"turns":3.0},{"damage":2.0,"enemies":"Exordium Wildlife","floor":14.0,"turns":2.0},{"damage":2.0,"enemies":"Slime Boss","floor":16.0,"turns":4.0},{"damage":24.0,"enemies":"2 Thieves","floor":18.0,"turns":4.0},{"damage":13.0,"enemies":"Spheric Guardian","floor":21.0,"turns":3.0},{"damage":19.0,"enemies":"3 Cultists","floor":22.0,"turns":4.0},{"damage":4.0,"enemies":"Snecko","floor":24.0,"turns":3.0},{"damage":0.0,"enemies":"Gremlin Leader","floor":25.0,"turns":3.0},{"damage":19.0,"enemies":"Slavers","floor":29.0,"turns":3.0},{"damage":2.0,"enemies":"Chosen and Byrds","floor":30.0,"turns":3.0},{"damage":29.0,"enemies":"Automaton","floor":33.0,"turns":6.0},{"damage":6.0,"enemies":"Orb Walker","floor":35.0,"turns":2.0},{"damage":0.0,"enemies":"3 Darklings","floor":37.0,"turns":2.0},{"damage":53.0,"enemies":"2 Orb Walkers","floor":38.0,"turns":4.0},{"damage":30.0,"enemies":"Mind Bloom Boss Battle","floor":41.0,"turns":5.0},{"damage":0.0,"enemies":"Nemesis","floor":42.0,"turns":3.0},{"damage":13.0,"enemies":"Giant Head","floor":44.0,"turns":5.0},{"damage":2.0,"enemies":"Reptomancer","floor":47.0,"turns":2.0},{"damage":20.0,"enemies":"Writhing Mass","floor":48.0,"turns":5.0},{"damage":105,"enemies":"Time Eater","floor":50,"turns":7}],"seed_played":"-8305893817573440257","potions_obtained":[{"floor":3.0,"key":"DistilledChaos"},{"floor":5.0,"key":"Fire Potion"},{"floor":7.0,"key":"BloodPotion"},{"floor":8.0,"key":"Block Potion"},{"floor":10.0,"key":"Explosive Potion"},{"floor":14.0,"key":"Fire Potion"},{"floor":16.0,"key":"Energy Potion"},{"floor":21.0,"key":"BloodPotion"},{"floor":25.0,"key":"Fire Potion"},{"floor":29.0,"key":"BlessingOfTheForge"},{"floor":35.0,"key":"EssenceOfSteel"},{"floor":38.0,"key":"ElixirPotion"},{"floor":47.0,"key":"BlessingOfTheForge"}],"is_trial":false,"path_per_floor":["M","M","M","M","M","E","?","E","T","M","E","R","M","M","R","B",null,"M","?","$","M","M","R","M","E","T","R","?","E","M","?","R","B",null,"M","?","M","?","$","R","?","E","T","E","?","R","E","M","R","B",null],"character_chosen":"IRONCLAD","items_purchased":["Pummel","True Grit","Pantograph","Flex","Potion Belt","Block Potion"],"campfire_rested":1,"item_purchase_floors":[20,20,20,20,39,39],"current_hp_per_floor":[74,78,80,72,63,36,24,28,28,32,28,28,30,34,34,38,70,57,57,57,56,55,55,57,63,63,63,63,50,68,68,68,57,74,80,70,76,29,29,53,76,80,80,73,80,80,80,66,66,16],"gold":284,"neow_bonus":"TRANSFORM_TWO_CARDS","is_daily":false,"chose_seed":false,"campfire_upgraded":4,"win_rate":0.0,"timestamp":1611659782,"path_taken":["M","M","M","M","M","E","?","E","T","M","E","R","M","M","R","BOSS","M","?","$","M","M","R","?","E","T","R","?","E","M","?","R","BOSS","M","?","M","?","?","R","?","E","T","E","?","R","E","M","R","BOSS"],"items_purchased_type":["Card","Card","Relic","Card","Relic","Potion"],"build_version":"2020-12-22","purchased_purges":2,"victory":true,"max_hp_per_floor":[80,80,80,80,80,80,80,80,80,80,80,80,80,80,80,80,80,80,80,80,80,80,80,80,80,80,80,80,80,80,80,80,80,80,80,80,80,80,80,80,80,80,80,80,80,80,80,80,80,80],"card_choices":[{"not_picked":["Rupture","Iron Wave"],"picked":"True Grit","floor":1.0},{"not_picked":["True Grit","Dark Embrace"],"picked":"Inflame","floor":2.0},{"not_picked":["Infernal Blade","Iron Wave"],"picked":"Cleave","floor":3.0},{"not_picked":["Clash","Uppercut"],"picked":"Armaments","floor":4.0},{"not_picked":["Havoc","Burning Pact","Sword Boomerang"],"picked":"SKIP","floor":5.0},{"not_picked":["Rampage","Iron Wave"],"picked":"Twin Strike","floor":6.0},{"not_picked":["Dual Wield","Metallicize"],"picked":"True Grit","floor":7.0},{"not_picked":["Warcry","Pummel"],"picked":"Limit Break","floor":8.0},{"not_picked":["Hemokinesis","Carnage","Body Slam"],"picked":"SKIP","floor":10.0},{"not_picked":["Wild Strike","Cleave"],"picked":"Burning Pact","floor":11.0},{"not_picked":["Burning Pact","Twin Strike"],"picked":"Inflame","floor":13.0},{"not_picked":["Shrug It Off","True Grit"],"picked":"Demon Form","floor":14.0},{"not_picked":["Double Tap","Corruption"],"picked":"Reaper","floor":16.0},{"not_picked":["Power Through","Armaments+1"],"picked":"Dropkick+1","floor":18.0},{"not_picked":["Pommel Strike","Uppercut","Body Slam"],"picked":"SKIP","floor":21.0},{"not_picked":["Thunderclap","Flex","Sever Soul"],"picked":"SKIP","floor":22.0},{"not_picked":["Ghostly Armor","Iron Wave"],"picked":"Battle Trance","floor":24.0},{"not_picked":["Havoc","Berserk"],"picked":"Limit Break","floor":25.0},{"not_picked":["Twin Strike","Sword Boomerang"],"picked":"Dual Wield","floor":29.0},{"not_picked":["Uppercut+1","Warcry"],"picked":"Heavy Blade","floor":30.0},{"not_picked":["Juggernaut","Barricade"],"picked":"Fiend Fire","floor":33.0},{"not_picked":["Reckless Charge","Fire Breathing+1"],"picked":"Shrug It Off+1","floor":35.0},{"not_picked":["HandOfGreed","Flash of Steel"],"picked":"Purity","floor":36.0},{"not_picked":["Forethought","Secret Technique"],"picked":"Flash of Steel","floor":36.0},{"not_picked":["Discovery","Madness"],"picked":"Violence","floor":36.0},{"not_picked":["Hemokinesis+1","Clothesline+1"],"picked":"Fire Breathing+1","floor":37.0},{"not_picked":["Feel No Pain","Iron Wave"],"picked":"Inflame+1","floor":41.0},{"not_picked":["Heavy Blade+1","Seeing Red+1"],"picked":"Battle Trance","floor":42.0},{"not_picked":["Armaments","Body Slam+1","Hemokinesis"],"picked":"SKIP","floor":44.0},{"not_picked":["Clothesline","Pummel"],"picked":"Demon Form","floor":47.0},{"not_picked":["Feel No Pain+1","Cleave","Thunderclap"],"picked":"SKIP","floor":48.0}],"player_experience":307539,"relics_obtained":[{"floor":6.0,"key":"Nunchaku"},{"floor":7.0,"key":"Mummified Hand"},{"floor":8.0,"key":"Charon\u0027s Ashes"},{"floor":9.0,"key":"The Courier"},{"floor":11.0,"key":"Anchor"},{"floor":17.0,"key":"Omamori"},{"floor":17.0,"key":"Mercury Hourglass"},{"floor":17.0,"key":"Girya"},{"floor":25.0,"key":"Orichalcum"},{"floor":26.0,"key":"Whetstone"},{"floor":29.0,"key":"Letter Opener"},{"floor":38.0,"key":"Calipers"},{"floor":41.0,"key":"Du-Vu Doll"},{"floor":42.0,"key":"StrikeDummy"},{"floor":43.0,"key":"Blue Candle"},{"floor":44.0,"key":"Bag of Preparation"},{"floor":47.0,"key":"Ancient Tea Set"}],"event_choices":[{"damage_healed":0.0,"max_hp_gain":0.0,"max_hp_loss":0.0,"gold_gain":30.0,"event_name":"Dead Adventurer","player_choice":"Searched \u00273\u0027 times","floor":7.0,"gold_loss":0.0,"damage_taken":0.0},{"cards_removed":["Defend_R"],"damage_healed":0.0,"max_hp_gain":0.0,"max_hp_loss":0.0,"gold_gain":0.0,"event_name":"Wheel of Change","player_choice":"Card Removal","floor":19.0,"gold_loss":0.0,"damage_taken":0.0},{"cards_removed":["Strike_R"],"damage_healed":0.0,"max_hp_gain":0.0,"max_hp_loss":0.0,"gold_gain":0.0,"event_name":"Back to Basics","player_choice":"Elegance","floor":28.0,"gold_loss":0.0,"damage_taken":0.0},{"cards_removed":["Strike_R"],"damage_healed":0.0,"max_hp_gain":0.0,"max_hp_loss":0.0,"gold_gain":0.0,"event_name":"Beggar","player_choice":"Gave Gold","floor":31.0,"gold_loss":75.0,"damage_taken":0.0},{"damage_healed":0.0,"max_hp_gain":0.0,"max_hp_loss":0.0,"gold_gain":0.0,"event_name":"SensoryStone","player_choice":"Memory 3","floor":36.0,"gold_loss":0.0,"damage_taken":10.0},{"damage_healed":0.0,"max_hp_gain":0.0,"max_hp_loss":0.0,"gold_gain":0.0,"event_name":"Mysterious Sphere","player_choice":"Fight","floor":38.0,"gold_loss":0.0,"damage_taken":0.0},{"damage_healed":0.0,"max_hp_gain":0.0,"max_hp_loss":0.0,"gold_gain":0.0,"event_name":"MindBloom","player_choice":"Fight","floor":41.0,"gold_loss":0.0,"damage_taken":0.0},{"damage_healed":20.0,"max_hp_gain":0.0,"max_hp_loss":0.0,"gold_gain":0.0,"event_name":"Winding Halls","player_choice":"Writhe","floor":45.0,"gold_loss":0.0,"damage_taken":0.0,"cards_obtained":["Writhe"]}],"is_beta":false,"boss_relics":[{"not_picked":["Sozu","Black Blood"],"picked":"Calling Bell"},{"not_picked":["SacredBark","Black Star"],"picked":"SlaversCollar"}],"items_purged_floors":[20,39],"is_endless":false,"potions_floor_spawned":[3,5,7,8,10,14,16,21,25,29,35,38,47],"ascension_level":5}}