{"host":"4atjpfa3b4v97p31","time":1611652457,"event":{"mods":["AchievementEnabler","Act Like it!","BaseMod","BetterRewards","Colored Map","Downfall","Friendly Minions","Minty Spire (QoL Compilation)","Shop Mod","StSLib","The Animator"],"gold_per_floor":[99,113,123,123,123,143,143,143,143,164,190,100,113,263,281,380,380,280,298,57,57,73,73,97,111,11,11,24,52,52,70,81,177,177,177,191,201,90,190,200,227,227,227,244,244,244,244],"floor_reached":45,"language":"ZHS","playtime":3494,"items_purged":["animator:Curse_GriefSeed"],"score":585,"play_id":"7d7d20cc-2d64-4269-9fe9-e0ad4ba25abc","local_time":"20210126171417","is_ascension_mode":false,"campfire_choices":[{"floor":1,"key":"RECALL"},{"data":"bronze:Philosophize","floor":18,"key":"SMITH"},{"data":"bronze:Mutator","floor":23,"key":"SMITH"},{"data":"bronze:SpaghettiCode","floor":26,"key":"SMITH"},{"floor":30,"key":"REST"},{"data":"bronze:Verify","floor":35,"key":"SMITH"}],"circlet_count":0,"master_deck":["bronze:Strike","bronze:Strike","bronze:Strike","bronze:Strike","bronze:Defend","bronze:Defend","bronze:Defend","bronze:Defend+1","bronze:Replicate","bronze:Goto+1","bronze:Iterate","bronze:Overload","bronze:Repair","bronze:SpaghettiCode+1","bronze:Spike+1","bronze:Boost+1","bronze:Optimize","bronze:ThunderWave","bronze:Assembly","bronze:Branch","downfall:Icky","bronze:Philosophize+1","bronze:Mutator+1","bronze:Fortify","Finesse+1","bronze:Repulsor+1","animator:Curse_Greed","Shame","bronze:WhirlingStrike+1","bronze:ForceShield","bronze:FineTuning+1","bronze:Flail","bronze:Verify+1","CurseOfTheBell","bronze:Boost","bronze:WhirlingStrike","bronze:Repulsor+1","bronze:Format","bronze:ForLoop+1","bronze:GetLatest+1","downfall:Icky","Parasite","animator:Curse_Nutcracker","bronze:RecursiveStrike","bronze:WhirlingStrike+1"],"relics":["bronze:PlatinumCore","Lantern","Gremlin Horn","Ginger","downfall:ExtraCursedKey","Odd Mushroom","Shuriken","downfall:HeartBlessingRed","MerchantsRug","War Paint","downfall:HeartBlessingGreen","Bronze Scales","Calling Bell","The Courier","Oddly Smooth Stone","CaptainsWheel","Membership Card","Girya","Juzu Bracelet","Mercury Hourglass","Toy Ornithopter","PreservedInsect"],"acts_visited":["Exordium","TheCity","TheBeyond"],"potions_floor_usage":[9,22,31,32,33,33,33,39,40,45],"damage_taken":[{"damage":1,"enemies":"Cultist","floor":2,"turns":4},{"damage":2,"enemies":"Small Slimes","floor":3,"turns":3},{"damage":0,"enemies":"2 Louse","floor":6,"turns":2},{"damage":32,"enemies":"2 Louse","floor":9,"turns":4},{"damage":0,"enemies":"The Mushroom Lair","floor":10,"turns":2},{"damage":6,"enemies":"Gremlin Nob","floor":11,"turns":4},{"damage":0,"enemies":"downfall:FleeingMerchant","floor":12,"turns":4},{"damage":0,"enemies":"2 Fungi Beasts","floor":13,"turns":2},{"damage":0,"enemies":"Exordium Wildlife","floor":15,"turns":2},{"damage":34,"enemies":"IC_STATUS_ARCHETYPE","floor":16,"turns":5},{"damage":0,"enemies":"Shell Parasite","floor":19,"turns":1},{"damage":0,"enemies":"downfall:FleeingMerchant","floor":20,"turns":4},{"damage":13,"enemies":"Centurion and Healer","floor":22,"turns":5},{"damage":19,"enemies":"Snecko","floor":25,"turns":6},{"damage":0,"enemies":"Snake Plant","floor":28,"turns":2},{"damage":33,"enemies":"Book of Stabbing","floor":29,"turns":5},{"damage":8,"enemies":"Centurion and Healer","floor":31,"turns":3},{"damage":19,"enemies":"Sentry and Sphere","floor":32,"turns":4},{"damage":12,"enemies":"WA_ARCHETYPE_CALM","floor":33,"turns":7},{"damage":7,"enemies":"3 Shapes","floor":36,"turns":4},{"damage":9,"enemies":"3 Darklings","floor":37,"turns":3},{"damage":0,"enemies":"downfall:FleeingMerchant","floor":38,"turns":3},{"damage":1,"enemies":"downfall:LadyInBlue","floor":39,"turns":8},{"damage":67,"enemies":"Transient","floor":40,"turns":5},{"damage":9,"enemies":"4 Shapes","floor":44,"turns":3},{"damage":10,"enemies":"Jaw Worm Horde","floor":45,"turns":1}],"seed_played":"-1174496989604093225","potions_obtained":[{"floor":3,"key":"PowerPotion"},{"floor":10,"key":"champ:CounterPotion"},{"floor":11,"key":"Energy Potion"},{"floor":21,"key":"bronze:FreeFunctionsPotion"},{"floor":21,"key":"Energy Potion"},{"floor":29,"key":"Strength Potion"},{"floor":31,"key":"SteroidPotion"},{"floor":32,"key":"Dexterity Potion"},{"floor":37,"key":"LiquidMemories"},{"floor":39,"key":"Regen Potion"},{"floor":39,"key":"champ:CounterPotion"},{"floor":39,"key":"Ancient Potion"},{"floor":39,"key":"Dexterity Potion"},{"floor":44,"key":"PowerPotion"}],"is_trial":false,"path_per_floor":["R","M","M","?","?","M","T","?","?","?","E","$","M","?","M","B",null,"R","M","$","?","M","R","T","M","R","?","M","E","R","M","M","B",null,"R","M","M","$","?","M","T","?","?","M","M"],"character_chosen":"THE_AUTOMATON","items_purchased":["MerchantsRug","Finesse","Membership Card","bronze:Format","Girya","Juzu Bracelet","Mercury Hourglass"],"campfire_rested":1,"item_purchase_floors":[20,20,38,38,38,38,38],"current_hp_per_floor":[77,76,74,62,62,62,62,62,37,37,38,45,45,45,45,18,77,77,77,77,77,64,64,64,52,52,52,52,29,52,51,32,27,77,77,70,61,61,67,14,14,14,14,5,0,0,0],"gold":244,"neow_bonus":"TEN_PERCENT_HP_BONUS","is_daily":false,"chose_seed":false,"campfire_upgraded":4,"win_rate":0.0,"timestamp":1611652457,"path_taken":["R","M","M","?","?","?","T","?","?","?","E","$","M","?","M","BOSS","R","M","$","?","?","R","T","M","R","?","M","E","R","M","M","BOSS","R","M","M","$","?","M","T","?","?","M","M"],"items_purchased_type":["Relic","Card","Relic","Card","Relic","Relic","Relic"],"build_version":"2020-12-22","purchased_purges":1,"victory":false,"max_hp_per_floor":[77,77,77,77,77,77,77,77,77,77,77,77,77,77,77,77,77,77,77,77,77,77,77,77,77,77,77,77,77,77,77,77,77,77,77,77,77,77,77,77,77,77,77,77,77,77,77],"card_choices":[{"not_picked":["bronze:Overheat","bronze:Deprecate"],"picked":"bronze:Iterate","floor":2},{"not_picked":["bronze:FollowUp","bronze:BitShift"],"picked":"bronze:Overload","floor":3},{"not_picked":["bronze:CutThrough","bronze:BugBarrage"],"picked":"bronze:Repair","floor":6},{"not_picked":[],"picked":"bronze:Spike","floor":9},{"not_picked":["bronze:CutThrough","bronze:Turbo"],"picked":"bronze:Boost","floor":9},{"not_picked":["bronze:Return","bronze:Turbo"],"picked":"bronze:Optimize","floor":10},{"not_picked":["bronze:BitShift","bronze:DarkDash"],"picked":"bronze:ThunderWave","floor":11},{"not_picked":["bronze:OilSpill","bronze:CutThrough"],"picked":"bronze:Assembly","floor":12},{"not_picked":["bronze:BugBarrage","bronze:Iterate"],"picked":"bronze:Branch","floor":13},{"not_picked":["bronze:BugBarrage","bronze:Invalidate"],"picked":"bronze:Philosophize","floor":15},{"not_picked":["bronze:Virus","bronze:HyperBeam"],"picked":"bronze:Mutator","floor":16},{"not_picked":["bronze:Safeguard","bronze:Shell","bronze:Return+1"],"picked":"SKIP","floor":19},{"not_picked":["bronze:Overload+1","bronze:Allocate+1"],"picked":"bronze:Fortify","floor":20},{"not_picked":["bronze:Allocate+1","bronze:Deprecate"],"picked":"bronze:Repulsor+1","floor":22},{"not_picked":["bronze:Iterate","bronze:Overheat"],"picked":"bronze:WhirlingStrike+1","floor":25},{"not_picked":["bronze:Overheat","bronze:ChildClass"],"picked":"bronze:ForceShield","floor":28},{"not_picked":["bronze:Return","bronze:Iterate+1"],"picked":"bronze:FineTuning+1","floor":29},{"not_picked":["bronze:Repair","bronze:Shield"],"picked":"bronze:Flail","floor":31},{"not_picked":["bronze:Overheat","bronze:Deprecate","bronze:Optimize"],"picked":"SKIP","floor":32},{"not_picked":["bronze:Virus","bronze:HyperBeam"],"picked":"bronze:Verify","floor":33},{"not_picked":["bronze:ChosenStrike+1","bronze:BugBarrage+1"],"picked":"bronze:Boost","floor":36},{"not_picked":["bronze:BuggyMess+1","bronze:BitShift+1"],"picked":"bronze:WhirlingStrike","floor":37},{"not_picked":["bronze:Overload+1","bronze:FineTuning+1"],"picked":"bronze:Repulsor+1","floor":38},{"not_picked":["bronze:BitShift","bronze:Frontload+1"],"picked":"bronze:ForLoop+1","floor":39},{"not_picked":["bronze:BronzeArmor","bronze:Deprecate"],"picked":"bronze:GetLatest+1","floor":40},{"not_picked":["bronze:BugBarrage","bronze:ThunderWave"],"picked":"bronze:WhirlingStrike+1","floor":44}],"player_experience":790886,"relics_obtained":[{"floor":5,"key":"Gremlin Horn"},{"floor":7,"key":"Ginger"},{"floor":10,"key":"Odd Mushroom"},{"floor":11,"key":"Shuriken"},{"floor":24,"key":"War Paint"},{"floor":29,"key":"Bronze Scales"},{"floor":34,"key":"The Courier"},{"floor":34,"key":"Oddly Smooth Stone"},{"floor":34,"key":"CaptainsWheel"},{"floor":39,"key":"Toy Ornithopter"},{"floor":41,"key":"PreservedInsect"}],"event_choices":[{"damage_healed":0,"gold_gain":0,"player_choice":"Success","damage_taken":12,"relics_obtained":["Lantern"],"max_hp_gain":0,"max_hp_loss":0,"event_name":"Scrap Ooze","floor":4,"gold_loss":0},{"damage_healed":0,"gold_gain":0,"player_choice":"Relic","damage_taken":0,"max_hp_gain":0,"max_hp_loss":0,"event_name":"Wheel of Change","floor":5,"gold_loss":0},{"damage_healed":0,"gold_gain":0,"player_choice":"Fought Mushrooms","damage_taken":0,"max_hp_gain":0,"max_hp_loss":0,"event_name":"Mushrooms","floor":10,"gold_loss":0},{"damage_healed":0,"gold_gain":0,"player_choice":"Got Potions","damage_taken":0,"max_hp_gain":0,"max_hp_loss":0,"event_name":"Lab","floor":21,"gold_loss":0}],"is_beta":false,"boss_relics":[{"not_picked":["Velvet Choker","Sozu"],"picked":"bronze:PlatinumCore"},{"not_picked":["Empty Cage","Tiny House"],"picked":"Calling Bell"}],"items_purged_floors":[12],"is_endless":false,"potions_floor_spawned":[3,10,11,29,31,32,37,39,44],"killed_by":"Jaw Worm Horde","ascension_level":0}}