{"host":"yiuxawbvzhpm7ctb","time":1611688328,"event":{"mods":["AchievementEnabler","Act Like it!","Aspiration","BaseMod","Better Altar","Better Match","Better Note","Better Sensory Stone","Better Skull","Better Third Choice","Better Vampires","Colored Map","Conspire","Downfall","Emptier Cage","Halation","Hubris","Infinite Spire","Jedi Mod","Marisa????????","Minty Spire (QoL Compilation)","Pale of the Ancients","Reliquary","Replay The Spire","StSLib","The Jungle","Wandering Minibosses"],"gold_per_floor":[99,112,212,228,173,173,173,173,190,215,215,215,228,242,255,255,255,255],"floor_reached":16,"language":"ENG","playtime":930,"items_purged":[],"score":102,"play_id":"cd9dcf9f-96a8-4094-a649-943f4e61dff6","local_time":"20210126141208","is_ascension_mode":false,"campfire_choices":[{"data":"bronze:Goto","floor":1,"key":"SMITH"},{"data":"bronze:SpaghettiCode","floor":8,"key":"SMITH"},{"data":"bronze:Optimize","floor":11,"key":"SMITH"}],"circlet_count":0,"master_deck":["bronze:Strike","bronze:Strike","bronze:Strike","bronze:Strike","bronze:Defend","bronze:Defend","bronze:Defend","bronze:Defend","bronze:Replicate","bronze:Goto+1","bronze:DelayedSlice","bronze:SpaghettiCode+1","bronze:Overheat","bronze:BitShift+1","bronze:GetLatest","bronze:Optimize+1","bronze:Repulsor","bronze:Fortify"],"relics":["bronze:BronzeCore","halation:RedSoulGem","jedi:cryingmask","CaptainsWheel"],"acts_visited":["Exordium"],"potions_floor_usage":[16,16],"damage_taken":[{"damage":0,"enemies":"2 Louse","floor":2,"turns":3},{"damage":1,"enemies":"Cultist","floor":4,"turns":3},{"damage":0,"enemies":"downfall:FleeingMerchant","floor":5,"turns":4},{"damage":0,"enemies":"Jaw Worm","floor":9,"turns":2},{"damage":26,"enemies":"3 Sentries","floor":10,"turns":8},{"damage":0,"enemies":"3 Louse","floor":13,"turns":2},{"damage":6,"enemies":"Exordium Wildlife","floor":14,"turns":3},{"damage":2,"enemies":"Blue Slaver","floor":15,"turns":5},{"damage":54,"enemies":"IC_STATUS_ARCHETYPE","floor":16,"turns":10}],"seed_played":"9030059488194839965","potions_obtained":[{"floor":2,"key":"LiquidBronze"},{"floor":4,"key":"SpeedPotion"},{"floor":14,"key":"jedi:wingpotion"}],"is_trial":false,"path_per_floor":["R","M","?","M","$","?","T","R","M","E","R","?","M","M","M","B"],"character_chosen":"THE_AUTOMATON","items_purchased":["bronze:BitShift+1"],"campfire_rested":0,"item_purchase_floors":[5],"current_hp_per_floor":[77,77,77,76,76,76,76,76,76,50,50,55,55,49,47,0,0,0],"gold":255,"neow_bonus":"TEN_PERCENT_HP_BONUS","is_daily":false,"chose_seed":false,"campfire_upgraded":3,"win_rate":0.0,"timestamp":1611688328,"path_taken":["R","M","?","?","$","?","T","R","M","E","R","?","?","M","M","BOSS"],"items_purchased_type":["Card"],"build_version":"2020-12-22","purchased_purges":0,"victory":false,"max_hp_per_floor":[77,77,77,77,77,77,77,77,77,77,77,82,82,82,82,82,82,82],"card_choices":[{"not_picked":["bronze:BuggyMess","bronze:WildBeam"],"picked":"bronze:DelayedSlice","floor":2},{"not_picked":["bronze:CutThrough","bronze:BuggyMess"],"picked":"bronze:SpaghettiCode","floor":4},{"not_picked":["bronze:BronzeArmor","bronze:ForLoop"],"picked":"bronze:Overheat","floor":5},{"not_picked":["bronze:ForLoop","bronze:Return"],"picked":"bronze:GetLatest","floor":9},{"not_picked":["bronze:ClassDefault","bronze:DelayedSlice"],"picked":"bronze:Optimize","floor":10},{"not_picked":["bronze:BuggyMess","bronze:Invalidate"],"picked":"bronze:Repulsor","floor":13},{"not_picked":["bronze:DelayedGuard","bronze:Safeguard"],"picked":"bronze:Fortify","floor":14},{"not_picked":["bronze:WildBeam","bronze:Deprecate","bronze:WhirlingStrike"],"picked":"SKIP","floor":15}],"player_experience":603182,"relics_obtained":[{"floor":7,"key":"jedi:cryingmask"},{"floor":10,"key":"CaptainsWheel"}],"event_choices":[{"damage_healed":0,"gold_gain":0,"player_choice":"Donut","damage_taken":0,"max_hp_gain":5,"max_hp_loss":0,"event_name":"Big Fish","floor":12,"gold_loss":0}],"is_beta":false,"boss_relics":[],"items_purged_floors":[],"is_endless":false,"potions_floor_spawned":[2,4,14],"killed_by":"IC_STATUS_ARCHETYPE","ascension_level":0}}