{"host":"a3wpq7kyokchzawk","time":1611679993,"event":{"mods":["BaseMod","Colored Map","Highlight Path","Minty Spire (QoL Compilation)","Permanent Neow","Potion Indicator Mod","Relic Stats","Weighted Paths"],"gold_per_floor":[112,127,127,147,7,7,7,43,43,67,81,81,112,112,112,210,210,234,274,274,40,40,40,80,80,80,80,80],"floor_reached":27,"language":"ENG","playtime":2544,"items_purged":["Writhe"],"score":474,"play_id":"6da79b2b-3514-4f5d-b00e-a2ecdd0f7bf2","local_time":"20210126145313","is_ascension_mode":true,"campfire_choices":[{"floor":6.0,"key":"REST"},{"floor":12.0,"key":"REST"},{"data":"Neutralize","floor":15.0,"key":"SMITH"},{"data":"Strike_G","floor":23.0,"key":"PURGE"}],"circlet_count":0,"master_deck":["AscendersBane","Strike_G+1","Strike_G","Strike_G+1","Defend_G","Defend_G","Defend_G","Defend_G","Survivor","Neutralize+1","Infinite Blades","Deadly Poison","Sucker Punch","Bouncing Flask","Noxious Fumes","Bane+1","Dagger Throw+1","Unload+1","Footwork","Bullet Time","Corpse Explosion","Blur","Crippling Poison","Prepared","Bane+1"],"relics":["Ring of the Snake","Molten Egg 2","Golden Idol","Peace Pipe","Mercury Hourglass","WingedGreaves","Sozu","Red Mask","White Beast Statue","Whetstone","Tingsha"],"acts_visited":["Exordium","TheCity"],"potions_floor_usage":[27],"damage_taken":[{"damage":4.0,"enemies":"Jaw Worm","floor":1.0,"turns":5.0},{"damage":0.0,"enemies":"2 Louse","floor":2.0,"turns":3.0},{"damage":3.0,"enemies":"Small Slimes","floor":4.0,"turns":5.0},{"damage":34.0,"enemies":"3 Sentries","floor":8.0,"turns":7.0},{"damage":0.0,"enemies":"2 Fungi Beasts","floor":10.0,"turns":3.0},{"damage":4.0,"enemies":"Exordium Thugs","floor":11.0,"turns":4.0},{"damage":8.0,"enemies":"Gremlin Nob","floor":13.0,"turns":3.0},{"damage":13.0,"enemies":"Slime Boss","floor":16.0,"turns":8.0},{"damage":7.0,"enemies":"Chosen","floor":18.0,"turns":4.0},{"damage":8.0,"enemies":"Masked Bandits","floor":19.0,"turns":2.0},{"damage":11.0,"enemies":"Slavers","floor":24.0,"turns":2.0},{"damage":29,"enemies":"Book of Stabbing","floor":27,"turns":4}],"seed_played":"-3300475705055715895","potions_obtained":[{"floor":8.0,"key":"DuplicationPotion"},{"floor":11.0,"key":"Swift Potion"},{"floor":16.0,"key":"DistilledChaos"}],"is_trial":false,"path_per_floor":["M","M","?","M","$","R","?","E","T","M","M","R","E","?","R","B",null,"M","?","?","$","?","R","E","?","T","E"],"character_chosen":"THE_SILENT","items_purchased":["Noxious Fumes","Bane+1","Blur","Crippling Poison"],"campfire_rested":2,"item_purchase_floors":[5,5,21,21],"current_hp_per_floor":[55,55,37,34,34,53,53,19,19,19,15,33,25,45,45,32,53,46,38,38,38,38,38,27,27,27,0,0],"gold":80,"neow_bonus":"TRANSFORM_CARD","is_daily":false,"chose_seed":false,"campfire_upgraded":1,"win_rate":0.0,"timestamp":1611679993,"path_taken":["M","M","?","M","$","R","?","E","T","M","M","R","E","?","R","BOSS","M","?","?","$","?","R","E","?","T","E"],"items_purchased_type":["Card","Card","Card","Card"],"build_version":"2020-12-22","purchased_purges":1,"victory":false,"max_hp_per_floor":[66,66,66,66,66,66,60,60,60,60,60,60,60,60,60,60,60,60,60,60,60,60,60,60,60,60,60,60],"relic_stats":{"Peace Pipe":1,"Sozu":2,"counters":[12,50],"Golden Idol":62,"Tingsha":[12],"Whetstone":["Strike_G","Strike_G"],"obtain_stats":[{"Peace Pipe":8,"Sozu":17,"Golden Idol":7,"Molten Egg 2":3,"Tingsha":26,"WingedGreaves":13,"Red Mask":19,"Whetstone":24,"White Beast Statue":20,"Ring of the Snake":0,"Mercury Hourglass":9},{"Peace Pipe":4,"Sozu":8,"Golden Idol":3,"Molten Egg 2":2,"Tingsha":11,"WingedGreaves":7,"Red Mask":10,"Whetstone":11,"White Beast Statue":10,"Ring of the Snake":0,"Mercury Hourglass":4},{"Peace Pipe":20,"Sozu":38,"Golden Idol":13,"Molten Egg 2":8,"Tingsha":46,"WingedGreaves":30,"Red Mask":44,"Whetstone":46,"White Beast Statue":44,"Ring of the Snake":0,"Mercury Hourglass":20}],"Ring of the Snake":[24],"Mercury Hourglass":[144]},"card_choices":[{"not_picked":["Dagger Spray","Acrobatics"],"picked":"Deadly Poison","floor":1.0},{"not_picked":["Dodge and Roll","Deadly Poison"],"picked":"Sucker Punch","floor":2.0},{"not_picked":["Expertise","Backflip"],"picked":"Bouncing Flask","floor":4.0},{"not_picked":["Flying Knee+1","Accuracy"],"picked":"Dagger Throw+1","floor":8.0},{"not_picked":["Bane+1","Sucker Punch+1"],"picked":"Unload+1","floor":10.0},{"not_picked":["Cloak And Dagger","Eviscerate+1"],"picked":"Footwork","floor":11.0},{"not_picked":["All Out Attack+1","Slice+1"],"picked":"Bullet Time","floor":13.0},{"not_picked":["Venomology","Storm of Steel"],"picked":"Corpse Explosion","floor":16.0},{"not_picked":["Riddle With Holes+1","Cloak And Dagger","Quick Slash+1"],"picked":"SKIP","floor":18.0},{"not_picked":["Sucker Punch+1","Expertise"],"picked":"Prepared","floor":24.0}],"player_experience":2484036,"relics_obtained":[{"floor":8.0,"key":"Peace Pipe"},{"floor":9.0,"key":"Mercury Hourglass"},{"floor":13.0,"key":"WingedGreaves"},{"floor":19.0,"key":"Red Mask"},{"floor":24.0,"key":"Whetstone"},{"floor":26.0,"key":"Tingsha"}],"event_choices":[{"damage_healed":0.0,"max_hp_gain":0.0,"max_hp_loss":0.0,"gold_gain":0.0,"event_name":"Scrap Ooze","player_choice":"Success","floor":3.0,"gold_loss":0.0,"damage_taken":18.0,"relics_obtained":["Molten Egg 2"]},{"damage_healed":0.0,"max_hp_gain":0.0,"max_hp_loss":6.0,"gold_gain":0.0,"event_name":"Golden Idol","player_choice":"Lose Max HP","floor":7.0,"gold_loss":0.0,"damage_taken":0.0,"relics_obtained":["Golden Idol"]},{"damage_healed":20.0,"max_hp_gain":0.0,"max_hp_loss":0.0,"gold_gain":0.0,"event_name":"Big Fish","player_choice":"Banana","floor":14.0,"gold_loss":0.0,"damage_taken":0.0},{"damage_healed":0.0,"max_hp_gain":0.0,"max_hp_loss":0.0,"gold_gain":0.0,"event_name":"Masked Bandits","player_choice":"Fought Bandits","floor":19.0,"gold_loss":0.0,"damage_taken":0.0},{"damage_healed":0.0,"max_hp_gain":0.0,"max_hp_loss":0.0,"gold_gain":0.0,"event_name":"The Mausoleum","player_choice":"Opened","floor":20.0,"gold_loss":0.0,"damage_taken":0.0,"relics_obtained":["White Beast Statue"],"cards_obtained":["Writhe"]},{"damage_healed":0.0,"max_hp_gain":0.0,"max_hp_loss":0.0,"gold_gain":0.0,"cards_transformed":["Strike_G"],"event_name":"Transmorgrifier","player_choice":"Transformed","floor":25.0,"gold_loss":0.0,"damage_taken":0.0,"cards_obtained":["Bane"]}],"is_beta":false,"boss_relics":[{"not_picked":["Runic Dome","Black Star"],"picked":"Sozu"}],"items_purged_floors":[21],"is_endless":false,"potions_floor_spawned":[8,11,16,19,24],"killed_by":"Book of Stabbing","ascension_level":20}}