{"host":"ju58ncaxwefs1zmn","time":1611678231,"event":{"mods":["100% Spire Juice","2.2 Compatiblity","Act Like it!","Aspiration","BaseMod","CapriCore","ChefMod","Colored Map","Gensokyo","Hermit","Highlight Path","HololiveMod","Hubris","Infinite Spire","Koishi","Marisa????????","Minty Spire (QoL Compilation)","Permanent Neow","Quick Restart","Random Character Button","Relic Filter","Relic Sorter","Relic Stats","Reliquary","Robot Space Explorer","StSLib","The Administrix","The Cursed","The Hierophant","The Immortal","The Marked","The Servant 0.9.4","The Showman","TheBandit","Wandering Minibosses","Yakumo Yukari mod"],"gold_per_floor":[212,212,212,228,228,228,241,241,294,334,329,313,305,356,356,420,420,466,466,493,535,553,555,555,586,586,588,624,683,683,795,795,883,955,1432,1565,1747,1647,1835,1835,2005,2051,2076,2196,2384,2393,1876,2069,2069,2035,2035,2035,1576,1654,1592],"floor_reached":56,"language":"ENG","playtime":5498,"items_purged":["hierophant:FaithHealing","hierophant:BulkyChest"],"score":1443,"play_id":"826aae5d-7751-46d5-bfdf-ab7237c93198","local_time":"20210126082351","is_ascension_mode":true,"campfire_choices":[{"data":"hierophant:RepressedViolence","floor":6,"key":"SMITH"},{"data":"hierophant:RepressedViolence","floor":8,"key":"SMITH"},{"data":"hierophant:Mercenaries","floor":15,"key":"SMITH"},{"floor":24,"key":"REST"},{"data":"hierophant:Refuge","floor":30,"key":"SMITH"},{"data":"hierophant:CursedGold","floor":32,"key":"SMITH"},{"data":"hierophant:Glossolalia","floor":40,"key":"SMITH"},{"floor":49,"key":"RECALL"},{"data":"hierophant:Generosity","floor":52,"key":"SMITH"}],"circlet_count":0,"master_deck":["hierophant:Punish","hierophant:ChurchCoffers+1","hierophant:SealAway","hierophant:RepressedViolence+1","hierophant:RepressedViolence+1","hierophant:Mercenaries+1","hierophant:Endure","hierophant:Doubloon+1","hierophant:RustyCrate","hierophant:Doubloon+1","hierophant:Doubloon+1","hierophant:Doubloon","hierophant:Refuge+1","hierophant:Batter","hierophant:Shelter","hierophant:OrnateBuckler+1","hierophant:Doubloon+1","hierophant:Remorse+1","hierophant:Doubloon+1","hierophant:CursedGold+1","hierophant:Alms","hierophant:Mercenaries+1","hierophant:Doubloon+1","hierophant:RecallFunds","hierophant:MintersHammer+1","hierophant:Exaltation","hierophant:Embezzle","hierophant:Glossolalia+1","hierophant:OrnateBuckler","hierophant:EyeForCoin","hierophant:Doubloon","hierophant:Bribe","hierophant:Doubloon+1","hierophant:Doubloon+1","hierophant:Charity+1","hierophant:Doubloon+1","hierophant:Doubloon","hierophant:Doubloon+1","hierophant:Encroach+1","hierophant:Doubloon","hierophant:Generosity+1","hierophant:Bribe","hierophant:Mercenaries+1"],"relics":["hierophant:PropheticMaskRelic","hubris:Towel","Bloody Idol","reliquary:Stiletto","hubris:OldNail","CeramicFish","Sozu","reliquary:RoseTintedGlasses","Akabeko","Molten Egg 2","aspiration:AnachronicSnailShell","Whetstone","Pandora\u0027s Box","reliquary:PrincelyHelmet","wanderingMiniBosses:LockLocket","reliquary:SharkskinSheath","Bag of Marbles","Thread and Needle","CaptainsWheel","Vajra"],"acts_visited":["Exordium","TheCity","TheBeyond","TheEnding"],"potions_floor_usage":[16,18,55],"damage_taken":[{"damage":0,"enemies":"2 Louse","floor":1,"turns":3},{"damage":2,"enemies":"Jaw Worm","floor":4,"turns":3},{"damage":0,"enemies":"Small Slimes","floor":7,"turns":2},{"damage":32,"enemies":"Lagavulin","floor":10,"turns":9},{"damage":10,"enemies":"Looter","floor":11,"turns":5},{"damage":0,"enemies":"Large Slime","floor":12,"turns":3},{"damage":5,"enemies":"3 Sentries","floor":13,"turns":6},{"damage":0,"enemies":"3 Louse","floor":14,"turns":2},{"damage":1,"enemies":"Hexaghost","floor":16,"turns":8},{"damage":10,"enemies":"Chosen","floor":18,"turns":4},{"damage":9,"enemies":"2 Thieves","floor":20,"turns":5},{"damage":24,"enemies":"Shelled Parasite and Fungi","floor":21,"turns":6},{"damage":52,"enemies":"Nightmare","floor":23,"turns":11},{"damage":21,"enemies":"Gremlin Leader","floor":25,"turns":7},{"damage":12,"enemies":"Snake Plant","floor":27,"turns":5},{"damage":11,"enemies":"Chosen and Byrds","floor":28,"turns":8},{"damage":21,"enemies":"Book of Stabbing","floor":29,"turns":4},{"damage":7,"enemies":"Slavers","floor":31,"turns":8},{"damage":5,"enemies":"Collector","floor":33,"turns":7},{"damage":15,"enemies":"3 Shapes","floor":35,"turns":7},{"damage":3,"enemies":"3 Darklings","floor":36,"turns":4},{"damage":18,"enemies":"Mind Bloom Boss Battle","floor":37,"turns":7},{"damage":12,"enemies":"Jaw Worm Horde","floor":39,"turns":3},{"damage":11,"enemies":"4 Shapes","floor":41,"turns":6},{"damage":0,"enemies":"Transient","floor":42,"turns":5},{"damage":2,"enemies":"Maw","floor":44,"turns":4},{"damage":31,"enemies":"Nightmare","floor":45,"turns":4},{"damage":0,"enemies":"Writhing Mass","floor":48,"turns":1},{"damage":6,"enemies":"Donu and Deca","floor":50,"turns":4},{"damage":7,"enemies":"Shield and Spear","floor":54,"turns":5},{"damage":30,"enemies":"The Heart","floor":55,"turns":4}],"seed_played":"-3216231451395790310","potions_obtained":[{"floor":11,"key":"EssenceOfSteel"},{"floor":12,"key":"Fire Potion"},{"floor":13,"key":"FearPotion"}],"is_trial":false,"path_per_floor":["M","?","?","M","?","R","M","R","T","E","M","M","E","M","R","B",null,"M","?","M","M","?","NM","R","E","T","M","M","E","R","E","R","B",null,"M","M","?","NS","M","R","M","M","T","M","NM","?","$","M","R","B",null,"R","$","E","B",null],"character_chosen":"HIEROPHANT","items_purchased":["Bag of Marbles","Thread and Needle","CaptainsWheel","hierophant:Mercenaries+1"],"campfire_rested":1,"item_purchase_floors":[47,47,53,53],"current_hp_per_floor":[75,75,75,73,55,55,55,55,55,23,13,13,8,8,8,7,75,65,65,75,71,75,33,55,49,49,47,51,45,45,58,58,68,75,75,75,75,75,75,75,75,75,75,75,69,74,74,75,75,69,75,75,75,75,47],"gold":1592,"neow_bonus":"HUNDRED_GOLD","is_daily":false,"chose_seed":false,"campfire_upgraded":7,"win_rate":0.0,"timestamp":1611678231,"path_taken":["M","?","?","M","?","R","M","R","T","E","M","M","E","M","R","BOSS","M","?","M","M","?","NM","R","E","T","M","M","E","R","E","R","BOSS","M","M","?","NS","M","R","M","M","T","M","NM","?","$","M","R","BOSS","R","$","E","BOSS"],"items_purchased_type":["Relic","Relic","Relic","Card"],"build_version":"2020-12-22","purchased_purges":2,"victory":true,"max_hp_per_floor":[75,75,75,75,75,75,75,75,75,75,75,75,75,75,75,75,75,75,75,75,75,75,75,75,75,75,75,75,75,75,75,75,75,75,75,75,75,75,75,75,75,75,75,75,75,75,75,75,75,75,75,75,75,75,75],"relic_stats":{"Sozu":9,"counters":[31,160],"Bloody Idol":251,"CeramicFish":324,"Pandora\u0027s Box":["hierophant:Exaltation","hierophant:Embezzle","hierophant:Glossolalia","hierophant:SolarFlare","hierophant:MintersHammer","hierophant:OrnateBuckler","hierophant:EyeForCoin","hierophant:FaithHealing"],"Whetstone":["hierophant:Strike_Hierophant","hierophant:Remorse"],"obtain_stats":[{"Golden Idol":5,"reliquary:PrincelyHelmet":37,"hierophant:PropheticMaskRelic":0,"CeramicFish":13,"Vajra":54,"Thread and Needle":47,"Whetstone":31,"hubris:Towel":2,"Akabeko":25,"Sozu":17,"CaptainsWheel":53,"Bloody Idol":19,"aspiration:AnachronicSnailShell":29,"Molten Egg 2":26,"Pandora\u0027s Box":34,"reliquary:Stiletto":9,"reliquary:RoseTintedGlasses":23,"Bag of Marbles":47,"wanderingMiniBosses:LockLocket":39,"hubris:OldNail":10,"reliquary:SharkskinSheath":45},{"Golden Idol":2,"reliquary:PrincelyHelmet":22,"hierophant:PropheticMaskRelic":0,"CeramicFish":7,"Vajra":30,"Thread and Needle":27,"Whetstone":18,"hubris:Towel":1,"Akabeko":14,"Sozu":9,"CaptainsWheel":29,"Bloody Idol":10,"aspiration:AnachronicSnailShell":17,"Molten Egg 2":14,"Pandora\u0027s Box":19,"reliquary:Stiletto":3,"reliquary:RoseTintedGlasses":13,"Bag of Marbles":27,"wanderingMiniBosses:LockLocket":23,"hubris:OldNail":4,"reliquary:SharkskinSheath":27},{"Golden Idol":6,"reliquary:PrincelyHelmet":124,"hierophant:PropheticMaskRelic":0,"CeramicFish":31,"Vajra":156,"Thread and Needle":146,"Whetstone":99,"hubris:Towel":3,"Akabeko":74,"Sozu":41,"CaptainsWheel":151,"Bloody Idol":45,"aspiration:AnachronicSnailShell":91,"Molten Egg 2":74,"Pandora\u0027s Box":106,"reliquary:Stiletto":8,"reliquary:RoseTintedGlasses":67,"Bag of Marbles":146,"wanderingMiniBosses:LockLocket":127,"hubris:OldNail":17,"reliquary:SharkskinSheath":146}]},"card_choices":[{"not_picked":["hierophant:Smite","hierophant:ArchangelShield"],"picked":"hierophant:SealAway","floor":1},{"not_picked":["hierophant:Smite","hierophant:Repentance"],"picked":"hierophant:RepressedViolence","floor":4},{"not_picked":["hierophant:Community","hierophant:Dazzle"],"picked":"hierophant:RepressedViolence","floor":7},{"not_picked":["hierophant:RepressedViolence","hierophant:MorningPrayer"],"picked":"hierophant:Mercenaries","floor":10},{"not_picked":["hierophant:FaithHealing","hierophant:PristineSoul"],"picked":"hierophant:Endure","floor":11},{"not_picked":["hierophant:ThreeLashes","hierophant:Prophecy"],"picked":"hierophant:Doubloon","floor":12},{"not_picked":["hierophant:FieryStrike","hierophant:AuricBeam"],"picked":"hierophant:RustyCrate","floor":13},{"not_picked":["hierophant:Zeal","hierophant:DisplayOfPower"],"picked":"hierophant:Refuge","floor":14},{"not_picked":["hierophant:Generosity","hierophant:DeathKnell"],"picked":"hierophant:Batter","floor":16},{"not_picked":["hierophant:FieryStrike","hierophant:DisplayOfPower"],"picked":"hierophant:Shelter","floor":18},{"not_picked":["hierophant:Sermon","hierophant:SealAway+1"],"picked":"hierophant:OrnateBuckler+1","floor":20},{"not_picked":["hierophant:OrnateBuckler","hierophant:Flagellation"],"picked":"hierophant:Remorse","floor":21},{"not_picked":["hierophant:DisplayOfPower","hierophant:Exaltation","hierophant:OrnateBuckler+1"],"picked":"SKIP","floor":23},{"not_picked":["hierophant:Kindle","hierophant:Blessing"],"picked":"hierophant:Alms","floor":25},{"not_picked":["hierophant:PristineSoul+1","hierophant:HolyVerse+1","hierophant:Chorus"],"picked":"SKIP","floor":27},{"not_picked":["hierophant:MorningPrayer","hierophant:Community"],"picked":"hierophant:Mercenaries+1","floor":28},{"not_picked":["hierophant:OrnateJavelin+1","hierophant:MirrorShield"],"picked":"hierophant:BulkyChest","floor":29},{"not_picked":["hierophant:HammerAndAnvil+1","hierophant:OrnateBuckler"],"picked":"hierophant:RecallFunds","floor":31},{"not_picked":["hierophant:Cornucopia","hierophant:Invocation"],"picked":"hierophant:MintersHammer+1","floor":33},{"not_picked":["hierophant:RepressedViolence+1","hierophant:Patience","hierophant:Smite+1"],"picked":"SKIP","floor":35},{"not_picked":["hierophant:HammerAndAnvil+1","hierophant:Racketeering"],"picked":"hierophant:Bribe","floor":36},{"not_picked":["hierophant:Rebuild+1","hierophant:SolarFlare+1"],"picked":"hierophant:Charity+1","floor":37},{"not_picked":["hierophant:Smite+1","hierophant:Kindle"],"picked":"hierophant:Doubloon","floor":39},{"not_picked":["hierophant:FieryStrike+1","hierophant:Purify+1","hierophant:Martyrdom"],"picked":"SKIP","floor":41},{"not_picked":["hierophant:SealAway+1","hierophant:HolyVerse+1"],"picked":"hierophant:Encroach+1","floor":42},{"not_picked":["hierophant:FlamingChariot+1","hierophant:Flagellation","hierophant:SealAway+1"],"picked":"SKIP","floor":44},{"not_picked":["hierophant:BulkyChest","hierophant:Purify+1"],"picked":"hierophant:Generosity","floor":45},{"not_picked":["hierophant:Determination","hierophant:Sermon","hierophant:OrnateBuckler+1"],"picked":"SKIP","floor":48},{"not_picked":["hierophant:Mercenaries+1","hierophant:Encroach","hierophant:OrnateBuckler+1"],"picked":"SKIP","floor":54}],"player_experience":978778,"relics_obtained":[{"floor":9,"key":"reliquary:Stiletto"},{"floor":10,"key":"hubris:OldNail"},{"floor":13,"key":"CeramicFish"},{"floor":23,"key":"reliquary:RoseTintedGlasses"},{"floor":25,"key":"Akabeko"},{"floor":26,"key":"Molten Egg 2"},{"floor":29,"key":"aspiration:AnachronicSnailShell"},{"floor":31,"key":"Whetstone"},{"floor":37,"key":"reliquary:PrincelyHelmet"},{"floor":39,"key":"wanderingMiniBosses:LockLocket"},{"floor":45,"key":"reliquary:SharkskinSheath"},{"floor":54,"key":"Vajra"}],"event_choices":[{"damage_healed":0,"gold_gain":0,"player_choice":"Take Damage","damage_taken":18,"relics_obtained":["Golden Idol"],"max_hp_gain":0,"max_hp_loss":0,"event_name":"Golden Idol","floor":5,"gold_loss":0},{"damage_healed":0,"gold_gain":0,"player_choice":"Gave Idol","damage_taken":0,"relics_obtained":["Bloody Idol"],"max_hp_gain":0,"max_hp_loss":0,"event_name":"Forgotten Altar","floor":19,"relics_lost":["Golden Idol"],"gold_loss":0},{"damage_healed":0,"gold_gain":0,"player_choice":"Read","damage_taken":0,"max_hp_gain":0,"max_hp_loss":0,"event_name":"The Library","floor":22,"gold_loss":0,"cards_obtained":["hierophant:CursedGold"]},{"damage_healed":0,"gold_gain":0,"player_choice":"Fight","damage_taken":0,"max_hp_gain":0,"max_hp_loss":0,"event_name":"MindBloom","floor":37,"gold_loss":0},{"damage_healed":0,"gold_gain":0,"player_choice":"Copied","damage_taken":0,"max_hp_gain":0,"max_hp_loss":0,"event_name":"Duplicator","floor":46,"gold_loss":0,"cards_obtained":["hierophant:Bribe"]}],"is_beta":false,"boss_relics":[{"not_picked":["Hololive_TopUpMoneyS","Runic Dome"],"picked":"Sozu"},{"not_picked":["Busted Crown","Snecko Eye"],"picked":"Pandora\u0027s Box"}],"items_purged_floors":[47,53],"is_endless":false,"potions_floor_spawned":[11,12,13,14,20,21,23,25,31,35,42,44,45,54],"ascension_level":2}}