{"host":"2c1pg2m9wpz3w4c0","time":1611625502,"event":{"mods":["AchievementEnabler","Act Like it!","Aspiration","BaseMod","Better Note","BetterRewards","Curses Come First","Disable Question Mark Monsters","Halation","Hubris","Infinite Spire","Lotus Mark","Marisa????????","Minty Spire (QoL Compilation)","Replay The Spire","StSLib","SuperFastMode","The Clintock","The Jungle","The Marked","The Runesmith","Transform Curses"],"gold_per_floor":[117,128,203,3,17,17,17,17,41,41,64,76,76,76,76,178,178,191,191,211,174,187,187,199,199,199,219,244,244,293,330,330,344,344],"floor_reached":33,"language":"ENG","playtime":1068,"items_purged":[],"score":339,"play_id":"148854d8-f319-4c04-a687-58bee8afbe38","local_time":"20210125184502","is_ascension_mode":false,"campfire_choices":[{"floor":6,"key":"REST"},{"data":"ReplayTheSpireMod:Brewmster","floor":10,"key":"SMITH"},{"data":"Cloak And Dagger","floor":13,"key":"SMITH"},{"data":"Accuracy","floor":15,"key":"SMITH"},{"floor":23,"key":"REST"},{"floor":25,"key":"REST"},{"floor":32,"key":"REST"}],"circlet_count":0,"master_deck":["Strike_G","Strike_G","Strike_G","Strike_G","Strike_G","Defend_G","Defend_G+1","Defend_G","Defend_G+1","Defend_G","Survivor","Neutralize","lotusMarks:LotusSlash","Dagger Spray","Dagger Spray","Outmaneuver","Accuracy+1","ReplayTheSpireMod:Brewmster+1","Riddle With Holes","Deflect","Cloak And Dagger+1","Die Die Die","ReplayTheSpireMod:Speed Training+1","Terror+1","Dagger Throw","Dagger Throw","ReplayTheSpireMod:Scrap Shanks","PiercingWail","Well Laid Plans+1","Runesmith:GrandSlam+1","Dagger Throw","Infinite Blades"],"relics":["Ring of the Snake","Happy Flower","ReplayTheSpireMod:Ring of Exchange","Ring of Hypnosis","infinitespire:ShieldingShard","Lantern","War Paint","Philosopher\u0027s Stone","White Beast Statue","Replay:Bandana"],"acts_visited":["Exordium","theJungle:Jungle"],"potions_floor_usage":[12,12,14,16,16,16,16,16,16,16,16,18,18,18,20,20,22,24,24,27,27,30,30,30,30,31,31,31,31,31,31,31,31,33,33,33,33,33],"damage_taken":[{"damage":3,"enemies":"Small Slimes","floor":1,"turns":3},{"damage":0,"enemies":"2 Louse","floor":2,"turns":2},{"damage":1,"enemies":"Jaw Worm","floor":5,"turns":4},{"damage":0,"enemies":"Looter","floor":12,"turns":3},{"damage":0,"enemies":"Gremlin Gang","floor":14,"turns":1},{"damage":47,"enemies":"Hexaghost","floor":16,"turns":15},{"damage":0,"enemies":"theJungle:5_Spyders","floor":18,"turns":5},{"damage":9,"enemies":"theJungle:GiantWrat","floor":20,"turns":8},{"damage":25,"enemies":"theJungle:2_Snecko_Cultists","floor":22,"turns":4},{"damage":16,"enemies":"theJungle:2_Flameangoes","floor":24,"turns":5},{"damage":19,"enemies":"Snake Plant","floor":27,"turns":6},{"damage":0,"enemies":"theJungle:JungleHuntersEncounter","floor":30,"turns":4},{"damage":1,"enemies":"theJungle:Snecko_Cultist_And_Trap","floor":31,"turns":7},{"damage":68,"enemies":"theJungle:TotemBoss","floor":33,"turns":6}],"seed_played":"-5910099711833484452","potions_obtained":[{"floor":1,"key":"Reflective Coating"},{"floor":5,"key":"Milkshake"},{"floor":18,"key":"DuplicationPotion"},{"floor":30,"key":"Ancient Potion"},{"floor":31,"key":"SkillPotion"}],"is_trial":false,"path_per_floor":["M","M","?","$","M","R","?","T","T","R","T","M","R","M","R","B",null,"M","?","M","$","M","R","M","R","T","M","T","?","M","M","R","B"],"character_chosen":"THE_SILENT","items_purchased":["Happy Flower","lotusMarks:LotusSlash","Dagger Spray","ReplayTheSpireMod:Brewmster","Riddle With Holes","Dagger Throw"],"campfire_rested":4,"item_purchase_floors":[0,0,0,4,4,21],"current_hp_per_floor":[60,60,49,49,48,69,69,69,69,69,69,69,69,69,69,22,70,70,70,61,61,36,57,41,62,62,43,43,43,43,42,63,0,0],"gold":344,"neow_bonus":"","is_daily":false,"chose_seed":false,"campfire_upgraded":3,"win_rate":0.0,"timestamp":1611625502,"path_taken":["M","M","?","$","M","R","?","?","T","R","?","M","R","?","R","BOSS","M","?","M","?","M","R","?","R","T","M","?","?","?","M","R","BOSS"],"items_purchased_type":["Relic","Card","Card","Card","Card","Card"],"build_version":"2020-12-22","purchased_purges":0,"victory":false,"max_hp_per_floor":[70,70,70,70,70,70,70,70,70,70,70,70,70,70,70,70,70,70,70,70,70,70,70,70,70,70,70,70,70,70,70,70,70,70],"card_choices":[{"not_picked":["Dagger Throw","Slice"],"picked":"Outmaneuver","floor":1},{"not_picked":["Flying Knee","Poisoned Stab"],"picked":"Accuracy","floor":2},{"not_picked":["lotusMarks:FullBloom","Masterful Stab"],"picked":"Deflect","floor":5},{"not_picked":["lotusMarks:LotusSlash","PiercingWail"],"picked":"Cloak And Dagger","floor":12},{"not_picked":["infinitespire:Neurotoxin","Night Terror"],"picked":"Die Die Die","floor":16},{"not_picked":["Hidden Blade","Underhanded Strike"],"picked":"ReplayTheSpireMod:Speed Training+1","floor":18},{"not_picked":["Poisoned Stab","Blur+1"],"picked":"Terror+1","floor":20},{"not_picked":["All Out Attack","Sneak Up"],"picked":"ReplayTheSpireMod:Scrap Shanks","floor":22},{"not_picked":["Prepared","Well Laid Plans"],"picked":"PiercingWail","floor":24},{"not_picked":["Predator","Slice+1"],"picked":"Well Laid Plans+1","floor":27},{"not_picked":["Dodge and Roll","lotusMarks:LotusSlash"],"picked":"Dagger Throw","floor":30},{"not_picked":["ReplayTheSpireMod:Necrosis","Backflip"],"picked":"Infinite Blades","floor":31}],"player_experience":1202436,"relics_obtained":[{"floor":7,"key":"ReplayTheSpireMod:Ring of Exchange"},{"floor":7,"key":"Ring of Hypnosis"},{"floor":8,"key":"infinitespire:ShieldingShard"},{"floor":9,"key":"Lantern"},{"floor":11,"key":"War Paint"},{"floor":26,"key":"White Beast Statue"},{"floor":28,"key":"Replay:Bandana"}],"event_choices":[{"damage_healed":0,"gold_gain":75,"player_choice":"Gather Gold","damage_taken":11,"max_hp_gain":0,"max_hp_loss":0,"event_name":"World of Goop","floor":3,"gold_loss":0},{"cards_removed":["Looming Evil"],"damage_healed":0,"gold_gain":0,"player_choice":"Removed Curses","damage_taken":0,"max_hp_gain":0,"max_hp_loss":0,"event_name":"Fountain of Cleansing","floor":19,"gold_loss":0},{"cards_removed":["ReplayTheSpireMod:Brewmster"],"damage_healed":0,"gold_gain":0,"player_choice":"Take \u0026 Give","damage_taken":0,"max_hp_gain":0,"max_hp_loss":0,"event_name":"betterNote:BetterNote","floor":29,"gold_loss":0,"cards_obtained":["Runesmith:GrandSlam"]}],"is_beta":false,"boss_relics":[{"not_picked":["Sozu","halation:BottledHappiness"],"picked":"Philosopher\u0027s Stone"}],"items_purged_floors":[],"is_endless":false,"potions_floor_spawned":[1,5,16,18,27,30,31],"killed_by":"theJungle:TotemBoss","ascension_level":0}}