{"host":"g01l53quoe6lrer0","time":1611654229,"event":{"mods":["2.2 Compatiblity","AchievementEnabler","BaseMod","Colored Map","Highlight Path","Keyboard Shortcuts","Minty Spire (QoL Compilation)","Permanent Neow","StSLib","SuperFastMode","everything is the same but u backflip on backflip"],"gold_per_floor":[20,37,49,67,86,86,86,105,105,105,115,115,115,129,129,203,203,215,215,215,227,239,239,138,138,138],"floor_reached":25,"language":"KOR","playtime":911,"items_purged":["Strike_G"],"score":345,"play_id":"ea19688b-0412-4025-ab4b-3f28d6b85e1e","local_time":"20210126184349","is_ascension_mode":true,"campfire_choices":[{"data":"Leg Sweep","floor":6.0,"key":"SMITH"},{"floor":12.0,"key":"REST"},{"data":"Neutralize","floor":15.0,"key":"SMITH"},{"data":"Well Laid Plans","floor":23.0,"key":"SMITH"}],"circlet_count":0,"master_deck":["AscendersBane","Strike_G","Strike_G","Strike_G","Defend_G","Defend_G","Defend_G","Defend_G","Survivor","Neutralize+1","Eviscerate+1","Tactician","Dagger Spray","Leg Sweep+1","Tactician","Dodge and Roll","Well Laid Plans+1","Flechettes","Dagger Throw","Grand Finale","Skewer","Acrobatics","Backflip"],"relics":["Ring of the Snake","Ice Cream","HoveringKite"],"acts_visited":["Exordium","TheCity"],"potions_floor_usage":[],"damage_taken":[{"damage":10.0,"enemies":"Small Slimes","floor":1.0,"turns":9.0},{"damage":0.0,"enemies":"2 Louse","floor":2.0,"turns":3.0},{"damage":6.0,"enemies":"Cultist","floor":3.0,"turns":3.0},{"damage":1.0,"enemies":"Blue Slaver","floor":4.0,"turns":7.0},{"damage":0.0,"enemies":"Gremlin Gang","floor":5.0,"turns":3.0},{"damage":4.0,"enemies":"3 Louse","floor":8.0,"turns":3.0},{"damage":4.0,"enemies":"Exordium Wildlife","floor":11.0,"turns":5.0},{"damage":0.0,"enemies":"Exordium Thugs","floor":14.0,"turns":4.0},{"damage":16.0,"enemies":"The Guardian","floor":16.0,"turns":14.0},{"damage":19.0,"enemies":"2 Thieves","floor":18.0,"turns":4.0},{"damage":0.0,"enemies":"Chosen","floor":21.0,"turns":4.0},{"damage":19.0,"enemies":"Snecko","floor":22.0,"turns":8.0},{"damage":57,"enemies":"Gremlin Leader","floor":25,"turns":11}],"seed_played":"8375950598564713119","potions_obtained":[{"floor":2.0,"key":"Swift Potion"},{"floor":3.0,"key":"CunningPotion"},{"floor":5.0,"key":"SkillPotion"},{"floor":13.0,"key":"SkillPotion"},{"floor":18.0,"key":"SkillPotion"}],"is_trial":false,"path_per_floor":["M","M","M","M","M","R","?","M","T","?","M","R","?","M","R","B",null,"M","?","?","M","M","R","$","E"],"character_chosen":"THE_SILENT","items_purchased":["Backflip"],"campfire_rested":1,"item_purchase_floors":[24],"current_hp_per_floor":[49,49,43,42,42,42,42,38,38,38,34,53,53,53,53,37,59,40,40,66,66,47,47,47,0,0],"gold":138,"neow_bonus":"TRANSFORM_TWO_CARDS","is_daily":false,"chose_seed":false,"campfire_upgraded":3,"win_rate":0.0,"timestamp":1611654229,"path_taken":["M","M","M","M","M","R","?","M","T","?","M","R","?","M","R","BOSS","M","?","?","M","M","R","$","E"],"items_purchased_type":["Card"],"build_version":"2020-12-22","purchased_purges":1,"victory":false,"max_hp_per_floor":[66,66,66,66,66,66,66,66,66,66,66,66,66,66,66,66,66,66,66,66,66,66,66,66,66,66],"card_choices":[{"not_picked":["Flying Knee","PiercingWail"],"picked":"Dagger Spray","floor":1.0},{"not_picked":["Escape Plan","Deadly Poison"],"picked":"Leg Sweep","floor":2.0},{"not_picked":["Prepared","Underhanded Strike"],"picked":"Tactician","floor":3.0},{"not_picked":["Distraction","Deadly Poison"],"picked":"Dodge and Roll","floor":4.0},{"not_picked":["Caltrops","Bouncing Flask"],"picked":"Well Laid Plans","floor":5.0},{"not_picked":["Tactician","Unload"],"picked":"Flechettes","floor":8.0},{"not_picked":["Dodge and Roll","Acrobatics"],"picked":"Dagger Throw","floor":11.0},{"not_picked":["Expertise","Blade Dance"],"picked":"Dash","floor":14.0},{"not_picked":["A Thousand Cuts","After Image"],"picked":"Grand Finale","floor":16.0},{"not_picked":["Sucker Punch","Leg Sweep"],"picked":"Skewer","floor":18.0},{"not_picked":["Flying Knee","Cloak And Dagger"],"picked":"Acrobatics","floor":21.0},{"not_picked":["Bane","Eviscerate","Dagger Throw"],"picked":"SKIP","floor":22.0}],"player_experience":298001,"relics_obtained":[{"floor":9.0,"key":"Ice Cream"}],"event_choices":[{"damage_healed":0.0,"max_hp_gain":0.0,"max_hp_loss":0.0,"gold_gain":0.0,"event_name":"Dead Adventurer","player_choice":"Searched \u00270\u0027 times","floor":7.0,"gold_loss":0.0,"damage_taken":0.0},{"damage_healed":0.0,"max_hp_gain":0.0,"max_hp_loss":0.0,"gold_gain":0.0,"event_name":"Living Wall","player_choice":"Grow","floor":10.0,"gold_loss":0.0,"damage_taken":0.0,"cards_upgraded":["Eviscerate"]},{"damage_healed":0.0,"max_hp_gain":0.0,"max_hp_loss":0.0,"gold_gain":0.0,"event_name":"Lab","player_choice":"Got Potions","floor":13.0,"gold_loss":0.0,"damage_taken":0.0},{"damage_healed":0.0,"max_hp_gain":0.0,"max_hp_loss":0.0,"gold_gain":0.0,"event_name":"Vampires","player_choice":"Ignored","floor":19.0,"gold_loss":0.0,"damage_taken":0.0},{"cards_removed":["Dash"],"damage_healed":26.0,"max_hp_gain":0.0,"max_hp_loss":0.0,"gold_gain":0.0,"event_name":"Bonfire Elementals","player_choice":"Offered Uncommon","floor":20.0,"gold_loss":0.0,"damage_taken":0.0}],"is_beta":false,"boss_relics":[{"not_picked":["Ectoplasm","Black Star"],"picked":"HoveringKite"}],"items_purged_floors":[24],"is_endless":false,"potions_floor_spawned":[2,3,5,8,18],"killed_by":"Gremlin Leader","ascension_level":15}}