{"host":"bvp2uifzy1c463d9","time":1611686385,"event":{"mods":["BaseMod","Block Reminder","Colored Map","Colored Powertips","Hermit","Highlight Path","Infinite Spire","Minty Spire (QoL Compilation)","Random Character Button","Relic Stats","Replay The Spire","StSLib","The Jungle"],"gold_per_floor":[210,210,220,240,240,240,275,275,329,344,344,24,92,139,139,269,269,348,348,97,138,151,217,277,348,372,432,492,504,516,528,528],"floor_reached":31,"language":"ENG","playtime":2970,"items_purged":["hermit:Strike_Hermit","hermit:Strike_Hermit"],"score":333,"play_id":"786d63c8-8358-4b9f-b5dd-3f0268eab95d","local_time":"20210126123945","is_ascension_mode":false,"campfire_choices":[{"data":"hermit:Vantage","floor":6.0,"key":"SMITH"},{"data":"hermit:BigShot","floor":8.0,"key":"SMITH"},{"data":"hermit:Snipe","floor":11,"key":"SMITH"}],"circlet_count":0,"master_deck":["hermit:Strike_Hermit","hermit:Defend_Hermit","hermit:Defend_Hermit","hermit:Snapshot","hermit:Covet","hermit:Roulette","hermit:TrackingShot","hermit:Vantage+1","Looming Evil","hermit:BigShot+1","hermit:Snipe+1","HandOfGreed+1","hermit:Dive","hermit:DeadOrAlive","infinitespire:DeathsTouch","hermit:DeadMansHand","hermit:TakeAim","hermit:Enervate","hermit:Headshot+1","ReplayTheSpireMod:Chaos Vortex","hermit:Headshot","hermit:ItchyTrigger","hermit:GoldenBullet","hermit:LoneWolf","Injury"],"relics":["Replay:Wanted Poster","ReplayTheSpireMod:Ring of Challenge","Ring of Misfortune","Juzu Bracelet","Centennial Puzzle","Replay:Multitool","Replay:Drink Me","Lantern","Blue Doll","MawBank","Bag of Marbles"],"acts_visited":["Exordium","TheCity"],"potions_floor_usage":[14,22],"damage_taken":[{"damage":3.0,"enemies":"2 Louse","floor":1.0,"turns":4.0},{"damage":1.0,"enemies":"Jaw Worm","floor":3.0,"turns":3.0},{"damage":0.0,"enemies":"Small Slimes","floor":4.0,"turns":2.0},{"damage":9.0,"enemies":"Lagavulin","floor":7.0,"turns":6.0},{"damage":0,"enemies":"2 Fungi Beasts","floor":10,"turns":3},{"damage":23,"enemies":"Gremlin Nob","floor":14,"turns":4},{"damage":19,"enemies":"The Guardian","floor":16,"turns":9},{"damage":0,"enemies":"3 Byrds","floor":18,"turns":7},{"damage":0,"enemies":"Shell Parasite","floor":21,"turns":4},{"damage":2,"enemies":"Snecko","floor":22,"turns":3},{"damage":0,"enemies":"Nightmare","floor":23,"turns":11},{"damage":0,"enemies":"3 Cultists","floor":24,"turns":5},{"damage":16,"enemies":"Shelled Parasite and Fungi","floor":27,"turns":5},{"damage":2,"enemies":"Book of Stabbing","floor":28,"turns":6},{"damage":25,"enemies":"Colosseum Slavers","floor":31,"turns":1}],"seed_played":"-887020886978680225","potions_obtained":[{"floor":1.0,"key":"Block Potion"},{"floor":3.0,"key":"SteroidPotion"},{"floor":10,"key":"hermit:BlackBile"},{"floor":16,"key":"Swift Potion"}],"is_trial":false,"path_per_floor":["M","?","M","M","?","R","E","R","T","M","R","$","?","E","R","B",null,"M","?","$","M","M","NM","M","R","T","M","E","?","$","?"],"character_chosen":"HERMIT","items_purchased":["HandOfGreed","hermit:Dive","hermit:DeadMansHand","hermit:TakeAim"],"campfire_rested":0,"item_purchase_floors":[12,12,20,20],"current_hp_per_floor":[72,72,71,71,71,71,62,62,62,62,62,62,62,39,61,42,57,57,43,43,43,41,41,41,41,41,25,23,23,23,0,0],"gold":528,"neow_bonus":"BOSS_RELIC","is_daily":false,"chose_seed":false,"campfire_upgraded":3,"win_rate":0.0,"timestamp":1611686385,"path_taken":["M","?","M","M","?","R","E","R","T","M","R","$","?","E","R","BOSS","M","?","$","M","M","NM","M","R","T","M","E","?","?","?"],"items_purchased_type":["Card","Card","Card","Card"],"build_version":"2020-12-22","purchased_purges":2,"victory":false,"max_hp_per_floor":[75,75,75,75,75,75,75,75,75,75,75,75,75,75,75,75,57,57,57,57,57,57,57,57,57,57,57,57,57,57,57,57],"relic_stats":{"Centennial Puzzle":[18],"counters":[15,73],"Juzu Bracelet":0,"MawBank":36,"obtain_stats":[{"Replay:Wanted Poster":0,"Centennial Puzzle":9,"Lantern":23,"Ring of Misfortune":5,"Blue Doll":26,"Juzu Bracelet":7,"Replay:Multitool":14,"Bag of Marbles":29,"ReplayTheSpireMod:Ring of Challenge":5,"Replay:Drink Me":17,"MawBank":28,"hermit:Momento":0},{"Replay:Wanted Poster":0,"Centennial Puzzle":4,"Lantern":11,"Ring of Misfortune":3,"Blue Doll":12,"Juzu Bracelet":4,"Replay:Multitool":6,"Bag of Marbles":14,"ReplayTheSpireMod:Ring of Challenge":3,"Replay:Drink Me":7,"MawBank":14,"hermit:Momento":0},{"Replay:Wanted Poster":0,"Centennial Puzzle":15,"Lantern":56,"Ring of Misfortune":9,"Blue Doll":61,"Juzu Bracelet":15,"Replay:Multitool":22,"Bag of Marbles":72,"ReplayTheSpireMod:Ring of Challenge":9,"Replay:Drink Me":31,"MawBank":72,"hermit:Momento":0}]},"card_choices":[{"not_picked":["hermit:Gestalt","hermit:Coalescence"],"picked":"hermit:Roulette","floor":1.0},{"not_picked":["hermit:NoHoldsBarred","hermit:Misfire"],"picked":"hermit:TrackingShot","floor":3.0},{"not_picked":["hermit:Quickdraw","hermit:Manifest"],"picked":"hermit:Vantage","floor":4.0},{"not_picked":["hermit:Headshot","hermit:OverwhelmingPower"],"picked":"hermit:BigShot","floor":7.0},{"not_picked":["hermit:Deadeye","hermit:EyeOfTheStorm"],"picked":"hermit:Snipe","floor":10},{"not_picked":["hermit:Malice","hermit:Feint","hermit:Maintenance"],"picked":"SKIP","floor":14},{"not_picked":["hermit:BlackWind","hermit:RoundhouseKick"],"picked":"hermit:DeadOrAlive","floor":16},{"not_picked":["hermit:BodyArmor","hermit:Shortfuse","hermit:Manifest+1"],"picked":"SKIP","floor":18},{"not_picked":["ReplayTheSpireMod:Haul","ReplayTheSpireMod:Chaos Vortex"],"picked":"infinitespire:DeathsTouch","floor":19},{"not_picked":["hermit:BodyArmor","hermit:HighCaliber"],"picked":"hermit:Enervate","floor":21},{"not_picked":["hermit:Cheat","hermit:TakeCover"],"picked":"hermit:Headshot+1","floor":22},{"not_picked":["ReplayTheSpireMod:Echoes of Time","ReplayTheSpireMod:Black Plague"],"picked":"ReplayTheSpireMod:Chaos Vortex","floor":23},{"not_picked":["hermit:Showdown+1","hermit:Malice+1"],"picked":"hermit:Headshot","floor":23},{"not_picked":["hermit:EternalForm","hermit:HighCaliber"],"picked":"hermit:ItchyTrigger","floor":24},{"not_picked":["hermit:Quickdraw+1","hermit:Feint+1"],"picked":"hermit:GoldenBullet","floor":27},{"not_picked":["hermit:Purgatory","hermit:Shortfuse+1"],"picked":"hermit:LoneWolf","floor":28}],"player_experience":176972,"relics_obtained":[{"floor":5.0,"key":"ReplayTheSpireMod:Ring of Challenge"},{"floor":5.0,"key":"Ring of Misfortune"},{"floor":7.0,"key":"Juzu Bracelet"},{"floor":9.0,"key":"Centennial Puzzle"},{"floor":14,"key":"Replay:Multitool"},{"floor":23,"key":"Lantern"},{"floor":26,"key":"Blue Doll"},{"floor":28,"key":"MawBank"}],"event_choices":[{"damage_healed":0,"gold_gain":68,"player_choice":"Gained Gold","damage_taken":0,"max_hp_gain":0,"max_hp_loss":0,"event_name":"Golden Wing","floor":13,"gold_loss":0},{"damage_healed":0,"gold_gain":0,"player_choice":"Fight","damage_taken":0,"max_hp_gain":0,"max_hp_loss":0,"event_name":"Colosseum","floor":31,"gold_loss":0}],"is_beta":false,"boss_relics":[{"not_picked":["infinitespire:Cupcake","ReplayTheSpireMod:DimensionalGlitch"],"picked":"Replay:Drink Me"}],"items_purged_floors":[12,20],"is_endless":false,"potions_floor_spawned":[1,3,10,16,18],"killed_by":"Colosseum Slavers","ascension_level":0}}