{"host":"3zb3nk4wvq0dtbuh","time":1611665984,"event":{"mods":["AchievementEnabler","BaseMod","Lobotomy","Minty Spire (QoL Compilation)","Quick Restart","Relic Filter Mod","StSLib","SuperFastMode","The Blackbeard"],"gold_per_floor":[112,112,124,199,199,199,214,229,229,229,246,326,336,350,350,449,449,460,535,373,273,273,273,289,289,368,380,380,380,380,392,392,392,392],"floor_reached":33,"language":"ZHS","playtime":690,"items_purged":["Strike_R","Strike_R"],"score":237,"play_id":"3c17ff04-0df8-40ff-87d8-e02f0a354d85","local_time":"20210126205944","is_ascension_mode":false,"campfire_choices":[{"data":"Shrug It Off","floor":6.0,"key":"SMITH"},{"data":"Metallicize","floor":10.0,"key":"SMITH"},{"data":"Uppercut","floor":15.0,"key":"SMITH"},{"data":"Berserk","floor":23.0,"key":"SMITH"},{"data":"Armaments","floor":25.0,"key":"SMITH"},{"data":"Disarm","floor":30.0,"key":"SMITH"},{"data":"Defend_R","floor":32.0,"key":"SMITH"}],"circlet_count":0,"master_deck":["Strike_R","Strike_R","Defend_R+1","Defend_R","Defend_R","Defend_R","Bash+1","Shrug It Off+1","Thunderclap","Disarm+1","Metallicize+1","Uppercut+1","Dropkick","Berserk+1","Armaments+1","Bandage Up"],"relics":["Runic Pyramid"],"acts_visited":["Exordium","TheCity"],"potions_floor_usage":[33],"damage_taken":[{"damage":5.0,"enemies":"2 Louse","floor":1.0,"turns":3.0},{"damage":1.0,"enemies":"Cultist","floor":3.0,"turns":3.0},{"damage":0.0,"enemies":"Small Slimes","floor":7.0,"turns":3.0},{"damage":17.0,"enemies":"Exordium Thugs","floor":8.0,"turns":7.0},{"damage":0.0,"enemies":"Blue Slaver","floor":11.0,"turns":6.0},{"damage":2.0,"enemies":"2 Fungi Beasts","floor":13.0,"turns":3.0},{"damage":2.0,"enemies":"Exordium Thugs","floor":14.0,"turns":5.0},{"damage":16.0,"enemies":"Hexaghost","floor":16.0,"turns":13.0},{"damage":10.0,"enemies":"Spheric Guardian","floor":18.0,"turns":8.0},{"damage":0.0,"enemies":"Shell Parasite","floor":24.0,"turns":7.0},{"damage":16.0,"enemies":"Centurion and Healer","floor":27.0,"turns":6.0},{"damage":12.0,"enemies":"Snake Plant","floor":31.0,"turns":5.0},{"damage":57,"enemies":"Collector","floor":33,"turns":6}],"seed_played":"-6444614182982652063","potions_obtained":[{"floor":3.0,"key":"SteroidPotion"},{"floor":8.0,"key":"EssenceOfSteel"},{"floor":14.0,"key":"Fire Potion"},{"floor":18.0,"key":"ElixirPotion"},{"floor":31.0,"key":"PowerPotion"}],"is_trial":false,"path_per_floor":["M","?","M","?","?","R","M","M","T","R","M","T","M","M","R","B",null,"M","?","$","$","?","R","M","R","T","M","?","?","R","M","R","B"],"character_chosen":"IRONCLAD","items_purchased":["Bandage Up"],"campfire_rested":0,"item_purchase_floors":[20],"current_hp_per_floor":[75,75,74,63,63,63,63,46,46,46,46,46,44,42,42,26,80,70,62,62,62,62,62,66,66,66,56,41,69,69,63,63,10,10],"gold":392,"neow_bonus":"BOSS_RELIC","is_daily":false,"chose_seed":false,"campfire_upgraded":7,"win_rate":0.0,"timestamp":1611665984,"path_taken":["M","?","?","?","?","R","M","M","T","R","?","?","M","M","R","BOSS","M","?","?","$","?","R","M","R","T","M","?","?","R","?","R","BOSS"],"items_purchased_type":["Card"],"build_version":"2020-12-22","purchased_purges":2,"victory":false,"max_hp_per_floor":[80,80,80,80,80,80,80,80,80,80,80,80,80,80,80,80,80,80,80,80,80,80,80,80,80,80,80,85,85,85,85,85,85,85],"card_choices":[{"not_picked":["Twin Strike","Havoc"],"picked":"Shrug It Off","floor":1.0},{"not_picked":["Blood for Blood","Headbutt"],"picked":"Thunderclap","floor":3.0},{"not_picked":["Bloodletting","Dark Embrace"],"picked":"Disarm","floor":7.0},{"not_picked":["Thunderclap","Sword Boomerang"],"picked":"Metallicize","floor":8.0},{"not_picked":["Hemokinesis","Clothesline"],"picked":"Uppercut","floor":11.0},{"not_picked":["Headbutt","Cleave"],"picked":"Dropkick","floor":13.0},{"not_picked":["Carnage","Clash","Immolate"],"picked":"SKIP","floor":14.0},{"not_picked":["Juggernaut","Brutality"],"picked":"Berserk","floor":16.0},{"not_picked":["Flex+1","Twin Strike"],"picked":"Armaments","floor":18.0},{"not_picked":["Pommel Strike+1","Iron Wave+1","Sentinel"],"picked":"SKIP","floor":24.0},{"not_picked":["Iron Wave","Pommel Strike","Flex"],"picked":"SKIP","floor":27.0},{"not_picked":["Havoc","Clothesline","Dark Embrace"],"picked":"SKIP","floor":31.0}],"player_experience":30705,"relics_obtained":[],"event_choices":[{"damage_healed":0.0,"max_hp_gain":0.0,"max_hp_loss":0.0,"gold_gain":0.0,"event_name":"Accursed Blacksmith","player_choice":"Forge","floor":2.0,"gold_loss":0.0,"damage_taken":0.0,"cards_upgraded":["Bash"]},{"damage_healed":0.0,"max_hp_gain":0.0,"max_hp_loss":0.0,"gold_gain":75.0,"event_name":"World of Goop","player_choice":"Gather Gold","floor":4.0,"gold_loss":0.0,"damage_taken":11.0},{"cards_removed":["Strike_R"],"damage_healed":0.0,"max_hp_gain":0.0,"max_hp_loss":0.0,"gold_gain":0.0,"event_name":"Purifier","player_choice":"Purged","floor":5.0,"gold_loss":0.0,"damage_taken":0.0},{"damage_healed":0.0,"max_hp_gain":0.0,"max_hp_loss":0.0,"gold_gain":75.0,"event_name":"FaceTrader","player_choice":"Touch","floor":19.0,"gold_loss":0.0,"damage_taken":8.0},{"damage_healed":0.0,"max_hp_gain":0.0,"max_hp_loss":0.0,"gold_gain":0.0,"event_name":"Cursed Tome","player_choice":"Ignored","floor":22.0,"gold_loss":0.0,"damage_taken":0.0},{"damage_healed":0.0,"max_hp_gain":5.0,"max_hp_loss":0.0,"gold_gain":0.0,"event_name":"Forgotten Altar","player_choice":"Shed Blood","floor":28.0,"gold_loss":0.0,"damage_taken":20.0},{"damage_healed":28.0,"max_hp_gain":0.0,"max_hp_loss":0.0,"gold_gain":0.0,"event_name":"The Library","player_choice":"Heal","floor":29.0,"gold_loss":0.0,"damage_taken":0.0}],"is_beta":false,"boss_relics":[{"not_picked":["Circlet","Circlet","Circlet"]}],"items_purged_floors":[20,21],"is_endless":false,"potions_floor_spawned":[3,8,14,18,31],"killed_by":"Collector","ascension_level":0}}