{"host":"9ndbo4kgsfoemf7y","time":1611670519,"event":{"mods":["AchievementEnabler","BaseMod","Colored Map","DeckTracker","Keyboard Shortcuts","Minty Spire (QoL Compilation)","Permanent Neow","Quick Restart","Relic Stats","StSLib","SuperFastMode"],"gold_per_floor":[367,379,379,0,19,50,62,100,112,139,56,56,68,68,68,68,68],"floor_reached":16,"language":"KOR","playtime":369,"items_purged":["Pain"],"score":160,"play_id":"f5c5ed76-6d5b-487f-b7ac-e91b030b56e2","local_time":"20210126231519","is_ascension_mode":true,"campfire_choices":[{"floor":7.0,"key":"REST"},{"floor":12,"key":"REST"},{"data":"Beam Cell","floor":15,"key":"SMITH"}],"circlet_count":0,"master_deck":["Strike_B","Strike_B","Strike_B","Strike_B","Defend_B","Defend_B","Defend_B","Defend_B","Zap","Dualcast","Shame","Rip and Tear","Beam Cell+1","Recycle","All For One","Swift Strike","Sweeping Beam"],"relics":["Cracked Core","WarpedTongs","Runic Capacitor","Omamori","MawBank","Gremlin Horn","Orichalcum"],"acts_visited":["Exordium"],"potions_floor_usage":[16],"damage_taken":[{"damage":9.0,"enemies":"2 Louse","floor":1.0,"turns":3.0},{"damage":0.0,"enemies":"Cultist","floor":2.0,"turns":3.0},{"damage":4.0,"enemies":"Jaw Worm","floor":5.0,"turns":3.0},{"damage":35.0,"enemies":"Gremlin Nob","floor":6.0,"turns":4.0},{"damage":25,"enemies":"Lagavulin","floor":8,"turns":6},{"damage":2,"enemies":"3 Louse","floor":10,"turns":3},{"damage":10,"enemies":"Lots of Slimes","floor":13,"turns":2},{"damage":30,"enemies":"The Guardian","floor":16,"turns":7}],"seed_played":"-4812599319312104078","potions_obtained":[{"floor":2.0,"key":"Explosive Potion"},{"floor":8,"key":"SkillPotion"},{"floor":13,"key":"FocusPotion"}],"is_trial":false,"path_per_floor":["M","M","?","$","M","E","R","E","T","M","$","R","M","$","R","B"],"character_chosen":"DEFECT","items_purchased":["Runic Capacitor","Omamori","Swift Strike"],"campfire_rested":2,"item_purchase_floors":[4,4,11],"current_hp_per_floor":[59,59,59,59,55,20,42,17,17,15,15,37,27,27,27,0,0],"gold":68,"neow_bonus":"TWO_FIFTY_GOLD","is_daily":false,"chose_seed":false,"campfire_upgraded":1,"win_rate":0.0,"timestamp":1611670519,"path_taken":["M","M","?","$","M","E","R","E","T","M","$","R","M","?","R","BOSS"],"items_purchased_type":["Relic","Relic","Card"],"build_version":"2020-12-22","purchased_purges":1,"victory":false,"max_hp_per_floor":[75,75,75,75,75,75,75,75,75,75,75,75,75,75,75,75,75],"relic_stats":{"Gremlin Horn":[6,6],"counters":[8,31],"Orichalcum":[24],"MawBank":60,"obtain_stats":[{"Gremlin Horn":8,"Runic Capacitor":4,"Omamori":4,"Orichalcum":9,"Cracked Core":0,"MawBank":6,"WarpedTongs":3},{"Gremlin Horn":5,"Runic Capacitor":2,"Omamori":2,"Orichalcum":5,"Cracked Core":0,"MawBank":4,"WarpedTongs":2},{"Gremlin Horn":19,"Runic Capacitor":6,"Omamori":6,"Orichalcum":19,"Cracked Core":0,"MawBank":13,"WarpedTongs":6}],"WarpedTongs":[25]},"card_choices":[{"not_picked":["Stack","Hello World"],"picked":"Rip and Tear","floor":1.0},{"not_picked":["Steam","Stack"],"picked":"Beam Cell","floor":2.0},{"not_picked":["Hello World","Compile Driver","Rip and Tear"],"picked":"SKIP","floor":5.0},{"not_picked":["Barrage","Reinforced Body"],"picked":"Recycle","floor":6.0},{"not_picked":["Compile Driver","Scrape"],"picked":"All For One","floor":8},{"not_picked":["Sunder","Ball Lightning","Coolheaded"],"picked":"SKIP","floor":10},{"not_picked":["Fusion","Loop"],"picked":"Sweeping Beam","floor":13}],"player_experience":850151,"relics_obtained":[{"floor":6.0,"key":"MawBank"},{"floor":8,"key":"Gremlin Horn"},{"floor":9,"key":"Orichalcum"}],"event_choices":[{"damage_healed":0.0,"max_hp_gain":0.0,"max_hp_loss":0.0,"gold_gain":0.0,"event_name":"Accursed Blacksmith","player_choice":"Rummage","floor":3.0,"gold_loss":0.0,"damage_taken":0.0,"relics_obtained":["WarpedTongs"],"cards_obtained":["Pain"]}],"is_beta":false,"boss_relics":[],"items_purged_floors":[4],"is_endless":false,"potions_floor_spawned":[2,8,13],"killed_by":"The Guardian","ascension_level":9}}