{"host":"njo8qgvy2a57fcny","time":1611626121,"event":{"mods":["Aspiration","BaseMod","BetterRewards","CCEM","Colored Map","Colored Powertips","Conspire","Custom Start","Downfall","Energized Spire","GifTheSpireLib","Halation","Hermit","Hubris","Infinite Spire","Jedi Mod","Jorbs\u0027s Wanderer Trilogy","Mimic Mod","Minty Spire (QoL Compilation)","Quick Restart","Random Character Button","Random Character Mod","Rare Cards Sparkle","Relic Sorter","Replay The Spire","Shop Mod","StSLib","Stuff the Spire","The Animator","The Jungle","The Runesmith","The Servant 0.9.4","Unceasing Turn Reminder","thorton"],"gold_per_floor":[99,118,137,155,167,185,224,224,224,224],"floor_reached":8,"language":"ENG","playtime":690,"items_purged":[],"score":100,"play_id":"0e9302be-2140-436c-8763-871646dc7c55","local_time":"20210126125521","is_ascension_mode":true,"campfire_choices":[{"data":"Slimebound:Split","floor":1,"key":"SMITH"}],"circlet_count":0,"master_deck":["AscendersBane","Slimebound:Strike_Slimebound","Slimebound:Strike_Slimebound","Slimebound:Strike_Slimebound","Slimebound:Tackle","Slimebound:Defend_Slimebound","Slimebound:Defend_Slimebound","Slimebound:Defend_Slimebound","Slimebound:Defend_Slimebound","Slimebound:Split+1","Slimebound:CorrosiveSpit","Slimebound:LeechEnergy","Slimebound:SlimeSpikes","Slimebound:DivideAndConquer","Slimebound:SpikyOuterGoop","Slimebound:RallyTheTroops","Slimebound:SpikyOuterGoop"],"relics":["Slimebound:AbsorbEndCombat","Toy Ornithopter"],"acts_visited":["Exordium"],"potions_floor_usage":[5,6],"damage_taken":[{"damage":10,"enemies":"Cultist","floor":2,"turns":4},{"damage":7,"enemies":"Jaw Worm","floor":3,"turns":4},{"damage":10,"enemies":"Small Slimes","floor":4,"turns":4},{"damage":17,"enemies":"Exordium Thugs","floor":5,"turns":5},{"damage":13,"enemies":"Exordium Wildlife","floor":6,"turns":4},{"damage":9,"enemies":"3 Louse","floor":7,"turns":9},{"damage":30,"enemies":"3 Sentries","floor":8,"turns":4}],"seed_played":"-2803695885772686149","potions_obtained":[{"floor":4,"key":"Block Potion"},{"floor":5,"key":"BlessingOfTheForge"},{"floor":6,"key":"jedi:wingpotion"}],"is_trial":false,"path_per_floor":["R","M","M","M","M","M","MIM","E"],"character_chosen":"SLIMEBOUND","items_purchased":[],"campfire_rested":0,"item_purchase_floors":[],"current_hp_per_floor":[58,52,51,45,34,27,26,0,0,0],"gold":224,"neow_bonus":"TEN_PERCENT_HP_BONUS","is_daily":false,"chose_seed":false,"campfire_upgraded":1,"win_rate":0.0,"timestamp":1611626121,"path_taken":["R","M","M","?","M","M","MIM","E"],"items_purchased_type":[],"build_version":"2020-12-22","purchased_purges":0,"victory":false,"max_hp_per_floor":[64,64,64,64,64,64,64,64,64,64],"card_choices":[{"not_picked":["Slimebound:FinishingTackle","Slimebound:FormOfPuddle"],"picked":"Slimebound:LeechEnergy","floor":2},{"not_picked":["Slimebound:Chomp","Slimebound:SplitBruiser"],"picked":"Slimebound:SlimeSpikes","floor":3},{"not_picked":["Slimebound:ViciousTackle","Slimebound:ProtectTheBoss"],"picked":"Slimebound:DivideAndConquer","floor":4},{"not_picked":["Slimebound:FinishingTackle","Slimebound:LeechEnergy"],"picked":"Slimebound:SpikyOuterGoop","floor":5},{"not_picked":["Slimebound:FlameTackle","Slimebound:GoopSpray"],"picked":"Slimebound:RallyTheTroops","floor":6},{"not_picked":["Slimebound:GoopSpray","Slimebound:SamplingLick"],"picked":"Slimebound:SpikyOuterGoop","floor":7}],"player_experience":703687,"relics_obtained":[{"floor":7,"key":"Toy Ornithopter"}],"event_choices":[],"is_beta":false,"boss_relics":[],"items_purged_floors":[],"is_endless":false,"potions_floor_spawned":[4,5,6],"killed_by":"3 Sentries","ascension_level":20}}