{"host":"vumwfieg2b2mnrfl","time":1611621241,"event":{"mods":["AchievementEnabler","BaseMod","Minty Spire (QoL Compilation)","Rare Cards Sparkle","Relic Stats"],"gold_per_floor":[111,186,203,222,222,222,78,92,142,142,169,184,212,232,232,232,232],"floor_reached":16,"language":"ENG","playtime":344,"items_purged":["Regret"],"score":178,"play_id":"7ed27d94-3d15-4c5a-9125-bfe0408e6c36","local_time":"20210125183401","is_ascension_mode":true,"campfire_choices":[{"data":"Eruption","floor":6,"key":"SMITH"},{"floor":10,"key":"REST"},{"data":"FollowUp","floor":15,"key":"SMITH"}],"circlet_count":0,"master_deck":["Strike_P","Strike_P","Strike_P","Strike_P","Defend_P","Defend_P","Defend_P","Defend_P","Eruption+1","Vigilance","ReachHeaven","FollowUp+1","Establishment","Consecrate","FlurryOfBlows","ClearTheMind","MentalFortress+1"],"relics":["PureWater","NeowsBlessing","Bronze Scales","Regal Pillow","Frozen Egg 2","Art of War"],"acts_visited":["Exordium"],"potions_floor_usage":[13,16,16,16,16],"damage_taken":[{"damage":0.0,"enemies":"Small Slimes","floor":1.0,"turns":1.0},{"damage":0,"enemies":"Cultist","floor":3,"turns":1},{"damage":0,"enemies":"Jaw Worm","floor":4,"turns":1},{"damage":33,"enemies":"Exordium Thugs","floor":8,"turns":4},{"damage":22,"enemies":"Lagavulin","floor":11,"turns":4},{"damage":9,"enemies":"Red Slaver","floor":12,"turns":2},{"damage":0,"enemies":"Gremlin Nob","floor":13,"turns":2},{"damage":8,"enemies":"3 Louse","floor":14,"turns":2},{"damage":24,"enemies":"The Guardian","floor":16,"turns":9}],"seed_played":"-9065442577974110732","potions_obtained":[{"floor":3,"key":"PowerPotion"},{"floor":8,"key":"FearPotion"},{"floor":12,"key":"EntropicBrew"}],"is_trial":false,"path_per_floor":["M","?","M","M","?","R","$","M","T","R","E","M","E","M","R","B"],"character_chosen":"WATCHER","items_purchased":["Establishment"],"campfire_rested":1,"item_purchase_floors":[7],"current_hp_per_floor":[65,58,58,58,58,58,58,25,25,61,39,30,30,22,22,0,0],"gold":232,"neow_bonus":"THREE_ENEMY_KILL","is_daily":false,"chose_seed":false,"campfire_upgraded":2,"win_rate":0.0,"timestamp":1611621241,"path_taken":["M","?","M","?","?","R","?","M","T","R","E","?","E","M","R","BOSS"],"items_purchased_type":["Card"],"build_version":"2020-12-22","purchased_purges":1,"victory":false,"max_hp_per_floor":[72,72,72,72,72,72,72,72,72,72,72,72,72,72,72,72,72],"relic_stats":{"Regal Pillow":15,"counters":[9,26],"Bronze Scales":[51],"Art of War":[5],"obtain_stats":[{"Regal Pillow":9,"NeowsBlessing":0,"Bronze Scales":5,"Art of War":13,"PureWater":0,"Frozen Egg 2":11},{"Regal Pillow":4,"NeowsBlessing":0,"Bronze Scales":3,"Art of War":7,"PureWater":0,"Frozen Egg 2":5},{"Regal Pillow":7,"NeowsBlessing":0,"Bronze Scales":3,"Art of War":15,"PureWater":0,"Frozen Egg 2":11}]},"card_choices":[{"not_picked":["CrushJoints","CutThroughFate"],"picked":"ReachHeaven","floor":1.0},{"not_picked":["Crescendo","Worship"],"picked":"FollowUp","floor":3},{"not_picked":["ThirdEye","WaveOfTheHand","EmptyFist"],"picked":"SKIP","floor":4},{"not_picked":["Study","ThirdEye"],"picked":"Consecrate","floor":8},{"not_picked":["WreathOfFlame","EmptyBody"],"picked":"FlurryOfBlows","floor":11},{"not_picked":["Brilliance","Halt"],"picked":"ClearTheMind","floor":12},{"not_picked":["FollowUp","ThirdEye"],"picked":"MentalFortress+1","floor":13},{"not_picked":["Evaluate","Consecrate","BowlingBash"],"picked":"SKIP","floor":14}],"player_experience":461614,"relics_obtained":[{"floor":9,"key":"Regal Pillow"},{"floor":11,"key":"Frozen Egg 2"},{"floor":13,"key":"Art of War"}],"event_choices":[{"damage_healed":0,"gold_gain":75,"player_choice":"Touch","damage_taken":7,"max_hp_gain":0,"max_hp_loss":0,"event_name":"FaceTrader","floor":2,"gold_loss":0},{"damage_healed":0,"gold_gain":0,"player_choice":"Box","damage_taken":0,"relics_obtained":["Bronze Scales"],"max_hp_gain":0,"max_hp_loss":0,"event_name":"Big Fish","floor":5,"gold_loss":0,"cards_obtained":["Regret"]}],"is_beta":false,"boss_relics":[],"items_purged_floors":[7],"is_endless":false,"potions_floor_spawned":[3,8,12],"killed_by":"The Guardian","ascension_level":6}}