{"host":"bplbr8uekuotory4","time":1611663040,"event":{"mods":["Act Like it!","BaseMod","Minty Spire (QoL Compilation)","Quick Restart","Replay The Spire","Spicy Shops","StSLib","TestMod","The Blackbeard","[IsaacMod]以撒尖塔"],"gold_per_floor":[116,20,39,39,53,53,107,107,107,135,60,60,60,77,77,182,182,192,192,282,299,315,340,340,740,740,753,61,61,81,99,99,197,197,210,223,98,118,130,130,130,130],"floor_reached":41,"language":"ZHS","playtime":783,"items_purged":["Strike_P","Defend_P","Defend_P","Eruption+1","Strike_P"],"score":563,"play_id":"29df3106-4183-409d-ae38-24fe0aa8e511","local_time":"20210126201040","is_ascension_mode":false,"campfire_choices":[{"data":"testmod-PerfectCombo","floor":6,"key":"SMITH"},{"data":"Vault","floor":8,"key":"SMITH"},{"data":"Eruption","floor":12,"key":"SMITH"},{"data":"testmod-PerfectCombo+1","floor":15,"key":"SMITH"},{"data":"Vault","floor":24,"key":"SMITH"},{"data":"FlyingSleeves","floor":29,"key":"SMITH"},{"data":"testmod-PerfectCombo+2","floor":32,"key":"SMITH"},{"data":"testmod-PerfectCombo+3","floor":40,"key":"SMITH"}],"circlet_count":0,"master_deck":["Strike_P","Strike_P","Defend_P","Defend_P","Vigilance","testmod-PerfectCombo+4","Vault+1","FearNoEvil","Vault+1","FlyingSleeves+1","Replay:LoomingThreat+1","JustLucky","Tantrum+1","MasterReality+1"],"relics":["PureWater","testmod-TestBox","HushsDoor","GuppysHead","testmod-CardMagician","Darkstone Periapt","testmod-BalancedPeriapt","MagicMushroom","GuppysHairball","testmod-IntensifyImprint","Frozen Egg 2","PunchingBag","Art of War","Oddly Smooth Stone","HornCleat","Gremlin Horn","ReplayFunnel","testmod-Hope","ReplayTheSpireMod:Shallot","TungstenRod","Lantern","Coffee Dripper","Regal Pillow","TuHaoJin","Damaru"],"acts_visited":["Exordium","TheCity","TheBeyond"],"potions_floor_usage":[16,16,33],"damage_taken":[{"damage":0,"enemies":"Cultist","floor":1,"turns":1},{"damage":0,"enemies":"2 Louse","floor":3,"turns":1},{"damage":0,"enemies":"Small Slimes","floor":5,"turns":1},{"damage":9,"enemies":"3 Sentries","floor":10,"turns":6},{"damage":2,"enemies":"Blue Slaver","floor":14,"turns":3},{"damage":16,"enemies":"The Guardian","floor":16,"turns":5},{"damage":0,"enemies":"Shell Parasite","floor":18,"turns":2},{"damage":0,"enemies":"2 Thieves","floor":21,"turns":2},{"damage":0,"enemies":"3 Cultists","floor":22,"turns":3},{"damage":0,"enemies":"Gremlin Leader","floor":23,"turns":3},{"damage":0,"enemies":"Snake Plant","floor":27,"turns":3},{"damage":0,"enemies":"Snecko","floor":30,"turns":2},{"damage":0,"enemies":"Cultist and Chosen","floor":31,"turns":1},{"damage":0,"enemies":"Collector","floor":33,"turns":3},{"damage":0,"enemies":"3 Darklings","floor":35,"turns":2},{"damage":0,"enemies":"Orb Walker","floor":36,"turns":1},{"damage":0,"enemies":"Sphere and 2 Shapes","floor":38,"turns":3},{"damage":13,"enemies":"Transient","floor":39,"turns":7},{"damage":0,"enemies":"R_Hoarder","floor":41,"turns":1}],"seed_played":"-8437042135708850220","potions_obtained":[{"floor":3,"key":"Adrenaline Potion"},{"floor":10,"key":"SpeedPotion"},{"floor":16,"key":"Swift Potion"},{"floor":18,"key":"Strength Potion"},{"floor":38,"key":"SkillPotion"},{"floor":39,"key":"Fire Potion"}],"is_trial":false,"path_per_floor":["M","$","M","?","M","R","T","R","T","E","$","R","?","M","R","B",null,"M","?","?","M","M","E","R","?","T","M","$","R","M","M","R","B",null,"M","M","$","M","M","R","E"],"character_chosen":"WATCHER","items_purchased":["testmod-PerfectCombo","GuppysHairball","FairyPotion","Damocles","ReplayFunnel","testmod-Hope","ReplayTheSpireMod:Shallot"],"campfire_rested":0,"item_purchase_floors":[2,17,17,17,28,28,28],"current_hp_per_floor":[72,72,72,72,72,72,72,72,72,63,63,63,63,61,61,45,68,68,68,53,54,55,56,56,56,56,57,57,57,58,58,58,59,67,67,67,67,67,20,20,20,20],"gold":130,"neow_bonus":"THREE_ENEMY_KILL","is_daily":false,"chose_seed":false,"campfire_upgraded":8,"win_rate":0.0,"timestamp":1611663040,"path_taken":["M","$","?","?","?","R","?","R","T","E","$","R","?","?","R","BOSS","M","?","?","M","M","E","R","?","T","M","$","R","M","?","R","BOSS","M","M","$","M","M","R","E"],"items_purchased_type":["Card","Relic","Potion","Relic","Relic","Relic","Relic"],"build_version":"2020-12-22","purchased_purges":5,"victory":false,"max_hp_per_floor":[72,72,72,72,72,72,72,72,72,72,72,72,72,72,72,72,68,68,68,68,68,68,68,68,68,68,68,68,68,68,68,68,68,67,67,67,67,67,67,67,67,67],"card_choices":[{"not_picked":["JustLucky","FlyingSleeves"],"picked":"Bomb","floor":1},{"not_picked":["Swivel","EmptyBody"],"picked":"Vault","floor":3},{"not_picked":["Crescendo","Replay:Vibes","ReachHeaven"],"picked":"SKIP","floor":5},{"not_picked":["JustLucky","InnerPeace"],"picked":"Bomb","floor":10},{"not_picked":["FlyingSleeves","JustLucky"],"picked":"FearNoEvil","floor":14},{"not_picked":["Wish","Judgement"],"picked":"Vault","floor":16},{"not_picked":["EmptyFist","Study"],"picked":"FlyingSleeves","floor":18},{"not_picked":["SandsOfTime+1","SashWhip","CrushJoints+1"],"picked":"SKIP","floor":21},{"not_picked":["Pray","Halt","Replay:AtTheReady"],"picked":"SKIP","floor":22},{"not_picked":["Prostrate","PathToVictory"],"picked":"Replay:LoomingThreat+1","floor":23},{"not_picked":["Replay:BluntJabs+1","Evaluate+1","Vengeance"],"picked":"SKIP","floor":27},{"not_picked":["PathToVictory","Indignation"],"picked":"JustLucky","floor":30},{"not_picked":["Nirvana+1","WindmillStrike"],"picked":"Tantrum+1","floor":31},{"not_picked":["Replay:LoomingThreat+1","Devotion+1"],"picked":"MasterReality+1","floor":33},{"not_picked":["Fasting2+1","Evaluate","CrushJoints+1"],"picked":"SKIP","floor":35},{"not_picked":["EmptyBody","LikeWater+1","Halt+1"],"picked":"SKIP","floor":36},{"not_picked":["Replay:AtTheReady","Collect","Weave+1"],"picked":"SKIP","floor":38},{"not_picked":["ThirdEye+1","WaveOfTheHand","Replay:BluntJabs+1"],"picked":"SKIP","floor":39}],"player_experience":439028,"relics_obtained":[{"floor":9,"key":"Darkstone Periapt"},{"floor":10,"key":"testmod-BalancedPeriapt"},{"floor":18,"key":"testmod-IntensifyImprint"},{"floor":21,"key":"Frozen Egg 2"},{"floor":22,"key":"PunchingBag"},{"floor":23,"key":"Art of War"},{"floor":23,"key":"Oddly Smooth Stone"},{"floor":26,"key":"HornCleat"},{"floor":27,"key":"Gremlin Horn"},{"floor":30,"key":"TungstenRod"},{"floor":31,"key":"Lantern"},{"floor":35,"key":"Regal Pillow"},{"floor":36,"key":"TuHaoJin"},{"floor":38,"key":"Damaru"}],"event_choices":[{"damage_healed":0,"gold_gain":0,"player_choice":"0 cards matched","damage_taken":0,"max_hp_gain":0,"max_hp_loss":0,"event_name":"Match and Keep!","floor":4,"gold_loss":0,"cards_obtained":[]},{"damage_healed":0,"gold_gain":0,"player_choice":"Ignored","damage_taken":0,"max_hp_gain":0,"max_hp_loss":0,"event_name":"Liars Game","floor":13,"gold_loss":0},{"damage_healed":0,"gold_gain":400,"player_choice":"Sell","damage_taken":0,"max_hp_gain":0,"max_hp_loss":0,"event_name":"恩洛斯的盘子","floor":25,"relics_lost":["NeowsBlessing"],"gold_loss":0}],"is_beta":false,"boss_relics":[{"not_picked":["testmod-EnergyCheck","testmod-Fanaticism"],"picked":"MagicMushroom"},{"not_picked":[]},{"not_picked":["Replay:Ancient Bell","testmod-Nine"],"picked":"Coffee Dripper"},{"not_picked":[]}],"items_purged_floors":[11,17,28,34,37],"is_endless":false,"potions_floor_spawned":[3,10,16,18,22,27,30,31,38,39],"killed_by":"R_Hoarder","ascension_level":0}}