{"host":"j4g6ia6asvpyu2b0","time":1611688998,"event":{"mods":["BaseMod","Colored Map","Minty Spire (QoL Compilation)","Permanent Neow","Quick Restart","Relic Stats","StSLib","Unceasing Turn Reminder"],"gold_per_floor":[117,117,136,86,86,86,111,111,134,175,175,196,237,256,256,387,387,380,380,405,405,419,419,460,460,487,412,455,201,236,250,250,370,370,390,413,413,413,226,259,259,259,259,300,320,320,351,167,167,167,167,167,33,72,72,72],"floor_reached":55,"language":"ENG","playtime":1946,"items_purged":["Strike_R","Strike_R"],"score":988,"play_id":"06f783d2-2ffc-415a-bbf1-082e61a82e63","local_time":"20210126122318","is_ascension_mode":true,"campfire_choices":[{"data":"Bash","floor":6.0,"key":"SMITH"},{"data":"Shrug It Off","floor":11.0,"key":"SMITH"},{"data":"Rampage","floor":15.0,"key":"SMITH"},{"data":"Metallicize","floor":23.0,"key":"SMITH"},{"floor":32,"key":"REST"},{"data":"Demon Form","floor":41,"key":"SMITH"},{"floor":46,"key":"RECALL"},{"floor":49,"key":"REST"},{"data":"Limit Break","floor":52,"key":"SMITH"}],"circlet_count":0,"master_deck":["Strike_R","Strike_R","Defend_R","Defend_R","Defend_R","Bash+1","Impervious","Armaments+1","Rampage+1","Shrug It Off+1","Pommel Strike","Havoc","Metallicize+1","Headbutt","Feed","Feed","Clothesline","Dark Embrace","Demon Form+1","Feed","Cleave+1","Limit Break+1","Feel No Pain","Bludgeon","Whirlwind","Whirlwind","Shrug It Off","Heavy Blade+1"],"relics":["Burning Blood","Golden Idol","Oddly Smooth Stone","HornCleat","Pocketwatch","Busted Crown","Nunchaku","Toy Ornithopter","Brimstone","Bag of Preparation","Snecko Eye","Sundial","Boot","Question Card","Thread and Needle","White Beast Statue","Membership Card","Chemical X","Turnip"],"acts_visited":["Exordium","TheCity","TheBeyond","TheEnding"],"potions_floor_usage":[28,30,40,55,55,55],"damage_taken":[{"damage":1.0,"enemies":"Cultist","floor":1.0,"turns":3.0},{"damage":12.0,"enemies":"Small Slimes","floor":3.0,"turns":5.0},{"damage":2.0,"enemies":"Jaw Worm","floor":7.0,"turns":4.0},{"damage":16.0,"enemies":"Gremlin Nob","floor":10.0,"turns":3.0},{"damage":0.0,"enemies":"3 Louse","floor":12.0,"turns":3.0},{"damage":14.0,"enemies":"Lagavulin","floor":13.0,"turns":6.0},{"damage":0.0,"enemies":"Red Slaver","floor":14.0,"turns":3.0},{"damage":6.0,"enemies":"The Guardian","floor":16.0,"turns":11.0},{"damage":0.0,"enemies":"2 Thieves","floor":18.0,"turns":4.0},{"damage":0.0,"enemies":"Shell Parasite","floor":20.0,"turns":6.0},{"damage":2.0,"enemies":"Cultist and Chosen","floor":22.0,"turns":6.0},{"damage":23.0,"enemies":"Slavers","floor":24.0,"turns":7.0},{"damage":34,"enemies":"Book of Stabbing","floor":28,"turns":5},{"damage":37,"enemies":"Slavers","floor":30,"turns":5},{"damage":2,"enemies":"Snecko","floor":31,"turns":4},{"damage":41,"enemies":"Collector","floor":33,"turns":6},{"damage":0,"enemies":"Orb Walker","floor":35,"turns":2},{"damage":17,"enemies":"3 Darklings","floor":36,"turns":4},{"damage":20,"enemies":"Reptomancer","floor":40,"turns":5},{"damage":34,"enemies":"Nemesis","floor":44,"turns":5},{"damage":26,"enemies":"4 Shapes","floor":45,"turns":4},{"damage":13,"enemies":"Reptomancer","floor":47,"turns":3},{"damage":42,"enemies":"Time Eater","floor":50,"turns":6},{"damage":59,"enemies":"Shield and Spear","floor":54,"turns":4},{"damage":122,"enemies":"The Heart","floor":55,"turns":6}],"seed_played":"3751239919324466945","potions_obtained":[{"floor":1.0,"key":"EntropicBrew"},{"floor":10.0,"key":"Swift Potion"},{"floor":14.0,"key":"Strength Potion"},{"floor":16.0,"key":"Fruit Juice"},{"floor":22.0,"key":"Strength Potion"},{"floor":35,"key":"SkillPotion"},{"floor":45,"key":"Energy Potion"}],"is_trial":false,"path_per_floor":["M","?","M","?","?","R","M","?","T","E","R","M","E","M","R","B",null,"M","?","M","?","M","R","E","?","T","$","E","$","E","M","R","B",null,"M","M","?","?","$","E","R","T","T","E","M","R","E","$","R","B",null,"R","$","E","B"],"character_chosen":"IRONCLAD","items_purchased":["Brimstone","Feel No Pain","CultistPotion","Membership Card","Whirlwind","Chemical X","Whirlwind","Shrug It Off"],"campfire_rested":2,"item_purchase_floors":[29,39,39,48,48,53,53,53],"current_hp_per_floor":[80,60,54,54,54,54,58,58,58,48,48,54,46,52,52,57,85,89,89,93,75,85,85,74,74,74,74,49,49,26,33,68,37,123,126,118,118,108,108,99,99,99,99,74,61,61,58,58,99,67,141,141,141,91,0,0],"gold":72,"neow_bonus":"ONE_RANDOM_RARE_CARD","is_daily":false,"chose_seed":false,"campfire_upgraded":6,"win_rate":0.0,"timestamp":1611688998,"path_taken":["M","?","M","?","?","R","?","?","T","E","R","M","E","?","R","BOSS","M","?","?","?","M","R","E","?","T","$","E","$","E","?","R","BOSS","M","M","?","?","$","E","R","?","T","E","M","R","E","?","R","BOSS","R","$","E","BOSS"],"items_purchased_type":["Relic","Card","Potion","Relic","Card","Relic","Card","Card"],"build_version":"2020-12-22","purchased_purges":2,"victory":false,"max_hp_per_floor":[80,80,80,80,80,80,80,80,80,80,80,80,80,80,80,85,85,89,89,93,98,104,104,110,110,110,110,113,113,116,119,119,123,123,126,129,123,123,123,123,123,123,123,126,133,133,137,137,137,141,141,141,141,144,144,144],"relic_stats":{"counters":[25,120],"Golden Idol":191,"Bag of Preparation":[22],"Boot":[11],"Question Card":4,"Burning Blood":121,"Nunchaku":[11],"Busted Crown":36,"Sundial":[6],"Snecko Eye":[78,73,88,91],"Turnip":[2],"Chemical X":[3],"obtain_stats":[{"Golden Idol":2,"Oddly Smooth Stone":9,"Thread and Needle":44,"Bag of Preparation":30,"Boot":42,"Question Card":43,"Burning Blood":0,"White Beast Statue":47,"Nunchaku":24,"HornCleat":10,"Busted Crown":17,"Brimstone":29,"Sundial":40,"Snecko Eye":34,"Turnip":54,"Membership Card":48,"Chemical X":53,"Toy Ornithopter":28,"Pocketwatch":13},{"Golden Idol":1,"Oddly Smooth Stone":3,"Thread and Needle":20,"Bag of Preparation":14,"Boot":19,"Question Card":19,"Burning Blood":0,"White Beast Statue":22,"Nunchaku":12,"HornCleat":4,"Busted Crown":8,"Brimstone":13,"Sundial":19,"Snecko Eye":16,"Turnip":24,"Membership Card":22,"Chemical X":23,"Toy Ornithopter":13,"Pocketwatch":6},{"Golden Idol":3,"Oddly Smooth Stone":12,"Thread and Needle":97,"Bag of Preparation":71,"Boot":92,"Question Card":92,"Burning Blood":0,"White Beast Statue":104,"Nunchaku":61,"HornCleat":15,"Busted Crown":38,"Brimstone":66,"Sundial":92,"Snecko Eye":81,"Turnip":114,"Membership Card":104,"Chemical X":110,"Toy Ornithopter":66,"Pocketwatch":24}],"Toy Ornithopter":25,"Pocketwatch":[183]},"card_choices":[{"not_picked":["Sword Boomerang","Pommel Strike"],"picked":"Armaments","floor":1.0},{"not_picked":["Heavy Blade","Perfected Strike"],"picked":"Rampage","floor":3.0},{"not_picked":["Wild Strike","Dual Wield"],"picked":"Shrug It Off","floor":7.0},{"not_picked":["Sentinel","Clash"],"picked":"Pommel Strike","floor":10.0},{"not_picked":["Combust","Sever Soul"],"picked":"Havoc","floor":12.0},{"not_picked":["Clash","Ghostly Armor"],"picked":"Metallicize","floor":13.0},{"not_picked":["Armaments","Combust"],"picked":"Headbutt","floor":14.0},{"not_picked":["Immolate","Juggernaut"],"picked":"Feed","floor":16.0},{"not_picked":["Seeing Red"],"picked":"SKIP","floor":18.0},{"not_picked":[],"picked":"Clothesline","floor":20.0},{"not_picked":["Wild Strike"],"picked":"SKIP","floor":22.0},{"not_picked":["Flex"],"picked":"SKIP","floor":24.0},{"not_picked":[],"picked":"Feed","floor":28},{"not_picked":[],"picked":"Cleave+1","floor":30},{"not_picked":["Flex+1"],"picked":"SKIP","floor":31},{"not_picked":[],"picked":"Limit Break","floor":33},{"not_picked":["Armaments+1"],"picked":"SKIP","floor":35},{"not_picked":["Clash"],"picked":"SKIP","floor":36},{"not_picked":["Dropkick+1"],"picked":"SKIP","floor":40},{"not_picked":["Headbutt","Rupture"],"picked":"SKIP","floor":44},{"not_picked":["Perfected Strike","Cleave+1"],"picked":"SKIP","floor":45},{"not_picked":["Reckless Charge+1"],"picked":"Bludgeon","floor":47},{"not_picked":["Blood for Blood+1"],"picked":"Heavy Blade+1","floor":54}],"player_experience":1028121,"relics_obtained":[{"floor":9.0,"key":"Oddly Smooth Stone"},{"floor":10.0,"key":"HornCleat"},{"floor":13.0,"key":"Pocketwatch"},{"floor":24.0,"key":"Nunchaku"},{"floor":28,"key":"Toy Ornithopter"},{"floor":30,"key":"Bag of Preparation"},{"floor":40,"key":"Sundial"},{"floor":42,"key":"Boot"},{"floor":43,"key":"Question Card"},{"floor":44,"key":"Thread and Needle"},{"floor":47,"key":"White Beast Statue"},{"floor":54,"key":"Turnip"}],"event_choices":[{"damage_healed":0.0,"max_hp_gain":0.0,"max_hp_loss":0.0,"gold_gain":0.0,"event_name":"Golden Idol","player_choice":"Take Damage","floor":2.0,"gold_loss":0.0,"damage_taken":20.0,"relics_obtained":["Golden Idol"]},{"cards_removed":["Defend_R"],"damage_healed":0.0,"max_hp_gain":0.0,"max_hp_loss":0.0,"gold_gain":0.0,"event_name":"The Cleric","player_choice":"Card Removal","floor":4.0,"gold_loss":50.0,"damage_taken":0.0},{"damage_healed":0.0,"max_hp_gain":0.0,"max_hp_loss":0.0,"gold_gain":0.0,"event_name":"Living Wall","player_choice":"Grow","floor":5.0,"gold_loss":0.0,"damage_taken":0.0,"cards_upgraded":["Armaments"]},{"cards_removed":["Strike_R"],"damage_healed":0.0,"max_hp_gain":0.0,"max_hp_loss":0.0,"gold_gain":0.0,"event_name":"Wheel of Change","player_choice":"Card Removal","floor":8.0,"gold_loss":0.0,"damage_taken":0.0},{"damage_healed":0.0,"max_hp_gain":0.0,"max_hp_loss":0.0,"gold_gain":0.0,"event_name":"Duplicator","player_choice":"Copied","floor":19.0,"gold_loss":0.0,"damage_taken":0.0,"cards_obtained":["Feed"]},{"damage_healed":0.0,"max_hp_gain":5.0,"max_hp_loss":0.0,"gold_gain":0.0,"event_name":"Forgotten Altar","player_choice":"Shed Blood","floor":21.0,"gold_loss":0.0,"damage_taken":23.0},{"damage_healed":0,"gold_gain":0,"player_choice":"2 cards matched","damage_taken":0,"max_hp_gain":0,"max_hp_loss":0,"event_name":"Match and Keep!","floor":25,"gold_loss":0,"cards_obtained":["Dark Embrace","Demon Form"]},{"damage_healed":0,"gold_gain":0,"player_choice":"Max HP","damage_taken":0,"max_hp_gain":0,"max_hp_loss":6,"event_name":"Winding Halls","floor":37,"gold_loss":0},{"damage_healed":0,"gold_gain":0,"player_choice":"Memory 3","damage_taken":10,"max_hp_gain":0,"max_hp_loss":0,"event_name":"SensoryStone","floor":38,"gold_loss":0}],"is_beta":false,"boss_relics":[{"not_picked":["Tiny House","Astrolabe"],"picked":"Busted Crown"},{"not_picked":["Empty Cage","Philosopher\u0027s Stone"],"picked":"Snecko Eye"}],"items_purged_floors":[27,29],"is_endless":false,"potions_floor_spawned":[1,10,12,14,16,22,24,35,45,47,54],"killed_by":"The Heart","ascension_level":3}}