{"host":"sc0o2qwpf9j16a4i","time":1611682006,"event":{"mods":["AchievementEnabler","BaseMod","BetterRewards","Block Reminder","Colored Map","Colored Powertips","Custom Start","Highlight Path","Minty Spire (QoL Compilation)","Relic Stats"],"gold_per_floor":[117,197,197,217,241,281,281,305,383,422,422,133,146,179,191,326,338,364,351,387,45,66,66,102,102,126,140,140,187,206,254,254,386,386,413,413,428,451,551,586,622,657,657,17,45,45,87,111,111,111],"floor_reached":51,"language":"ENG","playtime":3073,"items_purged":[],"score":1122,"play_id":"fc7b4086-af7e-4303-ba6f-5a314deb60b2","local_time":"20210126192646","daily_mods":["Heirloom","Hoarder","DeadlyEvents"],"is_ascension_mode":false,"campfire_choices":[{"floor":7,"key":"DIG"},{"floor":11,"key":"DIG"},{"floor":15,"key":"DIG"},{"floor":23,"key":"DIG"},{"floor":25,"key":"DIG"},{"floor":28,"key":"DIG"},{"floor":32,"key":"DIG"},{"floor":49,"key":"DIG"}],"circlet_count":0,"master_deck":["Strike_R","Strike_R","Strike_R","Strike_R","Defend_R","Defend_R+1","Defend_R","Defend_R","Bash","Uppercut","Uppercut","Uppercut","Metallicize","Metallicize","Metallicize","Battle Trance","Battle Trance","Battle Trance","Flame Barrier","Flame Barrier","Flame Barrier","Metallicize","Metallicize","Metallicize","Impervious","Impervious","Impervious","Armaments+1","Armaments+1","Armaments+1","Wild Strike+1","Wild Strike+1","Wild Strike+1","Feed+1","Feed+1","Feed+1","Inflame","Inflame","Inflame","Dual Wield","Dual Wield+1","Dual Wield","Shrug It Off","Shrug It Off","Shrug It Off","Pommel Strike+1","Pommel Strike+1","Pommel Strike+1","Fiend Fire","Fiend Fire","Fiend Fire","Exhume","Exhume","Exhume","Exhume","Exhume","Exhume","Corruption","Corruption","Corruption","True Grit+1","True Grit+1","True Grit+1","Feel No Pain+1","Feel No Pain+1","Feel No Pain+1","Metallicize+1","Metallicize+1","Metallicize+1"],"relics":["Burning Blood","Pocketwatch","Golden Idol","Shovel","Nunchaku","Sundial","Du-Vu Doll","Red Skull","Ancient Tea Set","MawBank","Singing Bowl","Astrolabe","OrangePellets","Vajra","Boot","The Courier","Toy Ornithopter","Regal Pillow","Mummified Hand","CeramicFish","War Paint","Happy Flower","Runic Pyramid","Gremlin Horn","Blood Vial","Omamori","Bottled Flame","Molten Egg 2","Lantern","Self Forming Clay","Bronze Scales","Eternal Feather","Anchor"],"acts_visited":["Exordium","TheCity","TheBeyond"],"potions_floor_usage":[16,16,29,30,33,40,42,50,50],"damage_taken":[{"damage":0,"enemies":"Small Slimes","floor":1,"turns":3},{"damage":7,"enemies":"2 Louse","floor":4,"turns":2},{"damage":0,"enemies":"Jaw Worm","floor":5,"turns":5},{"damage":5,"enemies":"Gremlin Nob","floor":6,"turns":5},{"damage":5,"enemies":"Red Slaver","floor":8,"turns":6},{"damage":3,"enemies":"3 Sentries","floor":10,"turns":7},{"damage":3,"enemies":"Exordium Wildlife","floor":13,"turns":5},{"damage":9,"enemies":"Gremlin Nob","floor":14,"turns":5},{"damage":6,"enemies":"Hexaghost","floor":16,"turns":9},{"damage":1,"enemies":"Chosen","floor":18,"turns":7},{"damage":4,"enemies":"2 Thieves","floor":19,"turns":5},{"damage":0,"enemies":"Snecko","floor":20,"turns":6},{"damage":11,"enemies":"Snake Plant","floor":22,"turns":10},{"damage":42,"enemies":"Gremlin Leader","floor":24,"turns":16},{"damage":0,"enemies":"Centurion and Healer","floor":27,"turns":11},{"damage":18,"enemies":"Book of Stabbing","floor":29,"turns":6},{"damage":10,"enemies":"Shelled Parasite and Fungi","floor":30,"turns":4},{"damage":3,"enemies":"Slavers","floor":31,"turns":8},{"damage":7,"enemies":"Champ","floor":33,"turns":16},{"damage":16,"enemies":"Orb Walker","floor":35,"turns":5},{"damage":0,"enemies":"3 Darklings","floor":37,"turns":6},{"damage":22,"enemies":"Transient","floor":38,"turns":5},{"damage":0,"enemies":"Reptomancer","floor":40,"turns":10},{"damage":0,"enemies":"Nemesis","floor":41,"turns":5},{"damage":30,"enemies":"Reptomancer","floor":42,"turns":9},{"damage":0,"enemies":"Sphere and 2 Shapes","floor":45,"turns":5},{"damage":0,"enemies":"Giant Head","floor":47,"turns":11},{"damage":7,"enemies":"3 Darklings","floor":48,"turns":6},{"damage":68,"enemies":"Awakened One","floor":50,"turns":17}],"seed_played":"2711031887427487134","potions_obtained":[{"floor":1,"key":"Fire Potion"},{"floor":4,"key":"ElixirPotion"},{"floor":8,"key":"LiquidMemories"},{"floor":24,"key":"Fire Potion"},{"floor":27,"key":"Block Potion"},{"floor":29,"key":"Swift Potion"},{"floor":31,"key":"Fire Potion"},{"floor":33,"key":"Fire Potion"},{"floor":38,"key":"GamblersBrew"},{"floor":45,"key":"Block Potion"},{"floor":47,"key":"CultistPotion"}],"is_trial":true,"path_per_floor":["M","?","?","M","M","E","R","M","T","E","R","$","M","E","R","B",null,"M","M","M","$","M","R","E","R","T","M","R","E","M","E","R","B",null,"M","?","M","M","?","E","E","E","T","$","M","?","E","M","R","B",null],"character_chosen":"IRONCLAD","items_purchased":["Flame Barrier","Ancient Tea Set","Metallicize","OrangePellets","Vajra","Shrug It Off","Molten Egg 2","Lantern","Self Forming Clay","Bronze Scales"],"campfire_rested":0,"item_purchase_floors":[12,12,12,21,21,21,44,44,44,44],"current_hp_per_floor":[80,80,74,73,74,74,74,74,74,74,74,74,74,71,71,71,74,78,80,84,84,83,83,51,51,51,67,67,64,71,82,82,90,124,118,114,126,112,112,129,137,126,126,126,146,146,158,165,178,125],"gold":111,"neow_bonus":"","is_daily":false,"chose_seed":false,"campfire_upgraded":0,"win_rate":0.0,"timestamp":1611682006,"path_taken":["M","?","?","M","M","E","R","M","T","E","R","$","?","?","R","BOSS","M","?","M","$","M","R","E","R","T","?","R","?","M","E","R","BOSS","M","?","M","M","?","E","?","E","T","$","?","?","E","M","R","BOSS"],"items_purchased_type":["Card","Relic","Card","Relic","Relic","Card","Relic","Relic","Relic","Relic"],"build_version":"2020-12-22","purchased_purges":0,"victory":true,"max_hp_per_floor":[80,80,74,74,74,74,74,74,74,74,74,74,74,74,74,74,74,78,80,84,84,88,88,92,92,92,102,102,106,112,120,120,124,124,128,134,140,142,142,148,150,156,156,156,168,168,172,178,178,182],"relic_stats":{"Regal Pillow":0,"Singing Bowl":24,"Happy Flower":[31],"Gremlin Horn":[14,15],"counters":[29,215],"Golden Idol":210,"Self Forming Clay":[33],"Astrolabe":["Armaments","Wild Strike","Feed"],"CeramicFish":54,"Eternal Feather":13,"War Paint":["Dual Wield","Defend_R"],"MawBank":84,"Boot":[15],"Burning Blood":142,"Blood Vial":8,"OrangePellets":[21],"Nunchaku":[27],"Shovel":8,"Sundial":[14],"Mummified Hand":[143],"Bronze Scales":[156],"obtain_stats":[{"Regal Pillow":26,"Lantern":44,"Singing Bowl":15,"Gremlin Horn":40,"CeramicFish":29,"Vajra":21,"Ancient Tea Set":12,"Boot":23,"Burning Blood":0,"Blood Vial":41,"Nunchaku":7,"Shovel":6,"Sundial":9,"Mummified Hand":28,"Red Skull":11,"Runic Pyramid":34,"Happy Flower":32,"Golden Idol":3,"Self Forming Clay":44,"Astrolabe":17,"Eternal Feather":47,"The Courier":24,"Omamori":42,"War Paint":31,"MawBank":14,"Du-Vu Doll":10,"OrangePellets":21,"Bottled Flame":43,"Anchor":49,"Bronze Scales":44,"Molten Egg 2":44,"Toy Ornithopter":25,"Pocketwatch":0},{"Regal Pillow":14,"Lantern":25,"Singing Bowl":8,"Gremlin Horn":23,"CeramicFish":16,"Vajra":12,"Ancient Tea Set":6,"Boot":13,"Burning Blood":0,"Blood Vial":24,"Nunchaku":4,"Shovel":4,"Sundial":5,"Mummified Hand":15,"Red Skull":6,"Runic Pyramid":19,"Happy Flower":18,"Golden Idol":1,"Self Forming Clay":25,"Astrolabe":9,"Eternal Feather":27,"The Courier":14,"Omamori":25,"War Paint":18,"MawBank":8,"Du-Vu Doll":6,"OrangePellets":12,"Bottled Flame":25,"Anchor":28,"Bronze Scales":25,"Molten Egg 2":25,"Toy Ornithopter":14,"Pocketwatch":0},{"Regal Pillow":91,"Lantern":176,"Singing Bowl":38,"Gremlin Horn":162,"CeramicFish":108,"Vajra":65,"Ancient Tea Set":28,"Boot":75,"Burning Blood":0,"Blood Vial":167,"Nunchaku":15,"Shovel":15,"Sundial":21,"Mummified Hand":102,"Red Skull":28,"Runic Pyramid":136,"Happy Flower":120,"Golden Idol":3,"Self Forming Clay":176,"Astrolabe":47,"Eternal Feather":192,"The Courier":91,"Omamori":176,"War Paint":120,"MawBank":38,"Du-Vu Doll":28,"OrangePellets":65,"Bottled Flame":176,"Anchor":198,"Bronze Scales":176,"Molten Egg 2":176,"Toy Ornithopter":91,"Pocketwatch":0}],"Toy Ornithopter":30,"Pocketwatch":[312]},"card_choices":[{"not_picked":["Thunderclap","Sever Soul"],"picked":"Uppercut","floor":1},{"not_picked":["Intimidate","Twin Strike"],"picked":"Metallicize","floor":4},{"not_picked":["True Grit","Sentinel"],"picked":"Battle Trance","floor":5},{"not_picked":["Fire Breathing","Cleave","Flex"],"picked":"SKIP","floor":6},{"not_picked":["Flex","Evolve"],"picked":"Rampage","floor":8},{"not_picked":["Infernal Blade","Whirlwind","Rampage"],"picked":"SKIP","floor":10},{"not_picked":["Warcry","Cleave","Clothesline"],"picked":"SKIP","floor":13},{"not_picked":["Clothesline","Iron Wave","Sword Boomerang"],"picked":"SKIP","floor":14},{"not_picked":["Exhume","Limit Break"],"picked":"Impervious","floor":16},{"not_picked":["Wild Strike","Rupture"],"picked":"Inflame","floor":18},{"not_picked":["Armaments","Sentinel","True Grit"],"picked":"Singing Bowl","floor":19},{"not_picked":["Havoc","Clothesline"],"picked":"Dual Wield","floor":20},{"not_picked":["Dropkick","Armaments"],"picked":"Pommel Strike+1","floor":22},{"not_picked":["Wild Strike","Thunderclap"],"picked":"Fiend Fire","floor":24},{"not_picked":["Infernal Blade","Rampage","Dark Embrace"],"picked":"Singing Bowl","floor":27},{"not_picked":["Heavy Blade","Pommel Strike"],"picked":"Exhume","floor":29},{"not_picked":["Clothesline","Flex","Headbutt"],"picked":"Singing Bowl","floor":30},{"not_picked":["Perfected Strike+1","Combust"],"picked":"Exhume","floor":31},{"not_picked":["Fiend Fire","Impervious"],"picked":"Corruption","floor":33},{"not_picked":["Iron Wave","Dual Wield+1"],"picked":"True Grit+1","floor":35},{"not_picked":["Flash of Steel","Panacea","Madness"],"picked":"Singing Bowl","floor":36},{"not_picked":["Blind","Bandage Up","HandOfGreed"],"picked":"Singing Bowl","floor":36},{"not_picked":["Swift Strike","Good Instincts","Dramatic Entrance"],"picked":"Singing Bowl","floor":36},{"not_picked":["Pommel Strike+1","Evolve+1","Inflame"],"picked":"Singing Bowl","floor":37},{"not_picked":["Pummel+1","Wild Strike","Cleave"],"picked":"Singing Bowl","floor":38},{"not_picked":["Fiend Fire","Sword Boomerang+1","Immolate"],"picked":"Singing Bowl","floor":40},{"not_picked":["Flex","Rampage","Sever Soul+1"],"picked":"Singing Bowl","floor":41},{"not_picked":["True Grit","Rupture","Searing Blow+1"],"picked":"Singing Bowl","floor":42},{"not_picked":["Entrench","Clothesline+1"],"picked":"Feel No Pain+1","floor":45},{"not_picked":["Evolve+1","Clash+1"],"picked":"Metallicize+1","floor":47},{"not_picked":["Metallicize+1","Battle Trance","Sword Boomerang+1"],"picked":"Singing Bowl","floor":48}],"player_experience":988048,"relics_obtained":[{"floor":6,"key":"Shovel"},{"floor":7,"key":"Nunchaku"},{"floor":9,"key":"Sundial"},{"floor":10,"key":"Du-Vu Doll"},{"floor":11,"key":"Red Skull"},{"floor":14,"key":"MawBank"},{"floor":15,"key":"Singing Bowl"},{"floor":23,"key":"Boot"},{"floor":24,"key":"The Courier"},{"floor":25,"key":"Toy Ornithopter"},{"floor":26,"key":"Regal Pillow"},{"floor":28,"key":"Mummified Hand"},{"floor":29,"key":"CeramicFish"},{"floor":31,"key":"War Paint"},{"floor":32,"key":"Happy Flower"},{"floor":40,"key":"Gremlin Horn"},{"floor":41,"key":"Blood Vial"},{"floor":42,"key":"Omamori"},{"floor":43,"key":"Bottled Flame"},{"floor":47,"key":"Eternal Feather"},{"floor":49,"key":"Anchor"}],"event_choices":[{"damage_healed":0,"gold_gain":80,"player_choice":"Gained Gold","damage_taken":0,"max_hp_gain":0,"max_hp_loss":0,"event_name":"Golden Wing","floor":2,"gold_loss":0},{"damage_healed":0,"gold_gain":0,"player_choice":"Lose Max HP","damage_taken":0,"relics_obtained":["Golden Idol"],"max_hp_gain":0,"max_hp_loss":6,"event_name":"Golden Idol","floor":3,"gold_loss":0},{"damage_healed":0,"gold_gain":0,"player_choice":"Memory 3","damage_taken":10,"max_hp_gain":0,"max_hp_loss":0,"event_name":"SensoryStone","floor":36,"gold_loss":0},{"damage_healed":0,"gold_gain":100,"player_choice":"Pray","damage_taken":0,"max_hp_gain":0,"max_hp_loss":0,"event_name":"Golden Shrine","floor":39,"gold_loss":0},{"cards_removed":["Strike_R"],"damage_healed":0,"gold_gain":0,"player_choice":"Removed Attack","damage_taken":0,"max_hp_gain":0,"max_hp_loss":0,"event_name":"Falling","floor":46,"gold_loss":0}],"is_beta":false,"boss_relics":[{"not_picked":["Runic Dome","Empty Cage"],"picked":"Astrolabe"},{"not_picked":["Coffee Dripper","Velvet Choker"],"picked":"Runic Pyramid"}],"items_purged_floors":[],"is_endless":false,"potions_floor_spawned":[1,4,8,24,27,29,31,33,38,45,47],"ascension_level":0}}