{"host":"gqcohn9v5baj3dmw","time":1611674863,"event":{"mods":["BaseMod","Better Note","Better Sensory Stone","Better Skull","Colored Map","Downfall","Marked Mod","Minty Spire (QoL Compilation)","Rare Cards Sparkle","Relic Stats","StSLib"],"gold_per_floor":[99,99,99,99,99,118,118,131,406,418,433,192,192,42,57,155,155,155,174,60,60,73,86,86,86,86,86],"floor_reached":25,"language":"ENG","playtime":1166,"items_purged":["Regret","bronze:Strike"],"score":201,"play_id":"480a8c68-7868-44b7-b671-422efb726419","local_time":"20210126162743","is_ascension_mode":true,"campfire_choices":[{"data":"bronze:Goto","floor":1,"key":"SMITH"},{"floor":13,"key":"REST"},{"data":"bronze:BurnOut","floor":18,"key":"SMITH"}],"circlet_count":0,"master_deck":["bronze:Strike","bronze:Strike","bronze:Strike","bronze:Defend","bronze:Defend","bronze:Defend","bronze:Replicate","bronze:Goto+1","bronze:Frontload","bronze:Branch","bronze:Break","bronze:Fortify","bronze:BugBarrage","bronze:Break","bronze:Repulsor","bronze:Shield","bronze:BurnOut+1","bronze:BugBarrage","bronze:BronzeOrb","bronze:OilSpill+1"],"relics":["bronze:PlatinumCore","downfall:HeartsMalice","Pantograph","HandDrill","Letter Opener"],"acts_visited":["Exordium","TheCity"],"potions_floor_usage":[10,22,23],"damage_taken":[{"damage":0,"enemies":"Small Slimes","floor":2,"turns":1},{"damage":0,"enemies":"Cultist","floor":3,"turns":1},{"damage":0,"enemies":"2 Louse","floor":5,"turns":1},{"damage":1,"enemies":"Red Slaver","floor":6,"turns":4},{"damage":13,"enemies":"Lots of Slimes","floor":8,"turns":5},{"damage":0,"enemies":"2 Fungi Beasts","floor":10,"turns":2},{"damage":26,"enemies":"Exordium Thugs","floor":11,"turns":4},{"damage":4,"enemies":"downfall:FleeingMerchant","floor":12,"turns":4},{"damage":2,"enemies":"downfall:FleeingMerchant","floor":14,"turns":4},{"damage":0,"enemies":"Blue Slaver","floor":15,"turns":2},{"damage":39,"enemies":"DF_ARCHETYPE_STREAMLINE","floor":16,"turns":14},{"damage":6,"enemies":"3 Byrds","floor":19,"turns":5},{"damage":9,"enemies":"downfall:FleeingMerchant","floor":20,"turns":4},{"damage":3,"enemies":"Snecko","floor":22,"turns":3},{"damage":50,"enemies":"3 Cultists","floor":23,"turns":8},{"damage":10,"enemies":"Sentry and Sphere","floor":25,"turns":3}],"seed_played":"-528811401720768105","potions_obtained":[{"floor":6,"key":"sneckomod:MuddlingPotion"},{"floor":8,"key":"bronze:BurnAndBuffPotion"},{"floor":15,"key":"LiquidBronze"},{"floor":16,"key":"hexamod:SoulburnPotion"},{"floor":22,"key":"SkillPotion"}],"is_trial":false,"path_per_floor":["R","M","M","?","M","M","T","M","?","M","M","$","R","$","M","B",null,"R","M","$","?","M","M","T","M"],"character_chosen":"THE_AUTOMATON","items_purchased":["HandDrill","bronze:Repulsor","bronze:BugBarrage","AttackPotion"],"campfire_rested":1,"item_purchase_floors":[12,14,20,20],"current_hp_per_floor":[70,70,70,70,70,69,69,56,56,56,30,26,47,45,45,31,70,70,64,55,54,51,1,1,0,0,0],"gold":86,"neow_bonus":"THREE_ENEMY_KILL","is_daily":false,"chose_seed":false,"campfire_upgraded":2,"win_rate":0.0,"timestamp":1611674863,"path_taken":["R","M","M","?","?","?","T","M","?","?","M","$","R","$","M","BOSS","R","?","$","?","M","M","T","M"],"items_purchased_type":["Relic","Card","Card","Potion"],"build_version":"2020-12-22","purchased_purges":2,"victory":false,"max_hp_per_floor":[70,70,70,70,70,70,70,70,70,70,70,70,70,70,70,70,70,70,70,70,70,70,70,70,70,70,70],"relic_stats":{"counters":[16,62],"Pantograph":25,"HandDrill":[14],"Letter Opener":[0],"obtain_stats":[{"bronze:PlatinumCore":17,"bronze:BronzeCore":0,"Pantograph":7,"downfall:HeartsMalice":0,"HandDrill":12,"Letter Opener":24},{"bronze:PlatinumCore":11,"bronze:BronzeCore":0,"Pantograph":4,"downfall:HeartsMalice":0,"HandDrill":8,"Letter Opener":15},{"bronze:PlatinumCore":39,"bronze:BronzeCore":0,"Pantograph":4,"downfall:HeartsMalice":0,"HandDrill":19,"Letter Opener":59}]},"card_choices":[{"not_picked":["bronze:BitShift","bronze:BronzeArmor"],"picked":"bronze:Frontload","floor":2},{"not_picked":["bronze:FineTuning","bronze:Invalidate"],"picked":"bronze:Branch","floor":3},{"not_picked":["bronze:WildBeam","bronze:Safeguard","bronze:BronzeArmor"],"picked":"SKIP","floor":5},{"not_picked":["bronze:Overload","bronze:Backtrace"],"picked":"bronze:Break","floor":6},{"not_picked":["bronze:DelayedGuard","bronze:FineTuning"],"picked":"bronze:Fortify","floor":8},{"not_picked":["bronze:Overload","bronze:BronzeArmor","bronze:WildBeam"],"picked":"SKIP","floor":10},{"not_picked":["bronze:FineTuning","bronze:NullPointer"],"picked":"bronze:BugBarrage","floor":11},{"not_picked":["bronze:Constructor","bronze:Branch","bronze:ChildClass"],"picked":"SKIP","floor":12},{"not_picked":["bronze:FollowUp","bronze:FineTuning"],"picked":"bronze:Break","floor":14},{"not_picked":["bronze:InfiniteBeams","bronze:Terminator"],"picked":"bronze:Shield","floor":15},{"not_picked":["bronze:Virus","bronze:Assembly"],"picked":"bronze:BurnOut","floor":16},{"not_picked":["bronze:FineTuning","bronze:BitShift","bronze:DelayedSlice"],"picked":"SKIP","floor":19},{"not_picked":["bronze:WhirlingStrike+1","bronze:NullPointer","bronze:GetLatest"],"picked":"SKIP","floor":20},{"not_picked":["bronze:GetLatest","bronze:Branch+1"],"picked":"bronze:BronzeOrb","floor":22},{"not_picked":["bronze:Invalidate","bronze:NullPointer"],"picked":"bronze:OilSpill+1","floor":23}],"player_experience":526532,"relics_obtained":[{"floor":7,"key":"Pantograph"},{"floor":24,"key":"Letter Opener"}],"event_choices":[{"cards_removed":["bronze:Defend"],"damage_healed":0,"gold_gain":0,"player_choice":"Offered Basic","damage_taken":0,"max_hp_gain":0,"max_hp_loss":0,"event_name":"Bonfire Elementals","floor":4,"gold_loss":0},{"damage_healed":0,"gold_gain":0,"player_choice":"","damage_taken":1,"relics_obtained":[],"max_hp_gain":0,"max_hp_loss":0,"event_name":"betterSkull:BetterSkull","floor":21,"gold_loss":0,"cards_upgraded":[]}],"is_beta":false,"boss_relics":[{"not_picked":["Runic Dome","Tiny House"],"picked":"bronze:PlatinumCore"}],"items_purged_floors":[12,14],"is_endless":false,"potions_floor_spawned":[6,8,15,16,22],"killed_by":"Sentry and Sphere","ascension_level":1}}