{"host":"w05x4i13f2m9joq1","time":1611634818,"event":{"mods":["Act Like it!","Bard","BaseMod","Better Altar","Better Match","Better Note","Better Sensory Stone","Better Skull","Better Third Choice","BetterRewards","CapriCore","Colored Map","Colored Powertips","Decade(???)","Defective Defect","Duelist Mod","GifTheSpireLib","Googly Eyes","Infinite Spire","Ironclad Rager","Lobotomy","LobotomyExtend","Marisa????????","Melee Mod","Minty Spire (QoL Compilation)","MostiFishMod","Rare Cards Sparkle","Replay The Spire","Spicy Shops","Spire Birthday Party","StSLib","Td1madao Mod","The Construct","The IronCluck","TheBandit","Uncapped","everything is the same but u backflip on backflip","slay the spire mod where everything is the same but ironclad has a cowboy hat"],"gold_per_floor":[115,290,308,260,275,276,276],"floor_reached":6,"language":"ENG","playtime":814,"items_purged":["Doubt"],"score":36,"play_id":"9f7110cd-2bda-4ae5-9f7c-12b0b40b7b75","local_time":"20210125232018","is_ascension_mode":false,"campfire_choices":[],"circlet_count":0,"master_deck":["Strike_C","Strike_C","Strike_C","Strike_C","Defend_C","Defend_C","Defend_C","Defend_C","Knight Kick","Chip","OSAHOGD","Lunge","BodiesMountain","Bursts","Hallucinations","Finesse","MostiFishMod:KingOfFree","Judgment+1","Thunder Jump","Preloading","Provocative","Perfect Defend","De Ware Chip"],"relics":["Apod","DaveBox","Nloth\u0027s Gift","CogitoBucket","SynthV:TestCard","LetterFromLob","BargainBundle","ReplayTheSpireMod:CursedCoin"],"acts_visited":["Exordium"],"potions_floor_usage":[6,6],"damage_taken":[{"damage":4,"enemies":"2 Louse","floor":1,"turns":3},{"damage":10,"enemies":"Cultist","floor":3,"turns":4},{"damage":6,"enemies":"infinitespire:Voidling","floor":5,"turns":3},{"damage":58,"enemies":"Gremlin Nob","floor":6,"turns":5}],"seed_played":"7768693167951479619","potions_obtained":[],"is_trial":false,"path_per_floor":["M","?","M","$","M","E"],"character_chosen":"TD1MADAO_CLASS","items_purchased":["BargainBundle","ReplayTheSpireMod:CursedCoin","Explosive Potion","Explosive Potion","Explosive Potion","Finesse","MostiFishMod:KingOfFree","Judgment+1","Thunder Jump","Preloading","Provocative","Perfect Defend"],"campfire_rested":0,"item_purchase_floors":[4,4,4,4,4,4,4,4,4,4,4,4],"current_hp_per_floor":[66,66,56,56,51,0,0],"gold":276,"neow_bonus":"","is_daily":false,"chose_seed":false,"campfire_upgraded":0,"win_rate":0.0,"timestamp":1611634818,"path_taken":["M","?","M","$","M","E"],"items_purchased_type":["Relic","Relic","Potion","Potion","Potion","Card","Card","Card","Card","Card","Card","Card"],"build_version":"2020-12-22","purchased_purges":1,"victory":false,"max_hp_per_floor":[70,70,70,70,70,70,70],"card_choices":[{"not_picked":["LongBird","VoidDream","Laetitia"],"picked":"Singing Bowl","floor":1},{"not_picked":["QueenBee","BeautyBeast"],"picked":"OSAHOGD","floor":1},{"not_picked":["Rupture","Bugfix"],"picked":"Lunge","floor":1},{"not_picked":["BeautyBeast","OldLady"],"picked":"BodiesMountain","floor":3},{"not_picked":["Black Shadow","Sub Weapons","Break Into","Fire Blade"],"picked":"Bursts","floor":3},{"not_picked":["SpiderBud","UniverseFragment","FairyFestival"],"picked":"Singing Bowl","floor":5},{"not_picked":["Black Execution","New Defend Magic","Lunge","Ruin Defend"],"picked":"De Ware Chip","floor":5}],"player_experience":124187,"relics_obtained":[{"floor":1,"key":"SynthV:TestCard"},{"floor":1,"key":"LetterFromLob"}],"event_choices":[{"damage_healed":0,"gold_gain":175,"player_choice":"AGREE","damage_taken":115,"max_hp_gain":0,"max_hp_loss":0,"event_name":"betterThird:BetterSerpent","floor":2,"gold_loss":0}],"is_beta":false,"boss_relics":[],"items_purged_floors":[4],"is_endless":false,"potions_floor_spawned":[5],"killed_by":"Gremlin Nob","ascension_level":0}}