{"host":"qdfumeom6htv8yxl","time":1611676159,"event":{"mods":["AchievementEnabler","BaseMod","Bestiary","Block Reminder","Minty Spire (QoL Compilation)","Quick Restart","Relic Stats"],"gold_per_floor":[359,377,377,302,93,127,127,161,161,161,161],"floor_reached":10,"language":"ENG","playtime":323,"items_purged":[],"score":141,"play_id":"a85b73ed-9000-4457-8e72-4abc38aac7bf","local_time":"20210126094919","is_ascension_mode":true,"campfire_choices":[{"floor":7,"key":"REST"}],"circlet_count":0,"master_deck":["AscendersBane","Strike_B","Strike_B","Strike_B","Defend_B","Defend_B","Defend_B","Defend_B","Zap","Dualcast","Sweeping Beam","Ball Lightning","Static Discharge","Rainbow","Skim"],"relics":["Cracked Core","OrangePellets","Ornamental Fan","Juzu Bracelet","InkBottle"],"acts_visited":["Exordium"],"potions_floor_usage":[10],"damage_taken":[{"damage":17,"enemies":"Jaw Worm","floor":1,"turns":4},{"damage":2,"enemies":"2 Louse","floor":2,"turns":2},{"damage":25,"enemies":"3 Sentries","floor":6,"turns":6},{"damage":13,"enemies":"Lagavulin","floor":8,"turns":7},{"damage":11,"enemies":"Gremlin Nob","floor":10,"turns":3}],"seed_played":"5055668725817097017","potions_obtained":[{"floor":6,"key":"SteroidPotion"},{"floor":8,"key":"PotionOfCapacity"}],"is_trial":false,"path_per_floor":["M","M","?","?","$","E","R","E","T","E"],"character_chosen":"DEFECT","items_purchased":["OrangePellets","Static Discharge"],"campfire_rested":1,"item_purchase_floors":[5,5],"current_hp_per_floor":[47,45,38,38,38,13,34,21,21,10,10],"gold":161,"neow_bonus":"TWO_FIFTY_GOLD","is_daily":false,"chose_seed":false,"campfire_upgraded":0,"win_rate":0.0,"timestamp":1611676159,"path_taken":["M","M","?","?","$","E","R","E","T","E"],"items_purchased_type":["Relic","Card"],"build_version":"2020-12-22","purchased_purges":0,"victory":false,"max_hp_per_floor":[71,71,71,71,71,71,71,71,71,71,71],"relic_stats":{"OrangePellets":[0],"counters":[5,21],"Ornamental Fan":[4],"Juzu Bracelet":0,"obtain_stats":[{"OrangePellets":5,"Ornamental Fan":6,"Juzu Bracelet":8,"Cracked Core":0,"InkBottle":9},{"OrangePellets":2,"Ornamental Fan":3,"Juzu Bracelet":4,"Cracked Core":0,"InkBottle":4},{"OrangePellets":6,"Ornamental Fan":12,"Juzu Bracelet":19,"Cracked Core":0,"InkBottle":19}],"InkBottle":[0]},"card_choices":[{"not_picked":["Conserve Battery","Barrage"],"picked":"Sweeping Beam","floor":1},{"not_picked":["Melter","Auto Shields"],"picked":"Ball Lightning","floor":2},{"not_picked":["Leap","Undo"],"picked":"Rainbow","floor":6},{"not_picked":["Steam","Sweeping Beam"],"picked":"Skim","floor":8}],"player_experience":1831184,"relics_obtained":[{"floor":6,"key":"Ornamental Fan"},{"floor":8,"key":"Juzu Bracelet"},{"floor":9,"key":"InkBottle"}],"event_choices":[{"cards_removed":["Clumsy"],"damage_healed":0,"gold_gain":0,"player_choice":"Card Removal","damage_taken":7,"max_hp_gain":0,"max_hp_loss":0,"event_name":"Golden Wing","floor":3,"gold_loss":0},{"cards_removed":["Strike_B"],"damage_healed":0,"gold_gain":0,"player_choice":"Card Removal","damage_taken":0,"max_hp_gain":0,"max_hp_loss":0,"event_name":"The Cleric","floor":4,"gold_loss":75}],"is_beta":false,"boss_relics":[],"items_purged_floors":[],"is_endless":false,"potions_floor_spawned":[6,8],"killed_by":"Gremlin Nob","ascension_level":18}}