{"host":"1tl36azeqm6yhdgj","time":1611674827,"event":{"mods":["AchievementEnabler","BaseMod","Minty Spire (QoL Compilation)","StSLib","The IronCluck","everything is the same but u backflip on backflip"],"gold_per_floor":[110,110,35,51,51,51,86,102,102,112,112,112,125,125,125,200,200,210,260,260,276,290,290,290,290],"floor_reached":24,"language":"ENG","playtime":651,"items_purged":["Pain"],"score":392,"play_id":"bad45d5a-ff99-4b94-9466-f489aaa66969","local_time":"20210126102707","is_ascension_mode":true,"campfire_choices":[{"data":"Double Tap","floor":6.0,"key":"SMITH"},{"data":"Uppercut","floor":12.0,"key":"SMITH"},{"data":"Pommel Strike","floor":15.0,"key":"SMITH"},{"floor":23.0,"key":"REST"}],"circlet_count":0,"master_deck":["AscendersBane","Strike_R","Strike_R","Strike_R","Strike_R","Strike_R","Defend_R","Defend_R","Defend_R","Defend_R","Bash","Feed","Pommel Strike+1","Anger","Double Tap+1","Uppercut+1","Fire Breathing","Thunderclap","Rage","Corruption","Bludgeon","Feel No Pain","Flex"],"relics":["Black Blood","Eternal Feather","Gremlin Horn","Happy Flower"],"acts_visited":["Exordium","TheCity"],"potions_floor_usage":[24],"damage_taken":[{"damage":30.0,"enemies":"Jaw Worm","floor":1.0,"turns":7.0},{"damage":0.0,"enemies":"Cultist","floor":4.0,"turns":2.0},{"damage":8.0,"enemies":"Gremlin Nob","floor":7.0,"turns":3.0},{"damage":7.0,"enemies":"Small Slimes","floor":8.0,"turns":3.0},{"damage":17.0,"enemies":"Exordium Thugs","floor":10.0,"turns":4.0},{"damage":0.0,"enemies":"Lots of Slimes","floor":13.0,"turns":1.0},{"damage":90.0,"enemies":"Hexaghost","floor":16.0,"turns":10.0},{"damage":41.0,"enemies":"Spheric Guardian","floor":18.0,"turns":5.0},{"damage":16.0,"enemies":"Chosen","floor":21.0,"turns":5.0},{"damage":43.0,"enemies":"Sentry and Sphere","floor":22.0,"turns":7.0},{"damage":67,"enemies":"Gremlin Leader","floor":24,"turns":6}],"seed_played":"7585319390845934390","potions_obtained":[{"floor":1.0,"key":"Regen Potion"},{"floor":7.0,"key":"SteroidPotion"},{"floor":8.0,"key":"AttackPotion"},{"floor":10.0,"key":"FairyPotion"},{"floor":18.0,"key":"CultistPotion"},{"floor":22.0,"key":"GamblersBrew"}],"is_trial":false,"path_per_floor":["M","?","$","M","$","R","E","M","T","M","?","R","M","?","R","B",null,"M","?","?","M","M","R","E"],"character_chosen":"IRONCLAD","items_purchased":[],"campfire_rested":1,"item_purchase_floors":[],"current_hp_per_floor":[47,47,47,56,56,56,57,59,59,51,51,63,72,72,84,27,77,48,48,48,58,27,66,0,0],"gold":290,"neow_bonus":"THREE_RARE_CARDS","is_daily":false,"chose_seed":false,"campfire_upgraded":3,"win_rate":0.0,"timestamp":1611674827,"path_taken":["M","?","$","?","?","R","E","M","T","?","?","R","M","?","R","BOSS","M","?","?","M","?","R","E"],"items_purchased_type":[],"build_version":"2020-12-22","purchased_purges":1,"victory":false,"max_hp_per_floor":[78,78,78,81,81,81,84,87,87,90,90,90,93,93,93,93,93,93,93,93,93,93,93,93,93],"card_choices":[{"not_picked":["Corruption","Double Tap"],"picked":"Feed","floor":0.0},{"not_picked":["Warcry","Perfected Strike"],"picked":"Pommel Strike","floor":1.0},{"not_picked":["Clothesline","Shrug It Off"],"picked":"Uppercut","floor":4.0},{"not_picked":["Wild Strike","True Grit"],"picked":"Fire Breathing","floor":7.0},{"not_picked":["Armaments","Shrug It Off"],"picked":"Thunderclap","floor":8.0},{"not_picked":["Warcry","Iron Wave"],"picked":"Rage","floor":10.0},{"not_picked":["Havoc","Twin Strike"],"picked":"Corruption","floor":13.0},{"not_picked":["Barricade","Feed"],"picked":"Bludgeon","floor":16.0},{"not_picked":["Flex","Clash"],"picked":"Feel No Pain","floor":18.0},{"not_picked":["Clothesline","Heavy Blade","Iron Wave+1"],"picked":"SKIP","floor":21.0},{"not_picked":["Warcry","Feel No Pain","Flex"],"picked":"SKIP","floor":22.0},{"not_picked":["Warcry","Feel No Pain"],"picked":"Flex","floor":22.0}],"player_experience":2065441,"relics_obtained":[{"floor":7.0,"key":"Eternal Feather"},{"floor":9.0,"key":"Gremlin Horn"}],"event_choices":[{"damage_healed":0.0,"max_hp_gain":0.0,"max_hp_loss":0.0,"gold_gain":0.0,"event_name":"Match and Keep!","player_choice":"2 cards matched","floor":2.0,"gold_loss":0.0,"damage_taken":0.0,"cards_obtained":["Anger","Double Tap"]},{"damage_healed":0.0,"max_hp_gain":0.0,"max_hp_loss":0.0,"gold_gain":0.0,"event_name":"Big Fish","player_choice":"Box","floor":11.0,"gold_loss":0.0,"damage_taken":0.0,"relics_obtained":["Happy Flower"],"cards_obtained":["Regret"]},{"cards_removed":["Regret"],"damage_healed":0.0,"max_hp_gain":0.0,"max_hp_loss":0.0,"gold_gain":0.0,"event_name":"Living Wall","player_choice":"Forget","floor":14.0,"gold_loss":0.0,"damage_taken":0.0},{"damage_healed":0.0,"max_hp_gain":0.0,"max_hp_loss":0.0,"gold_gain":50.0,"event_name":"Nest","player_choice":"Stole From Cult","floor":19.0,"gold_loss":0.0,"damage_taken":0.0},{"damage_healed":0.0,"max_hp_gain":0.0,"max_hp_loss":0.0,"gold_gain":0.0,"event_name":"Ghosts","player_choice":"Ignored","floor":20.0,"gold_loss":0.0,"damage_taken":0.0}],"is_beta":false,"boss_relics":[{"not_picked":["Philosopher\u0027s Stone","Ectoplasm"],"picked":"Black Blood"}],"items_purged_floors":[3],"is_endless":false,"potions_floor_spawned":[1,7,8,10,18,22],"killed_by":"Gremlin Leader","ascension_level":20}}