{"host":"KYO","time":1611664540,"event":{"mods":["ATMod(°¢èªMod)","BaseMod","Minty Spire (QoL Compilation)","Permanent Neow","Replay The Spire","Shop Mod","StSLib","SuperFastMode","TestMod","[IsaacMod]ÒÔÈö¼âËþ","¡¾ÒÅÎï¿¨ÅÆ¡¿REMEMod"],"gold_per_floor":[110,125,149,236,286,321,332,357,357,383,400,205,355,373,373,447,447,458,468,533,808,628,656,656,656,656,688,707,632,632,649,649,723,723,739,749,427,427,443,443,443,478,478,488,522,522,522,536,536,536,536,536,536,386,418,418],"floor_reached":57,"language":"ZHS","playtime":5356,"items_purged":["Defend_P","Strike_P","HalloweenModTrick","HalloweenModTrick"],"score":3665,"play_id":"2b082a6a-5739-45e5-9c1a-c500692f731c","local_time":"20210126203540","is_ascension_mode":true,"campfire_choices":[{"data":"HalloweenModCandy","floor":15,"key":"SMITH"},{"data":"Pot Of Greed","floor":25,"key":"SMITH"},{"data":"Pot Of Greed","floor":30,"key":"SMITH"},{"data":"AT_IrregularMenstruation","floor":32,"key":"SMITH"},{"floor":40,"key":"RECALL"},{"data":"HalloweenModGhostCostume","floor":46,"key":"SMITH"},{"data":"AT_IrregularMenstruation+1","floor":49,"key":"PURGE"},{"data":"Vigilance","floor":53,"key":"SMITH"}],"circlet_count":0,"master_deck":["AscendersBane","Strike_P","Vigilance+1","AbeCurse","HalloweenModCandy+1","Pot Of Greed+1","Pot Of Greed+1","Doubt","HalloweenModGhostCostume+1","Regret","Strike_P","HalloweenModCandy+1","HalloweenModTrick+1","Voices"],"relics":["HushsDoor","AT_ATBox","REME_ComplimentaryCards","testmod-TestBox","BookOfRevelations","HalloweenModHalloween","Blue Candle","Abe\u0027s Treasure","Bag of Marbles","AT_SunfireAegis","testmod-CyclicPeriapt","MerchantsRug","GuppysHead","GuppysCollar","ClockworkSouvenir","SharpPlug","Sundial","testmod-EqualTreatment","Letter Opener","BargainBundle","Ring of Searing","ReplayTheSpireMod:Ring of Collecting","TuHaoJin","Ring of Misfortune","AnarchistCookbook","Ring of Fury","Mercury Hourglass","Replay:Rubber Ducky"],"acts_visited":["Exordium","TheCity","TheBeyond","TheEnding"],"potions_floor_usage":[8,27,56],"damage_taken":[{"damage":0.0,"enemies":"Cultist","floor":1.0,"turns":3.0},{"damage":0.0,"enemies":"Small Slimes","floor":2.0,"turns":2.0},{"damage":0.0,"enemies":"2 Louse","floor":5.0,"turns":2.0},{"damage":1.0,"enemies":"Lagavulin","floor":6.0,"turns":5.0},{"damage":0,"enemies":"Exordium Thugs","floor":7,"turns":2},{"damage":0,"enemies":"3 Sentries","floor":8,"turns":2},{"damage":0,"enemies":"Gremlin Nob","floor":10,"turns":1},{"damage":0,"enemies":"Exordium Wildlife","floor":11,"turns":3},{"damage":0,"enemies":"Large Slime","floor":14,"turns":2},{"damage":19,"enemies":"Hexaghost","floor":16,"turns":4},{"damage":3,"enemies":"2 Thieves","floor":18,"turns":1},{"damage":3,"enemies":"Spheric Guardian","floor":19,"turns":2},{"damage":2,"enemies":"Slavers","floor":23,"turns":1},{"damage":11,"enemies":"Book of Stabbing","floor":27,"turns":3},{"damage":0,"enemies":"Snecko","floor":28,"turns":2},{"damage":0,"enemies":"Centurion and Healer","floor":31,"turns":1},{"damage":5,"enemies":"Collector","floor":33,"turns":2},{"damage":4,"enemies":"3 Darklings","floor":35,"turns":2},{"damage":10,"enemies":"Orb Walker","floor":36,"turns":2},{"damage":8,"enemies":"Maw","floor":39,"turns":1},{"damage":14,"enemies":"Giant Head","floor":42,"turns":1},{"damage":0,"enemies":"Spire Growth","floor":44,"turns":2},{"damage":0,"enemies":"Reptomancer","floor":45,"turns":1},{"damage":0,"enemies":"3 Darklings","floor":48,"turns":1},{"damage":0,"enemies":"Awakened One","floor":50,"turns":2},{"damage":0,"enemies":"Donu and Deca","floor":51,"turns":1},{"damage":0,"enemies":"Shield and Spear","floor":55,"turns":1},{"damage":20,"enemies":"The Heart","floor":56,"turns":5}],"seed_played":"2351627267389230382","potions_obtained":[{"floor":1.0,"key":"REME_GoldPotion"},{"floor":2.0,"key":"Swift Potion"},{"floor":7,"key":"AttackPotion"},{"floor":10,"key":"Fire Potion"},{"floor":16,"key":"Fire Potion"},{"floor":23,"key":"Fire Potion"},{"floor":31,"key":"LiquidBronze"},{"floor":35,"key":"EssenceOfSteel"},{"floor":39,"key":"Swift Potion"}],"is_trial":false,"path_per_floor":["M","M","T","?","M","E","M","E","T","E","M","$","?","M","R","B",null,"M","M","?","?","$","E","?","R","T","E","M","?","R","M","R","B",null,"M","M","$","?","M","R","?","E","T","M","E","R","T","M","R","B","B",null,"R","$","E","B",null],"character_chosen":"WATCHER","items_purchased":["MerchantsRug","GuppysHead","GuppysCollar","ClockworkSouvenir","Letter Opener","BargainBundle","Energy Potion","Swift Potion","DuplicationPotion"],"campfire_rested":0,"item_purchase_floors":[12,17,17,22,37,37,37,37,37],"current_hp_per_floor":[61,61,61,46,46,53,57,61,61,61,65,65,65,65,65,54,45,43,44,29,29,29,31,31,31,31,28,32,32,32,36,36,39,44,43,43,43,43,45,45,45,45,45,45,45,45,45,45,45,45,45,45,45,45,45,35],"gold":418,"neow_bonus":"BOSS_RELIC","is_daily":false,"chose_seed":false,"campfire_upgraded":6,"win_rate":0.0,"timestamp":1611664540,"path_taken":["M","M","?","?","M","E","M","E","T","E","M","?","?","?","R","BOSS","M","M","?","?","$","E","?","R","T","E","M","?","R","M","R","BOSS","M","M","$","?","M","R","?","E","T","?","E","R","?","M","R","BOSS","BOSS","R","$","E","BOSS"],"items_purchased_type":["Relic","Relic","Relic","Relic","Relic","Relic","Potion","Potion","Potion"],"build_version":"2020-12-18","purchased_purges":4,"victory":true,"max_hp_per_floor":[68,68,68,68,68,68,68,68,68,68,68,68,68,68,68,68,45,45,45,45,45,45,45,45,45,45,45,45,45,45,45,45,45,45,45,45,45,45,45,45,45,45,45,45,45,45,45,45,45,45,45,45,45,45,45,45],"card_choices":[{"not_picked":["HalloweenModCandy","HalloweenModGhostCostume"],"picked":"HalloweenModTrick","floor":1.0},{"not_picked":["HalloweenModCandy","HalloweenModTrick"],"picked":"HalloweenModGhostCostume","floor":2.0},{"not_picked":["HalloweenModTrick","HalloweenModGhostCostume"],"picked":"HalloweenModCandy","floor":5.0},{"not_picked":["HalloweenModCandy","HalloweenModGhostCostume","HalloweenModTrick"],"picked":"SKIP","floor":6.0},{"not_picked":["HalloweenModTrick","HalloweenModCandy","HalloweenModGhostCostume"],"picked":"SKIP","floor":7},{"not_picked":["HalloweenModCandy","HalloweenModGhostCostume"],"picked":"HalloweenModTrick","floor":8},{"not_picked":["HalloweenModGhostCostume","HalloweenModTrick","HalloweenModCandy"],"picked":"SKIP","floor":10},{"not_picked":["HalloweenModTrick","HalloweenModGhostCostume","HalloweenModCandy"],"picked":"SKIP","floor":11},{"not_picked":["HalloweenModCandy","HalloweenModTrick","HalloweenModGhostCostume"],"picked":"SKIP","floor":14},{"not_picked":["HalloweenModTrick","HalloweenModCandy"],"picked":"HalloweenModGhostCostume","floor":16},{"not_picked":["HalloweenModCandy","HalloweenModGhostCostume","HalloweenModTrick+1"],"picked":"SKIP","floor":18},{"not_picked":["HalloweenModGhostCostume+1","HalloweenModCandy","HalloweenModTrick"],"picked":"SKIP","floor":19},{"not_picked":["HalloweenModTrick","HalloweenModCandy","HalloweenModGhostCostume"],"picked":"SKIP","floor":23},{"not_picked":["HalloweenModTrick","HalloweenModGhostCostume","HalloweenModCandy"],"picked":"SKIP","floor":27},{"not_picked":["HalloweenModTrick+1","HalloweenModGhostCostume","HalloweenModCandy"],"picked":"SKIP","floor":28},{"not_picked":["HalloweenModTrick","HalloweenModCandy+1","HalloweenModGhostCostume"],"picked":"SKIP","floor":31},{"not_picked":["HalloweenModTrick","HalloweenModGhostCostume"],"picked":"HalloweenModCandy+1","floor":35},{"not_picked":["HalloweenModCandy+1","HalloweenModGhostCostume"],"picked":"HalloweenModTrick+1","floor":36},{"not_picked":["HalloweenModTrick","HalloweenModGhostCostume","HalloweenModCandy"],"picked":"SKIP","floor":39},{"not_picked":["HalloweenModGhostCostume+1","HalloweenModCandy+1","HalloweenModTrick"],"picked":"SKIP","floor":42},{"not_picked":["HalloweenModGhostCostume","HalloweenModCandy","HalloweenModTrick"],"picked":"SKIP","floor":44},{"not_picked":["HalloweenModGhostCostume","HalloweenModCandy","HalloweenModTrick"],"picked":"SKIP","floor":45},{"not_picked":["HalloweenModTrick","HalloweenModCandy+1","HalloweenModGhostCostume+1"],"picked":"SKIP","floor":48},{"not_picked":["HalloweenModTrick+1","HalloweenModGhostCostume+1","HalloweenModCandy"],"picked":"SKIP","floor":55}],"player_experience":682988,"relics_obtained":[{"floor":3.0,"key":"Bag of Marbles"},{"floor":6.0,"key":"Grinning Jar"},{"floor":8,"key":"ReplayTheSpireMod:TigerMarble"},{"floor":9,"key":"AT_SunfireAegis"},{"floor":10,"key":"testmod-CyclicPeriapt"},{"floor":23,"key":"SharpPlug"},{"floor":26,"key":"Sundial"},{"floor":27,"key":"testmod-EqualTreatment"},{"floor":41,"key":"Ring of Searing"},{"floor":41,"key":"ReplayTheSpireMod:Ring of Collecting"},{"floor":42,"key":"TuHaoJin"},{"floor":43,"key":"Ring of Misfortune"},{"floor":45,"key":"AnarchistCookbook"},{"floor":47,"key":"Ring of Fury"},{"floor":47,"key":"Mercury Hourglass"},{"floor":55,"key":"Replay:Rubber Ducky"}],"event_choices":[{"damage_healed":0,"gold_gain":150,"player_choice":"AGREE","damage_taken":0,"max_hp_gain":0,"max_hp_loss":0,"event_name":"Liars Game","floor":13,"gold_loss":0,"cards_obtained":["Doubt"]},{"damage_healed":0,"gold_gain":275,"player_choice":"Desecrate","damage_taken":0,"max_hp_gain":0,"max_hp_loss":0,"event_name":"Golden Shrine","floor":21,"gold_loss":0,"cards_obtained":["Regret"]},{"cards_removed":["Strike_P"],"damage_healed":0,"gold_gain":0,"player_choice":"Gave Gold","damage_taken":0,"max_hp_gain":0,"max_hp_loss":0,"event_name":"Beggar","floor":29,"gold_loss":75},{"damage_healed":0,"gold_gain":0,"player_choice":"Ignored","damage_taken":0,"max_hp_gain":0,"max_hp_loss":0,"event_name":"Tomb of Lord Red Mask","floor":38,"gold_loss":0}],"is_beta":true,"boss_relics":[{"not_picked":["Ring of Chaos","Replay:Bronze Core"],"picked":"Empty Cage"},{"not_picked":[]},{"not_picked":["AT_TrinityForce","testmod-Recursion"],"picked":"testmod-KeyOfTheVoid"},{"not_picked":[]}],"items_purged_floors":[12,22,37,54],"is_endless":false,"potions_floor_spawned":[1,2,7,10,16,18,23,31,35,39,42],"ascension_level":20}}