{"host":"oigynbtg272c19pw","time":1611662534,"event":{"mods":["BaseMod","Colored Map","Minty Spire (QoL Compilation)","Relic Stats","Slay the Relics Exporter","StSLib"],"gold_per_floor":[116,135,135,60,60,60,89,89,89,106,106,138,150,161,161,235,235,251,251,251,65,85,85,115,129,179,179,179],"floor_reached":27,"playtime":1060,"items_purged":["Strike_R+1"],"score":532,"play_id":"b86bbe9b-caef-4676-9f15-41b234dcec2b","local_time":"20210126130214","is_ascension_mode":true,"campfire_choices":[{"data":"Intimidate","floor":6.0,"key":"SMITH"},{"data":"Bash","floor":8.0,"key":"SMITH"},{"data":"Dropkick","floor":11.0,"key":"SMITH"},{"data":"Inflame","floor":15.0,"key":"SMITH"},{"data":"Power Through","floor":23.0,"key":"SMITH"}],"circlet_count":0,"master_deck":["AscendersBane","Strike_R+1","Strike_R+1","Strike_R+1","Defend_R+1","Defend_R+1","Defend_R+1","Bash+1","Intimidate+1","True Grit+1","Barricade","Cleave","Dropkick+1","Entrench","Fiend Fire","Inflame+1","Corruption","Clothesline","Battle Trance","Power Through+1","True Grit","Heavy Blade+1","Shrug It Off"],"relics":["Burning Blood","NeowsBlessing","Pen Nib","Sundial","Blood Vial","Coffee Dripper","Shovel"],"acts_visited":["Exordium","TheCity"],"potions_floor_usage":[24,24,27],"damage_taken":[{"damage":0.0,"enemies":"Cultist","floor":1.0,"turns":1.0},{"damage":0.0,"enemies":"Jaw Worm","floor":2.0,"turns":1.0},{"damage":0.0,"enemies":"Lagavulin","floor":7.0,"turns":1.0},{"damage":0.0,"enemies":"2 Louse","floor":10.0,"turns":3.0},{"damage":6.0,"enemies":"Gremlin Nob","floor":12.0,"turns":3.0},{"damage":13.0,"enemies":"Lots of Slimes","floor":13.0,"turns":4.0},{"damage":0.0,"enemies":"Exordium Wildlife","floor":14.0,"turns":3.0},{"damage":47.0,"enemies":"Hexaghost","floor":16.0,"turns":13.0},{"damage":38.0,"enemies":"Shell Parasite","floor":18.0,"turns":5.0},{"damage":12.0,"enemies":"Spheric Guardian","floor":22.0,"turns":5.0},{"damage":29,"enemies":"Slavers","floor":24,"turns":4},{"damage":1,"enemies":"Snecko","floor":25,"turns":4},{"damage":24,"enemies":"Gremlin Leader","floor":27,"turns":5}],"seed_played":"8394303185164437633","potions_obtained":[{"floor":1.0,"key":"Dexterity Potion"},{"floor":2.0,"key":"DuplicationPotion"},{"floor":16.0,"key":"PowerPotion"},{"floor":24,"key":"SpeedPotion"}],"is_trial":false,"path_per_floor":["M","M","?","?","?","R","E","R","T","M","R","E","M","M","R","B",null,"M","?","?","$","M","R","E","M","T","E"],"character_chosen":"IRONCLAD","items_purchased":["Power Through","True Grit"],"campfire_rested":0,"item_purchase_floors":[21,21],"current_hp_per_floor":[74,75,75,75,75,75,75,75,75,75,75,75,68,75,75,34,65,35,35,35,35,31,31,10,17,17,0,0],"gold":179,"neow_bonus":"THREE_ENEMY_KILL","is_daily":false,"chose_seed":false,"campfire_upgraded":5,"win_rate":0.0,"timestamp":1611662534,"path_taken":["M","?","?","?","?","R","E","R","T","M","R","E","?","M","R","BOSS","M","?","?","?","?","R","E","?","T","E"],"items_purchased_type":["Card","Card"],"build_version":"2020-12-13","purchased_purges":1,"victory":false,"max_hp_per_floor":[75,75,75,75,75,75,75,75,75,75,75,75,75,75,75,75,75,75,75,75,75,75,75,75,75,75,75,75],"relic_stats":{"Blood Vial":12,"Shovel":0,"counters":[13,52],"Sundial":[8],"Pen Nib":[7],"obtain_stats":[{"Blood Vial":12,"Shovel":24,"NeowsBlessing":0,"Sundial":9,"Pen Nib":7,"Coffee Dripper":17,"Burning Blood":0},{"Blood Vial":5,"Shovel":11,"NeowsBlessing":0,"Sundial":3,"Pen Nib":3,"Coffee Dripper":8,"Burning Blood":0},{"Blood Vial":9,"Shovel":43,"NeowsBlessing":0,"Sundial":3,"Pen Nib":3,"Coffee Dripper":29,"Burning Blood":0}],"Burning Blood":54},"card_choices":[{"not_picked":["Clash","Iron Wave"],"picked":"Intimidate","floor":1.0},{"not_picked":["Iron Wave","Havoc"],"picked":"True Grit","floor":2.0},{"not_picked":["True Grit","Armaments"],"picked":"Cleave","floor":7.0},{"not_picked":["Sever Soul","Iron Wave"],"picked":"Dropkick","floor":10.0},{"not_picked":["Anger","Twin Strike"],"picked":"Entrench","floor":12.0},{"not_picked":["Perfected Strike","Cleave"],"picked":"Fiend Fire","floor":13.0},{"not_picked":["Shrug It Off","Iron Wave"],"picked":"Inflame","floor":14.0},{"not_picked":["Fiend Fire","Berserk"],"picked":"Corruption","floor":16.0},{"not_picked":["Iron Wave","Armaments+1"],"picked":"Clothesline","floor":18.0},{"not_picked":["Dual Wield","Sever Soul"],"picked":"Heavy Blade+1","floor":22.0},{"not_picked":["Warcry+1","Bludgeon"],"picked":"Shrug It Off","floor":24},{"not_picked":["Cleave","Wild Strike","Thunderclap"],"picked":"SKIP","floor":25}],"player_experience":1488572,"relics_obtained":[{"floor":7.0,"key":"Pen Nib"},{"floor":9.0,"key":"Sundial"},{"floor":12.0,"key":"Blood Vial"},{"floor":24,"key":"Shovel"}],"event_choices":[{"damage_healed":0.0,"max_hp_gain":0.0,"max_hp_loss":0.0,"gold_gain":0.0,"cards_transformed":["Strike_R"],"event_name":"Living Wall","player_choice":"Change","floor":3.0,"gold_loss":0.0,"damage_taken":0.0,"cards_obtained":["Barricade"]},{"cards_removed":["Defend_R"],"damage_healed":0.0,"max_hp_gain":0.0,"max_hp_loss":0.0,"gold_gain":0.0,"event_name":"The Cleric","player_choice":"Card Removal","floor":4.0,"gold_loss":75.0,"damage_taken":0.0},{"damage_healed":0.0,"max_hp_gain":0.0,"max_hp_loss":0.0,"gold_gain":0.0,"event_name":"Upgrade Shrine","player_choice":"Upgraded","floor":5.0,"gold_loss":0.0,"damage_taken":0.0,"cards_upgraded":["True Grit"]},{"damage_healed":0.0,"max_hp_gain":0.0,"max_hp_loss":0.0,"gold_gain":0.0,"event_name":"The Library","player_choice":"Read","floor":19.0,"gold_loss":0.0,"damage_taken":0.0,"cards_obtained":["Battle Trance"]},{"damage_healed":0.0,"max_hp_gain":0.0,"max_hp_loss":0.0,"gold_gain":0.0,"event_name":"Back to Basics","player_choice":"Simplicity","floor":20.0,"gold_loss":0.0,"damage_taken":0.0,"cards_upgraded":["Strike_R","Strike_R","Strike_R","Strike_R","Defend_R","Defend_R","Defend_R"]}],"is_beta":false,"boss_relics":[{"not_picked":["Busted Crown","SlaversCollar"],"picked":"Coffee Dripper"}],"items_purged_floors":[21],"is_endless":false,"potions_floor_spawned":[1,2,7,14,16,24],"killed_by":"Gremlin Leader","ascension_level":20}}