{"host":"jn2qdns2nxijvlnt","time":1611645665,"event":{"mods":["BaseMod","Minty Spire (QoL Compilation)","Quick Restart"],"gold_per_floor":[117,192,157,168,14,14,14,14,14,14,14,14,52,70,70,70,70],"floor_reached":16,"language":"ENG","playtime":555,"items_purged":[],"score":149,"play_id":"a6f3965d-3556-4950-bf3c-5f21fe7aabec","local_time":"20210126022105","is_ascension_mode":true,"campfire_choices":[{"floor":12,"key":"REST"},{"floor":15,"key":"REST"}],"circlet_count":0,"master_deck":["AscendersBane","Strike_G","Strike_G","Strike_G","Strike_G","Strike_G","Defend_G","Defend_G","Defend_G","Defend_G","Defend_G","Survivor","Neutralize","Adrenaline+1","Blade Dance","Adrenaline","Injury","Flying Knee"],"relics":["Ring of the Snake","DollysMirror","Frozen Egg 2","Potion Belt","Golden Idol","Pear"],"acts_visited":["Exordium"],"potions_floor_usage":[],"damage_taken":[{"damage":4,"enemies":"Jaw Worm","floor":1,"turns":5},{"damage":6,"enemies":"2 Louse","floor":4,"turns":2},{"damage":39,"enemies":"Lagavulin","floor":13,"turns":8},{"damage":1,"enemies":"Small Slimes","floor":14,"turns":3},{"damage":35,"enemies":"Hexaghost","floor":16,"turns":9}],"seed_played":"-7710792654742191537","potions_obtained":[],"is_trial":false,"path_per_floor":["M","?","?","M","$","?","$","$","T","?","?","R","E","M","R","B"],"character_chosen":"THE_SILENT","items_purchased":["DollysMirror"],"campfire_rested":2,"item_purchase_floors":[5],"current_hp_per_floor":[41,30,47,41,41,41,41,41,41,34,34,55,26,25,49,14,14],"gold":70,"neow_bonus":"THREE_RARE_CARDS","is_daily":false,"chose_seed":false,"campfire_upgraded":0,"win_rate":0.0,"timestamp":1611645665,"path_taken":["M","?","?","M","$","?","?","$","T","?","?","R","E","M","R","BOSS"],"items_purchased_type":["Relic"],"build_version":"2020-12-22","purchased_purges":0,"victory":false,"max_hp_per_floor":[70,70,70,70,70,70,70,70,70,70,70,70,80,80,80,80,80],"card_choices":[{"not_picked":["Phantasmal Killer","Glass Knife"],"picked":"Adrenaline","floor":0},{"not_picked":["Flying Knee","Dagger Throw"],"picked":"Blade Dance","floor":1},{"not_picked":["Eviscerate","Catalyst","Underhanded Strike"],"picked":"SKIP","floor":4},{"not_picked":["Burst","Prepared","Acrobatics"],"picked":"SKIP","floor":13},{"not_picked":["Dodge and Roll","Bane"],"picked":"Flying Knee","floor":14}],"player_experience":560238,"relics_obtained":[{"floor":9,"key":"Frozen Egg 2"},{"floor":13,"key":"Pear"}],"event_choices":[{"damage_healed":0,"gold_gain":75,"player_choice":"Gather Gold","damage_taken":11,"max_hp_gain":0,"max_hp_loss":0,"event_name":"World of Goop","floor":2,"gold_loss":0},{"damage_healed":17,"gold_gain":0,"player_choice":"Healed","damage_taken":0,"max_hp_gain":0,"max_hp_loss":0,"event_name":"The Cleric","floor":3,"gold_loss":35},{"damage_healed":0,"gold_gain":0,"player_choice":"Grow","damage_taken":0,"max_hp_gain":0,"max_hp_loss":0,"event_name":"Living Wall","floor":6,"gold_loss":0,"cards_upgraded":["Adrenaline"]},{"damage_healed":0,"gold_gain":0,"player_choice":"Success","damage_taken":7,"relics_obtained":["Potion Belt"],"max_hp_gain":0,"max_hp_loss":0,"event_name":"Scrap Ooze","floor":10,"gold_loss":0},{"damage_healed":0,"gold_gain":0,"player_choice":"Take Wound","damage_taken":0,"relics_obtained":["Golden Idol"],"max_hp_gain":0,"max_hp_loss":0,"event_name":"Golden Idol","floor":11,"gold_loss":0,"cards_obtained":["Injury"]}],"is_beta":false,"boss_relics":[],"items_purged_floors":[],"is_endless":false,"potions_floor_spawned":[],"killed_by":"Hexaghost","ascension_level":11}}