{"host":"xmr2g8b7eju0288o","time":1611681586,"event":{"mods":["AchievementEnabler","BaseMod","Colored Map","Colored Powertips","Infinite Spire","KOR Keyword Fix","Minty Spire (QoL Compilation)","Quick Restart","Spicy Shops","StSLib","SuperFastMode"],"gold_per_floor":[109,184,202,202,214,214,232,232,232,251,251,251],"floor_reached":11,"language":"KOR","playtime":265,"items_purged":[],"score":130,"play_id":"df467f4e-8a4d-4a34-99a4-6077b8869d34","local_time":"20210127021946","daily_mods":["Heirloom"],"is_ascension_mode":true,"campfire_choices":[{"data":"Poisoned Stab","floor":6.0,"key":"SMITH"}],"circlet_count":0,"master_deck":["AscendersBane","Strike_G","Strike_G","Strike_G","Strike_G","Strike_G","Defend_G","Defend_G","Defend_G","Defend_G","Defend_G","Survivor","Neutralize","Poisoned Stab+1","Dagger Spray","Accuracy"],"relics":["Ring of the Snake","StoneCalendar","Omamori","Letter Opener"],"acts_visited":["Exordium"],"potions_floor_usage":[11],"damage_taken":[{"damage":1.0,"enemies":"Small Slimes","floor":1.0,"turns":4.0},{"damage":7.0,"enemies":"Cultist","floor":3.0,"turns":4.0},{"damage":4.0,"enemies":"2 Louse","floor":5.0,"turns":3.0},{"damage":5.0,"enemies":"Large Slime","floor":7.0,"turns":4.0},{"damage":19,"enemies":"Exordium Thugs","floor":10,"turns":6},{"damage":2,"enemies":"Lagavulin","floor":11,"turns":3}],"seed_played":"-9117757089790335468","potions_obtained":[{"floor":3.0,"key":"DistilledChaos"},{"floor":5.0,"key":"SkillPotion"},{"floor":7.0,"key":"BlessingOfTheForge"}],"is_trial":true,"path_per_floor":["M","?","M","?","M","R","M","?","T","M","E"],"character_chosen":"THE_SILENT","items_purchased":[],"campfire_rested":0,"item_purchase_floors":[],"current_hp_per_floor":[58,47,40,40,36,36,31,36,36,17,15,15],"gold":251,"neow_bonus":"","is_daily":false,"chose_seed":false,"campfire_upgraded":1,"win_rate":0.0,"timestamp":1611681586,"path_taken":["M","?","M","?","?","R","M","?","T","M","E"],"items_purchased_type":[],"build_version":"2020-12-22","purchased_purges":0,"victory":false,"max_hp_per_floor":[66,66,66,66,66,66,66,71,71,71,71,71],"card_choices":[{"not_picked":["Acrobatics","Bane"],"picked":"Poisoned Stab","floor":1.0},{"not_picked":["Flechettes","Slice"],"picked":"Dagger Spray","floor":3.0},{"not_picked":["Flechettes","Expertise","Leg Sweep"],"picked":"SKIP","floor":5.0},{"not_picked":["Acrobatics","Concentrate","Blade Dance"],"picked":"SKIP","floor":7.0},{"not_picked":["Tactician","Terror"],"picked":"Accuracy","floor":10}],"player_experience":79435,"relics_obtained":[{"floor":4.0,"key":"Omamori"},{"floor":9.0,"key":"Letter Opener"}],"event_choices":[{"damage_healed":0.0,"max_hp_gain":0.0,"max_hp_loss":0.0,"gold_gain":75.0,"event_name":"World of Goop","player_choice":"Gather Gold","floor":2.0,"gold_loss":0.0,"damage_taken":11.0},{"damage_healed":0.0,"max_hp_gain":5.0,"max_hp_loss":0.0,"gold_gain":0.0,"event_name":"Big Fish","player_choice":"Donut","floor":8.0,"gold_loss":0.0,"damage_taken":0.0}],"is_beta":false,"boss_relics":[],"items_purged_floors":[],"is_endless":false,"potions_floor_spawned":[3,5,7],"killed_by":"Lagavulin","ascension_level":20}}