{"host":"ooa7gbxz3ilj1hm6","time":1611634533,"event":{"mods":["BaseMod","Colored Map","Downfall","Highlight Path","Minty Spire (QoL Compilation)","StSLib"],"gold_per_floor":[199,212,212,312,329,359,359,385,385,397,397,417,427,458,487,499,499,499],"floor_reached":16,"language":"ENG","playtime":837,"items_purged":[],"score":112,"play_id":"3e5c271c-ecca-423f-85fc-eeac792db30f","local_time":"20210125211533","is_ascension_mode":false,"campfire_choices":[{"data":"Slimebound:CorrosiveSpit","floor":1,"key":"SMITH"},{"data":"Slimebound:GoopSpray","floor":11,"key":"SMITH"}],"circlet_count":0,"master_deck":["Slimebound:Strike_Slimebound","Slimebound:Strike_Slimebound","Slimebound:Strike_Slimebound+1","Slimebound:Tackle+1","Slimebound:Defend_Slimebound","Slimebound:Defend_Slimebound+1","Slimebound:Defend_Slimebound+1","Slimebound:Defend_Slimebound","Slimebound:Split","Slimebound:CorrosiveSpit+1","Slimebound:SlimeSpikes+1","downfall:Malfunctioning","Slimebound:DuplicatedForm","Slimebound:GoopSpray+1","Slimebound:GoopSpray","Slimebound:MegaLick","Slimebound:MegaLick","Slimebound:Gluttony"],"relics":["Slimebound:AbsorbEndCombat","War Paint","Bottled Lightning","Odd Mushroom","MawBank"],"acts_visited":["Exordium"],"potions_floor_usage":[],"damage_taken":[{"damage":2,"enemies":"Small Slimes","floor":2,"turns":3},{"damage":0,"enemies":"2 Louse","floor":5,"turns":2},{"damage":30,"enemies":"Lagavulin","floor":6,"turns":6},{"damage":4,"enemies":"The Mushroom Lair","floor":8,"turns":4},{"damage":3,"enemies":"Cultist","floor":10,"turns":4},{"damage":2,"enemies":"Red Slaver","floor":12,"turns":4},{"damage":22,"enemies":"Exordium Wildlife","floor":13,"turns":4},{"damage":51,"enemies":"Gremlin Nob","floor":14,"turns":7},{"damage":15,"enemies":"Large Slime","floor":15,"turns":6},{"damage":34,"enemies":"IC_STATUS_ARCHETYPE","floor":16,"turns":8}],"seed_played":"4321786416741399259","potions_obtained":[{"floor":5,"key":"Regen Potion"},{"floor":6,"key":"sneckomod:MuddlingPotion"},{"floor":9,"key":"downfall:CursedFountainPotion"}],"is_trial":false,"path_per_floor":["R","M","?","?","M","E","T","?","?","M","R","M","M","E","M","B"],"character_chosen":"SLIMEBOUND","items_purchased":[],"campfire_rested":0,"item_purchase_floors":[],"current_hp_per_floor":[65,65,65,65,65,54,54,58,58,61,61,65,62,30,23,0,0,0],"gold":499,"neow_bonus":"HUNDRED_GOLD","is_daily":false,"chose_seed":false,"campfire_upgraded":2,"win_rate":0.0,"timestamp":1611634533,"path_taken":["R","M","?","?","M","E","T","?","?","M","R","M","M","E","M","BOSS"],"items_purchased_type":[],"build_version":"2020-12-22","purchased_purges":0,"victory":false,"max_hp_per_floor":[65,65,65,65,65,65,65,65,65,65,65,65,65,65,65,65,65,65],"card_choices":[{"not_picked":["Slimebound:LeechEnergy","Slimebound:FinishingTackle"],"picked":"Slimebound:SlimeSpikes","floor":2},{"not_picked":["Slimebound:DivideAndConquer","Slimebound:PressTheAttack"],"picked":"Slimebound:DuplicatedForm","floor":5},{"not_picked":["Slimebound:RollThrough","Slimebound:ComboTackle"],"picked":"Slimebound:GoopSpray","floor":6},{"not_picked":["Slimebound:SplitBruiser","Slimebound:Dissolve"],"picked":"Slimebound:GoopSpray","floor":8},{"not_picked":["Slimebound:FinishingTackle","Slimebound:SplitLeeching"],"picked":"Slimebound:MegaLick","floor":10},{"not_picked":["Slimebound:HungryTackle","Slimebound:PressTheAttack","Slimebound:SplitBruiser"],"picked":"SKIP","floor":12},{"not_picked":["Slimebound:ComboTackle","Slimebound:PressTheAttack","Slimebound:RollThrough"],"picked":"SKIP","floor":13},{"not_picked":["Slimebound:ItLooksTasty","Slimebound:SlimeSpikes"],"picked":"Slimebound:MegaLick","floor":14},{"not_picked":["Slimebound:FinishingTackle","Slimebound:HauntingLick"],"picked":"Slimebound:Gluttony","floor":15}],"player_experience":37511,"relics_obtained":[{"floor":6,"key":"War Paint"},{"floor":7,"key":"Bottled Lightning"},{"floor":8,"key":"Odd Mushroom"},{"floor":14,"key":"MawBank"}],"event_choices":[{"damage_healed":0,"gold_gain":0,"player_choice":"Fought Mushrooms","damage_taken":0,"max_hp_gain":0,"max_hp_loss":0,"event_name":"Mushrooms","floor":8,"gold_loss":0}],"is_beta":false,"boss_relics":[],"items_purged_floors":[],"is_endless":false,"potions_floor_spawned":[5,6,10],"killed_by":"IC_STATUS_ARCHETYPE","ascension_level":0}}