{"host":"Rich","time":1611633770,"event":{"mods":["AchievementEnabler","BaseMod","Highlight Path","Minty Spire (QoL Compilation)","Relic Stats"],"gold_per_floor":[109,109,109,109,384,384,409,425,476,95,108,33,33,61,73,85,85],"floor_reached":16,"language":"ENG","playtime":362,"items_purged":["Strike_G"],"score":212,"play_id":"f0d56ff3-8095-4f89-ba70-683211b1668d","local_time":"20210125230250","is_ascension_mode":true,"campfire_choices":[{"data":"Regret","floor":6,"key":"PURGE"},{"data":"Bouncing Flask","floor":13,"key":"SMITH"},{"floor":15,"key":"REST"}],"circlet_count":0,"master_deck":["AscendersBane","Strike_G","Strike_G","Defend_G","Defend_G","Defend_G","Defend_G","Defend_G","Survivor","Neutralize","Metamorphosis","Sucker Punch","Crippling Poison","Deadly Poison","Bouncing Flask+1","Crippling Poison"],"relics":["Ring of the Snake","Peace Pipe","Pear","Blood Vial","TwistedFunnel","MawBank"],"acts_visited":["Exordium"],"potions_floor_usage":[14,16,16],"damage_taken":[{"damage":8,"enemies":"2 Louse","floor":1,"turns":3},{"damage":29,"enemies":"3 Sentries","floor":7,"turns":8},{"damage":8,"enemies":"Jaw Worm","floor":8,"turns":4},{"damage":0,"enemies":"Cultist","floor":11,"turns":3},{"damage":17,"enemies":"Lagavulin","floor":14,"turns":4},{"damage":47,"enemies":"Slime Boss","floor":16,"turns":6}],"seed_played":"-6343912004378400752","potions_obtained":[{"floor":11,"key":"Poison Potion"},{"floor":14,"key":"Fruit Juice"}],"is_trial":false,"path_per_floor":["M","?","?","T","?","R","E","M","T","$","M","?","R","E","R","B"],"character_chosen":"THE_SILENT","items_purchased":["TwistedFunnel","Bouncing Flask","PowerPotion"],"campfire_rested":1,"item_purchase_floors":[10,10,10],"current_hp_per_floor":[51,56,49,49,49,49,30,22,22,22,24,24,24,9,31,0,0],"gold":85,"neow_bonus":"RANDOM_COLORLESS_2","is_daily":false,"chose_seed":false,"campfire_upgraded":1,"win_rate":0.0,"timestamp":1611633770,"path_taken":["M","?","?","?","?","R","E","?","T","$","M","?","R","E","R","BOSS"],"items_purchased_type":["Relic","Card","Potion"],"build_version":"2020-12-18","purchased_purges":1,"victory":false,"max_hp_per_floor":[60,65,65,65,65,65,75,75,75,75,75,75,75,75,75,80,80],"relic_stats":{"Peace Pipe":1,"Blood Vial":6,"counters":[6,28],"MawBank":24,"obtain_stats":[{"Peace Pipe":4,"Blood Vial":9,"TwistedFunnel":10,"Pear":7,"MawBank":14,"Ring of the Snake":0},{"Peace Pipe":1,"Blood Vial":3,"TwistedFunnel":3,"Pear":2,"MawBank":5,"Ring of the Snake":0},{"Peace Pipe":3,"Blood Vial":15,"TwistedFunnel":15,"Pear":11,"MawBank":22,"Ring of the Snake":0}],"Ring of the Snake":[12]},"card_choices":[{"not_picked":["Secret Weapon","Violence"],"picked":"Metamorphosis","floor":0},{"not_picked":["Bane","Tactician"],"picked":"Sucker Punch","floor":1},{"not_picked":["Underhanded Strike","Predator"],"picked":"Crippling Poison","floor":7},{"not_picked":["Backflip","Poisoned Stab"],"picked":"Deadly Poison","floor":8},{"not_picked":["Backflip","Riddle With Holes"],"picked":"Crippling Poison","floor":11},{"not_picked":["Prepared","Flying Knee","Outmaneuver"],"picked":"SKIP","floor":14}],"player_experience":2017897,"relics_obtained":[{"floor":4,"key":"Peace Pipe"},{"floor":7,"key":"Pear"},{"floor":9,"key":"Blood Vial"},{"floor":14,"key":"MawBank"}],"event_choices":[{"damage_healed":0,"gold_gain":0,"player_choice":"Donut","damage_taken":0,"max_hp_gain":5,"max_hp_loss":0,"event_name":"Big Fish","floor":2,"gold_loss":0},{"cards_removed":["Strike_G"],"damage_healed":0,"gold_gain":0,"player_choice":"Card Removal","damage_taken":7,"max_hp_gain":0,"max_hp_loss":0,"event_name":"Golden Wing","floor":3,"gold_loss":0},{"damage_healed":0,"gold_gain":275,"player_choice":"Desecrate","damage_taken":0,"max_hp_gain":0,"max_hp_loss":0,"event_name":"Golden Shrine","floor":5,"gold_loss":0,"cards_obtained":["Regret"]},{"cards_removed":["Strike_G"],"damage_healed":0,"gold_gain":0,"player_choice":"Card Removal","damage_taken":0,"max_hp_gain":0,"max_hp_loss":0,"event_name":"The Cleric","floor":12,"gold_loss":75}],"is_beta":true,"boss_relics":[],"items_purged_floors":[10],"is_endless":false,"potions_floor_spawned":[11,14],"killed_by":"Slime Boss","ascension_level":20}}