{"host":"s2jwg59yskzk2eda","time":1611679646,"event":{"mods":["2.2 Compatiblity","Bard","BaseMod","Better Match","Better Note","Better Sensory Stone","Better Skull","Better Third Choice","Better Vampires","Block Reminder","CCEM2","Colored Powertips","Dark Map","Downfall","Fox Events","Hermit","Minty Spire (QoL Compilation)","Permanent Neow","Relic Sorter","Reliquary","Shop Mod","Spicy Shops","Spire Arcade","StSLib","The Construct","The Disciple","TheSurvivalist"],"gold_per_floor":[112,112,262,217,187,222,242,261,261,261,261,261],"floor_reached":11,"language":"ENG","playtime":742,"items_purged":[],"score":71,"play_id":"151aaa9b-b983-4634-ac02-142c25c4d63e","local_time":"20210126174726","is_ascension_mode":false,"campfire_choices":[],"circlet_count":0,"master_deck":["survmod:Strike","survmod:Strike","survmod:Defend","survmod:Defend","survmod:Defend","survmod:Defend","survmod:VersatileOffense","survmod:Sprint","survmod:PerfectPosition","survmod:FlareQuiver","survmod:FlareQuiver","survmod:SurpriseTrap","survmod:DuckAndFlare+1"],"relics":["survmod:InnateMutation","betterThird:SlimedRelic","Ornamental Fan","CCEMRelics:Apple"],"acts_visited":["Exordium"],"potions_floor_usage":[],"damage_taken":[{"damage":0,"enemies":"Jaw Worm","floor":1,"turns":2},{"damage":11,"enemies":"3 Sentries","floor":6,"turns":16},{"damage":0,"enemies":"2 Louse","floor":7,"turns":2},{"damage":1,"enemies":"Small Slimes","floor":8,"turns":10},{"damage":30,"enemies":"Gremlin Nob","floor":11,"turns":5}],"seed_played":"6163352307596360334","potions_obtained":[{"floor":1,"key":"Regen Potion"},{"floor":5,"key":"CultistPotion"},{"floor":5,"key":"EssenceOfSteel"}],"is_trial":false,"path_per_floor":["M","?","?","?","?","E","M","M","T","?","E"],"character_chosen":"THE_SURVIVOR","items_purchased":[],"campfire_rested":0,"item_purchase_floors":[],"current_hp_per_floor":[50,50,50,39,39,28,28,27,27,27,0,0],"gold":261,"neow_bonus":"TRANSFORM_CARD","is_daily":false,"chose_seed":false,"campfire_upgraded":0,"win_rate":0.0,"timestamp":1611679646,"path_taken":["M","?","?","?","?","E","?","M","T","?","E"],"items_purchased_type":[],"build_version":"2020-12-22","purchased_purges":0,"victory":false,"max_hp_per_floor":[50,50,50,50,50,50,50,50,50,50,50,50],"card_choices":[{"not_picked":["survmod:RejectWeakness","survmod:TacticalManeuver"],"picked":"survmod:FlareQuiver","floor":1},{"not_picked":["survmod:LongShot","survmod:PiercingShot"],"picked":"survmod:SurpriseTrap","floor":6},{"not_picked":["survmod:PenetratingShot","survmod:FenceTrap"],"picked":"survmod:DuckAndFlare","floor":7},{"not_picked":["survmod:AcidArrow","survmod:QuickDash","survmod:HailOfArrows"],"picked":"SKIP","floor":8}],"player_experience":1100888,"relics_obtained":[{"floor":6,"key":"Ornamental Fan"},{"floor":9,"key":"CCEMRelics:Apple"}],"event_choices":[{"damage_healed":0,"gold_gain":0,"cards_transformed":["survmod:Strike"],"player_choice":"Change","damage_taken":0,"max_hp_gain":0,"max_hp_loss":0,"event_name":"Living Wall","floor":2,"gold_loss":0,"cards_obtained":["survmod:FlareQuiver"]},{"damage_healed":0,"gold_gain":0,"player_choice":"Slimed","damage_taken":11,"max_hp_gain":0,"max_hp_loss":0,"event_name":"betterThird:BetterGoop","floor":4,"gold_loss":45},{"damage_healed":0,"gold_gain":0,"player_choice":"Bought 2 Potions","damage_taken":0,"max_hp_gain":0,"max_hp_loss":0,"event_name":"The Woman in Blue","floor":5,"gold_loss":0},{"damage_healed":0,"gold_gain":0,"player_choice":"Upgraded","damage_taken":0,"max_hp_gain":0,"max_hp_loss":0,"event_name":"Upgrade Shrine","floor":10,"gold_loss":0,"cards_upgraded":["survmod:DuckAndFlare"]}],"is_beta":false,"boss_relics":[],"items_purged_floors":[],"is_endless":false,"potions_floor_spawned":[1,7],"killed_by":"Gremlin Nob","ascension_level":0}}