{"host":"9n6i2vl93jt4o42q","time":1611672902,"event":{"mods":["BaseMod","Minty Spire (QoL Compilation)","Relic Stats"],"gold_per_floor":[113,113,113,131,131,131,158,158,158,172,198,23,23,41,41,118,118,137,137,137,137,156,156,185,185,185,185,217,233,91,102,102,102,102],"floor_reached":33,"language":"ENG","playtime":3849,"items_purged":["Pain","Writhe"],"score":612,"play_id":"90312044-e62d-4b7f-9763-1e26e2defea0","local_time":"20210126155502","is_ascension_mode":true,"campfire_choices":[{"data":"Neutralize","floor":6.0,"key":"SMITH"},{"data":"Dash","floor":8.0,"key":"SMITH"},{"data":"Bullet Time","floor":15.0,"key":"SMITH"},{"data":"Doppelganger","floor":23.0,"key":"SMITH"},{"data":"Sucker Punch","floor":25.0,"key":"SMITH"},{"floor":27.0,"key":"REST"},{"floor":32,"key":"REST"}],"circlet_count":0,"master_deck":["AscendersBane","Strike_G+1","Defend_G+1","Defend_G+1","Defend_G+1","Defend_G+1","Defend_G+1","Survivor","Neutralize+1","Blade Dance","Acrobatics","Dash+1","Sucker Punch+1","Blur","Slice","Bullet Time+1","Underhanded Strike","Doppelganger+1","Masterful Stab+1","Storm of Steel+1","Acrobatics+1","Cloak And Dagger+1","Blur","Reflex","Backflip","Crippling Poison","Well Laid Plans","Leg Sweep"],"relics":["Ring of the Snake","NeowsBlessing","WarpedTongs","Anchor","Pen Nib","Vajra","Art of War","Astrolabe","Orichalcum","HornCleat","Omamori","Lantern"],"acts_visited":["Exordium","TheCity"],"potions_floor_usage":[],"damage_taken":[{"damage":0.0,"enemies":"Jaw Worm","floor":1.0,"turns":1.0},{"damage":1.0,"enemies":"Cultist","floor":4.0,"turns":1.0},{"damage":0.0,"enemies":"Lagavulin","floor":7.0,"turns":1.0},{"damage":1.0,"enemies":"Small Slimes","floor":10.0,"turns":3.0},{"damage":0.0,"enemies":"Looter","floor":14.0,"turns":3.0},{"damage":31.0,"enemies":"Slime Boss","floor":16.0,"turns":12.0},{"damage":0.0,"enemies":"Chosen","floor":18.0,"turns":3.0},{"damage":0.0,"enemies":"2 Thieves","floor":22.0,"turns":3.0},{"damage":23.0,"enemies":"Book of Stabbing","floor":24.0,"turns":6.0},{"damage":33,"enemies":"Gremlin Leader","floor":28,"turns":9},{"damage":0,"enemies":"Snake Plant","floor":29,"turns":4},{"damage":0,"enemies":"Centurion and Healer","floor":31,"turns":5},{"damage":57,"enemies":"Champ","floor":33,"turns":17}],"seed_played":"-6846030587235759616","potions_obtained":[{"floor":4.0,"key":"AttackPotion"},{"floor":10.0,"key":"SpeedPotion"},{"floor":14.0,"key":"SpeedPotion"},{"floor":18.0,"key":"Strength Potion"}],"is_trial":false,"path_per_floor":["M","?","?","M","?","R","E","R","T","M","T","$","?","M","R","B",null,"M","?","?","?","M","R","E","R","T","R","E","M","$","M","R","B"],"character_chosen":"THE_SILENT","items_purchased":["Blur","Slice","Well Laid Plans"],"campfire_rested":2,"item_purchase_floors":[12,12,30],"current_hp_per_floor":[59,64,64,63,63,63,63,63,63,62,62,62,62,62,62,31,61,61,61,61,61,61,61,38,38,38,59,26,26,26,26,47,0,0],"gold":102,"neow_bonus":"THREE_ENEMY_KILL","is_daily":false,"chose_seed":false,"campfire_upgraded":5,"win_rate":0.0,"timestamp":1611672902,"path_taken":["M","?","?","?","?","R","E","R","T","?","?","?","?","M","R","BOSS","M","?","?","?","M","R","E","R","T","R","E","?","$","M","R","BOSS"],"items_purchased_type":["Card","Card","Card"],"build_version":"2020-12-22","purchased_purges":2,"victory":false,"max_hp_per_floor":[66,71,71,71,71,71,71,71,71,71,71,71,71,71,71,71,71,71,71,71,71,71,71,71,71,71,71,71,71,71,71,71,71,71],"relic_stats":{"counters":[13,68],"Astrolabe":["Masterful Stab","Storm of Steel","Acrobatics"],"Pen Nib":[19],"Art of War":[6],"Orichalcum":[0],"obtain_stats":[{"Anchor":5,"Lantern":28,"HornCleat":24,"NeowsBlessing":0,"Astrolabe":17,"Vajra":9,"Pen Nib":7,"Art of War":11,"Omamori":26,"Orichalcum":20,"Ring of the Snake":0,"WarpedTongs":3},{"Anchor":2,"Lantern":10,"HornCleat":9,"NeowsBlessing":0,"Astrolabe":6,"Vajra":3,"Pen Nib":3,"Art of War":4,"Omamori":9,"Orichalcum":7,"Ring of the Snake":0,"WarpedTongs":1},{"Anchor":2,"Lantern":42,"HornCleat":33,"NeowsBlessing":0,"Astrolabe":21,"Vajra":3,"Pen Nib":3,"Art of War":6,"Omamori":33,"Orichalcum":24,"Ring of the Snake":0,"WarpedTongs":1}],"Ring of the Snake":[26],"WarpedTongs":[55]},"card_choices":[{"not_picked":["Prepared","PiercingWail"],"picked":"Blade Dance","floor":1.0},{"not_picked":["Bane","Underhanded Strike"],"picked":"Acrobatics","floor":4.0},{"not_picked":["Catalyst","Cloak And Dagger"],"picked":"Dash","floor":7.0},{"not_picked":["PiercingWail","Tactician"],"picked":"Sucker Punch","floor":10.0},{"not_picked":["Bane","Prepared"],"picked":"Underhanded Strike","floor":14.0},{"not_picked":["Wraith Form v2","Bullet Time"],"picked":"Doppelganger","floor":16.0},{"not_picked":["Concentrate","Prepared+1"],"picked":"Cloak And Dagger+1","floor":18.0},{"not_picked":["Sucker Punch","Underhanded Strike"],"picked":"Blur","floor":22.0},{"not_picked":["Skewer","Dash"],"picked":"Reflex","floor":24.0},{"not_picked":["Setup+1","Blur"],"picked":"Backflip","floor":28},{"not_picked":["Acrobatics+1","Bouncing Flask"],"picked":"Crippling Poison","floor":29},{"not_picked":["Quick Slash+1","Noxious Fumes"],"picked":"Leg Sweep","floor":31}],"player_experience":2299868,"relics_obtained":[{"floor":7.0,"key":"Pen Nib"},{"floor":9.0,"key":"Vajra"},{"floor":11.0,"key":"Art of War"},{"floor":24.0,"key":"HornCleat"},{"floor":26.0,"key":"Omamori"},{"floor":28,"key":"Lantern"}],"event_choices":[{"damage_healed":0.0,"max_hp_gain":5.0,"max_hp_loss":0.0,"gold_gain":0.0,"event_name":"Big Fish","player_choice":"Donut","floor":2.0,"gold_loss":0.0,"damage_taken":0.0},{"damage_healed":0.0,"max_hp_gain":0.0,"max_hp_loss":0.0,"gold_gain":0.0,"event_name":"Accursed Blacksmith","player_choice":"Rummage","floor":3.0,"gold_loss":0.0,"damage_taken":0.0,"relics_obtained":["WarpedTongs"],"cards_obtained":["Pain"]},{"damage_healed":0.0,"max_hp_gain":0.0,"max_hp_loss":0.0,"gold_gain":0.0,"event_name":"WeMeetAgain","player_choice":"Gave Potion","floor":5.0,"gold_loss":0.0,"damage_taken":0.0,"relics_obtained":["Anchor"]},{"damage_healed":0.0,"max_hp_gain":0.0,"max_hp_loss":0.0,"gold_gain":0.0,"cards_transformed":["Strike_G"],"event_name":"Living Wall","player_choice":"Change","floor":13.0,"gold_loss":0.0,"damage_taken":0.0,"cards_obtained":["Bullet Time"]},{"damage_healed":0.0,"max_hp_gain":0.0,"max_hp_loss":0.0,"gold_gain":0.0,"event_name":"Back to Basics","player_choice":"Simplicity","floor":19.0,"gold_loss":0.0,"damage_taken":0.0,"cards_upgraded":["Strike_G","Defend_G","Defend_G","Defend_G","Defend_G","Defend_G"]},{"damage_healed":0.0,"max_hp_gain":0.0,"max_hp_loss":0.0,"gold_gain":0.0,"event_name":"The Mausoleum","player_choice":"Opened","floor":20.0,"gold_loss":0.0,"damage_taken":0.0,"relics_obtained":["Orichalcum"],"cards_obtained":["Writhe"]},{"damage_healed":0.0,"max_hp_gain":0.0,"max_hp_loss":0.0,"gold_gain":0.0,"event_name":"Vampires","player_choice":"Ignored","floor":21.0,"gold_loss":0.0,"damage_taken":0.0}],"is_beta":false,"boss_relics":[{"not_picked":["SacredBark","Tiny House"],"picked":"Astrolabe"}],"items_purged_floors":[12,30],"is_endless":false,"potions_floor_spawned":[4,10,14,18,31],"killed_by":"Champ","ascension_level":20}}