{"host":"ELF","time":1611661372,"event":{"mods":["BaseMod","Bestiary","Minty Spire (QoL Compilation)","Relic Stats","Slay the Relics Exporter"],"gold_per_floor":[116,41,41,54,69,69,69,81,106,106,116,116,23,54,54,129,129,140,118,118,33,33,63,75,75,75,75,75],"floor_reached":27,"language":"ENG","playtime":3117,"items_purged":["Pain"],"score":475,"play_id":"a9921d23-88a7-47af-bbf7-9a5d76b14b92","local_time":"20210126054252","is_ascension_mode":true,"campfire_choices":[{"data":"Uppercut","floor":6,"key":"SMITH"},{"data":"Uppercut","floor":10,"key":"SMITH"},{"data":"Dark Embrace","floor":12,"key":"SMITH"},{"data":"Berserk","floor":15,"key":"SMITH"},{"floor":25,"key":"REST"}],"circlet_count":0,"master_deck":["AscendersBane","Defend_R+1","Defend_R","Bash","Thunderclap","Pommel Strike","Rampage","Flame Barrier+1","Uppercut+1","Uppercut+1","Dark Embrace+1","Shrug It Off","Whirlwind","Berserk+1","Barricade","Second Wind+1","Shrug It Off","Bite","Bite","Bite","Bite","Bite","Spot Weakness+1","Spot Weakness+1"],"relics":["Burning Blood","War Paint","Lantern","Runic Pyramid","Toxic Egg 2","Darkstone Periapt","Thread and Needle"],"acts_visited":["Exordium","TheCity"],"potions_floor_usage":[16,16,16,23,24],"damage_taken":[{"damage":11,"enemies":"Jaw Worm","floor":1,"turns":3},{"damage":7,"enemies":"2 Louse","floor":4,"turns":3},{"damage":7,"enemies":"Small Slimes","floor":5,"turns":3},{"damage":6,"enemies":"Looter","floor":8,"turns":4},{"damage":0,"enemies":"Large Slime","floor":11,"turns":4},{"damage":23,"enemies":"Lagavulin","floor":14,"turns":6},{"damage":23,"enemies":"The Guardian","floor":16,"turns":12},{"damage":38,"enemies":"Spheric Guardian","floor":18,"turns":7},{"damage":12,"enemies":"2 Thieves","floor":19,"turns":4},{"damage":70,"enemies":"Gremlin Leader","floor":23,"turns":13},{"damage":19,"enemies":"Centurion and Healer","floor":24,"turns":6},{"damage":55,"enemies":"Slavers","floor":27,"turns":3}],"seed_played":"-3393388237564110562","potions_obtained":[{"floor":5,"key":"ElixirPotion"},{"floor":11,"key":"EntropicBrew"},{"floor":14,"key":"Regen Potion"},{"floor":16,"key":"FearPotion"},{"floor":19,"key":"Regen Potion"},{"floor":23,"key":"AttackPotion"}],"is_trial":false,"path_per_floor":["M","$","?","M","M","R","?","M","T","R","M","R","$","E","R","B",null,"M","M","?","?","?","E","M","R","T","E"],"character_chosen":"IRONCLAD","items_purchased":["Shrug It Off","Whirlwind"],"campfire_rested":1,"item_purchase_floors":[13,13],"current_hp_per_floor":[63,63,63,62,61,61,54,54,54,54,60,60,60,43,43,41,67,35,29,44,44,44,26,29,44,44,0,0],"gold":75,"neow_bonus":"TRANSFORM_TWO_CARDS","is_daily":false,"chose_seed":false,"campfire_upgraded":4,"win_rate":0.0,"timestamp":1611661372,"path_taken":["M","$","?","M","M","R","?","M","T","R","M","R","?","E","R","BOSS","M","M","?","?","?","E","M","R","T","E"],"items_purchased_type":["Card","Card"],"build_version":"2020-12-18","purchased_purges":1,"victory":false,"max_hp_per_floor":[75,75,75,75,75,75,75,75,75,75,75,75,75,75,75,75,75,75,75,75,75,52,52,52,52,52,52,52],"relic_stats":{"Darkstone Periapt":0,"counters":[12,68],"War Paint":["Defend_R","Flame Barrier"],"obtain_stats":[{"Darkstone Periapt":23,"Lantern":14,"Thread and Needle":26,"War Paint":9,"Toxic Egg 2":21,"Burning Blood":0,"Runic Pyramid":17},{"Darkstone Periapt":10,"Lantern":6,"Thread and Needle":11,"War Paint":4,"Toxic Egg 2":9,"Burning Blood":0,"Runic Pyramid":7},{"Darkstone Periapt":59,"Lantern":23,"Thread and Needle":65,"War Paint":13,"Toxic Egg 2":46,"Burning Blood":0,"Runic Pyramid":35}],"Burning Blood":66},"card_choices":[{"not_picked":["Havoc","Pummel"],"picked":"Rampage","floor":1},{"not_picked":["Whirlwind","True Grit"],"picked":"Flame Barrier","floor":4},{"not_picked":["Rupture","Seeing Red"],"picked":"Uppercut","floor":5},{"not_picked":["Clash","Flame Barrier"],"picked":"Uppercut","floor":8},{"not_picked":["Thunderclap","Second Wind"],"picked":"Dark Embrace","floor":11},{"not_picked":["Clash","Juggernaut"],"picked":"Berserk","floor":14},{"not_picked":["Limit Break","Berserk"],"picked":"Barricade","floor":16},{"not_picked":["Armaments","Thunderclap"],"picked":"Second Wind+1","floor":18},{"not_picked":["Sever Soul","Anger"],"picked":"Shrug It Off","floor":19},{"not_picked":["Shrug It Off+1","Evolve"],"picked":"Spot Weakness+1","floor":23},{"not_picked":["Sword Boomerang","Dark Embrace+1"],"picked":"Spot Weakness+1","floor":24}],"player_experience":3304791,"relics_obtained":[{"floor":9,"key":"War Paint"},{"floor":14,"key":"Lantern"},{"floor":23,"key":"Darkstone Periapt"},{"floor":26,"key":"Thread and Needle"}],"event_choices":[{"damage_healed":0,"gold_gain":0,"player_choice":"Ignored","damage_taken":0,"max_hp_gain":0,"max_hp_loss":0,"event_name":"Liars Game","floor":3,"gold_loss":0},{"cards_removed":["Defend_R"],"damage_healed":0,"gold_gain":0,"player_choice":"Card Removal","damage_taken":7,"max_hp_gain":0,"max_hp_loss":0,"event_name":"Golden Wing","floor":7,"gold_loss":0},{"damage_healed":15,"gold_gain":0,"player_choice":"Heal","damage_taken":0,"max_hp_gain":0,"max_hp_loss":0,"event_name":"The Library","floor":20,"gold_loss":0},{"damage_healed":0,"gold_gain":0,"player_choice":"Obtained Relic","damage_taken":0,"relics_obtained":["Toxic Egg 2"],"max_hp_gain":0,"max_hp_loss":0,"event_name":"Addict","floor":21,"gold_loss":85},{"damage_healed":0,"gold_gain":0,"player_choice":"Became a vampire","damage_taken":0,"max_hp_gain":0,"max_hp_loss":23,"event_name":"Vampires","floor":22,"gold_loss":0,"cards_obtained":["Bite","Bite","Bite","Bite","Bite"]}],"is_beta":true,"boss_relics":[{"not_picked":["Ectoplasm","Black Blood"],"picked":"Runic Pyramid"}],"items_purged_floors":[2],"is_endless":false,"potions_floor_spawned":[5,11,14,16,19,23],"killed_by":"Slavers","ascension_level":19}}