{"host":"rj1j8apb2x4vafcu","time":1611705306,"event":{"mods":["AchievementEnabler","Act Like it!","BaseMod","Colored Map","Colored Powertips","Minty Spire (QoL Compilation)","Rare Cards Sparkle","StSLib"],"gold_per_floor":[117,131,131,131,150,150,181,256,282,302,316,340,340,340,340,340,340],"floor_reached":16,"language":"ENG","playtime":622,"items_purged":[],"score":112,"play_id":"f872b1e5-97a4-451d-a6cc-08cd1f57e668","local_time":"20210126215506","is_ascension_mode":true,"campfire_choices":[{"data":"Body Slam","floor":6,"key":"SMITH"},{"floor":15,"key":"REST"}],"circlet_count":0,"master_deck":["Strike_R","Strike_R","Strike_R","Strike_R","Defend_R","Defend_R","Defend_R+1","Defend_R","Bash+1","Body Slam+1","Ghostly Armor","Feed","True Grit","Wild Strike","Shrug It Off"],"relics":["Burning Blood","NeowsBlessing","Golden Idol","Vajra","Happy Flower"],"acts_visited":["Exordium"],"potions_floor_usage":[10,12,16,16],"damage_taken":[{"damage":0,"enemies":"Small Slimes","floor":1,"turns":1},{"damage":0,"enemies":"2 Louse","floor":2,"turns":1},{"damage":0,"enemies":"Jaw Worm","floor":5,"turns":1},{"damage":45,"enemies":"Lagavulin","floor":7,"turns":8},{"damage":4,"enemies":"2 Fungi Beasts","floor":10,"turns":2},{"damage":4,"enemies":"3 Louse","floor":11,"turns":2},{"damage":5,"enemies":"Large Slime","floor":12,"turns":5},{"damage":35,"enemies":"Slime Boss","floor":16,"turns":8}],"seed_played":"-1992133395972471277","potions_obtained":[{"floor":2,"key":"FearPotion"},{"floor":5,"key":"Explosive Potion"},{"floor":11,"key":"AttackPotion"},{"floor":12,"key":"ElixirPotion"}],"is_trial":false,"path_per_floor":["M","M","?","?","M","R","E","?","T","M","M","M","?","?","R","B"],"character_chosen":"IRONCLAD","items_purchased":[],"campfire_rested":1,"item_purchase_floors":[],"current_hp_per_floor":[80,80,85,64,70,70,31,20,20,22,27,28,21,3,29,0,0],"gold":340,"neow_bonus":"THREE_ENEMY_KILL","is_daily":false,"chose_seed":false,"campfire_upgraded":1,"win_rate":0.0,"timestamp":1611705306,"path_taken":["M","M","?","?","?","R","E","?","T","M","M","M","?","?","R","BOSS"],"items_purchased_type":[],"build_version":"2020-12-22","purchased_purges":0,"victory":false,"max_hp_per_floor":[80,80,85,85,85,85,85,85,85,85,88,88,88,88,88,88,88],"card_choices":[{"not_picked":["Combust","Feel No Pain"],"picked":"Body Slam","floor":1},{"not_picked":["Burning Pact","Evolve","Cleave"],"picked":"SKIP","floor":2},{"not_picked":["Anger","Dark Embrace"],"picked":"Ghostly Armor","floor":5},{"not_picked":["Dual Wield","Iron Wave"],"picked":"Feed","floor":7},{"not_picked":["Perfected Strike","Headbutt"],"picked":"True Grit","floor":10},{"not_picked":["Warcry","Rupture"],"picked":"Wild Strike","floor":11},{"not_picked":["Thunderclap","Clash"],"picked":"Shrug It Off","floor":12}],"player_experience":133702,"relics_obtained":[{"floor":7,"key":"Vajra"},{"floor":9,"key":"Happy Flower"}],"event_choices":[{"damage_healed":0,"gold_gain":0,"player_choice":"Donut","damage_taken":0,"max_hp_gain":5,"max_hp_loss":0,"event_name":"Big Fish","floor":3,"gold_loss":0},{"damage_healed":0,"gold_gain":0,"player_choice":"Take Damage","damage_taken":21,"relics_obtained":["Golden Idol"],"max_hp_gain":0,"max_hp_loss":0,"event_name":"Golden Idol","floor":4,"gold_loss":0},{"damage_healed":0,"gold_gain":75,"player_choice":"Gather Gold","damage_taken":11,"max_hp_gain":0,"max_hp_loss":0,"event_name":"World of Goop","floor":8,"gold_loss":0},{"cards_removed":["Strike_R"],"damage_healed":0,"gold_gain":0,"player_choice":"Card Removal","damage_taken":7,"max_hp_gain":0,"max_hp_loss":0,"event_name":"Golden Wing","floor":13,"gold_loss":0},{"damage_healed":0,"gold_gain":0,"player_choice":"Entered Light","damage_taken":18,"max_hp_gain":0,"max_hp_loss":0,"event_name":"Shining Light","floor":14,"gold_loss":0,"cards_upgraded":["Defend_R","Bash"]}],"is_beta":false,"boss_relics":[],"items_purged_floors":[],"is_endless":false,"potions_floor_spawned":[2,5,11,12],"killed_by":"Slime Boss","ascension_level":2}}