{"host":"95ip98gf8c4vrv08","time":1611668832,"event":{"mods":["100% Spire Juice","ATMod(??Mod)","Arknights The Spire","BaseMod","Minty Spire (QoL Compilation)","Quick Restart","Reimu??????","Relic Stats","Spicy Shops","StSLib","The Bug Knight","The Cursed","The Gatherer","The Senshi","??????REMEMod","????"],"gold_per_floor":[118,78,353,367,379,410,50,50,50,50,64,123,3,15,15,117,117,137,137,137,147,165,45,63,63,63],"floor_reached":25,"language":"ZHS","playtime":1355,"items_purged":[],"score":203,"play_id":"b61b846b-d1a7-4c09-be79-a135e6480942","local_time":"20210126214712","is_ascension_mode":false,"campfire_choices":[{"floor":15,"key":"REST"},{"floor":23,"key":"REST"}],"circlet_count":0,"master_deck":["Moonworks:Ambush","Moonworks:LongDistanceShot","REME_EyeOfCthun","AT_FamilyPortrait","Moonworks:EvilSpyWorkPreparation","Regret","Moonworks:CompletionReward","Moonworks:JonathanRush","Moonworks:CrystalBarrier","Moonworks:SakisCookie","Moonworks:Bloodlust","Moonworks:Assault","Moonworks:PlushieMaster","Moonworks:LuckyCharm","Moonworks:AccelHyper","Moonworks:CookingTime","Moonworks:MetallicMonocoque","Moonworks:BindingChains","Moonworks:BigMagnum","Moonworks:x16BigRocket","Moonworks:AnotherUltimateWeapon","Moonworks:SakisCookie","Moonworks:CastOff","Moonworks:RedAndBlue","Moonworks:Encore","Moonworks:JonathanRush"],"relics":["Moonworks:BrokenBomb","Moonworks:Homemark","REME_ComplimentaryCards","AT_ATBox","PaintedHorse:ReiMu","Question Card","Sundial","Tiny Chest","Pandora\u0027s Box","Enchiridion"],"acts_visited":["Exordium","TheCity"],"potions_floor_usage":[12,16,16,16,25,25],"damage_taken":[{"damage":0,"enemies":"2 Louse","floor":1,"turns":1},{"damage":3,"enemies":"Cultist","floor":4,"turns":3},{"damage":4,"enemies":"Small Slimes","floor":5,"turns":3},{"damage":15,"enemies":"3 Sentries","floor":6,"turns":3},{"damage":19,"enemies":"3 Louse","floor":11,"turns":4},{"damage":20,"enemies":"Lagavulin Event","floor":12,"turns":7},{"damage":0,"enemies":"2 Fungi Beasts","floor":14,"turns":2},{"damage":14,"enemies":"Hexaghost","floor":16,"turns":10},{"damage":28,"enemies":"Chosen","floor":18,"turns":5},{"damage":5,"enemies":"3 Byrds","floor":21,"turns":5},{"damage":36,"enemies":"Shelled Parasite and Fungi","floor":22,"turns":5},{"damage":47,"enemies":"Chosen and Byrds","floor":24,"turns":5},{"damage":5,"enemies":"Cultist and Chosen","floor":25,"turns":1}],"seed_played":"3524747376166687980","potions_obtained":[{"floor":5,"key":"Weak Potion"},{"floor":11,"key":"Explosive Potion"},{"floor":12,"key":"Dexterity Potion"},{"floor":14,"key":"Explosive Potion"},{"floor":21,"key":"SteroidPotion"},{"floor":22,"key":"Explosive Potion"}],"is_trial":false,"path_per_floor":["M","?","?","M","M","E","$","?","T","?","M","?","$","M","R","B",null,"M","?","?","M","M","R","M","M"],"character_chosen":"THE_STARBREAKER","items_purchased":[],"campfire_rested":2,"item_purchase_floors":[],"current_hp_per_floor":[66,66,66,63,59,44,44,37,37,42,23,7,7,7,28,30,71,51,35,35,42,28,49,4,0,0],"gold":63,"neow_bonus":"TEN_PERCENT_HP_BONUS","is_daily":false,"chose_seed":false,"campfire_upgraded":0,"win_rate":0.0,"timestamp":1611668832,"path_taken":["M","?","?","M","?","E","$","?","T","?","M","?","$","M","R","BOSS","M","?","?","?","M","R","M","M"],"items_purchased_type":[],"build_version":"2020-12-22","purchased_purges":0,"victory":false,"max_hp_per_floor":[66,66,66,66,66,66,66,66,66,71,71,71,71,71,71,71,71,71,71,71,71,71,71,71,71,71],"relic_stats":{"counters":[13,54],"Sundial":[6],"Tiny Chest":0,"Pandora\u0027s Box":["Moonworks:LuckyCharm","Moonworks:AccelHyper","Moonworks:CookingTime","Moonworks:MetallicMonocoque","Moonworks:BindingChains","Moonworks:BigMagnum","Moonworks:x16BigRocket","Moonworks:AnotherUltimateWeapon"],"Question Card":8,"obtain_stats":[{"AT_ATBox":0,"PaintedHorse:ReiMu":2,"Sundial":8,"Moonworks:Homemark":0,"Enchiridion":19,"Tiny Chest":12,"Pandora\u0027s Box":17,"Question Card":6,"Moonworks:BrokenBomb":0,"REME_ComplimentaryCards":0},{"AT_ATBox":0,"PaintedHorse:ReiMu":1,"Sundial":4,"Moonworks:Homemark":0,"Enchiridion":9,"Tiny Chest":6,"Pandora\u0027s Box":8,"Question Card":4,"Moonworks:BrokenBomb":0,"REME_ComplimentaryCards":0},{"AT_ATBox":0,"PaintedHorse:ReiMu":1,"Sundial":10,"Moonworks:Homemark":0,"Enchiridion":38,"Tiny Chest":21,"Pandora\u0027s Box":33,"Question Card":10,"Moonworks:BrokenBomb":0,"REME_ComplimentaryCards":0}]},"card_choices":[{"not_picked":["Moonworks:BigMagnum","Moonworks:LulusLuckyEgg"],"picked":"Moonworks:EvilSpyWorkPreparation","floor":1},{"not_picked":["Moonworks:LulusLuckyEgg","Moonworks:NicePresent"],"picked":"Moonworks:CompletionReward","floor":4},{"not_picked":["Moonworks:LulusLuckyEgg","Moonworks:ImOnFire"],"picked":"Moonworks:JonathanRush","floor":5},{"not_picked":["Moonworks:NicePresent","Moonworks:SweetBattle"],"picked":"Moonworks:CrystalBarrier","floor":6},{"not_picked":["Moonworks:ScrambledEve","Moonworks:DeployBits","Moonworks:CloudOfSeagulls"],"picked":"Moonworks:SakisCookie","floor":11},{"not_picked":["Moonworks:LulusLuckyEgg","Moonworks:IntelligenceOfficer","Moonworks:BigMagnum"],"picked":"Moonworks:Bloodlust","floor":12},{"not_picked":["Moonworks:ExtendedPhotonRifle","Moonworks:Blazing","Moonworks:IndiscriminateFireSupport"],"picked":"Moonworks:Assault","floor":14},{"not_picked":["Moonworks:Blazing","Moonworks:Gamble","Moonworks:EvilMastermind"],"picked":"Moonworks:PlushieMaster","floor":16},{"not_picked":["Moonworks:NicePresent","Moonworks:LulusLuckyEgg","Moonworks:Assault+1"],"picked":"Moonworks:SakisCookie","floor":18},{"not_picked":["Moonworks:ImOnFire","Moonworks:IndiscriminateFireSupport","Moonworks:CloudOfSeagulls"],"picked":"Moonworks:RedAndBlue","floor":21},{"not_picked":["Moonworks:NicePresent","Moonworks:IndiscriminateFireSupport","Moonworks:MiracleRedBeanIceCream+1"],"picked":"Moonworks:Encore","floor":22},{"not_picked":["Moonworks:ImOnFire","Moonworks:EvilSpyWorkPreparation","Moonworks:NicePresent"],"picked":"Moonworks:JonathanRush","floor":24}],"player_experience":217198,"relics_obtained":[{"floor":6,"key":"Question Card"},{"floor":12,"key":"Tiny Chest"},{"floor":19,"key":"Enchiridion"}],"event_choices":[{"damage_healed":0,"gold_gain":0,"player_choice":"??","damage_taken":0,"relics_obtained":["PaintedHorse:ReiMu"],"max_hp_gain":0,"max_hp_loss":0,"event_name":"yidonshenshe","floor":2,"gold_loss":40},{"damage_healed":0,"gold_gain":275,"player_choice":"Desecrate","damage_taken":0,"max_hp_gain":0,"max_hp_loss":0,"event_name":"Golden Shrine","floor":3,"gold_loss":0,"cards_obtained":["Regret"]},{"damage_healed":0,"gold_gain":0,"player_choice":"Success","damage_taken":7,"relics_obtained":["Sundial"],"max_hp_gain":0,"max_hp_loss":0,"event_name":"Scrap Ooze","floor":8,"gold_loss":0},{"damage_healed":0,"gold_gain":0,"player_choice":"Donut","damage_taken":0,"max_hp_gain":5,"max_hp_loss":0,"event_name":"Big Fish","floor":10,"gold_loss":0},{"damage_healed":0,"gold_gain":0,"player_choice":"Searched \u00271\u0027 times","damage_taken":0,"max_hp_gain":0,"max_hp_loss":0,"event_name":"Dead Adventurer","floor":12,"gold_loss":0},{"damage_healed":0,"gold_gain":0,"player_choice":"Obtained Book","damage_taken":16,"max_hp_gain":0,"max_hp_loss":0,"event_name":"Cursed Tome","floor":19,"gold_loss":0},{"damage_healed":0,"gold_gain":0,"player_choice":"1 cards matched","damage_taken":0,"max_hp_gain":0,"max_hp_loss":0,"event_name":"Match and Keep!","floor":20,"gold_loss":0,"cards_obtained":["Moonworks:CastOff"]}],"is_beta":false,"boss_relics":[{"not_picked":["Cursed Key","Sozu"],"picked":"Pandora\u0027s Box"}],"items_purged_floors":[],"is_endless":false,"potions_floor_spawned":[5,11,12,14,21,22],"killed_by":"Cultist and Chosen","ascension_level":0}}