{"host":"vgpg7k5slnkjucil","time":1611648897,"event":{"mods":["BaseMod","Marisa£®ÏF”Í°°ƒß¿Ì…≥£©","Minty Spire (QoL Compilation)","StSLib","The Servant 0.9.4","Youmu£®ªÍ∆«—˝√Œ£©"],"gold_per_floor":[119,119,92,108,108,108,152,152,152,152,173,193,237,237,237,367,367,388,412,448,448,462,514,559,581,654,676,698,741,766,799,799,937,937,961,1978,2001,1619,1660,1710,1722,1787,1822,1858,1920,1941,1978,2014,2026,2038],"floor_reached":51,"language":"ZHS","playtime":4230,"items_purged":["Defend_YM"],"score":1016,"play_id":"41bed05c-f976-44b3-abea-f6ddbd0a14ef","local_time":"20210126161457","is_ascension_mode":false,"campfire_choices":[{"data":"CrescentMoonSlash","floor":6.0,"key":"SMITH"},{"data":"LotusPostureSlash","floor":10.0,"key":"SMITH"},{"data":"EchoesOfTheInclemencyOfAllBeings","floor":15.0,"key":"SMITH"},{"data":"HeavenGodSword","floor":32.0,"key":"SMITH"},{"data":"SuddenDivineSeveringOfKarmicWind","floor":49,"key":"SMITH"}],"circlet_count":0,"master_deck":["Defend_YM","Defend_YM","SlashOfPresentWorld","WheelOfPainOfLivingAndDead","FlashingScatteredFlowers","DispleasureOfTheSevenHakus","CrescentMoonSlash+1","Injury","LotusPostureSlash+1","HumanRealmSword","EchoesOfTheInclemencyOfAllBeings+1","SuddenDivineSeveringOfKarmicWind+1","LightFlashOfTheNetherworld+1","ReincarnationSword","SlashOfMeditation","Writhe","HiganSword","SpiritCuttingSword","Bite","Bite","Bite","Bite","Bite","ThreeKonsSevenHakus","DispleasureOfTheSevenHakus","FiveSignsOfTheDyingDeva","HumanGodSword","CrescentMoonSlash","HeavenGodSword+1","HellRealmSword+1","CherryBlossomFlashing+1","Normality","Normality","PretaSword+1","Parasite","HellGodSword+1","LightFlashOfTheNetherworld+1","RapidSlash+1","TwoHundredYojanaInOneSlash+1","SwordExtraction+1","Wraith","FiveSignsOfTheDyingDeva","PhosphoricSlash"],"relics":["MiniYoumu","NeowsBlessing","Golden Idol","Art of War","Du-Vu Doll","HornCleat","Darkstone Periapt","Red Mask","Pear","CeramicFish","Bottled Flame","Gremlin Horn","Sozu","Pen Nib","Whetstone","MawBank","StrikeDummy","MealTicket","FossilizedHelix"],"acts_visited":["Exordium","TheCity","TheBeyond"],"potions_floor_usage":[33,50,50,50],"damage_taken":[{"damage":0.0,"enemies":"Jaw Worm","floor":1.0,"turns":1.0},{"damage":0.0,"enemies":"Cultist","floor":4.0,"turns":1.0},{"damage":0.0,"enemies":"Lagavulin","floor":7.0,"turns":2.0},{"damage":0.0,"enemies":"Small Slimes","floor":11.0,"turns":1.0},{"damage":0.0,"enemies":"3 Louse","floor":12.0,"turns":1.0},{"damage":8.0,"enemies":"3 Sentries","floor":13.0,"turns":3.0},{"damage":5.0,"enemies":"Hexaghost","floor":16.0,"turns":11.0},{"damage":10.0,"enemies":"2 Thieves","floor":18.0,"turns":2.0},{"damage":0.0,"enemies":"Chosen","floor":19.0,"turns":3.0},{"damage":0.0,"enemies":"Masked Bandits","floor":20.0,"turns":2.0},{"damage":1.0,"enemies":"Shelled Parasite and Fungi","floor":22.0,"turns":3.0},{"damage":10.0,"enemies":"Gremlin Leader","floor":23.0,"turns":4.0},{"damage":10.0,"enemies":"Snake Plant","floor":25.0,"turns":3.0},{"damage":22.0,"enemies":"Snecko","floor":27.0,"turns":5.0},{"damage":9.0,"enemies":"3 Cultists","floor":28.0,"turns":5.0},{"damage":9.0,"enemies":"Slavers","floor":29.0,"turns":4.0},{"damage":5.0,"enemies":"Centurion and Healer","floor":30.0,"turns":5.0},{"damage":1.0,"enemies":"Chosen and Byrds","floor":31.0,"turns":3.0},{"damage":8,"enemies":"Collector","floor":33,"turns":5},{"damage":2,"enemies":"3 Darklings","floor":35,"turns":3},{"damage":1,"enemies":"3 Shapes","floor":37,"turns":2},{"damage":17,"enemies":"Writhing Mass","floor":39,"turns":4},{"damage":34,"enemies":"Giant Head","floor":40,"turns":8},{"damage":1,"enemies":"Reptomancer","floor":42,"turns":2},{"damage":8,"enemies":"Spire Growth","floor":44,"turns":2},{"damage":0,"enemies":"Nemesis","floor":45,"turns":1},{"damage":0,"enemies":"Sphere and 2 Shapes","floor":47,"turns":2},{"damage":10,"enemies":"Maw","floor":48,"turns":5},{"damage":35,"enemies":"Awakened One","floor":50,"turns":8}],"seed_played":"-8597426119216933329","potions_obtained":[{"floor":4.0,"key":"DistilledChaos"},{"floor":7.0,"key":"CultistPotion"},{"floor":11.0,"key":"CausticAgent"},{"floor":18.0,"key":"LiquidBronze"},{"floor":28.0,"key":"BlessingOfTheForge"},{"floor":30.0,"key":"FearPotion"},{"floor":31.0,"key":"Swift Potion"},{"floor":33,"key":"PowerPotion"}],"is_trial":false,"path_per_floor":["M","?","$","M","?","R","E","?","T","R","M","M","E","?","R","B",null,"M","M","?","?","M","E","?","M","T","M","M","E","M","M","R","B",null,"M","?","M","$","M","E","?","E","T","M","E","?","M","M","R","B",null],"character_chosen":"YOUMU","items_purchased":["DispleasureOfTheSevenHakus","Pen Nib","Whetstone"],"campfire_rested":0,"item_purchase_floors":[3,38,38],"current_hp_per_floor":[75,75,75,75,75,75,75,68,68,68,68,68,60,60,60,55,75,65,65,65,81,80,70,63,57,57,43,42,39,40,47,47,52,63,63,75,75,75,70,44,44,45,45,39,39,45,51,45,45,18],"gold":2050,"neow_bonus":"THREE_ENEMY_KILL","is_daily":false,"chose_seed":false,"campfire_upgraded":5,"win_rate":0.0,"timestamp":1611648897,"path_taken":["M","?","?","M","?","R","E","?","T","R","M","M","E","?","R","BOSS","M","?","?","?","M","E","?","?","T","M","M","E","M","M","R","BOSS","M","?","M","$","M","E","?","E","T","M","E","?","?","M","R","BOSS"],"items_purchased_type":["Card","Relic","Relic"],"build_version":"2020-12-22","purchased_purges":1,"victory":true,"max_hp_per_floor":[75,75,75,75,75,75,75,75,75,75,75,75,75,75,75,75,75,75,75,75,91,91,91,63,63,63,63,63,63,63,63,63,63,63,63,75,75,75,81,81,81,81,81,81,81,87,87,87,87,87],"card_choices":[{"not_picked":["SanzenSekai","DispleasureOfTheSevenHakus"],"picked":"FlashingScatteredFlowers","floor":1.0},{"not_picked":["TwoHundredYojanaInOneSlash","ConstancyOfTheConventionalTruth"],"picked":"CrescentMoonSlash","floor":4.0},{"not_picked":["ThreeKonsSevenHakus","TwoHundredYojanaInOneSlash"],"picked":"LotusPostureSlash","floor":7.0},{"not_picked":["LifeCuttingSword","SlashOfMeditation"],"picked":"HumanRealmSword","floor":11.0},{"not_picked":["SanzenSekai","SlashOfMeditation"],"picked":"DispleasureOfTheSevenHakus","floor":12.0},{"not_picked":["GhostSword","BloodOfAsura"],"picked":"EchoesOfTheInclemencyOfAllBeings","floor":13.0},{"not_picked":["ReincarnationSword","AsuraSword"],"picked":"SuddenDivineSeveringOfKarmicWind","floor":16.0},{"not_picked":["TwoHundredYojanaInOneSlash","ConstancyOfTheConventionalTruth+1"],"picked":"LightFlashOfTheNetherworld+1","floor":18.0},{"not_picked":["CrescentMoonSlash","SanzenSekai+1"],"picked":"ReincarnationSword","floor":19.0},{"not_picked":["SanzenSekai","LifeCuttingSword"],"picked":"SlashOfMeditation","floor":20.0},{"not_picked":["GhostSword","CherryBlossomFlashing"],"picked":"HiganSword","floor":22.0},{"not_picked":["AsTheSilentNirvana","TurningAngelCut"],"picked":"SpiritCuttingSword","floor":23.0},{"not_picked":["DispleasureOfTheSevenHakus","LifeCuttingSword"],"picked":"ThreeKonsSevenHakus","floor":25.0},{"not_picked":["DoubleWheelOfPain","SwordOfBindingDesires"],"picked":"DispleasureOfTheSevenHakus","floor":27.0},{"not_picked":["LightFlashOfTheNetherworld","SpiritCuttingSword"],"picked":"FiveSignsOfTheDyingDeva","floor":28.0},{"not_picked":["SlashOfMeditation","SwordOfBindingDesires"],"picked":"HumanGodSword","floor":29.0},{"not_picked":["DispleasureOfTheSevenHakus","ThreeKonsSevenHakus"],"picked":"CrescentMoonSlash","floor":30.0},{"not_picked":["TurningAngelCut+1","AsTheSilentNirvana"],"picked":"HeavenGodSword","floor":31.0},{"not_picked":["WickedSoul","AsuraSword"],"picked":"HellRealmSword","floor":33},{"not_picked":["SanzenSekai","SwordOfBindingDesires+1"],"picked":"CherryBlossomFlashing+1","floor":35},{"not_picked":["SanzenSekai+1","DispleasureOfTheSevenHakus+1"],"picked":"PretaSword","floor":37},{"not_picked":["ObsessionSword","LowerRealmReflectionSlash"],"picked":"HellGodSword+1","floor":39},{"not_picked":["CherryBlossomFlashing","HeavenlyHaloSlash+1"],"picked":"LightFlashOfTheNetherworld+1","floor":40},{"not_picked":["SwordExtraction","DispleasureOfTheSevenHakus"],"picked":"RapidSlash+1","floor":42},{"not_picked":["LowerRealmReflectionSlash","ConstancyOfTheConventionalTruth"],"picked":"TwoHundredYojanaInOneSlash+1","floor":44},{"not_picked":["FlashingScatteredFlowers","CherryBlossomFlashing"],"picked":"SwordExtraction+1","floor":45},{"not_picked":["ReincarnationSword","CrescentMoonSlash+1"],"picked":"FiveSignsOfTheDyingDeva","floor":47},{"not_picked":["ThreeKonsSevenHakus+1","HesitationCuttingSword"],"picked":"PhosphoricSlash","floor":48}],"player_experience":970924,"relics_obtained":[{"floor":7.0,"key":"Art of War"},{"floor":9.0,"key":"Du-Vu Doll"},{"floor":13.0,"key":"HornCleat"},{"floor":20.0,"key":"Red Mask"},{"floor":23.0,"key":"CeramicFish"},{"floor":26.0,"key":"Bottled Flame"},{"floor":29.0,"key":"Gremlin Horn"},{"floor":40,"key":"MawBank"},{"floor":42,"key":"StrikeDummy"},{"floor":43,"key":"MealTicket"},{"floor":45,"key":"FossilizedHelix"}],"event_choices":[{"cards_removed":["Defend_YM"],"damage_healed":0.0,"max_hp_gain":0.0,"max_hp_loss":0.0,"gold_gain":0.0,"event_name":"Bonfire Elementals","player_choice":"Offered Basic","floor":2.0,"gold_loss":0.0,"damage_taken":0.0},{"damage_healed":0.0,"max_hp_gain":0.0,"max_hp_loss":0.0,"gold_gain":0.0,"event_name":"Golden Idol","player_choice":"Take Wound","floor":5.0,"gold_loss":0.0,"damage_taken":0.0,"relics_obtained":["Golden Idol"],"cards_obtained":["Injury"]},{"cards_removed":["Strike_YM"],"damage_healed":0.0,"max_hp_gain":0.0,"max_hp_loss":0.0,"gold_gain":0.0,"event_name":"Golden Wing","player_choice":"Card Removal","floor":8.0,"gold_loss":0.0,"damage_taken":7.0},{"damage_healed":0.0,"max_hp_gain":0.0,"max_hp_loss":0.0,"gold_gain":0.0,"event_name":"WeMeetAgain","player_choice":"Gave Potion","floor":14.0,"gold_loss":0.0,"damage_taken":0.0,"relics_obtained":["Darkstone Periapt"]},{"damage_healed":0.0,"max_hp_gain":0.0,"max_hp_loss":0.0,"gold_gain":0.0,"event_name":"Masked Bandits","player_choice":"Fought Bandits","floor":20.0,"gold_loss":0.0,"damage_taken":0.0},{"damage_healed":0.0,"max_hp_gain":0.0,"max_hp_loss":0.0,"gold_gain":0.0,"event_name":"The Mausoleum","player_choice":"Opened","floor":21.0,"gold_loss":0.0,"damage_taken":0.0,"relics_obtained":["Pear"],"cards_obtained":["Writhe"]},{"damage_healed":0.0,"max_hp_gain":0.0,"max_hp_loss":28.0,"gold_gain":0.0,"event_name":"Vampires","player_choice":"Became a vampire","floor":24.0,"gold_loss":0.0,"damage_taken":0.0,"cards_obtained":["Bite","Bite","Bite","Bite","Bite"]},{"damage_healed":0,"gold_gain":999,"player_choice":"Gold","damage_taken":0,"max_hp_gain":0,"max_hp_loss":0,"event_name":"MindBloom","floor":36,"gold_loss":0,"cards_obtained":["Normality","Normality"]},{"cards_removed":["DispleasureOfTheSevenHakus"],"damage_healed":0,"gold_gain":0,"player_choice":"Removed Skill","damage_taken":0,"max_hp_gain":0,"max_hp_loss":0,"event_name":"Falling","floor":41,"gold_loss":0},{"damage_healed":0,"gold_gain":0,"player_choice":"Ignored","damage_taken":0,"max_hp_gain":0,"max_hp_loss":0,"event_name":"OrinTheCat","floor":46,"gold_loss":0}],"is_beta":false,"boss_relics":[{"not_picked":["Runic Pyramid","Snecko Eye"],"picked":"MiniYoumu"},{"not_picked":["SacredBark","Empty Cage"],"picked":"Sozu"}],"items_purged_floors":[38],"is_endless":false,"potions_floor_spawned":[4,7,11,13,18,27,28,29,30,31,33,37,39,45,47,48],"ascension_level":0}}