{"host":"ojezjkpqju62j8xy","time":1611662629,"event":{"mods":["ATMod(°¢èªMod)","Act Like it!","Aspiration","BaseMod","Conspire","Minty Spire (QoL Compilation)","Pale of the Ancients","Replay The Spire","Spicy Shops","StSLib","[GremlinLeader]The Maniac","¡¾ÒÅÎï¿¨ÅÆ¡¿REMEMod"],"gold_per_floor":[211,211,251,251,276,276,289,348,348,289,323,367,420,458,458,483,483],"floor_reached":16,"language":"ZHS","playtime":527,"items_purged":[],"score":276,"play_id":"f288b167-cb7f-4e3a-aee4-6267912c6cc2","local_time":"20210126200349","is_ascension_mode":true,"campfire_choices":[{"floor":6.0,"key":"RECALL"},{"data":"HandOfGreed","floor":15.0,"key":"SMITH"}],"circlet_count":0,"master_deck":["AscendersBane","Strike_G","Strike_G","Strike_G","Strike_G","Strike_G","Defend_G","Defend_G","Defend_G","Defend_G","Defend_G","Survivor","Neutralize","AT_FamilyPortrait","HandOfGreed+1","Backstab","Injury","All Out Attack","Blade Dance","Bouncing Flask+1","Burst+1","Backstab","ReplayTheSpireMod:The Works","Footwork"],"relics":["AT_ATBox","REME_ComplimentaryCards","Replay:Wanted Poster","Mirror","Golden Idol","Golden Egg","Question Card","Smiling Mask","Regal Pillow"],"acts_visited":["Exordium"],"potions_floor_usage":[16],"damage_taken":[{"damage":3.0,"enemies":"Jaw Worm","floor":1.0,"turns":3.0},{"damage":0.0,"enemies":"Cultist","floor":3.0,"turns":4.0},{"damage":0.0,"enemies":"Small Slimes","floor":7.0,"turns":3.0},{"damage":0.0,"enemies":"Gremlin Nob","floor":8.0,"turns":2.0},{"damage":1.0,"enemies":"Lagavulin","floor":11.0,"turns":6.0},{"damage":0.0,"enemies":"Gremlin Gang","floor":12.0,"turns":3.0},{"damage":16.0,"enemies":"3 Sentries","floor":13.0,"turns":6.0},{"damage":9.0,"enemies":"Exordium Thugs","floor":14.0,"turns":4.0},{"damage":33,"enemies":"Slime Boss","floor":16,"turns":8}],"seed_played":"-106688215469738530","potions_obtained":[{"floor":1.0,"key":"SteroidPotion"},{"floor":3.0,"key":"SteroidPotion"},{"floor":11.0,"key":"Ancient Potion"},{"floor":14.0,"key":"Fire Potion"}],"is_trial":false,"path_per_floor":["M","?","M","?","T","R","M","E","T","$","E","M","E","M","R","B"],"character_chosen":"THE_SILENT","items_purchased":["Bouncing Flask+1"],"campfire_rested":0,"item_purchase_floors":[10],"current_hp_per_floor":[56,56,56,56,56,56,56,56,56,56,55,55,39,30,30,0,0],"gold":483,"neow_bonus":"BOSS_RELIC","is_daily":false,"chose_seed":false,"campfire_upgraded":1,"win_rate":0.0,"timestamp":1611662629,"path_taken":["M","?","?","?","?","R","M","E","T","$","E","M","E","M","R","BOSS"],"items_purchased_type":["Card"],"build_version":"2020-12-22","purchased_purges":0,"victory":false,"max_hp_per_floor":[66,66,66,66,66,66,66,66,66,66,66,66,66,66,66,66,66],"card_choices":[{"not_picked":["ReplayTheSpireMod:The Works","PiercingWail"],"picked":"Deadly Poison","floor":1.0},{"not_picked":["Deadly Poison","Blade Dance"],"picked":"Backstab","floor":3.0},{"not_picked":["Underhanded Strike","Deflect"],"picked":"All Out Attack","floor":7.0},{"not_picked":["Dodge and Roll","ReplayTheSpireMod:Exploit Weakness"],"picked":"Blade Dance","floor":8.0},{"not_picked":["REME_GrazeFinale","Deflect","ReplayTheSpireMod:The Works"],"picked":"Burst","floor":11.0},{"not_picked":["Expertise","Leg Sweep","Eviscerate"],"picked":"Backstab","floor":12.0},{"not_picked":["Leg Sweep","ReplayTheSpireMod:Tripwire","Deflect"],"picked":"ReplayTheSpireMod:The Works","floor":13.0},{"not_picked":["Dagger Throw","Outmaneuver","ReplayTheSpireMod:Scrap Shanks"],"picked":"Footwork","floor":14.0}],"player_experience":1385453,"relics_obtained":[{"floor":8.0,"key":"Golden Egg"},{"floor":9.0,"key":"Question Card"},{"floor":11.0,"key":"Smiling Mask"},{"floor":13.0,"key":"Regal Pillow"}],"event_choices":[{"cards_removed":["Deadly Poison"],"damage_healed":0.0,"max_hp_gain":0.0,"max_hp_loss":0.0,"gold_gain":0.0,"event_name":"WeMeetAgain","player_choice":"Gave Card","floor":2.0,"gold_loss":0.0,"damage_taken":0.0,"relics_obtained":["Mirror"]},{"damage_healed":0.0,"max_hp_gain":0.0,"max_hp_loss":0.0,"gold_gain":0.0,"event_name":"Golden Idol","player_choice":"Take Wound","floor":4.0,"gold_loss":0.0,"damage_taken":0.0,"relics_obtained":["Golden Idol"],"cards_obtained":["Injury"]}],"is_beta":false,"boss_relics":[],"items_purged_floors":[],"is_endless":false,"potions_floor_spawned":[1,3,11,14],"killed_by":"Slime Boss","ascension_level":18}}