{"host":"jumrmhf584hajrnz","time":1611682201,"event":{"mods":["BaseMod","Duelist Mod","GifTheSpireLib","Minty Spire (QoL Compilation)","Quick Restart","Replay The Spire","StSLib"],"gold_per_floor":[145,145,3,3,16,16,58,58,58,101,110,145,169,94,94,94,94],"floor_reached":16,"language":"ENG","playtime":944,"items_purged":["theDuelist:SummoningCurse"],"score":282,"play_id":"d6569cd6-ce9c-4da0-ac51-7eff329fdd5b","local_time":"20210126183001","is_ascension_mode":true,"campfire_choices":[{"floor":6,"key":"RECALL"},{"floor":8,"key":"REST"},{"floor":15,"key":"REST"}],"circlet_count":0,"master_deck":["AscendersBane","theDuelist:Biofalcon","theDuelist:CastleWalls","theDuelist:CastleWalls","theDuelist:Deskbot004+1","theDuelist:Deskbot004","theDuelist:Deskbot005","theDuelist:Deskbot005+1","theDuelist:GreenGadget","theDuelist:Sparks","theDuelist:Sparks","theDuelist:PortableBatteryPack+1","theDuelist:MetalDetector","theDuelist:FrontlineObserver","theDuelist:Deskbot001","theDuelist:OutriggerExtension","theDuelist:JinzoLord","theDuelist:BigFire","theDuelist:DoubleTool+1"],"relics":["theDuelist:MillenniumPuzzle","theDuelist:CardPoolRelic","theDuelist:CardPoolBasicRelic","theDuelist:BoosterPackPoolRelic","theDuelist:CardPoolAddRelic","theDuelist:CardPoolMinusRelic","theDuelist:CardPoolSaveRelic","theDuelist:CardPoolOptionsRelic","NeowsBlessing","CeramicFish","Gremlin Food","theDuelist:MillenniumArmor","theDuelist:WhiteBowlRelic"],"acts_visited":["Exordium"],"potions_floor_usage":[12,16],"damage_taken":[{"damage":0,"enemies":"Small Slimes","floor":1,"turns":1},{"damage":0,"enemies":"Jaw Worm","floor":5,"turns":1},{"damage":0,"enemies":"Gremlin Nob","floor":7,"turns":1},{"damage":44,"enemies":"3 Sentries","floor":10,"turns":20},{"damage":13,"enemies":"Gremlin Nob","floor":12,"turns":6},{"damage":0,"enemies":"2 Louse","floor":13,"turns":3},{"damage":31,"enemies":"Slime Boss","floor":16,"turns":10}],"seed_played":"7823432399106552972","potions_obtained":[{"floor":5,"key":"theDuelist:TokenPotion"},{"floor":10,"key":"theDuelist:SummonArmorPotion"},{"floor":13,"key":"Strength Potion"}],"is_trial":false,"path_per_floor":["M","?","$","?","M","R","E","R","T","E","?","E","M","$","R","B"],"character_chosen":"THE_DUELIST","items_purchased":["theDuelist:MetalDetector","theDuelist:FrontlineObserver"],"campfire_rested":2,"item_purchase_floors":[3,3],"current_hp_per_floor":[63,42,42,42,42,42,42,63,63,19,19,6,6,6,27,0,0],"gold":94,"neow_bonus":"THREE_ENEMY_KILL","is_daily":false,"chose_seed":false,"campfire_upgraded":0,"win_rate":0.0,"timestamp":1611682201,"path_taken":["M","?","?","?","M","R","E","R","T","E","?","E","?","$","R","BOSS"],"items_purchased_type":["Card","Card"],"build_version":"2020-12-22","purchased_purges":1,"victory":false,"max_hp_per_floor":[70,70,70,70,70,70,70,70,70,70,70,70,70,70,70,70,70],"card_choices":[{"not_picked":["theDuelist:Geargiauger","theDuelist:CardsFromTheSky","theDuelist:CyberRaider","theDuelist:GearGigant"],"picked":"theDuelist:PortableBatteryPack","floor":1},{"not_picked":["theDuelist:BlastJuggler","theDuelist:YellowGadget","theDuelist:Deskbot005","theDuelist:DoubleTool"],"picked":"theDuelist:Deskbot001","floor":5},{"not_picked":["theDuelist:DoubleTool","theDuelist:CoreBlaster","theDuelist:Factory100Machines","theDuelist:CardsFromTheSky"],"picked":"theDuelist:OutriggerExtension","floor":7},{"not_picked":["theDuelist:SwordsConcealing","theDuelist:SevenCompleted","theDuelist:Overworked","theDuelist:GoldenBlastJuggler"],"picked":"theDuelist:JinzoLord","floor":10},{"not_picked":["theDuelist:LightningDarts","theDuelist:LightningVortex","theDuelist:WormWarlord","theDuelist:PowerGiant"],"picked":"theDuelist:BigFire","floor":12},{"not_picked":["theDuelist:SparkBlaster+1","theDuelist:ParallelPortArmor","theDuelist:CoreBlaster+1","theDuelist:AncientGearFist+1"],"picked":"theDuelist:DoubleTool+1","floor":13}],"player_experience":1567951,"relics_obtained":[{"floor":7,"key":"CeramicFish"},{"floor":10,"key":"Gremlin Food"},{"floor":12,"key":"theDuelist:WhiteBowlRelic"}],"event_choices":[{"damage_healed":0,"gold_gain":0,"player_choice":"Entered Light","damage_taken":21,"max_hp_gain":0,"max_hp_loss":0,"event_name":"Shining Light","floor":2,"gold_loss":0,"cards_upgraded":["theDuelist:Deskbot005","theDuelist:Deskbot004"]},{"damage_healed":0,"gold_gain":0,"player_choice":"Leave","duelist":true,"damage_taken":0,"max_hp_gain":0,"max_hp_loss":0,"event_name":"Relic Duplicator","floor":4,"gold_loss":0},{"damage_healed":0,"gold_gain":0,"player_choice":"Took item - Received: Millennium Armor","duelist":true,"damage_taken":0,"max_hp_gain":0,"max_hp_loss":0,"event_name":"Millennium Items","floor":11,"gold_loss":0}],"is_beta":false,"boss_relics":[],"items_purged_floors":[14],"is_endless":false,"potions_floor_spawned":[5,10,13],"killed_by":"Slime Boss","ascension_level":20}}