{"host":"zk71suw73lg2r165","time":1611631774,"event":{"mods":["BaseMod","Colored Map","Minty Spire (QoL Compilation)","Permanent Neow","Relic Stats","StSLib"],"gold_per_floor":[112,128,144,294,294,294,329,329,329,329,352,395,395,395,395],"floor_reached":14,"language":"ENG","playtime":418,"items_purged":[],"score":196,"play_id":"5ae6e817-c631-4df4-b3d5-6c670e6fdb14","local_time":"20210125222934","is_ascension_mode":true,"campfire_choices":[{"data":"Genetic Algorithm","floor":6.0,"key":"SMITH"},{"floor":8.0,"key":"REST"},{"floor":13.0,"key":"REST"}],"circlet_count":0,"master_deck":["AscendersBane","Strike_B","Strike_B","Strike_B","Strike_B","Defend_B","Defend_B","Defend_B","Defend_B","Zap","Dualcast","Electrodynamics","Genetic Algorithm+1","Go for the Eyes","Static Discharge","Doubt","Compile Driver+1","Hologram","BootSequence"],"relics":["Cracked Core","Molten Egg 2","Question Card","Ancient Tea Set","Golden Idol","Pen Nib"],"acts_visited":["Exordium"],"potions_floor_usage":[],"damage_taken":[{"damage":1.0,"enemies":"Cultist","floor":1.0,"turns":3.0},{"damage":11.0,"enemies":"Jaw Worm","floor":2.0,"turns":3.0},{"damage":9.0,"enemies":"2 Louse","floor":3.0,"turns":2.0},{"damage":34.0,"enemies":"Lagavulin","floor":7.0,"turns":6.0},{"damage":5.0,"enemies":"Large Slime","floor":11.0,"turns":4.0},{"damage":33.0,"enemies":"Gremlin Nob","floor":12.0,"turns":4.0},{"damage":33,"enemies":"Lagavulin","floor":14,"turns":7}],"seed_played":"-5183818018500122602","potions_obtained":[{"floor":1.0,"key":"PotionOfCapacity"},{"floor":3.0,"key":"Regen Potion"}],"is_trial":false,"path_per_floor":["M","M","M","?","T","R","E","R","T","?","M","E","R","E"],"character_chosen":"DEFECT","items_purchased":[],"campfire_rested":2,"item_purchase_floors":[],"current_hp_per_floor":[63,52,43,43,43,43,9,30,30,30,39,6,25,0,0],"gold":395,"neow_bonus":"ONE_RANDOM_RARE_CARD","is_daily":false,"chose_seed":false,"campfire_upgraded":1,"win_rate":0.0,"timestamp":1611631774,"path_taken":["M","M","M","?","?","R","E","R","T","?","M","E","R","E"],"items_purchased_type":[],"build_version":"2020-12-22","purchased_purges":0,"victory":false,"max_hp_per_floor":[71,71,71,71,71,71,71,71,71,64,64,64,64,64,64],"relic_stats":{"counters":[7,29],"Golden Idol":14,"Pen Nib":[0],"Question Card":2,"obtain_stats":[{"Golden Idol":10,"Molten Egg 2":5,"Pen Nib":12,"Cracked Core":0,"Question Card":7,"Ancient Tea Set":9},{"Golden Idol":4,"Molten Egg 2":3,"Pen Nib":6,"Cracked Core":0,"Question Card":4,"Ancient Tea Set":4},{"Golden Idol":14,"Molten Egg 2":8,"Pen Nib":22,"Cracked Core":0,"Question Card":14,"Ancient Tea Set":14}]},"card_choices":[{"not_picked":["Hologram","Streamline"],"picked":"Genetic Algorithm","floor":1.0},{"not_picked":["Hologram","Sweeping Beam"],"picked":"Go for the Eyes","floor":2.0},{"not_picked":["Loop","Barrage"],"picked":"Static Discharge","floor":3.0},{"not_picked":["Go for the Eyes+1","Stack"],"picked":"Compile Driver+1","floor":7.0},{"not_picked":["Steam Power","Beam Cell+1","Skim"],"picked":"Hologram","floor":11.0},{"not_picked":["Steam","Conserve Battery","Hologram"],"picked":"BootSequence","floor":12.0}],"player_experience":1378219,"relics_obtained":[{"floor":5.0,"key":"Molten Egg 2"},{"floor":7.0,"key":"Question Card"},{"floor":9.0,"key":"Ancient Tea Set"},{"floor":12.0,"key":"Pen Nib"}],"event_choices":[{"damage_healed":0.0,"max_hp_gain":0.0,"max_hp_loss":0.0,"gold_gain":150.0,"event_name":"Liars Game","player_choice":"AGREE","floor":4.0,"gold_loss":0.0,"damage_taken":0.0,"cards_obtained":["Doubt"]},{"damage_healed":0.0,"max_hp_gain":0.0,"max_hp_loss":7.0,"gold_gain":0.0,"event_name":"Golden Idol","player_choice":"Lose Max HP","floor":10.0,"gold_loss":0.0,"damage_taken":0.0,"relics_obtained":["Golden Idol"]}],"is_beta":false,"boss_relics":[],"items_purged_floors":[],"is_endless":false,"potions_floor_spawned":[1,3],"killed_by":"Lagavulin","ascension_level":20}}