{"host":"atu1skz5iq69e5lr","time":1611686886,"event":{"mods":["AchievementEnabler","Aspiration","BaseMod","Colored Map","Conspire","Evolution","Friendly Minions","Highlight Path","HololiveMod","Hubris","Infinite Spire","Keyboard Shortcuts","Minty Spire (QoL Compilation)","Reliquary","Replay The Spire","Shop Mod","StSLib"],"gold_per_floor":[81,92,111,36,47,47,47],"floor_reached":8,"language":"ENG","playtime":308,"items_purged":["Hololive_Sequa"],"score":423,"play_id":"27b2c29c-ad3d-49cd-87b9-04ba15a22338","local_time":"20210126194806","is_ascension_mode":false,"campfire_choices":[],"circlet_count":0,"master_deck":["Hololive_Drill","Hololive_Defend","Hololive_Defend","Hololive_Yoholoon","Hololive_CallAkaiHaato","Hololive_CallInugamiKorone","Hololive_CallArtia","Hololive_CallNekomataOkayu","Hololive_CallTsunomakiWatame","Hololive_CallOkamiMio","Hololive_CallAkiRosenthal"],"relics":["Hololive_TheStar","EVO:Axolotl","Mango"],"acts_visited":["Exordium","TheCity","TheBeyond"],"potions_floor_usage":[],"damage_taken":[{"damage":0,"enemies":"Small Slimes","floor":1,"turns":3},{"damage":0,"enemies":"2 Louse","floor":2,"turns":3},{"damage":0,"enemies":"Jaw Worm","floor":3,"turns":3},{"damage":0,"enemies":"Large Slime","floor":5,"turns":5},{"damage":0,"enemies":"Hexaghost","floor":5,"turns":2},{"damage":0,"enemies":"Automaton","floor":6,"turns":1},{"damage":0,"enemies":"infinitespire:MassOfShapes","floor":7,"turns":1}],"seed_played":"9121765624039242282","potions_obtained":[],"is_trial":false,"path_per_floor":["M","M","M","$","M",null,null,null],"character_chosen":"Hololive_HololiveCharacter","items_purchased":[],"campfire_rested":0,"item_purchase_floors":[],"current_hp_per_floor":[56,56,56,56,56,74,74],"gold":47,"neow_bonus":"ONE_RARE_RELIC","is_daily":false,"chose_seed":false,"campfire_upgraded":0,"win_rate":0.0,"timestamp":1611686886,"path_taken":["M","M","M","$","M","BOSS","BOSS","BOSS"],"items_purchased_type":[],"build_version":"2020-12-22","purchased_purges":1,"victory":true,"max_hp_per_floor":[74,74,74,74,74,74,74],"card_choices":[{"not_picked":["Hololive_Drill","Hololive_CallArtia","Hololive_Yoholoon"],"picked":"Hololive_CallOkamiMio","floor":1},{"not_picked":["Hololive_StrengthChampion","Hololive_RevenueBasedLive","Hololive_CocoNews","Hololive_Trident"],"picked":"SKIP","floor":2},{"not_picked":["Hololive_CallTokoyamiTowa","Hololive_Psychosis","Hololive_HuntDinosaur"],"picked":"Hololive_CallAkiRosenthal","floor":3},{"not_picked":["Hololive_Breathe","Hololive_CocoNews","Hololive_Trident","Hololive_Sequa"],"picked":"SKIP","floor":5}],"player_experience":50203,"relics_obtained":[],"event_choices":[],"is_beta":false,"boss_relics":[{"not_picked":["Sozu","Astrolabe","Replay:Grab Bag"]},{"not_picked":["hubris:RunicObelisk","hubris:Backtick","Abe\u0027s Treasure"]}],"items_purged_floors":[4],"is_endless":false,"potions_floor_spawned":[5],"ascension_level":0}}