{"host":"yjeq27nqd9iczda7","time":1611640620,"event":{"mods":["Arknights The Spire","BaseMod","Colored Map","Colored Powertips","GifTheSpireLib","Minty Spire (QoL Compilation)","Prisma Mod","StSLib","The Alterego","The Poker Player","Waifu the Spire"],"gold_per_floor":[118,118,2,17,17,30,14,14,39,69,83,114,114,133,133,232,232,251,238,248,248,248],"floor_reached":21,"language":"KOR","playtime":2164,"items_purged":[],"score":218,"play_id":"8feb1083-3ca5-46df-bf57-43dfee2fb575","local_time":"20210126145700","is_ascension_mode":false,"campfire_choices":[{"floor":8,"key":"REST"},{"floor":13,"key":"REST"},{"floor":15,"key":"REST"}],"circlet_count":0,"master_deck":["alterego_mod:Strike","alterego_mod:Strike","alterego_mod:Strike","alterego_mod:Defend","alterego_mod:Impale+1","alterego_mod:BigMeatyClaws","alterego_mod:BrynhildrsRune","alterego_mod:MagicResistance","alterego_mod:Belts","alterego_mod:Pet","alterego_mod:Jiggle","alterego_mod:DiscoLights","alterego_mod:MaintainEyeContact","alterego_mod:BustOut","alterego_mod:Clap","alterego_mod:Cushion","alterego_mod:Lift","alterego_mod:Venus","alterego_mod:Nekomimi+1","alterego_mod:ClassAdvantage+1","alterego_mod:GIGAMILK+1","alterego_mod:Skirt+1","alterego_mod:SakuraPetals","alterego_mod:Cycle"],"relics":["alterego_mod:MasochisticConstitution","Bronze Scales","CaptainsWheel","Astrolabe"],"acts_visited":["Exordium","TheCity"],"potions_floor_usage":[10,11,12,16,16],"damage_taken":[{"damage":13,"enemies":"Cultist","floor":1,"turns":4},{"damage":4,"enemies":"2 Louse","floor":4,"turns":4},{"damage":4,"enemies":"Small Slimes","floor":6,"turns":5},{"damage":27,"enemies":"Exordium Thugs","floor":7,"turns":7},{"damage":40,"enemies":"3 Sentries","floor":10,"turns":6},{"damage":14,"enemies":"Exordium Wildlife","floor":11,"turns":5},{"damage":35,"enemies":"Lagavulin","floor":12,"turns":7},{"damage":17,"enemies":"Large Slime","floor":14,"turns":6},{"damage":36,"enemies":"The Guardian","floor":16,"turns":17},{"damage":18,"enemies":"3 Byrds","floor":18,"turns":5},{"damage":22,"enemies":"2 Thieves","floor":19,"turns":4},{"damage":35,"enemies":"Cultist and Chosen","floor":20,"turns":6},{"damage":23,"enemies":"Snake Plant","floor":21,"turns":5}],"seed_played":"-1621493620228510428","potions_obtained":[{"floor":1,"key":"Fruit Juice"},{"floor":4,"key":"Strength Potion"},{"floor":7,"key":"Regen Potion"},{"floor":11,"key":"DuplicationPotion"},{"floor":14,"key":"BlessingOfTheForge"},{"floor":20,"key":"SteroidPotion"}],"is_trial":false,"path_per_floor":["M","?","$","M","?","M","M","R","T","E","M","E","R","M","R","B",null,"M","M","M","M"],"character_chosen":"The_Alterego","items_purchased":["alterego_mod:Belts","alterego_mod:Pet"],"campfire_rested":3,"item_purchase_floors":[3,3],"current_hp_per_floor":[65,65,65,69,69,73,47,71,71,37,40,11,37,21,48,27,91,74,53,19,0,0],"gold":248,"neow_bonus":"TEN_PERCENT_HP_BONUS","is_daily":false,"chose_seed":false,"campfire_upgraded":0,"win_rate":0.0,"timestamp":1611640620,"path_taken":["M","?","?","M","?","M","M","R","T","E","M","E","R","?","R","BOSS","M","?","M","M"],"items_purchased_type":["Card","Card"],"build_version":"2020-12-22","purchased_purges":0,"victory":false,"max_hp_per_floor":[78,78,78,79,79,80,81,81,81,87,88,89,89,90,90,91,91,92,93,94,94,94],"card_choices":[{"not_picked":["alterego_mod:Belle","alterego_mod:Skirt"],"picked":"alterego_mod:MagicResistance","floor":1},{"not_picked":["alterego_mod:PurpleHair","alterego_mod:Maid"],"picked":"alterego_mod:Jiggle","floor":4},{"not_picked":["alterego_mod:PerceptionDisorder","alterego_mod:DeftHands"],"picked":"alterego_mod:DiscoLights","floor":6},{"not_picked":["alterego_mod:Jiggle","alterego_mod:1TonWallop"],"picked":"alterego_mod:MaintainEyeContact","floor":7},{"not_picked":["alterego_mod:Mirror","alterego_mod:Clones"],"picked":"alterego_mod:BustOut","floor":10},{"not_picked":["alterego_mod:Bloomers","alterego_mod:Skirt"],"picked":"alterego_mod:Clap","floor":11},{"not_picked":["alterego_mod:RidiculouslyBig","alterego_mod:Maid"],"picked":"alterego_mod:Cushion","floor":12},{"not_picked":["alterego_mod:Table","alterego_mod:Jiggle"],"picked":"alterego_mod:Lift","floor":14},{"not_picked":["alterego_mod:Alter","alterego_mod:STier"],"picked":"alterego_mod:Venus","floor":16},{"not_picked":["alterego_mod:Punishment+1","alterego_mod:Cycle"],"picked":"alterego_mod:Skirt+1","floor":18},{"not_picked":["alterego_mod:Pet+1","alterego_mod:Mirror"],"picked":"alterego_mod:SakuraPetals","floor":19},{"not_picked":["alterego_mod:Clap+1","alterego_mod:Pet"],"picked":"alterego_mod:Cycle","floor":20}],"player_experience":44507,"relics_obtained":[{"floor":10,"key":"Bronze Scales"},{"floor":12,"key":"CaptainsWheel"}],"event_choices":[{"cards_removed":["alterego_mod:Defend"],"damage_healed":0,"gold_gain":0,"player_choice":"Purged","damage_taken":0,"max_hp_gain":0,"max_hp_loss":0,"event_name":"Purifier","floor":2,"gold_loss":0},{"damage_healed":0,"gold_gain":0,"player_choice":"Forge","damage_taken":0,"max_hp_gain":0,"max_hp_loss":0,"event_name":"Accursed Blacksmith","floor":5,"gold_loss":0,"cards_upgraded":["alterego_mod:Impale"]}],"is_beta":false,"boss_relics":[{"not_picked":["Snecko Eye","Sozu"],"picked":"Astrolabe"}],"items_purged_floors":[],"is_endless":false,"potions_floor_spawned":[1,4,7,11,14,20],"killed_by":"Snake Plant","ascension_level":0}}