{"host":"28p8ce41sjwa6lzf","time":1611676341,"event":{"mods":["BaseMod","Bestiary","Colored Map","Colored Powertips","Dark Map","Highlight Path","Minty Spire (QoL Compilation)","Permanent Neow","Quick Restart","Random Character Button","Rare Cards Sparkle","Relic Stats","StSLib","Unceasing Turn Reminder"],"gold_per_floor":[118,135,148,162,178,207,207,241,241,241,267,279,311,354,366,452,464,489,511,523,551,563,608,620,632,632],"floor_reached":25,"language":"ENG","playtime":1679,"items_purged":[],"score":606,"play_id":"dfed5005-7bda-4a8c-923b-4c2caa56111a","local_time":"20210126095221","is_ascension_mode":true,"campfire_choices":[{"data":"Zap","floor":7.0,"key":"SMITH"},{"data":"Dualcast","floor":10.0,"key":"SMITH"},{"floor":12.0,"key":"REST"},{"data":"Hologram","floor":15.0,"key":"SMITH"},{"floor":24,"key":"REST"}],"circlet_count":0,"master_deck":["AscendersBane","Strike_B","Strike_B","Defend_B","Defend_B","Defend_B","Defend_B","Zap+1","Dualcast+1","Compile Driver","FTL","Beam Cell","Rebound","All For One","Scrape","Beam Cell","Coolheaded","Capacitor","Hologram+1","Rainbow","Turbo","Writhe","Recycle+1","Cold Snap"],"relics":["Cracked Core","Blood Vial","Smiling Mask","WingedGreaves","Lantern","MawBank","Mercury Hourglass","Empty Cage","Letter Opener","Calipers"],"acts_visited":["Exordium","TheCity"],"potions_floor_usage":[23,23],"damage_taken":[{"damage":0.0,"enemies":"2 Louse","floor":1.0,"turns":3.0},{"damage":1.0,"enemies":"Small Slimes","floor":2.0,"turns":3.0},{"damage":1.0,"enemies":"Cultist","floor":3.0,"turns":3.0},{"damage":4.0,"enemies":"Large Slime","floor":4.0,"turns":3.0},{"damage":8.0,"enemies":"3 Louse","floor":5.0,"turns":4.0},{"damage":25.0,"enemies":"Lagavulin","floor":6.0,"turns":6.0},{"damage":3.0,"enemies":"3 Sentries","floor":8.0,"turns":5.0},{"damage":20.0,"enemies":"Lagavulin","floor":11.0,"turns":5.0},{"damage":0.0,"enemies":"Exordium Wildlife","floor":13.0,"turns":2.0},{"damage":8.0,"enemies":"Gremlin Nob","floor":14.0,"turns":3.0},{"damage":0.0,"enemies":"Slime Boss","floor":16.0,"turns":4.0},{"damage":16.0,"enemies":"Spheric Guardian","floor":18.0,"turns":4.0},{"damage":0.0,"enemies":"Chosen","floor":19.0,"turns":3.0},{"damage":32.0,"enemies":"Shelled Parasite and Fungi","floor":21.0,"turns":3.0},{"damage":22,"enemies":"Book of Stabbing","floor":23,"turns":4},{"damage":30,"enemies":"Slavers","floor":25,"turns":2}],"seed_played":"-3796571821820912083","potions_obtained":[{"floor":1.0,"key":"Dexterity Potion"},{"floor":3.0,"key":"EntropicBrew"},{"floor":11.0,"key":"AttackPotion"},{"floor":14.0,"key":"PowerPotion"},{"floor":16.0,"key":"SkillPotion"},{"floor":19.0,"key":"FearPotion"},{"floor":21.0,"key":"FocusPotion"}],"is_trial":false,"path_per_floor":["M","M","M","M","M","E","R","E","T","R","E","R","M","E","R","B",null,"M","M","?","M","$","E","R","E"],"character_chosen":"DEFECT","items_purchased":[],"campfire_rested":2,"item_purchase_floors":[],"current_hp_per_floor":[66,67,68,66,60,37,37,36,36,36,18,39,41,35,35,37,63,49,51,51,21,21,1,22,0,0],"gold":632,"neow_bonus":"RANDOM_COMMON_RELIC","is_daily":false,"chose_seed":false,"campfire_upgraded":3,"win_rate":0.0,"timestamp":1611676341,"path_taken":["M","M","M","M","M","E","R","E","T","R","E","R","M","E","R","BOSS","M","M","?","M","$","E","R","E"],"items_purchased_type":[],"build_version":"2020-12-22","purchased_purges":0,"victory":false,"max_hp_per_floor":[71,71,71,71,71,71,71,71,71,71,71,71,71,71,71,71,71,71,71,71,71,71,71,71,71,71],"relic_stats":{"Blood Vial":32,"counters":[16,57],"Letter Opener":[20],"Smiling Mask":0,"MawBank":168,"obtain_stats":[{"Blood Vial":0,"Lantern":9,"Calipers":23,"WingedGreaves":8,"Letter Opener":20,"Cracked Core":0,"Smiling Mask":6,"MawBank":11,"Empty Cage":17,"Mercury Hourglass":14},{"Blood Vial":0,"Lantern":7,"Calipers":15,"WingedGreaves":7,"Letter Opener":13,"Cracked Core":0,"Smiling Mask":6,"MawBank":8,"Empty Cage":11,"Mercury Hourglass":10},{"Blood Vial":0,"Lantern":27,"Calipers":55,"WingedGreaves":27,"Letter Opener":48,"Cracked Core":0,"Smiling Mask":22,"MawBank":32,"Empty Cage":41,"Mercury Hourglass":37}],"Mercury Hourglass":[64]},"card_choices":[{"not_picked":["Steam Power","Go for the Eyes"],"picked":"Compile Driver","floor":1.0},{"not_picked":["Leap","Gash"],"picked":"FTL","floor":2.0},{"not_picked":["Compile Driver","Conserve Battery"],"picked":"Beam Cell","floor":3.0},{"not_picked":["Steam","BootSequence"],"picked":"Rebound","floor":4.0},{"not_picked":["Blizzard","Coolheaded"],"picked":"All For One","floor":5.0},{"not_picked":["Redo","Rip and Tear"],"picked":"Scrape","floor":6.0},{"not_picked":["Chaos","Fusion"],"picked":"Beam Cell","floor":8.0},{"not_picked":["BootSequence","Compile Driver"],"picked":"Coolheaded","floor":11.0},{"not_picked":["Steam Power","Double Energy"],"picked":"Capacitor","floor":13.0},{"not_picked":["Hyperbeam","Steam"],"picked":"Hologram","floor":14.0},{"not_picked":["Reboot","Multi-Cast"],"picked":"Rainbow","floor":16.0},{"not_picked":["Steam Power","Rebound"],"picked":"Turbo","floor":18.0},{"not_picked":["Leap","Melter","Compile Driver"],"picked":"SKIP","floor":19.0},{"not_picked":["Streamline+1","Stack"],"picked":"Recycle+1","floor":21.0},{"not_picked":["Scrape","Redo"],"picked":"Cold Snap","floor":23}],"player_experience":1178866,"relics_obtained":[{"floor":6.0,"key":"Smiling Mask"},{"floor":8.0,"key":"WingedGreaves"},{"floor":9.0,"key":"Lantern"},{"floor":11.0,"key":"MawBank"},{"floor":14.0,"key":"Mercury Hourglass"},{"floor":23,"key":"Calipers"}],"event_choices":[{"damage_healed":0.0,"max_hp_gain":0.0,"max_hp_loss":0.0,"gold_gain":0.0,"event_name":"The Mausoleum","player_choice":"Opened","floor":20.0,"gold_loss":0.0,"damage_taken":0.0,"relics_obtained":["Letter Opener"],"cards_obtained":["Writhe"]}],"is_beta":false,"boss_relics":[{"not_picked":["Tiny House","Snecko Eye"],"picked":"Empty Cage"}],"items_purged_floors":[],"is_endless":false,"potions_floor_spawned":[1,3,11,14,16,19,21],"killed_by":"Slavers","ascension_level":20}}