{"host":"ql2ou8pbwhrolc4x","time":1611637733,"event":{"mods":["100% Spire Juice","2.2 Compatiblity","Act Like it!","Arknights The Spire","BaseMod","Colored Map","Colored Powertips","Gensokyo","Hallownest","Hubris","Infinite Spire","Lobotomy","LobotomyExtend","Marisa£¨Ùöéë¡¡Øª×âÞÞ£©","Minty Spire (QoL Compilation)","Random Character Button","Replay The Spire","Spicy Shops","StSLib","The Jungle","WarShipGirlsR/??á´Ò³R mod","Yakumo Yukari mod","¡¼?Úª?ø«¡½REMEMod"],"gold_per_floor":[119,119,131,131,150,164,19,32,107,138,138,149,173,188,221,231,1,26,26,125,125,125,125,125,125,25,25,25],"floor_reached":23,"language":"KOR","playtime":1044,"items_purged":["ats:Strike C","Pain"],"score":327,"play_id":"f79a30ff-5389-4769-9de9-c4adc5ddd644","local_time":"20210126140853","is_ascension_mode":true,"campfire_choices":[{"data":"ats:Neurotoxin","floor":7,"key":"SMITH"},{"data":"ats:Blood Oath","floor":15,"key":"SMITH"}],"circlet_count":0,"master_deck":["ats:Strike G","ats:Strike S","ats:Strike V","ats:Armor Crushing Shot","ats:Defend+1","ats:Defend","ats:Defend+1","ats:Defend","Moonworks:AnotherUltimateWeapon","ats:Powerful Strike","ats:Song Of Battle","ats:Powerful Strike","ats:Blood Oath+1","ats:Neurotoxin+1","ats:Absolute Focus","ats:Rat Pack+1","ats:Revitalization+1","ats:Flexible Camouflage+1","ats:Wolf Pack"],"relics":["ats:Sanity","REME_ComplimentaryCards","LetterFromLob","RedMistMask","TheAbacus","ats:Originium","Toxic Egg 2","Bag of Marbles","War Paint","Dead Branch","hubris:FunFungus","Coffee Dripper","WarpedTongs"],"acts_visited":["Exordium","TheBeyond"],"potions_floor_usage":[1,14,23,23],"damage_taken":[{"damage":2,"enemies":"Small Slimes","floor":1,"turns":4},{"damage":1,"enemies":"Cultist","floor":3,"turns":4},{"damage":11,"enemies":"Jaw Worm","floor":1,"turns":3},{"damage":2,"enemies":"Small Slimes","floor":2,"turns":2},{"damage":0,"enemies":"Cultist","floor":4,"turns":2},{"damage":8,"enemies":"3 Sentries","floor":6,"turns":3},{"damage":0,"enemies":"Blue Slaver","floor":8,"turns":4},{"damage":7,"enemies":"Looter","floor":10,"turns":3},{"damage":16,"enemies":"Lagavulin","floor":11,"turns":6},{"damage":8,"enemies":"Gremlin Gang","floor":12,"turns":2},{"damage":23,"enemies":"3 Sentries","floor":14,"turns":7},{"damage":16,"enemies":"Slime Boss","floor":16,"turns":6},{"damage":91,"enemies":"Nightmare","floor":23,"turns":11}],"seed_played":"1539411647078296951","potions_obtained":[{"floor":1,"key":"REME_GoldPotion"},{"floor":4,"key":"LiquidBronze"},{"floor":6,"key":"Languid Potion"},{"floor":10,"key":"SpeedPotion"}],"is_trial":false,"path_per_floor":["M","?","M","?","?","M","M","$","M","?","E","R","M","T","M","E","M","$","E","R","B",null,"M","?","?","?","$","NM"],"character_chosen":"DOCTOR_CLASS","items_purchased":["TheAbacus","ats:Neurotoxin","Dead Branch"],"campfire_rested":0,"item_purchase_floors":[3,3,13],"current_hp_per_floor":[63,63,62,55,75,73,73,73,62,57,57,57,57,53,37,29,29,29,29,29,86,86,86,86,86,86,0,0],"gold":25,"neow_bonus":"TWENTY_PERCENT_HP_BONUS","is_daily":false,"chose_seed":false,"campfire_upgraded":2,"win_rate":0.0,"timestamp":1611637733,"path_taken":["M","?","?","?","?","M","M","$","M","?","E","R","M","T","M","E","M","$","E","R","BOSS","M","?","?","?","$","NM"],"items_purchased_type":["Relic","Card","Relic"],"build_version":"2020-12-22","purchased_purges":2,"victory":false,"max_hp_per_floor":[86,86,86,86,86,86,86,86,86,86,86,86,86,86,86,86,86,86,86,86,86,86,86,86,86,86,86,86],"card_choices":[{"not_picked":["ats:Hammer On","ats:Healing Drone"],"picked":"ats:Powerful Strike","floor":1},{"not_picked":["ats:Red Shift","ats:Literary Storm"],"picked":"ats:Song Of Battle","floor":3},{"not_picked":["ats:Directed Diagnosis","ats:Apocalypse"],"picked":"ats:Powerful Strike","floor":1},{"not_picked":["ats:Very Hot Blade","ats:Beaten Up"],"picked":"ats:Blood Oath","floor":2},{"not_picked":["ats:Guardian Obelisk","ats:Beaten Up"],"picked":"ats:Absolute Focus","floor":4},{"not_picked":["ats:Curse Doll+1","ats:Roar Of Ursus"],"picked":"ats:Rat Pack+1","floor":6},{"not_picked":["ats:Red Shift","ats:Apocalypse+1","ats:Blood Oath"],"picked":"SKIP","floor":8},{"not_picked":["ats:Collapsing Strike","ats:Powerful Strike","ats:Ignite"],"picked":"SKIP","floor":10},{"not_picked":["ats:Support Order+1","ats:Phantom","ats:Roar Of Ursus"],"picked":"SKIP","floor":11},{"not_picked":["ats:Closed Bolt Burst Fire","ats:Part Time Job"],"picked":"ats:Revitalization+1","floor":12},{"not_picked":["ats:Ignite","ats:Guardian Obelisk+1"],"picked":"ats:Flexible Camouflage+1","floor":14},{"not_picked":["ats:Shadow Assault","ats:Echo Reverb+1"],"picked":"ats:Wolf Pack","floor":16}],"player_experience":926299,"relics_obtained":[{"floor":1,"key":"LetterFromLob"},{"floor":1,"key":"LetterFromLob"},{"floor":1,"key":"RedMistMask"},{"floor":6,"key":"ats:Originium"},{"floor":6,"key":"Toxic Egg 2"},{"floor":9,"key":"Bag of Marbles"},{"floor":11,"key":"ats:Originium"},{"floor":11,"key":"War Paint"},{"floor":14,"key":"ats:Originium"},{"floor":14,"key":"hubris:FunFungus"}],"event_choices":[{"damage_healed":0,"gold_gain":0,"player_choice":"Bought 0 Potions","damage_taken":0,"max_hp_gain":0,"max_hp_loss":0,"event_name":"The Woman in Blue","floor":2,"gold_loss":0},{"cards_removed":["ats:Emotion Absorption"],"damage_healed":0,"gold_gain":0,"player_choice":"Card Removal","damage_taken":7,"max_hp_gain":0,"max_hp_loss":0,"event_name":"Golden Wing","floor":4,"gold_loss":0},{"damage_healed":0,"gold_gain":75,"player_choice":"Gather Gold","damage_taken":11,"max_hp_gain":0,"max_hp_loss":0,"event_name":"World of Goop","floor":5,"gold_loss":0},{"damage_healed":0,"gold_gain":0,"player_choice":"Rummage","damage_taken":0,"relics_obtained":["WarpedTongs"],"max_hp_gain":0,"max_hp_loss":0,"event_name":"Accursed Blacksmith","floor":21,"gold_loss":0,"cards_obtained":["Pain"]}],"is_beta":false,"boss_relics":[{"not_picked":["Philosopher\u0027s Stone","ChewingGum"],"picked":"Coffee Dripper"}],"items_purged_floors":[13,22],"is_endless":false,"potions_floor_spawned":[1,4,6,10,12],"killed_by":"Nightmare","ascension_level":1}}