{"host":"mgar08cquislqm55","time":1611631372,"event":{"mods":["ATMod(°¢èªMod)","BaseMod","HololiveMod","Minty Spire (QoL Compilation)","Replay The Spire","StSLib","noobMod"],"gold_per_floor":[76,92,103,123,133,162,162,173,173,199,225,261,289,73,73,218,218,238,257,257,197,118,168,168,219,219,252,252,252,298,327,327,461,461,488,507,544,577,605,605,658,709,780,780,987,1031,1073,1119,1119,1141,1141,1141,834,869,901],"floor_reached":56,"language":"ZHS","playtime":2226,"items_purged":[],"score":1843,"play_id":"3f6af03a-054a-48aa-bdec-7dec78265c57","local_time":"20210126112252","is_ascension_mode":false,"campfire_choices":[{"floor":15,"key":"RECALL"},{"data":"AT_FamilyPortrait","floor":24,"key":"SMITH"},{"data":"ReplayTheSpireMod:Faulty Equipment","floor":29,"key":"SMITH"},{"data":"Hololive_CallOzoraSubaru","floor":32,"key":"SMITH"},{"data":"AT_EmpoweredMortalDraw","floor":40,"key":"SMITH"},{"data":"Hololive_CallHimemoriLuna","floor":44,"key":"SMITH"},{"data":"Hololive_DurableLive","floor":49,"key":"SMITH"},{"data":"Hololive_CallAZKi","floor":52,"key":"SMITH"}],"circlet_count":0,"master_deck":["Hololive_CallHoushouMarine","Hololive_CallShiroganeNoel","Hololive_CallUruhaRushia","Hololive_CallShiranuiFlare","Hololive_CallUsadaPekora","Hololive_StrengthChampion","Hololive_Strike+1","AT_FamilyPortrait+1","Hololive_CallMomosuzuNene+32","Hololive_FlyingPonyTail","Hololive_Rebound","Hololive_StrengthChampion","Hololive_CallKiryuuCoco","Hololive_CallOmaruPolka","Hololive_OpenUp+1","Hololive_FlyingPonyTail","Hololive_CallShishiroBotan","Hololive_DDD+1","Hololive_CallTokoyamiTowa","Hololive_Psychosis","Hololive_CallNakiriAyame","Hololive_CallNakiriAyame","Hololive_IdolExercise","AT_EmpoweredMortalDraw+1","Hololive_StrengthChampion","Hololive_CallAZKi+1","J.A.X.","Hololive_CallOzoraSubaru+1","Hololive_CallMurasakiShion+1","Hololive_CocoNews+1","Hololive_StrengthChampion","Hololive_CallYukihanaLamy","Hololive_Psychosis+1","Hololive_DurableLive+1","Hololive_CallHimemoriLuna+1","Hololive_FlyingPonyTail","Hololive_CallYuzukiChoco","Hololive_CallRoboco","Hololive_CocoNews+1","Hololive_CocoNews+1","Hololive_CallYozoraMel","Hololive_CallTsunomakiWatame","Hololive_CallArtia","Hololive_StrengthChampion+1","Hololive_CallAkaiHaato","Hololive_StrengthChampion","Hololive_Spy"],"relics":["Hololive_TheStar","AT_ATBox","ice","NeowsBlessing","Gremlin Horn","Bottled Tornado","Replay:Bandana","Guide Book","AT_MortalBlade","Vajra","WingedGreaves","Chameleon Ring","Mirror","Happy Flower","Empty Cage","Whetstone","Potion Belt","Bird Faced Urn","Regal Pillow","AT_BellowingDragoncrestRing","Simple Rune"],"acts_visited":["Exordium","TheCity","TheBeyond","TheEnding"],"potions_floor_usage":[19,55,55],"damage_taken":[{"damage":0,"enemies":"Cultist","floor":1,"turns":1},{"damage":0,"enemies":"2 Louse","floor":2,"turns":1},{"damage":0,"enemies":"Small Slimes","floor":3,"turns":2},{"damage":0,"enemies":"3 Louse","floor":4,"turns":2},{"damage":0,"enemies":"Blue Slaver","floor":5,"turns":3},{"damage":0,"enemies":"3 Sentries","floor":6,"turns":3},{"damage":0,"enemies":"Red Slaver","floor":8,"turns":2},{"damage":7,"enemies":"Lagavulin","floor":10,"turns":6},{"damage":0,"enemies":"Exordium Wildlife","floor":11,"turns":2},{"damage":0,"enemies":"2 Fungi Beasts","floor":12,"turns":3},{"damage":0,"enemies":"Blue Slaver","floor":13,"turns":2},{"damage":0,"enemies":"Slime Boss","floor":16,"turns":4},{"damage":0,"enemies":"Chosen","floor":18,"turns":3},{"damage":0,"enemies":"2 Thieves","floor":19,"turns":2},{"damage":0,"enemies":"Book of Stabbing","floor":23,"turns":4},{"damage":0,"enemies":"Replay:Snechameleon","floor":25,"turns":3},{"damage":0,"enemies":"Cultist and Chosen","floor":27,"turns":3},{"damage":0,"enemies":"Gremlin Leader","floor":30,"turns":2},{"damage":0,"enemies":"Shelled Parasite and Fungi","floor":31,"turns":2},{"damage":0,"enemies":"Collector","floor":33,"turns":4},{"damage":0,"enemies":"Orb Walker","floor":35,"turns":2},{"damage":0,"enemies":"3 Darklings","floor":36,"turns":2},{"damage":0,"enemies":"Sphere and 2 Shapes","floor":37,"turns":2},{"damage":11,"enemies":"Jaw Worm Horde","floor":38,"turns":4},{"damage":0,"enemies":"4 Shapes","floor":39,"turns":1},{"damage":0,"enemies":"Nemesis","floor":41,"turns":3},{"damage":0,"enemies":"R_Hoarder","floor":42,"turns":3},{"damage":10,"enemies":"Nemesis","floor":46,"turns":4},{"damage":0,"enemies":"Sphere and 2 Shapes","floor":47,"turns":3},{"damage":0,"enemies":"R_Hoarder","floor":48,"turns":3},{"damage":0,"enemies":"Time Eater","floor":50,"turns":6},{"damage":35,"enemies":"Shield and Spear","floor":54,"turns":8},{"damage":0,"enemies":"The Heart","floor":55,"turns":4}],"seed_played":"6722666430200466364","potions_obtained":[{"floor":3,"key":"DuplicationPotion"},{"floor":5,"key":"Adrenaline Potion"},{"floor":6,"key":"Block Potion"},{"floor":12,"key":"SteroidPotion"},{"floor":23,"key":"BlessingOfTheForge"},{"floor":46,"key":"DuplicationPotion"},{"floor":47,"key":"GamblersBrew"}],"is_trial":false,"path_per_floor":["M","M","M","M","M","E","?","M","T","E","M","M","M","$","R","B",null,"M","M","?","?","$","E","R","E","T","M","?","R","E","M","R","B",null,"M","M","M","M","M","R","E","E","T","R","?","E","M","E","R","B",null,"R","$","E","B",null],"character_chosen":"Hololive_HololiveCharacter","items_purchased":["Guide Book","Hololive_CallNakiriAyame","Hololive_CallOzoraSubaru","AT_BellowingDragoncrestRing","Hololive_StrengthChampion"],"campfire_rested":0,"item_purchase_floors":[14,14,22,53,53],"current_hp_per_floor":[35,35,35,35,35,35,35,35,35,28,28,28,28,28,28,28,35,35,35,35,35,35,35,35,35,35,35,35,35,35,35,35,35,35,35,35,35,24,24,24,24,24,24,24,16,6,12,18,18,34,35,35,35,39,57],"gold":901,"neow_bonus":"THREE_ENEMY_KILL","is_daily":false,"chose_seed":false,"campfire_upgraded":7,"win_rate":0.0,"timestamp":1611631372,"path_taken":["M","M","M","M","?","E","?","M","T","E","M","M","?","$","R","BOSS","M","?","?","?","?","E","R","E","T","?","?","R","E","M","R","BOSS","M","M","M","M","M","R","E","E","T","R","?","E","M","E","R","BOSS","R","$","E","BOSS"],"items_purchased_type":["Relic","Card","Card","Relic","Card"],"build_version":"2020-12-22","purchased_purges":0,"victory":true,"max_hp_per_floor":[35,35,35,35,35,35,35,35,35,35,35,35,35,35,35,35,35,35,35,35,35,35,35,35,35,35,35,35,35,35,35,35,35,35,35,35,35,35,35,35,35,35,35,35,35,35,35,35,35,35,35,35,35,39,76],"card_choices":[{"not_picked":["Hololive_CallShiranuiFlare","Hololive_CocoNews","Hololive_RevenueBasedLive"],"picked":"Hololive_CallMomosuzuNene","floor":1},{"not_picked":["Hololive_CocoNews","Hololive_SoulCatcher","Hololive_Trident"],"picked":"Hololive_FlyingPonyTail","floor":2},{"not_picked":["Hololive_WolfAndLamb","Hololive_ManjiGathering","Hololive_Drill"],"picked":"Hololive_Rebound","floor":3},{"not_picked":["Hololive_CallRosalyn","Hololive_CallMoonaHoshinova","Hololive_Drill"],"picked":"Hololive_StrengthChampion","floor":4},{"not_picked":["Hololive_LuckPotion","Hololive_StrengthChampion","Hololive_OvertimeWork"],"picked":"Hololive_CallKiryuuCoco","floor":5},{"not_picked":["Hololive_HuntDinosaur","Hololive_Nanodesu","Hololive_OvertimeWork"],"picked":"Hololive_CallOmaruPolka","floor":6},{"not_picked":["Hololive_Breathe","Hololive_Psychosis","Hololive_LuckPotion"],"picked":"Hololive_FlyingPonyTail","floor":8},{"not_picked":["Hololive_Psychosis","Hololive_Drill","Hololive_CallOmaruPolka"],"picked":"Hololive_CallShishiroBotan","floor":10},{"not_picked":["Hololive_Spy","Hololive_OvertimeWork","Hololive_RevenueBasedLive"],"picked":"Hololive_DDD","floor":11},{"not_picked":["Hololive_Breathe","Hololive_FlyingPonyTail","Hololive_Sequa"],"picked":"Hololive_CallTokoyamiTowa","floor":12},{"not_picked":["Hololive_Breathe","Hololive_LuckPotion","Hololive_SummonFox"],"picked":"Hololive_Psychosis","floor":13},{"not_picked":["Hololive_FlareMind","Hololive_Nanodesu","Hololive_Recruit"],"picked":"Hololive_IdolExercise","floor":16},{"not_picked":["Hololive_OvertimeWork+1","Hololive_CallCivia","Hololive_Breathe"],"picked":"Hololive_StrengthChampion","floor":18},{"not_picked":["Hololive_CallCivia","Hololive_Trident","Hololive_CallTsunomakiWatame"],"picked":"Hololive_CallAZKi","floor":19},{"not_picked":["Hololive_CallUruhaRushia","Hololive_BringToTrial","Hololive_CallYuzukiChoco"],"picked":"Hololive_CallMurasakiShion+1","floor":23},{"not_picked":["Hololive_Rebound","Hololive_OvertimeWork","Hololive_Sequa+1"],"picked":"Hololive_CocoNews","floor":25},{"not_picked":["Hololive_HighAtkLowDef","Hololive_OvertimeWork","Hololive_Sequa"],"picked":"Hololive_StrengthChampion","floor":27},{"not_picked":["Hololive_Trident","Hololive_CallOkamiMio","Hololive_BringToTrial"],"picked":"Hololive_CallYukihanaLamy","floor":30},{"not_picked":["Hololive_HuntDinosaur","Hololive_LuckPotion","Hololive_Drill"],"picked":"Hololive_Psychosis","floor":31},{"not_picked":["Hololive_MaximGun","Hololive_DiamondStrike","Hololive_WolfAndLamb"],"picked":"Hololive_DurableLive","floor":33},{"not_picked":["Hololive_Trident","Hololive_CallKiryuuCoco+1","Hololive_Breathe+1"],"picked":"Hololive_CallHimemoriLuna","floor":35},{"not_picked":["Hololive_Breathe","Hololive_CallRoboco","Hololive_Drill+1"],"picked":"Hololive_FlyingPonyTail","floor":36},{"not_picked":["Hololive_FlyingPonyTail+1","Hololive_CallYukihanaLamy","Hololive_Sequa+1"],"picked":"Hololive_CallYuzukiChoco","floor":37},{"not_picked":["Hololive_CallInugamiKorone","Hololive_RevenueBasedLive","Hololive_CallShishiroBotan+1"],"picked":"Hololive_CallRoboco","floor":38},{"not_picked":["Hololive_CallRosalyn+1","Hololive_Sequa","Hololive_LuckPotion"],"picked":"Hololive_CocoNews+1","floor":39},{"not_picked":["Hololive_Breathe+1","Hololive_Trident","Hololive_Teleport"],"picked":"Hololive_CocoNews+1","floor":41},{"not_picked":["Hololive_CallHoushouMarine+1","Hololive_StrengthChampion","Hololive_FlyingPonyTail"],"picked":"Hololive_CallYozoraMel","floor":42},{"not_picked":["Hololive_OvertimeWork+1","Hololive_DDD","Hololive_CocoNews+1"],"picked":"Hololive_CallTsunomakiWatame","floor":45},{"not_picked":["Hololive_CallNakiriAyame","Hololive_CallTokoyamiTowa","Hololive_CallShishiroBotan+1"],"picked":"Hololive_CallArtia","floor":46},{"not_picked":["Hololive_CallArtia","Hololive_RevenueBasedLive","Hololive_CallNekomataOkayu+1"],"picked":"Hololive_StrengthChampion+1","floor":47},{"not_picked":["Hololive_CallArtia","Hololive_OvertimeWork+1","Hololive_CallShishiroBotan"],"picked":"Hololive_CallAkaiHaato","floor":48},{"not_picked":["Hololive_Sequa","Hololive_Trident+1","Hololive_CallSpadeEcho+1"],"picked":"Hololive_Spy","floor":54}],"player_experience":32206,"relics_obtained":[{"floor":6,"key":"Gremlin Horn"},{"floor":9,"key":"Bottled Tornado"},{"floor":10,"key":"Replay:Bandana"},{"floor":23,"key":"Vajra"},{"floor":25,"key":"WingedGreaves"},{"floor":26,"key":"Chameleon Ring"},{"floor":30,"key":"Happy Flower"},{"floor":41,"key":"Whetstone"},{"floor":42,"key":"Potion Belt"},{"floor":46,"key":"Bird Faced Urn"},{"floor":48,"key":"Regal Pillow"},{"floor":54,"key":"Simple Rune"}],"event_choices":[{"damage_healed":0,"gold_gain":0,"cards_transformed":["Hololive_Strike"],"player_choice":"Transformed","damage_taken":0,"max_hp_gain":0,"max_hp_loss":0,"event_name":"Transmorgrifier","floor":7,"gold_loss":0,"cards_obtained":["Hololive_OpenUp"]},{"damage_healed":0,"gold_gain":0,"player_choice":"Obtain J.A.X.","damage_taken":0,"max_hp_gain":0,"max_hp_loss":0,"event_name":"Drug Dealer","floor":20,"gold_loss":0,"cards_obtained":["J.A.X."]}],"is_beta":false,"boss_relics":[{"not_picked":["Replay:Drink Me","Painkiller Herb"],"picked":"AT_MortalBlade"},{"not_picked":["Replay:Ancient Bell","Snecko Eye"],"picked":"Empty Cage"}],"items_purged_floors":[],"is_endless":false,"potions_floor_spawned":[3,5,6,10,12,23,25,27,30,37,38,46,47,48],"ascension_level":0}}