{"host":"3e3mwsgb9gfqiuxm","time":1611654305,"event":{"mods":["Act Like it!","BaseMod","Colored Map","Colored Powertips","Downfall","Gensokyo","Hermit","Marisa????????","Minty Spire (QoL Compilation)","Replay The Spire","StSLib","The Animator","The Bug Knight","The Cursed","The Servant 0.9.4"],"gold_per_floor":[0,68,109,170,170,227,227,287,331,362,401,301,365,410,487,625,625,525,554,629,658,81,81,81,136,166,179,244,244,244,244,244,294,311,427,427,427,479,114,36,36,36,36,36,36,49,159,59,125,0,28,32,32,108,108,108,144,180],"floor_reached":59,"language":"ENG","playtime":2929,"items_purged":["Regret","Defend_MRS","WitchOfGreed"],"score":1441,"play_id":"3e0a3b44-e8ad-4133-ab6d-31eb209defa2","local_time":"20210126044505","is_ascension_mode":true,"campfire_choices":[{"data":"HandOfGreed","floor":1.0,"key":"SMITH"},{"floor":12.0,"key":"RECALL"},{"data":"SprinkleStarSeal","floor":18.0,"key":"SMITH"},{"data":"ManaRampage","floor":23.0,"key":"SMITH"},{"data":"MillisecondPulsars","floor":31.0,"key":"SMITH"},{"data":"FinalSpark","floor":37.0,"key":"SMITH"},{"data":"BigCrunch","floor":42.0,"key":"SMITH"},{"data":"EnergyFlow","floor":45.0,"key":"SMITH"},{"data":"PropBag","floor":48.0,"key":"SMITH"},{"data":"MaximisePower","floor":56,"key":"SMITH"}],"circlet_count":0,"master_deck":["MasterSpark","UpSweep","HandOfGreed+1","MysteriousBeam","SprinkleStarSeal+1","AbsoluteMagnitude","EnergyRecoil","WitchLeyline","ManaRampage+1","MysteriousBeam+1","GalacticHalo+1","ShootingEcho","ShootTheMoon+1","BlazeAway","EnergyFlow+1","MillisecondPulsars+1","Slimebound:Tackle+1","Slimebound:Tackle+1","Slimebound:Tackle+1","MysteriousBeam+1","SporeBomb","FinalSpark+1","Robbery+1","BigCrunch+1","MaximisePower+1","SuperPerseids+1","PropBag+1","MachineGunSpark+1","GasGiant+1","Acceleration"],"relics":["MiniHakkero","Onion Ring","Oddly Smooth Stone","Gremlin Horn","Singing Bowl","Nunchaku","downfall:HeartBlessingGreen","FossilizedHelix","ExperimentalFamiliar","downfall:HeartBlessingRed","Durian","Medical Kit","Pondfish Scales","BreadOfAWashokuLover","Quantum Egg","HollowMod:StagPassRelic","Busted Crown","WingedGreaves","Replay:PocketPolymizer","Ring of Searing","Ring of Panic","Blue Doll","downfall:HeartBlessingBlue","Eternal Feather"],"acts_visited":["Exordium","TheCity","TheBeyond","TheEnding"],"potions_floor_usage":[54,57,57,57],"damage_taken":[{"damage":2.0,"enemies":"2 Louse","floor":2.0,"turns":4.0},{"damage":6.0,"enemies":"Jaw Worm","floor":3.0,"turns":2.0},{"damage":0.0,"enemies":"Small Slimes","floor":4.0,"turns":4.0},{"damage":3.0,"enemies":"Gremlin Nob","floor":6.0,"turns":3.0},{"damage":8.0,"enemies":"3 Sentries","floor":8.0,"turns":3.0},{"damage":2.0,"enemies":"Blue Slaver","floor":9.0,"turns":3.0},{"damage":12.0,"enemies":"Gremlin Nob","floor":10.0,"turns":3.0},{"damage":3.0,"enemies":"Red Slaver","floor":11.0,"turns":2.0},{"damage":7.0,"enemies":"Lots of Slimes","floor":13.0,"turns":5.0},{"damage":13.0,"enemies":"3 Sentries","floor":14.0,"turns":5.0},{"damage":5.0,"enemies":"3 Louse","floor":15.0,"turns":6.0},{"damage":6.0,"enemies":"WA_ARCHETYPE_RETAIN","floor":16.0,"turns":4.0},{"damage":3.0,"enemies":"3 Byrds","floor":19.0,"turns":2.0},{"damage":0.0,"enemies":"Chosen and Byrds","floor":20.0,"turns":5.0},{"damage":4.0,"enemies":"downfall:FleeingMerchant","floor":22.0,"turns":4.0},{"damage":0.0,"enemies":"Snecko","floor":25.0,"turns":2.0},{"damage":14.0,"enemies":"Snake Plant","floor":26.0,"turns":3.0},{"damage":0.0,"enemies":"Chosen and Byrds","floor":27.0,"turns":1.0},{"damage":1.0,"enemies":"HollowMod:Nosk","floor":28.0,"turns":4.0},{"damage":18.0,"enemies":"Gremlin Leader","floor":33.0,"turns":3.0},{"damage":0.0,"enemies":"Centurion and Healer","floor":34.0,"turns":2.0},{"damage":21.0,"enemies":"DF_ARCHETYPE_CLAW","floor":35.0,"turns":5.0},{"damage":0.0,"enemies":"Orb Walker","floor":38.0,"turns":3.0},{"damage":0.0,"enemies":"downfall:FleeingMerchant","floor":39.0,"turns":2.0},{"damage":0.0,"enemies":"3 Darklings","floor":46.0,"turns":2.0},{"damage":9.0,"enemies":"Reptomancer","floor":47.0,"turns":4.0},{"damage":15,"enemies":"Transient","floor":49,"turns":5},{"damage":0,"enemies":"Maw","floor":51,"turns":3},{"damage":0,"enemies":"SI_POISON_ARCHETYPE","floor":52,"turns":4},{"damage":36,"enemies":"downfall:CharBossMerchant","floor":54,"turns":5},{"damage":13,"enemies":"downfall:NeowBoss","floor":57,"turns":6},{"damage":15,"enemies":"downfall:NeowBossFinal","floor":58,"turns":5}],"seed_played":"6004641476141650288","potions_obtained":[{"floor":2.0,"key":"SneckoOil"},{"floor":8.0,"key":"Languid Potion"},{"floor":10.0,"key":"Guardian:BlockOnCardUsePotion"},{"floor":14.0,"key":"Elixir"},{"floor":14.0,"key":"Toxic Potion"},{"floor":15.0,"key":"Adrenaline Potion"},{"floor":16.0,"key":"Fruit Juice"},{"floor":16.0,"key":"Strength Potion"},{"floor":19.0,"key":"DuplicationPotion"},{"floor":19.0,"key":"AttackPotion"},{"floor":20.0,"key":"Fruit Juice"},{"floor":20.0,"key":"Adrenaline Potion"},{"floor":25.0,"key":"FearPotion"},{"floor":26.0,"key":"Guardian:BlockOnCardUsePotion"},{"floor":28.0,"key":"Elixir"},{"floor":28.0,"key":"PowerPotion"},{"floor":35.0,"key":"DuplicationPotion"},{"floor":35.0,"key":"LiquidBronze"},{"floor":38.0,"key":"SteroidPotion"},{"floor":47.0,"key":"Strength Potion"},{"floor":49,"key":"Venom Potion"},{"floor":54,"key":"Elixir"}],"is_trial":false,"path_per_floor":["R","M","M","M","?","E","T","E","M","E","M","R","M","E","M","B",null,"R","M","M","?","$","R","T","M","M","M","E","PTL","PTL","R","?","E","M","B",null,"R","M","$","$","?","R","T","?","R","M","E","R","M","$","M","B",null,"E","$","R","B","B",null],"character_chosen":"MARISA","items_purchased":["Medical Kit","ShootTheMoon+1","Pondfish Scales","WingedGreaves","Replay:PocketPolymizer","Robbery"],"campfire_rested":0,"item_purchase_floors":[22,22,22,39,39,40],"current_hp_per_floor":[75,73,67,67,67,64,64,56,56,44,43,43,36,25,22,16,83,83,85,90,95,91,91,91,91,79,79,79,79,79,79,79,64,65,44,100,100,102,104,104,104,104,104,104,104,104,97,107,109,109,109,109,131,95,95,113,100,85],"gold":180,"neow_bonus":"RANDOM_COLORLESS_2","is_daily":false,"chose_seed":false,"campfire_upgraded":9,"win_rate":0.0,"timestamp":1611654305,"path_taken":["R","M","M","M","?","E","T","E","M","E","M","R","M","E","M","BOSS","R","M","M","?","$","R","T","M","M","M","E","PTL","PTL","R","?","E","M","BOSS","R","M","$","$","?","R","T","?","R","?","E","R","M","$","M","BOSS","E","$","R","BOSS","BOSS"],"items_purchased_type":["Relic","Card","Relic","Relic","Relic","Card"],"build_version":"2020-12-22","purchased_purges":3,"victory":true,"max_hp_per_floor":[75,75,75,75,75,75,75,75,77,77,79,79,79,81,83,83,83,83,88,93,98,98,98,98,98,100,100,100,100,100,100,100,100,100,100,100,100,102,104,104,104,104,104,104,104,104,106,116,131,131,131,131,131,131,131,131,131,131],"card_choices":[{"not_picked":["Crow Ritual","Secret Weapon"],"picked":"HandOfGreed","floor":0.0},{"not_picked":["DragonMeteor","GalacticHalo"],"picked":"MysteriousBeam","floor":2.0},{"not_picked":["DC","LuminesStrike","IllusionStar"],"picked":"SKIP","floor":3.0},{"not_picked":["LuminesStrike","DoubleSpark"],"picked":"SprinkleStarSeal","floor":4.0},{"not_picked":["DC","NonDirectionalLaser"],"picked":"AbsoluteMagnitude","floor":6.0},{"not_picked":["NonDirectionalLaser","6A"],"picked":"EnergyRecoil","floor":8.0},{"not_picked":["StarlightTyphoon","SporeBomb","DragonMeteor"],"picked":"Singing Bowl","floor":9.0},{"not_picked":["OrrerysSun","MaximisePower"],"picked":"WitchLeyline","floor":10.0},{"not_picked":["IllusionStar","DC","MysteriousBeam"],"picked":"Singing Bowl","floor":11.0},{"not_picked":["AsteroidBelt","EarthLightRay"],"picked":"WitchOfGreed","floor":13.0},{"not_picked":["NonDirectionalLaser","FairyDestructionRay","DarkMatter"],"picked":"Singing Bowl","floor":14.0},{"not_picked":["DragonMeteor","DoubleSpark","IllusionStar"],"picked":"Singing Bowl","floor":15.0},{"not_picked":["AbsoluteMagnitude","EscapeVelocity"],"picked":"ManaRampage","floor":16.0},{"not_picked":["OneTimeOff","DC"],"picked":"MysteriousBeam+1","floor":19.0},{"not_picked":["6A","MysteriousBeam"],"picked":"GalacticHalo+1","floor":20.0},{"not_picked":["MysteriousBeam","Singularity"],"picked":"ShootingEcho","floor":21.0},{"not_picked":["GravityBeat","MachineGunSpark"],"picked":"WitchOfGreed","floor":22.0},{"not_picked":["IllusionStar+1","Acceleration"],"picked":"BlazeAway","floor":25.0},{"not_picked":["6A+1","AsteroidBelt","SporeBomb+1"],"picked":"Singing Bowl","floor":26.0},{"not_picked":["GalacticHalo","EnergyRecoil"],"picked":"EnergyFlow","floor":27.0},{"not_picked":["OpenUniverse","MysteriousBeam"],"picked":"MillisecondPulsars","floor":28.0},{"not_picked":["AsteroidBelt","MeteoricShower"],"picked":"MysteriousBeam+1","floor":33.0},{"not_picked":["NonDirectionalLaser","UnstableBomb"],"picked":"SporeBomb","floor":34.0},{"not_picked":["SatelliteIllusion","BigCrunch"],"picked":"FinalSpark","floor":35.0},{"not_picked":["6A+1"],"picked":"Singing Bowl","floor":38.0},{"not_picked":["PulseMagic"],"picked":"Singing Bowl","floor":39.0},{"not_picked":[],"picked":"SuperPerseids+1","floor":46.0},{"not_picked":["PulseMagic+1"],"picked":"Singing Bowl","floor":47.0},{"not_picked":["DarkMatter"],"picked":"Singing Bowl","floor":49},{"not_picked":[],"picked":"MachineGunSpark+1","floor":51},{"not_picked":[],"picked":"GasGiant+1","floor":54}],"player_experience":1322795,"relics_obtained":[{"floor":6.0,"key":"Oddly Smooth Stone"},{"floor":7.0,"key":"Gremlin Horn"},{"floor":8.0,"key":"Singing Bowl"},{"floor":10.0,"key":"Nunchaku"},{"floor":14.0,"key":"FossilizedHelix"},{"floor":21.0,"key":"Durian"},{"floor":24.0,"key":"BreadOfAWashokuLover"},{"floor":28.0,"key":"Quantum Egg"},{"floor":33.0,"key":"HollowMod:StagPassRelic"},{"floor":41.0,"key":"Ring of Searing"},{"floor":41.0,"key":"Ring of Panic"},{"floor":47.0,"key":"Blue Doll"},{"floor":54,"key":"Eternal Feather"}],"event_choices":[{"damage_healed":0.0,"max_hp_gain":0.0,"max_hp_loss":0.0,"gold_gain":0.0,"event_name":"Big Fish","player_choice":"Box","floor":5.0,"gold_loss":0.0,"damage_taken":0.0,"relics_obtained":["Onion Ring"],"cards_obtained":["Regret"]}],"is_beta":false,"boss_relics":[{"not_picked":["Philosopher\u0027s Stone","RampagingMagicTools"],"picked":"ExperimentalFamiliar"},{"not_picked":["Abe\u0027s Treasure","Runic Pyramid"],"picked":"Busted Crown"}],"items_purged_floors":[22,39,50],"is_endless":false,"potions_floor_spawned":[2,8,10,14,15,16,19,20,25,28,35,38,49],"ascension_level":1}}