{"host":"opgesw7sb5n0ordz","time":1611622173,"event":{"mods":["BaseMod","Better Note","Colored Powertips","Downfall","Minty Spire (QoL Compilation)","Relic Stats","StSLib","Unceasing Turn Reminder"],"gold_per_floor":[99,112,123,143,143,143,166,185,185,185,202,215,228,239,254,267,267,267],"floor_reached":16,"language":"ENG","playtime":830,"items_purged":[],"score":98,"play_id":"d3c38434-ee98-4498-a9b5-fb99d80e43ab","local_time":"20210125194933","is_ascension_mode":false,"campfire_choices":[{"floor":6,"key":"RECALL"}],"circlet_count":0,"master_deck":["sneckomod:Strike","sneckomod:Defend","sneckomod:Defend","sneckomod:TailWhip+1","sneckomod:SnekBite","sneckomod:Unknown","sneckomod:Nope+1","sneckomod:SoulRoll+1","Dagger Throw","sneckomod:Unknown1Cost","sneckomod:UnknownX","sneckomod:UnknownWeak","sneckomod:UnknownClassGREEN","downfall:Malfunctioning","sneckomod:Restock","sneckomod:UnknownX","sneckomod:IronFang","sneckomod:SoulDraw","sneckomod:GlitteringGambit"],"relics":["sneckomod:SneckoSoul","Blue Candle"],"acts_visited":["Exordium"],"potions_floor_usage":[14],"damage_taken":[{"damage":1.0,"enemies":"Cultist","floor":2.0,"turns":3.0},{"damage":8.0,"enemies":"Jaw Worm","floor":3.0,"turns":3.0},{"damage":2,"enemies":"2 Louse","floor":4,"turns":2},{"damage":15,"enemies":"Exordium Thugs","floor":8,"turns":5},{"damage":1,"enemies":"Blue Slaver","floor":11,"turns":5},{"damage":2,"enemies":"Red Slaver","floor":12,"turns":4},{"damage":0,"enemies":"Lots of Slimes","floor":13,"turns":1},{"damage":0,"enemies":"Gremlin Gang","floor":14,"turns":1},{"damage":1,"enemies":"2 Fungi Beasts","floor":15,"turns":3},{"damage":56,"enemies":"DF_ARCHETYPE_STREAMLINE","floor":16,"turns":9}],"seed_played":"3345515876269807467","potions_obtained":[{"floor":2.0,"key":"Explosive Potion"},{"floor":12,"key":"LiquidBronze"},{"floor":13,"key":"ColorlessPotion"},{"floor":15,"key":"SneckoOil"}],"is_trial":false,"path_per_floor":["R","M","M","M","?","R","T","M","?","?","M","M","M","M","M","B"],"character_chosen":"THE_SNECKO","items_purchased":[],"campfire_rested":0,"item_purchase_floors":[],"current_hp_per_floor":[81,80,82,80,75,75,75,60,60,60,59,57,57,57,56,0,0,0],"gold":267,"neow_bonus":"TRANSFORM_TWO_CARDS","is_daily":false,"chose_seed":false,"campfire_upgraded":0,"win_rate":0.0,"timestamp":1611622173,"path_taken":["R","M","M","M","?","R","T","M","?","?","M","M","?","M","M","BOSS"],"items_purchased_type":[],"build_version":"2020-12-22","purchased_purges":0,"victory":false,"max_hp_per_floor":[81,81,84,84,84,84,84,84,84,84,84,84,84,84,84,84,84,84],"relic_stats":{"counters":[10,36],"Blue Candle":[3],"obtain_stats":[{"Blue Candle":5,"sneckomod:SneckoSoul":0},{"Blue Candle":3,"sneckomod:SneckoSoul":0},{"Blue Candle":8,"sneckomod:SneckoSoul":0}]},"card_choices":[{"not_picked":["sneckomod:TrashToTreasure","sneckomod:SoulRoll"],"picked":"sneckomod:Unknown1Cost","floor":2.0},{"not_picked":["sneckomod:UnknownCommonAttack","sneckomod:QuickMove"],"picked":"sneckomod:UnknownX","floor":3.0},{"not_picked":["sneckomod:QuickMove","sneckomod:DiceCrush"],"picked":"sneckomod:UnknownWeak","floor":4},{"not_picked":["sneckomod:DiceCrush","sneckomod:QuickMove"],"picked":"sneckomod:UnknownClassGREEN","floor":8},{"not_picked":["sneckomod:MixItUp","sneckomod:DiceCrush"],"picked":"sneckomod:Restock","floor":11},{"not_picked":["sneckomod:SoulDraw","sneckomod:TrashToTreasure"],"picked":"sneckomod:UnknownX","floor":12},{"not_picked":["sneckomod:DiceBlock","sneckomod:QuickMove"],"picked":"sneckomod:IronFang","floor":13},{"not_picked":["sneckomod:DiceBlock","sneckomod:SoulRoll"],"picked":"sneckomod:SoulDraw","floor":14},{"not_picked":["sneckomod:UnknownCommonAttack","sneckomod:DiceBlock"],"picked":"sneckomod:GlitteringGambit","floor":15}],"player_experience":744352,"relics_obtained":[],"event_choices":[],"is_beta":false,"boss_relics":[],"items_purged_floors":[],"is_endless":false,"potions_floor_spawned":[2,12,13,15],"killed_by":"DF_ARCHETYPE_STREAMLINE","ascension_level":0}}