{"host":"m1rjttoroz33xrz1","time":1611625630,"event":{"mods":["BaseMod","Colored Map","Downfall","Hermit","Mad Scientist","Marisa????????","Minty Spire (QoL Compilation)","StSLib","The Construct","The Cursed","The Druid","The Jungle","The Servant 0.9.4"],"gold_per_floor":[99,118,293,307,76,111,111,111,111,21,21,36,56,91,108,108,108,108],"floor_reached":16,"language":"ENG","playtime":1835,"items_purged":["Doubt"],"score":143,"play_id":"516d8b84-6d15-458c-9543-65a94fad4d15","local_time":"20210125204710","is_ascension_mode":true,"campfire_choices":[{"data":"Slimebound:CorrosiveSpit","floor":1,"key":"SMITH"},{"floor":8,"key":"REST"},{"floor":11,"key":"REST"}],"circlet_count":0,"master_deck":["Slimebound:Strike_Slimebound","Slimebound:Strike_Slimebound","Slimebound:Strike_Slimebound","Slimebound:Tackle","Slimebound:Defend_Slimebound","Slimebound:Defend_Slimebound","Slimebound:Defend_Slimebound","Slimebound:Defend_Slimebound","Slimebound:Split","Slimebound:CorrosiveSpit+1","Flash of Steel","Slimebound:SplitBruiser","Slimebound:Gluttony","Slimebound:LevelUp","Slimebound:LevelUp","Slimebound:MinionMaster","Slimebound:SlimeSpikes","Slimebound:LivingWall","Slimebound:LevelUp","Slimebound:Prepare","Slimebound:SlimeBrawl"],"relics":["Slimebound:AbsorbEndCombat","StrikeDummy","TungstenRod","Slimebound:ScrapOozeRelic","Lantern"],"acts_visited":["Exordium"],"potions_floor_usage":[6,14,16,16],"damage_taken":[{"damage":3,"enemies":"Cultist","floor":2,"turns":3},{"damage":13,"enemies":"Jaw Worm","floor":4,"turns":4},{"damage":0,"enemies":"downfall:FleeingMerchant","floor":5,"turns":4},{"damage":60,"enemies":"3 Sentries","floor":6,"turns":8},{"damage":3,"enemies":"downfall:FleeingMerchant","floor":10,"turns":4},{"damage":6,"enemies":"Small Slimes","floor":12,"turns":4},{"damage":15,"enemies":"3 Louse","floor":13,"turns":5},{"damage":11,"enemies":"Lagavulin","floor":14,"turns":6},{"damage":7,"enemies":"Blue Slaver","floor":15,"turns":3},{"damage":30,"enemies":"SI_SHIV_ARCHETYPE","floor":16,"turns":8}],"seed_played":"768791609683130499","potions_obtained":[{"floor":2,"key":"Swift Potion"},{"floor":12,"key":"Slimebound:SlimyTonguePotion"},{"floor":13,"key":"DuplicationPotion"},{"floor":15,"key":"Strength Potion"}],"is_trial":false,"path_per_floor":["R","M","?","M","$","E","T","R","?","$","R","M","M","E","M","B"],"character_chosen":"SLIMEBOUND","items_purchased":["CeramicFish","Slimebound:LevelUp"],"campfire_rested":2,"item_purchase_floors":[5,5],"current_hp_per_floor":[59,60,60,51,59,5,5,24,24,27,46,44,33,30,25,0,0,0],"gold":108,"neow_bonus":"RANDOM_COLORLESS","is_daily":false,"chose_seed":false,"campfire_upgraded":1,"win_rate":0.0,"timestamp":1611625630,"path_taken":["R","?","?","M","$","E","T","R","?","$","R","M","M","E","M","BOSS"],"items_purchased_type":["Relic","Card"],"build_version":"2020-12-22","purchased_purges":1,"victory":false,"max_hp_per_floor":[65,65,65,65,65,65,65,65,65,65,65,65,65,65,65,65,65,65],"card_choices":[{"not_picked":["Forethought","Swift Strike"],"picked":"Flash of Steel","floor":0},{"not_picked":["Slimebound:Prepare","Slimebound:DivideAndConquer"],"picked":"Slimebound:SplitBruiser","floor":2},{"not_picked":["Slimebound:HauntingLick","Slimebound:SlimeSpikes"],"picked":"Slimebound:Gluttony","floor":4},{"not_picked":["Slimebound:PrepareCrush","Slimebound:FlameTackle"],"picked":"Slimebound:LevelUp","floor":5},{"not_picked":["Slimebound:SpikyOuterGoop","Slimebound:DivideAndConquer"],"picked":"Slimebound:MinionMaster","floor":6},{"not_picked":["Slimebound:PressTheAttack","Slimebound:SplitAcid"],"picked":"Slimebound:SlimeSpikes","floor":10},{"not_picked":["Slimebound:Replication","Slimebound:FinishingTackle"],"picked":"Slimebound:LivingWall","floor":12},{"not_picked":["Slimebound:ItLooksTasty","Slimebound:FinishingTackle"],"picked":"Slimebound:LevelUp","floor":13},{"not_picked":["Slimebound:SlimeSpikes","Slimebound:Grow"],"picked":"Slimebound:Prepare","floor":14},{"not_picked":["Slimebound:HauntingLick","Slimebound:ProtectTheBoss"],"picked":"Slimebound:SlimeBrawl","floor":15}],"player_experience":1595538,"relics_obtained":[{"floor":6,"key":"StrikeDummy"},{"floor":7,"key":"TungstenRod"},{"floor":14,"key":"Lantern"}],"event_choices":[],"is_beta":false,"boss_relics":[],"items_purged_floors":[10],"is_endless":false,"potions_floor_spawned":[2,12,13,15],"killed_by":"SI_SHIV_ARCHETYPE","ascension_level":6}}