{"host":"sian7qp8a9pc9xwd","time":1611624285,"event":{"mods":["BaseMod","Minty Spire (QoL Compilation)","StSLib","SuperFastMode"],"gold_per_floor":[112,112,123,138,138,171,96,113,137,12,23,23,57,81,93,105,105],"floor_reached":16,"language":"ENG","playtime":466,"items_purged":["Strike_G","Strike_G"],"score":190,"play_id":"ea0b2763-674c-4239-bf5e-056f738cbfca","local_time":"20210125202445","is_ascension_mode":true,"campfire_choices":[{"data":"Bouncing Flask","floor":12.0,"key":"SMITH"},{"data":"Deadly Poison","floor":15.0,"key":"SMITH"}],"circlet_count":0,"master_deck":["AscendersBane","Strike_G","Strike_G","Defend_G","Defend_G","Defend_G","Defend_G","Defend_G","Survivor","Neutralize+1","Deadly Poison+1","Deadly Poison","Backflip","Bouncing Flask+1","Backflip","Escape Plan","PiercingWail"],"relics":["Ring of the Snake","NeowsBlessing","Snake Skull","Orichalcum","MawBank"],"acts_visited":["Exordium"],"potions_floor_usage":[16],"damage_taken":[{"damage":0.0,"enemies":"Jaw Worm","floor":1.0,"turns":1.0},{"damage":0.0,"enemies":"Cultist","floor":3.0,"turns":1.0},{"damage":0.0,"enemies":"Small Slimes","floor":4.0,"turns":1.0},{"damage":19.0,"enemies":"Gremlin Nob","floor":6.0,"turns":4.0},{"damage":0.0,"enemies":"Looter","floor":8.0,"turns":4.0},{"damage":6.0,"enemies":"Exordium Wildlife","floor":11.0,"turns":4.0},{"damage":6.0,"enemies":"Lagavulin","floor":13.0,"turns":4.0},{"damage":0.0,"enemies":"Gremlin Gang","floor":14.0,"turns":4.0},{"damage":29,"enemies":"Slime Boss","floor":16,"turns":6}],"seed_played":"-8489740154913411844","potions_obtained":[{"floor":3.0,"key":"Block Potion"},{"floor":4.0,"key":"AttackPotion"},{"floor":11.0,"key":"SkillPotion"},{"floor":13.0,"key":"Fire Potion"}],"is_trial":false,"path_per_floor":["M","?","M","M","?","E","$","M","T","$","M","R","E","M","R","B"],"character_chosen":"THE_SILENT","items_purchased":["Backflip"],"campfire_rested":0,"item_purchase_floors":[10],"current_hp_per_floor":[59,59,59,59,59,40,40,40,40,40,34,34,28,28,28,0,0],"gold":105,"neow_bonus":"THREE_ENEMY_KILL","is_daily":false,"chose_seed":false,"campfire_upgraded":2,"win_rate":0.0,"timestamp":1611624285,"path_taken":["M","?","?","M","?","E","?","M","T","?","M","R","E","M","R","BOSS"],"items_purchased_type":["Card"],"build_version":"2020-12-22","purchased_purges":2,"victory":false,"max_hp_per_floor":[66,66,66,66,66,66,66,66,66,66,66,66,66,66,66,66,66],"card_choices":[{"not_picked":["Quick Slash","Infinite Blades"],"picked":"Deadly Poison","floor":1.0},{"not_picked":["Flying Knee","PiercingWail"],"picked":"Deadly Poison","floor":3.0},{"not_picked":["Heel Hook","Blade Dance"],"picked":"Backflip","floor":4.0},{"not_picked":["Riddle With Holes","Skewer"],"picked":"Bouncing Flask","floor":6.0},{"not_picked":["Endless Agony","Poisoned Stab","Bane"],"picked":"SKIP","floor":8.0},{"not_picked":["Storm of Steel","Backstab"],"picked":"Escape Plan","floor":11.0},{"not_picked":["Bouncing Flask","Acrobatics","Dagger Throw"],"picked":"SKIP","floor":13.0},{"not_picked":["Expertise","Flechettes"],"picked":"PiercingWail","floor":14.0}],"player_experience":791676,"relics_obtained":[{"floor":6.0,"key":"Snake Skull"},{"floor":9.0,"key":"Orichalcum"},{"floor":13.0,"key":"MawBank"}],"event_choices":[{"cards_removed":["Strike_G"],"damage_healed":0.0,"max_hp_gain":0.0,"max_hp_loss":0.0,"gold_gain":0.0,"event_name":"Wheel of Change","player_choice":"Card Removal","floor":2.0,"gold_loss":0.0,"damage_taken":0.0},{"damage_healed":0.0,"max_hp_gain":0.0,"max_hp_loss":0.0,"gold_gain":0.0,"event_name":"Accursed Blacksmith","player_choice":"Forge","floor":5.0,"gold_loss":0.0,"damage_taken":0.0,"cards_upgraded":["Neutralize"]}],"is_beta":false,"boss_relics":[],"items_purged_floors":[7,10],"is_endless":false,"potions_floor_spawned":[3,4,11,13],"killed_by":"Slime Boss","ascension_level":14}}