{"host":"ljmxc81w1zg7qdd2","time":1611687903,"event":{"mods":["BaseMod","BetterRewards","Colored Map","Hubris","Minty Spire (QoL Compilation)","Replay The Spire","Shop Mod","StSLib","The Animator","The Construct","The Cursed","The Necromancer","The Servant 0.9.4","UnlockEverythingMod"],"gold_per_floor":[112,13,13,13,13,45,45,63,63,77,252,252,252,263,263,368,368,387,327,327,19,19,19,19,19,37,37,37,72,85,85,85,184,184,184,184],"floor_reached":35,"language":"ENG","playtime":1467,"items_purged":["Doubt"],"score":294,"play_id":"8f2e6428-3a6d-4153-861a-c6afac09efad","local_time":"20210126110503","is_ascension_mode":false,"campfire_choices":[{"data":"animator:Konayuki","floor":7,"key":"SMITH"},{"data":"Flex","floor":13,"key":"SMITH"},{"data":"animator:NagisaMomoe","floor":25,"key":"SMITH"},{"data":"Evolve","floor":32,"key":"SMITH"},{"floor":34,"key":"DIG"}],"circlet_count":0,"master_deck":["animator:Strike_Konosuba+1","animator:Defend_Konosuba+1","animator:Kazuma","animator:Aqua","animator:Konayuki+1","animator:Strike_Konosuba+1","animator:Strike_HitsugiNoChaika+1","animator:Strike_TenSura+1","animator:Defend_MadokaMagica+1","animator:Defend_GoblinSlayer+1","animator:Defend_HitsugiNoChaika+1","Disarm","Flex+1","animator:NagisaMomoe+1","animator:Boros","Brutality","animator:Alexander+1","animator:QuestionMark","animator:CrowleyEusford","animator:Shigure","Evolve+1"],"relics":["animator:LivingPicture","animator:TheMissingPiece","animator:PurgingStone","NeowsBlessing","hubris:DisguiseKit","Anchor","hubris:Towel","Oddly Smooth Stone","The Courier","Busted Crown","Toolbox","animator:ShionDessert","Blue Candle","Garlic","Omamori"],"acts_visited":["Exordium","TheCity"],"potions_floor_usage":[16,29,35,35],"damage_taken":[{"damage":0,"enemies":"2 Louse","floor":1,"turns":2},{"damage":0,"enemies":"Lagavulin","floor":6,"turns":1},{"damage":0,"enemies":"Small Slimes","floor":8,"turns":1},{"damage":7,"enemies":"Jaw Worm","floor":10,"turns":6},{"damage":0,"enemies":"2 Fungi Beasts","floor":14,"turns":6},{"damage":57,"enemies":"Fading Forest","floor":16,"turns":11},{"damage":16,"enemies":"Shell Parasite","floor":18,"turns":9},{"damage":3,"enemies":"Spheric Guardian","floor":26,"turns":3},{"damage":27,"enemies":"Gremlin Leader","floor":29,"turns":8},{"damage":0,"enemies":"Cultist and Chosen","floor":30,"turns":6},{"damage":88,"enemies":"Automaton","floor":35,"turns":6}],"seed_played":"5740529080084340990","potions_obtained":[{"floor":6,"key":"Cursed Concoction"},{"floor":14,"key":"construct:ShiftPotion"},{"floor":26,"key":"Elixir"},{"floor":30,"key":"SteroidPotion"}],"is_trial":false,"path_per_floor":["M","?","?","?","?","E","R","M","T","M","?","?","R","M","R_BF","B",null,"M","?","?","$","PTL","PTL","$","R","M","$","T","E","M","?","R","?","R_BF","B"],"character_chosen":"THE_ANIMATOR","items_purchased":["Toolbox","animator:ShionDessert"],"campfire_rested":0,"item_purchase_floors":[21,21],"current_hp_per_floor":[66,66,66,63,63,65,65,65,65,59,59,59,59,61,61,19,66,50,50,50,50,50,50,50,50,49,49,49,24,32,32,32,32,32,0,0],"gold":184,"neow_bonus":"THREE_ENEMY_KILL","is_daily":false,"chose_seed":false,"campfire_upgraded":4,"win_rate":0.0,"timestamp":1611687903,"path_taken":["M","?","?","?","?","E","R","M","T","M","?","?","R","M","R_BF","BOSS","M","?","?","$","PTL","PTL","$","R","M","$","T","E","?","?","R","?","R_BF","BOSS"],"items_purchased_type":["Relic","Relic"],"build_version":"2020-12-22","purchased_purges":1,"victory":false,"max_hp_per_floor":[66,66,66,66,66,66,66,66,66,66,66,66,66,66,66,66,66,66,66,66,66,66,66,66,66,66,66,66,66,66,66,66,66,66,66,66],"card_choices":[{"not_picked":["animator:UneriGinkaku","animator:ShinjiMatou"],"picked":"animator:Konayuki","floor":1},{"not_picked":["animator:PinaCoLada","animator:Spearman","animator:Fredrika"],"picked":"Disarm","floor":6},{"not_picked":["animator:LeleiLaLalena","animator:Vesta","Flex"],"picked":"animator:Shuna","floor":8},{"not_picked":["animator:Mikaela","animator:Lancer","animator:ShinjiMatou"],"picked":"Flex","floor":10},{"not_picked":["animator:Add","animator:Chris","ReplayTheSpireMod:Corrosion Curse"],"picked":"animator:NagisaMomoe","floor":14},{"not_picked":["animator:Father","animator:HomuraAkemi","animator:Kyubey"],"picked":"Brutality","floor":16},{"not_picked":["Spot Weakness"],"picked":"animator:Alexander+1","floor":18},{"not_picked":["Clothesline"],"picked":"animator:Shigure","floor":26},{"not_picked":["animator:Kuribayashi"],"picked":"Evolve","floor":29},{"not_picked":["animator:Mikaela","Armaments"],"picked":"SKIP","floor":30}],"player_experience":104126,"relics_obtained":[{"floor":6,"key":"Oddly Smooth Stone"},{"floor":9,"key":"The Courier"},{"floor":28,"key":"Blue Candle"},{"floor":29,"key":"Garlic"},{"floor":34,"key":"Omamori"}],"event_choices":[{"damage_healed":0,"gold_gain":0,"player_choice":"Success","damage_taken":3,"relics_obtained":["Anchor"],"max_hp_gain":0,"max_hp_loss":0,"event_name":"Scrap Ooze","floor":4,"gold_loss":0},{"damage_healed":0,"gold_gain":175,"player_choice":"AGREE","damage_taken":0,"max_hp_gain":0,"max_hp_loss":0,"event_name":"Liars Game","floor":11,"gold_loss":0,"cards_obtained":["Doubt"]},{"cards_removed":["Amnesia"],"damage_healed":0,"gold_gain":0,"player_choice":"Forget","damage_taken":0,"max_hp_gain":0,"max_hp_loss":0,"event_name":"Living Wall","floor":12,"gold_loss":0},{"damage_healed":0,"gold_gain":0,"player_choice":"2 cards matched","damage_taken":0,"max_hp_gain":0,"max_hp_loss":0,"event_name":"Match and Keep!","floor":20,"gold_loss":0,"cards_obtained":["animator:QuestionMark","animator:CrowleyEusford"]},{"damage_healed":0,"gold_gain":0,"player_choice":"Simplicity","damage_taken":0,"max_hp_gain":0,"max_hp_loss":0,"event_name":"Back to Basics","floor":31,"gold_loss":0,"cards_upgraded":["animator:Strike_Konosuba","animator:Defend_Konosuba","animator:Strike_Konosuba","animator:Strike_HitsugiNoChaika","animator:Strike_TenSura","animator:Defend_MadokaMagica","animator:Defend_GoblinSlayer","animator:Defend_HitsugiNoChaika"]},{"damage_healed":0,"gold_gain":99,"player_choice":"Stole From Cult","damage_taken":0,"max_hp_gain":0,"max_hp_loss":0,"event_name":"Nest","floor":33,"gold_loss":0}],"is_beta":false,"boss_relics":[{"not_picked":["Ectoplasm","SacredBark"],"picked":"Busted Crown"}],"items_purged_floors":[21],"is_endless":false,"potions_floor_spawned":[6,14,26,30],"killed_by":"Automaton","ascension_level":0}}