{"host":"0ueeacaatm8t6jyh","time":1611655439,"event":{"mods":["AchievementEnabler","BaseMod","Colored Powertips","Minty Spire (QoL Compilation)","Quick Restart","Rare Cards Sparkle","Shop Mod","StSLib"],"gold_per_floor":[113,113,74,90,61,61,61,96,107,121,197,197,79,79,104,104,115,115,193,193,211,226,126,126,41,54,54,54],"floor_reached":27,"language":"ZHS","playtime":785,"items_purged":["Regret","Strike_R"],"score":442,"play_id":"85caa435-639e-4865-8cb8-e244f79c4b1a","local_time":"20210126180359","is_ascension_mode":true,"campfire_choices":[{"data":"Armaments","floor":7.0,"key":"SMITH"},{"floor":14.0,"key":"DIG"},{"floor":16.0,"key":"REST"},{"floor":18.0,"key":"DIG"}],"circlet_count":0,"master_deck":["AscendersBane","Strike_R","Strike_R","Strike_R","Defend_R","Defend_R","Defend_R","Defend_R","Bash","Armaments+1","Rupture","Cleave","Double Tap","Pummel","Second Wind","Inflame","Disarm","Feed","Dark Embrace","Whirlwind"],"relics":["Burning Blood","Shovel","Bronze Scales","StrikeDummy","Akabeko","Champion Belt","Darkstone Periapt","PreservedInsect","Runic Cube","Omamori"],"acts_visited":["Exordium","TheCity"],"potions_floor_usage":[],"damage_taken":[{"damage":7.0,"enemies":"Small Slimes","floor":1.0,"turns":3.0},{"damage":14.0,"enemies":"Jaw Worm","floor":4.0,"turns":4.0},{"damage":30.0,"enemies":"3 Sentries","floor":8.0,"turns":6.0},{"damage":10.0,"enemies":"2 Louse","floor":9.0,"turns":3.0},{"damage":15.0,"enemies":"Exordium Thugs","floor":10.0,"turns":5.0},{"damage":15.0,"enemies":"Lagavulin","floor":15.0,"turns":5.0},{"damage":3.0,"enemies":"3 Louse","floor":17.0,"turns":4.0},{"damage":18.0,"enemies":"Slime Boss","floor":19.0,"turns":6.0},{"damage":30.0,"enemies":"Chosen","floor":21.0,"turns":7.0},{"damage":26.0,"enemies":"3 Byrds","floor":22.0,"turns":4.0},{"damage":16.0,"enemies":"Snecko","floor":26.0,"turns":6.0},{"damage":22,"enemies":"Gremlin Leader","floor":27,"turns":2}],"seed_played":"-5462671541910716498","potions_obtained":[{"floor":4.0,"key":"PowerPotion"},{"floor":10.0,"key":"PowerPotion"},{"floor":15.0,"key":"FearPotion"},{"floor":19.0,"key":"CultistPotion"},{"floor":21.0,"key":"Swift Potion"}],"is_trial":false,"path_per_floor":["M","?","$","M","$","?","R","E","M","M","T","?","$","R","E","R","M","R","B",null,"M","M","$","?","?","M","E"],"character_chosen":"IRONCLAD","items_purchased":["Rupture","Cleave","Second Wind"],"campfire_rested":1,"item_purchase_floors":[3,5,13],"current_hp_per_floor":[67,62,62,54,54,54,54,30,26,17,17,17,17,17,8,30,33,33,21,62,38,21,21,21,21,14,0,0],"gold":54,"neow_bonus":"THREE_CARDS","is_daily":false,"chose_seed":false,"campfire_upgraded":1,"win_rate":0.0,"timestamp":1611655439,"path_taken":["M","?","$","M","$","?","R","E","M","M","T","?","?","R","E","R","?","R","BOSS","M","M","$","?","?","M","E"],"items_purchased_type":["Card","Card","Card"],"build_version":"2020-12-22","purchased_purges":2,"victory":false,"max_hp_per_floor":[75,75,75,75,75,75,75,75,75,75,75,75,75,75,75,75,75,75,75,75,75,78,78,78,78,81,81,81],"card_choices":[{"not_picked":["Heavy Blade","Burning Pact"],"picked":"Armaments","floor":1.0},{"not_picked":["True Grit","Armaments","Havoc"],"picked":"SKIP","floor":4.0},{"not_picked":["Shrug It Off","Cleave"],"picked":"Double Tap","floor":8.0},{"not_picked":["Wild Strike","Flex","Clash"],"picked":"SKIP","floor":9.0},{"not_picked":["Clash","Infernal Blade"],"picked":"Pummel","floor":10.0},{"not_picked":["Flex","Twin Strike"],"picked":"Inflame","floor":15.0},{"not_picked":["Iron Wave","Searing Blow"],"picked":"Disarm","floor":17.0},{"not_picked":["Bludgeon","Exhume"],"picked":"Feed","floor":19.0},{"not_picked":["Dropkick","Cleave"],"picked":"Dark Embrace","floor":21.0},{"not_picked":["Combust","Shrug It Off","Flex"],"picked":"SKIP","floor":22.0},{"not_picked":["Cleave+1","Pummel"],"picked":"Whirlwind","floor":26.0}],"player_experience":472187,"relics_obtained":[{"floor":8.0,"key":"Bronze Scales"},{"floor":11.0,"key":"StrikeDummy"},{"floor":14.0,"key":"Champion Belt"},{"floor":15.0,"key":"Darkstone Periapt"},{"floor":18.0,"key":"PreservedInsect"}],"event_choices":[{"damage_healed":0.0,"max_hp_gain":0.0,"max_hp_loss":0.0,"gold_gain":0.0,"event_name":"Scrap Ooze","player_choice":"Success","floor":2.0,"gold_loss":0.0,"damage_taken":5.0,"relics_obtained":["Shovel"]},{"damage_healed":0.0,"max_hp_gain":0.0,"max_hp_loss":0.0,"gold_gain":0.0,"event_name":"Liars Game","player_choice":"Ignored","floor":6.0,"gold_loss":0.0,"damage_taken":0.0},{"damage_healed":0.0,"max_hp_gain":0.0,"max_hp_loss":0.0,"gold_gain":0.0,"event_name":"Big Fish","player_choice":"Box","floor":12.0,"gold_loss":0.0,"damage_taken":0.0,"relics_obtained":["Akabeko"],"cards_obtained":["Regret"]},{"cards_removed":["Strike_R"],"damage_healed":0.0,"max_hp_gain":0.0,"max_hp_loss":0.0,"gold_gain":0.0,"event_name":"Back to Basics","player_choice":"Elegance","floor":24.0,"gold_loss":0.0,"damage_taken":0.0},{"damage_healed":0.0,"max_hp_gain":0.0,"max_hp_loss":0.0,"gold_gain":0.0,"event_name":"Addict","player_choice":"Obtained Relic","floor":25.0,"gold_loss":85.0,"damage_taken":0.0,"relics_obtained":["Omamori"]}],"is_beta":false,"boss_relics":[{"not_picked":["Cursed Key","Runic Dome"],"picked":"Runic Cube"}],"items_purged_floors":[13,23],"is_endless":false,"potions_floor_spawned":[4,10,15,19,21],"killed_by":"Gremlin Leader","ascension_level":20}}