{"host":"Zandorum","time":1611705447,"event":{"mods":["100% Spire Juice","2.2 Compatiblity","Act Like it!","Bard","BaseMod","Hermit","Hubris","Jorbs\u0027s Wanderer Trilogy","Mimic Mod","Minty Spire (QoL Compilation)","Quick Restart","Rare Cards Sparkle","Reorder Act Four","Somnambulant","StSLib","The Cursed","The Disciple","The Hierophant","The Jungle","The Runesmith"],"gold_per_floor":[110,110,127,42,59,59,71,89,114,114,114,114,137,14,14,14,14],"floor_reached":16,"language":"ENG","playtime":401,"items_purged":["Defend_B"],"score":92,"play_id":"384f754f-7081-48eb-b907-8b54423935fe","local_time":"20210126155727","is_ascension_mode":false,"campfire_choices":[{"data":"Zap","floor":6.0,"key":"SMITH"},{"data":"Go for the Eyes","floor":12.0,"key":"SMITH"},{"data":"Loop","floor":15.0,"key":"SMITH"}],"circlet_count":0,"master_deck":["Strike_B","Defend_B","Defend_B","Defend_B","Zap+1","Dualcast","Ball Lightning+1","Hello World+1","Loop+1","Turbo","Beam Cell","Ball Lightning","Go for the Eyes+1","Gash"],"relics":["Cracked Core","Potion Belt","Golden Idol"],"acts_visited":["Exordium"],"potions_floor_usage":[16,16],"damage_taken":[{"damage":0.0,"enemies":"2 Louse","floor":1.0,"turns":2.0},{"damage":0.0,"enemies":"Cultist","floor":3.0,"turns":2.0},{"damage":6.0,"enemies":"Jaw Worm","floor":5.0,"turns":3.0},{"damage":7.0,"enemies":"3 Louse","floor":7.0,"turns":3.0},{"damage":5.0,"enemies":"Looter","floor":8.0,"turns":2.0},{"damage":12.0,"enemies":"Lots of Slimes","floor":13.0,"turns":4.0},{"damage":23,"enemies":"The Guardian","floor":16,"turns":6}],"seed_played":"-3118114239943055025","potions_obtained":[{"floor":3.0,"key":"DuplicationPotion"},{"floor":13.0,"key":"Swift Potion"}],"is_trial":false,"path_per_floor":["M","?","M","$","M","R","M","M","T","?","?","R","M","$","R","B"],"character_chosen":"DEFECT","items_purchased":["Loop","Turbo","Gash"],"campfire_rested":0,"item_purchase_floors":[4,4,14],"current_hp_per_floor":[68,68,68,68,62,62,55,50,50,36,36,36,24,24,24,1,1],"gold":14,"neow_bonus":"REMOVE_TWO","is_daily":false,"chose_seed":false,"campfire_upgraded":3,"win_rate":0.0,"timestamp":1611705447,"path_taken":["M","?","?","$","M","R","M","?","T","?","?","R","M","$","R","BOSS"],"items_purchased_type":["Card","Card","Card"],"build_version":"2020-12-18","purchased_purges":1,"victory":false,"max_hp_per_floor":[68,68,68,68,68,68,68,68,68,68,63,63,63,63,63,63,63],"card_choices":[{"not_picked":["Gash","Lockon"],"picked":"Ball Lightning","floor":1.0},{"not_picked":["Turbo","Rip and Tear"],"picked":"Hello World","floor":3.0},{"not_picked":["Leap","Steam"],"picked":"Beam Cell","floor":5.0},{"not_picked":["Darkness","Skim"],"picked":"Ball Lightning","floor":7.0},{"not_picked":["Turbo","Streamline"],"picked":"Go for the Eyes","floor":8.0},{"not_picked":["Auto Shields","Storm","Stack"],"picked":"SKIP","floor":13.0}],"player_experience":161576,"relics_obtained":[{"floor":9.0,"key":"Potion Belt"}],"event_choices":[{"cards_removed":["Strike_B"],"damage_healed":0.0,"max_hp_gain":0.0,"max_hp_loss":0.0,"gold_gain":0.0,"event_name":"Purifier","player_choice":"Purged","floor":2.0,"gold_loss":0.0,"damage_taken":0.0},{"damage_healed":0.0,"max_hp_gain":0.0,"max_hp_loss":0.0,"gold_gain":0.0,"event_name":"Shining Light","player_choice":"Entered Light","floor":10.0,"gold_loss":0.0,"damage_taken":14.0,"cards_upgraded":["Hello World","Ball Lightning"]},{"damage_healed":0.0,"max_hp_gain":0.0,"max_hp_loss":5.0,"gold_gain":0.0,"event_name":"Golden Idol","player_choice":"Lose Max HP","floor":11.0,"gold_loss":0.0,"damage_taken":0.0,"relics_obtained":["Golden Idol"]}],"is_beta":true,"boss_relics":[],"items_purged_floors":[14],"is_endless":false,"potions_floor_spawned":[3,13],"killed_by":"The Guardian","ascension_level":0}}