{"host":"CK","time":1611635026,"event":{"mods":["2.2 Compatiblity","BaseMod","Bestiary","Block Reminder","Colored Powertips","DeckTracker","Displayed Cursed Tome","Minty Spire (QoL Compilation)","Permanent Neow","Slay-I","Unknown Chances"],"gold_per_floor":[11,29,43,53,69,103,103,128,128,155,173,173,173,69,69,146,146,166,6,25,45,64,64,96,106,160,185,197,230,230,280,280,354,354,364,409,26,42,42,42,62,95,95,95,105,130,130,156,156,156,156,156,31,61,61,61],"floor_reached":55,"language":"ENG","playtime":6974,"items_purged":["Strike_P","Defend_P","LessonLearned+1"],"score":1867,"play_id":"851db4c3-5281-4456-9925-f44b4df5a4b9","local_time":"20210125202346","is_ascension_mode":true,"campfire_choices":[{"data":"CrushJoints","floor":7.0,"key":"SMITH"},{"data":"Eruption","floor":12.0,"key":"SMITH"},{"floor":15.0,"key":"REST"},{"data":"Vault","floor":23,"key":"SMITH"},{"data":"DeusExMachina","floor":30,"key":"SMITH"},{"floor":32,"key":"REST"},{"floor":40,"key":"REST"},{"floor":44,"key":"RECALL"},{"floor":49,"key":"REST"},{"floor":52,"key":"REST"}],"circlet_count":0,"master_deck":["AscendersBane","Strike_P+1","Strike_P+1","Defend_P+1","Eruption+1","Vigilance+1","FearNoEvil+1","SashWhip+1","CrushJoints+1","JustLucky+1","ThirdEye+1","Scrawl+1","Consecrate+1","DeusExMachina+1","BowlingBash+1","Vault+1","Swivel+1","EmptyFist+1","Sanctity+1","Consecrate+1","Scrawl+1","CurseOfTheBell","CrushJoints+1","Scrawl+1","JustLucky+1","CrushJoints+1","JustLucky+1","Halt"],"relics":["PureWater","Orichalcum","Molten Egg 2","Ornamental Fan","Happy Flower","Black Star","Sling","Lizard Tail","TeardropLocket","Juzu Bracelet","Blue Candle","Bronze Scales","Regal Pillow","Bottled Flame","Calling Bell","Vajra","Eternal Feather","Calipers","Bird Faced Urn","Yang","Bottled Lightning","Bag of Preparation","Oddly Smooth Stone","Ginger","Darkstone Periapt","Shuriken","Toy Ornithopter","Bag of Marbles"],"acts_visited":["Exordium","TheCity","TheBeyond","TheEnding"],"potions_floor_usage":[28,50,55],"damage_taken":[{"damage":0.0,"enemies":"Cultist","floor":1.0,"turns":2.0},{"damage":0.0,"enemies":"2 Louse","floor":2.0,"turns":1.0},{"damage":1.0,"enemies":"Jaw Worm","floor":3.0,"turns":4.0},{"damage":0.0,"enemies":"Lots of Slimes","floor":4.0,"turns":3.0},{"damage":8.0,"enemies":"Exordium Wildlife","floor":5.0,"turns":3.0},{"damage":0.0,"enemies":"Gremlin Nob","floor":6.0,"turns":2.0},{"damage":28.0,"enemies":"Lagavulin","floor":8.0,"turns":4.0},{"damage":4.0,"enemies":"3 Sentries","floor":10.0,"turns":3.0},{"damage":1.0,"enemies":"Gremlin Gang","floor":11.0,"turns":2.0},{"damage":27.0,"enemies":"The Guardian","floor":16.0,"turns":9.0},{"damage":8.0,"enemies":"2 Thieves","floor":18.0,"turns":3.0},{"damage":0.0,"enemies":"Spheric Guardian","floor":20.0,"turns":2.0},{"damage":0,"enemies":"Cultist and Chosen","floor":21,"turns":2},{"damage":0,"enemies":"Snake Plant","floor":22,"turns":2},{"damage":0,"enemies":"Book of Stabbing","floor":24,"turns":3},{"damage":0,"enemies":"3 Cultists","floor":25,"turns":2},{"damage":3,"enemies":"Slavers","floor":27,"turns":3},{"damage":0,"enemies":"Chosen and Byrds","floor":28,"turns":3},{"damage":12,"enemies":"Gremlin Leader","floor":29,"turns":4},{"damage":31,"enemies":"Automaton","floor":33,"turns":9},{"damage":0,"enemies":"Orb Walker","floor":35,"turns":2},{"damage":23,"enemies":"2 Orb Walkers","floor":36,"turns":3},{"damage":1,"enemies":"3 Darklings","floor":38,"turns":2},{"damage":5,"enemies":"Writhing Mass","floor":41,"turns":3},{"damage":2,"enemies":"Reptomancer","floor":42,"turns":3},{"damage":1,"enemies":"4 Shapes","floor":45,"turns":2},{"damage":6,"enemies":"Mind Bloom Boss Battle","floor":46,"turns":5},{"damage":0,"enemies":"Nemesis","floor":48,"turns":1},{"damage":1,"enemies":"Donu and Deca","floor":50,"turns":4},{"damage":0,"enemies":"Shield and Spear","floor":54,"turns":2},{"damage":105,"enemies":"The Heart","floor":55,"turns":7}],"seed_played":"-189894760986629788","potions_obtained":[{"floor":1.0,"key":"GamblersBrew"},{"floor":2.0,"key":"BottledMiracle"},{"floor":8.0,"key":"Fire Potion"},{"floor":22,"key":"FairyPotion"},{"floor":25,"key":"PowerPotion"},{"floor":33,"key":"PowerPotion"},{"floor":45,"key":"Ambrosia"},{"floor":54,"key":"PowerPotion"}],"is_trial":false,"path_per_floor":["M","M","M","M","M","E","R","E","T","E","M","R","?","$","R","B",null,"M","$","M","M","M","R","E","M","T","E","M","E","R","?","R","B",null,"M","?","$","M","T","R","M","E","T","R","M","?","?","E","R","B",null,"R","$","E","B"],"character_chosen":"WATCHER","items_purchased":["BowlingBash+1","Sling","Yang"],"campfire_rested":5,"item_purchase_floors":[14,19,37],"current_hp_per_floor":[61,61,60,60,52,52,52,24,24,20,19,19,19,19,39,12,54,46,46,46,46,46,46,46,46,46,43,43,31,31,31,66,35,60,60,37,37,36,36,68,63,61,61,68,67,61,61,61,68,67,68,68,68,68,0,0],"gold":61,"neow_bonus":"REMOVE_TWO","is_daily":false,"chose_seed":false,"campfire_upgraded":4,"win_rate":0.0,"timestamp":1611635026,"path_taken":["M","?","M","M","M","E","R","E","T","E","M","R","?","$","R","BOSS","M","$","M","M","M","R","E","M","T","E","M","E","R","?","R","BOSS","M","?","$","M","?","R","M","E","T","R","M","?","?","E","R","BOSS","R","$","E","BOSS"],"items_purchased_type":["Card","Relic","Relic"],"build_version":"2020-12-18","purchased_purges":3,"victory":false,"max_hp_per_floor":[68,68,68,68,68,68,68,68,68,68,68,68,68,68,68,68,68,68,68,68,68,68,68,68,68,68,68,68,68,68,68,68,68,68,68,68,68,68,68,68,68,68,68,68,68,68,68,68,68,68,68,68,68,68,68,68],"card_choices":[{"not_picked":["BowlingBash","Nirvana"],"picked":"FearNoEvil","floor":1.0},{"not_picked":["Collect","EmptyBody"],"picked":"SashWhip","floor":2.0},{"not_picked":["MentalFortress","Evaluate"],"picked":"CrushJoints","floor":3.0},{"not_picked":["Halt","Prostrate"],"picked":"JustLucky","floor":4.0},{"not_picked":["Pray","JustLucky"],"picked":"ThirdEye","floor":5.0},{"not_picked":["EmptyFist","Pray"],"picked":"Scrawl","floor":6.0},{"not_picked":["ClearTheMind","Fasting2"],"picked":"Consecrate+1","floor":8.0},{"not_picked":["Worship","ClearTheMind"],"picked":"DeusExMachina","floor":10.0},{"not_picked":["WaveOfTheHand","PathToVictory","ClearTheMind"],"picked":"SKIP","floor":11.0},{"not_picked":["Alpha","MasterReality"],"picked":"Vault","floor":16.0},{"not_picked":["CrushJoints+1","FlyingSleeves+1"],"picked":"Swivel","floor":18.0},{"not_picked":["CarveReality+1","JustLucky+1"],"picked":"EmptyFist+1","floor":20.0},{"not_picked":["BattleHymn","InnerPeace+1"],"picked":"Sanctity+1","floor":21},{"not_picked":["CutThroughFate+1","BowlingBash+1","ThirdEye"],"picked":"SKIP","floor":22},{"not_picked":["Prostrate","Protect"],"picked":"LessonLearned+1","floor":24},{"not_picked":["BowlingBash+1","EmptyFist+1"],"picked":"Consecrate+1","floor":25},{"not_picked":["CutThroughFate+1","Consecrate+1","SandsOfTime+1"],"picked":"SKIP","floor":27},{"not_picked":["Protect","ThirdEye","SashWhip+1"],"picked":"SKIP","floor":28},{"not_picked":["Wish","LikeWater","Establishment"],"picked":"SKIP","floor":29},{"not_picked":["Judgement","Establishment"],"picked":"Scrawl","floor":33},{"not_picked":["ThirdEye","EmptyBody+1","SandsOfTime+1"],"picked":"SKIP","floor":35},{"not_picked":["EmptyFist+1","WindmillStrike+1"],"picked":"CrushJoints+1","floor":36},{"not_picked":["Swivel+1","Fasting2","Halt"],"picked":"SKIP","floor":38},{"not_picked":["EmptyBody","Protect","Adaptation"],"picked":"SKIP","floor":41},{"not_picked":["FollowUp+1","BowlingBash+1"],"picked":"Scrawl","floor":42},{"not_picked":["Consecrate+1","Evaluate"],"picked":"JustLucky+1","floor":45},{"not_picked":["ReachHeaven+1","EmptyBody+1"],"picked":"CrushJoints+1","floor":46},{"not_picked":["FlyingSleeves+1","Perseverance"],"picked":"JustLucky+1","floor":48},{"not_picked":["WreathOfFlame+1","Conclude+1"],"picked":"Halt","floor":54}],"player_experience":1203227,"relics_obtained":[{"floor":6.0,"key":"Orichalcum"},{"floor":8.0,"key":"Molten Egg 2"},{"floor":9.0,"key":"Ornamental Fan"},{"floor":10.0,"key":"Happy Flower"},{"floor":24,"key":"Lizard Tail"},{"floor":24,"key":"TeardropLocket"},{"floor":26,"key":"Juzu Bracelet"},{"floor":27,"key":"Blue Candle"},{"floor":27,"key":"Bronze Scales"},{"floor":29,"key":"Regal Pillow"},{"floor":29,"key":"Bottled Flame"},{"floor":34,"key":"Vajra"},{"floor":34,"key":"Eternal Feather"},{"floor":34,"key":"Calipers"},{"floor":36,"key":"Bird Faced Urn"},{"floor":39,"key":"Bottled Lightning"},{"floor":42,"key":"Bag of Preparation"},{"floor":42,"key":"Oddly Smooth Stone"},{"floor":46,"key":"Ginger"},{"floor":48,"key":"Darkstone Periapt"},{"floor":48,"key":"Shuriken"},{"floor":54,"key":"Toy Ornithopter"},{"floor":54,"key":"Bag of Marbles"}],"event_choices":[{"cards_removed":["Defend_P"],"damage_healed":0.0,"max_hp_gain":0.0,"max_hp_loss":0.0,"gold_gain":0.0,"event_name":"Bonfire Elementals","player_choice":"Offered Basic","floor":13.0,"gold_loss":0.0,"damage_taken":0.0},{"damage_healed":0,"gold_gain":50,"player_choice":"Stole From Cult","damage_taken":0,"max_hp_gain":0,"max_hp_loss":0,"event_name":"Nest","floor":31,"gold_loss":0},{"damage_healed":0,"gold_gain":0,"player_choice":"Fight","damage_taken":0,"max_hp_gain":0,"max_hp_loss":0,"event_name":"Mysterious Sphere","floor":36,"gold_loss":0},{"damage_healed":0,"gold_gain":0,"player_choice":"Fight","damage_taken":0,"max_hp_gain":0,"max_hp_loss":0,"event_name":"MindBloom","floor":46,"gold_loss":0},{"damage_healed":0,"gold_gain":0,"player_choice":"Forge","damage_taken":0,"max_hp_gain":0,"max_hp_loss":0,"event_name":"Accursed Blacksmith","floor":47,"gold_loss":0,"cards_upgraded":["Scrawl"]}],"is_beta":true,"boss_relics":[{"not_picked":["Empty Cage","VioletLotus"],"picked":"Black Star"},{"not_picked":["Coffee Dripper","Runic Dome"],"picked":"Calling Bell"}],"items_purged_floors":[14,37,53],"is_endless":false,"potions_floor_spawned":[1,2,8,22,25,27,33,35,38,45,54],"killed_by":"The Heart","ascension_level":19}}