{"host":"qeogwbudlaqzb6hy","time":1611659381,"event":{"mods":["BaseMod","Downfall","Minty Spire (QoL Compilation)","StSLib"],"gold_per_floor":[0,17,17,47,65,100,100,0,16,16,16,16,42,27,45,45,45,45],"floor_reached":16,"language":"ENG","playtime":663,"items_purged":[],"score":108,"play_id":"c351b4d5-9cfa-4cb9-bb87-3cad1f7f0885","local_time":"20210126210941","is_ascension_mode":false,"campfire_choices":[{"data":"Slimebound:Split","floor":1,"key":"SMITH"},{"data":"Slimebound:SelfFormingGoo","floor":8,"key":"SMITH"},{"data":"Slimebound:LeadByExample","floor":10,"key":"SMITH"}],"circlet_count":0,"master_deck":["Slimebound:Strike_Slimebound","Slimebound:Strike_Slimebound","Slimebound:Strike_Slimebound","Slimebound:Tackle","Slimebound:Defend_Slimebound","Slimebound:Defend_Slimebound","Slimebound:Defend_Slimebound","Slimebound:Defend_Slimebound","Slimebound:Split+1","Slimebound:CorrosiveSpit","Slimebound:Prepare","Slimebound:LeadByExample+1","Slimebound:SelfFormingGoo+1","Slimebound:SplitAcid","Parasite","Slimebound:Equalize","Slimebound:Gluttony","Slimebound:AcidTongue"],"relics":["Slimebound:AbsorbEndCombat","Ice Cream","downfall:ShatteredFragment","Anchor","Oddly Smooth Stone","Meat on the Bone","downfall:HeartBlessingGreen","Blue Candle","Centennial Puzzle"],"acts_visited":["Exordium"],"potions_floor_usage":[6,16,16],"damage_taken":[{"damage":4,"enemies":"Cultist","floor":2,"turns":3},{"damage":0,"enemies":"2 Louse","floor":5,"turns":3},{"damage":21,"enemies":"Gremlin Nob","floor":6,"turns":4},{"damage":6,"enemies":"Small Slimes","floor":9,"turns":4},{"damage":19,"enemies":"Lagavulin","floor":13,"turns":5},{"damage":1,"enemies":"downfall:FleeingMerchant","floor":14,"turns":4},{"damage":8,"enemies":"Blue Slaver","floor":15,"turns":4},{"damage":75,"enemies":"SI_SHIV_ARCHETYPE","floor":16,"turns":7}],"seed_played":"-4578388684151975619","potions_obtained":[{"floor":5,"key":"Strength Potion"},{"floor":9,"key":"SteroidPotion"},{"floor":15,"key":"FearPotion"}],"is_trial":false,"path_per_floor":["R","M","?","?","M","E","T","R","M","R","?","?","E","$","M","B"],"character_chosen":"SLIMEBOUND","items_purchased":[],"campfire_rested":0,"item_purchase_floors":[],"current_hp_per_floor":[65,63,45,45,45,32,32,32,38,38,54,49,38,49,53,0,0,0],"gold":45,"neow_bonus":"ONE_RARE_RELIC","is_daily":false,"chose_seed":false,"campfire_upgraded":3,"win_rate":0.0,"timestamp":1611659381,"path_taken":["R","M","?","?","M","E","T","R","M","R","?","?","E","$","M","BOSS"],"items_purchased_type":[],"build_version":"2020-12-22","purchased_purges":0,"victory":false,"max_hp_per_floor":[65,65,65,65,65,65,65,65,65,65,65,65,65,65,65,65,65,65],"card_choices":[{"not_picked":["Slimebound:LeechingTouch","Slimebound:FinishingTackle"],"picked":"Slimebound:Prepare","floor":2},{"not_picked":["Slimebound:RollThrough","Slimebound:LivingWall"],"picked":"Slimebound:LeadByExample","floor":5},{"not_picked":["Slimebound:Gluttony","Slimebound:Prepare"],"picked":"Slimebound:SelfFormingGoo","floor":6},{"not_picked":["Slimebound:PressTheAttack","Slimebound:DisruptingSlam"],"picked":"Slimebound:SplitAcid","floor":9},{"not_picked":["Slimebound:PressTheAttack","Slimebound:SplitBruiser"],"picked":"Slimebound:Equalize","floor":13},{"not_picked":["Slimebound:FinishingTackle","Slimebound:LivingWall"],"picked":"Slimebound:Gluttony","floor":14},{"not_picked":["Slimebound:SplitBruiser","Slimebound:SlimeSlap"],"picked":"Slimebound:AcidTongue","floor":15}],"player_experience":323615,"relics_obtained":[{"floor":6,"key":"Oddly Smooth Stone"},{"floor":7,"key":"Meat on the Bone"},{"floor":13,"key":"Centennial Puzzle"}],"event_choices":[{"damage_healed":16,"gold_gain":0,"player_choice":"Healed and dodged fight","damage_taken":0,"max_hp_gain":0,"max_hp_loss":0,"event_name":"Mushrooms","floor":11,"gold_loss":0,"cards_obtained":["Parasite"]}],"is_beta":false,"boss_relics":[],"items_purged_floors":[],"is_endless":false,"potions_floor_spawned":[5,9,15],"killed_by":"SI_SHIV_ARCHETYPE","ascension_level":0}}