{"host":"19r1ww88x2tc73i0","time":1611648161,"event":{"mods":["BaseMod","BetterRewards","Colored Map","Minty Spire (QoL Compilation)","Relic Stats","StSLib","SuperFastMode","slay the spire mod where everything is the same but ironclad has a cowboy hat"],"gold_per_floor":[111,122,135,60,72,72,90,90,90],"floor_reached":8,"language":"ENG","playtime":256,"items_purged":["Strike_B"],"score":100,"play_id":"27fef81f-fbed-4805-9ea5-7ac4c2fc3312","local_time":"25640126150241","is_ascension_mode":true,"campfire_choices":[{"data":"Ball Lightning","floor":6,"key":"SMITH"}],"circlet_count":0,"master_deck":["AscendersBane","Strike_B","Strike_B","Strike_B","Defend_B","Defend_B","Defend_B","Defend_B","Zap","Dualcast","Rainbow","Ball Lightning+1","Reinforced Body","Ball Lightning","Skim","Leap"],"relics":["Cracked Core"],"acts_visited":["Exordium"],"potions_floor_usage":[8],"damage_taken":[{"damage":3,"enemies":"2 Louse","floor":1,"turns":3},{"damage":2,"enemies":"Jaw Worm","floor":2,"turns":3},{"damage":0,"enemies":"Cultist","floor":3,"turns":3},{"damage":14,"enemies":"Lots of Slimes","floor":5,"turns":5},{"damage":23,"enemies":"Large Slime","floor":7,"turns":4},{"damage":28,"enemies":"3 Sentries","floor":8,"turns":5}],"seed_played":"-3434577847828202849","potions_obtained":[{"floor":2,"key":"SkillPotion"}],"is_trial":false,"path_per_floor":["M","M","M","$","M","R","M","E"],"character_chosen":"DEFECT","items_purchased":[],"campfire_rested":0,"item_purchase_floors":[],"current_hp_per_floor":[61,59,59,59,45,45,22,0,0],"gold":90,"neow_bonus":"ONE_RANDOM_RARE_CARD","is_daily":false,"chose_seed":false,"campfire_upgraded":1,"win_rate":0.0,"timestamp":1611648161,"path_taken":["M","M","M","$","M","R","M","E"],"items_purchased_type":[],"build_version":"2020-12-22","purchased_purges":1,"victory":false,"max_hp_per_floor":[71,71,71,71,71,71,71,71,71],"relic_stats":{"counters":[6,23],"obtain_stats":[{"Cracked Core":0},{"Cracked Core":0},{"Cracked Core":0}]},"card_choices":[{"not_picked":["Turbo","Gash"],"picked":"Ball Lightning","floor":1},{"not_picked":["Self Repair","Redo"],"picked":"Reinforced Body","floor":2},{"not_picked":["Redo","Coolheaded"],"picked":"Ball Lightning","floor":3},{"not_picked":["Undo","Gash"],"picked":"Skim","floor":5},{"not_picked":["Ball Lightning","Rebound"],"picked":"Leap","floor":7}],"player_experience":957538,"relics_obtained":[],"event_choices":[],"is_beta":false,"boss_relics":[],"items_purged_floors":[4],"is_endless":false,"potions_floor_spawned":[2],"killed_by":"3 Sentries","ascension_level":20}}