{"host":"yzlg3mitc00v31o1","time":1611631969,"event":{"mods":["AchievementEnabler","BaseMod","BetterRewards","DeckTracker","Gold Saver","KOR Keyword Fix","Minty Spire (QoL Compilation)","Remove Card Discount Mod","Spicy Shops","StSLib","SuperFastMode"],"gold_per_floor":[112,112,131,146,157,157,186,166,247,261,274,274,274,286,286,286,286],"floor_reached":16,"language":"KOR","playtime":555,"items_purged":[],"score":104,"play_id":"fe4cc2cb-f923-4a75-b293-ac8df6d52253","local_time":"20210126123249","is_ascension_mode":false,"campfire_choices":[{"data":"FlurryOfBlows","floor":6,"key":"SMITH"},{"floor":15,"key":"REST"}],"circlet_count":0,"master_deck":["Strike_P","Strike_P","Strike_P","Strike_P","Defend_P","Defend_P","Defend_P","Defend_P","Eruption","Vigilance","MentalFortress","FlurryOfBlows+1","Prostrate"],"relics":["PureWater","Thread and Needle","InkBottle"],"acts_visited":["Exordium"],"potions_floor_usage":[7,11,16,16],"damage_taken":[{"damage":12,"enemies":"2 Louse","floor":1,"turns":4},{"damage":0,"enemies":"Cultist","floor":3,"turns":2},{"damage":6,"enemies":"Jaw Worm","floor":4,"turns":4},{"damage":1,"enemies":"Large Slime","floor":5,"turns":4},{"damage":39,"enemies":"Lagavulin","floor":7,"turns":7},{"damage":26,"enemies":"Exordium Wildlife","floor":10,"turns":6},{"damage":0,"enemies":"Lots of Slimes","floor":11,"turns":5},{"damage":0,"enemies":"2 Fungi Beasts","floor":14,"turns":3},{"damage":50,"enemies":"The Guardian","floor":16,"turns":10}],"seed_played":"-6113644114233221066","potions_obtained":[{"floor":1,"key":"Regen Potion"},{"floor":5,"key":"LiquidBronze"},{"floor":8,"key":"DistilledChaos"},{"floor":14,"key":"LiquidBronze"}],"is_trial":false,"path_per_floor":["M","$","M","M","M","R","E","?","T","M","M","?","?","M","R","B"],"character_chosen":"WATCHER","items_purchased":[],"campfire_rested":1,"item_purchase_floors":[],"current_hp_per_floor":[60,60,60,54,53,53,29,29,29,3,3,3,27,27,48,0,0],"gold":286,"neow_bonus":"","is_daily":false,"chose_seed":false,"campfire_upgraded":1,"win_rate":0.0,"timestamp":1611631969,"path_taken":["M","$","M","M","M","R","E","?","T","M","?","?","?","M","R","BOSS"],"items_purchased_type":[],"build_version":"2020-12-22","purchased_purges":0,"victory":false,"max_hp_per_floor":[72,72,72,72,72,72,72,72,72,72,72,72,72,72,72,72,72],"card_choices":[{"not_picked":["Vengeance","CutThroughFate"],"picked":"MentalFortress","floor":1},{"not_picked":["ClearTheMind","Evaluate","PathToVictory"],"picked":"SKIP","floor":3},{"not_picked":["ClearTheMind","Wallop"],"picked":"FlurryOfBlows","floor":4},{"not_picked":["Sanctity","Protect","Indignation"],"picked":"SKIP","floor":5},{"not_picked":["Swivel","CrushJoints","Halt"],"picked":"SKIP","floor":7},{"not_picked":["Halt","EmptyFist"],"picked":"Prostrate","floor":10},{"not_picked":["Halt","EmptyBody","JustLucky"],"picked":"SKIP","floor":11},{"not_picked":["Meditate","Weave","WreathOfFlame"],"picked":"SKIP","floor":14}],"player_experience":90387,"relics_obtained":[{"floor":7,"key":"Thread and Needle"},{"floor":9,"key":"InkBottle"}],"event_choices":[{"damage_healed":0,"gold_gain":0,"player_choice":"Bought 1 Potion","damage_taken":0,"max_hp_gain":0,"max_hp_loss":0,"event_name":"The Woman in Blue","floor":8,"gold_loss":0},{"damage_healed":0,"gold_gain":0,"player_choice":"Ignored","damage_taken":0,"max_hp_gain":0,"max_hp_loss":0,"event_name":"Golden Wing","floor":12,"gold_loss":0},{"damage_healed":24,"gold_gain":0,"player_choice":"Banana","damage_taken":0,"max_hp_gain":0,"max_hp_loss":0,"event_name":"Big Fish","floor":13,"gold_loss":0}],"is_beta":false,"boss_relics":[],"items_purged_floors":[],"is_endless":false,"potions_floor_spawned":[1,5,14],"killed_by":"The Guardian","ascension_level":0}}