{"host":"7z9izfsmsy4azoxx","time":1611671435,"event":{"mods":["AchievementEnabler","BaseMod","Colored Map","Custom Start","Hermit","Minty Spire (QoL Compilation)","Replay The Spire","StSLib","SuperFastMode"],"gold_per_floor":[65465575,65465594,65464407,65464425,65464425,65464425,65463685,65463712,65463712,65463712,65463724,65463756,65463384,65462520,65462520,65462597,65462597,65462615,65462626,65461894,65461894,65461894,65461894,65461920,65461920,65461920,65461920,65461210,65461220,65461240,65461273,65461273,65461347,65461347,65461366,65461366,65461366,65460543,65460543,65460543,65460554,65460636,65460663,65459814,65459864,65459898,65459358,65459369,65459369,65459369,65459369,65459369,65459369,65458503,65458533,65458533,65458533],"floor_reached":56,"language":"KOR","playtime":1604,"items_purged":["Strike_G","Strike_G","Strike_G","Strike_G","Reflex","Defend_G","Endless Agony+1","Unload+1"],"score":2059,"play_id":"3c5cd7cd-6501-40b9-8e92-7bfe55ebadce","local_time":"20210126233035","is_ascension_mode":true,"campfire_choices":[{"data":"A Thousand Cuts","floor":6.0,"key":"SMITH"},{"data":"Specialist","floor":10.0,"key":"SMITH"},{"data":"Bouncing Flask","floor":15.0,"key":"SMITH"},{"data":"ReplayTheSpireMod:Scrap Shanks","floor":23.0,"key":"SMITH"},{"data":"ReplayTheSpireMod:Shiv Toss","floor":25.0,"key":"SMITH"},{"data":"Cloak And Dagger","floor":32,"key":"SMITH"},{"floor":40,"key":"RECALL"},{"data":"Survivor","floor":49,"key":"PURGE"},{"data":"Accuracy","floor":53,"key":"SMITH"}],"circlet_count":0,"master_deck":["AscendersBane","Neutralize+1","Hidden Blade","Backflip","A Thousand Cuts+1","Bouncing Flask+1","Toxin Wave","Specialist+1","Deadly Poison","ReplayTheSpireMod:Shiv Toss+1","Infinite Blades","Reflex+1","Burst+1","Eviscerate+1","Prepared","ReplayTheSpireMod:Scrap Shanks+1","After Image","Choke+1","Infinite Blades","Cloak And Dagger+1","Calculated Gamble","Accuracy+1","Noxious Fumes+1"],"relics":["Ring of the Snake","Chemical X","Molten Egg 2","Peace Pipe","Potion Belt","Tiny Chest","Toolbox","Eternal Feather","Bottled Tornado","Replay:Rubber Ducky","Blood Vial","Dead Branch","Pen Nib","Astrolabe","PreservedInsect","Darkstone Periapt","Centennial Puzzle","Iron Hammer","Snack Pack","Lantern","ReplayTheSpireMod:Lightbulb","HoveringKite","Akabeko","HandDrill","Paper Crane","Vajra","Regal Pillow","Juzu Bracelet","OrangePellets","Pocketwatch","Whetstone","BargainBundle","Ancient Tea Set","TwistedFunnel","Golden Egg","Mango","Replay:Ringing Soul"],"acts_visited":["Exordium","TheCity","TheBeyond","TheEnding"],"potions_floor_usage":[30,33,33,33,50,50,51,56,56,56],"damage_taken":[{"damage":2.0,"enemies":"Cultist","floor":1.0,"turns":5.0},{"damage":4.0,"enemies":"Small Slimes","floor":2.0,"turns":3.0},{"damage":3.0,"enemies":"Jaw Worm","floor":4.0,"turns":4.0},{"damage":27.0,"enemies":"Lagavulin","floor":8.0,"turns":6.0},{"damage":0.0,"enemies":"3 Louse","floor":11.0,"turns":2.0},{"damage":14.0,"enemies":"Gremlin Nob","floor":12.0,"turns":3.0},{"damage":12.0,"enemies":"Hexaghost","floor":16.0,"turns":6.0},{"damage":0.0,"enemies":"Spheric Guardian","floor":18.0,"turns":4.0},{"damage":19.0,"enemies":"Shell Parasite","floor":19.0,"turns":3.0},{"damage":0.0,"enemies":"Replay:Snechameleon","floor":24.0,"turns":3.0},{"damage":2.0,"enemies":"Sentry and Sphere","floor":29.0,"turns":3.0},{"damage":17,"enemies":"Centurion and Healer","floor":30,"turns":2},{"damage":0,"enemies":"Book of Stabbing","floor":31,"turns":2},{"damage":5,"enemies":"Automaton","floor":33,"turns":4},{"damage":0,"enemies":"3 Shapes","floor":35,"turns":1},{"damage":5,"enemies":"Orb Walker","floor":41,"turns":3},{"damage":2,"enemies":"Giant Head","floor":46,"turns":4},{"damage":5,"enemies":"Sphere and 2 Shapes","floor":48,"turns":2},{"damage":213,"enemies":"Awakened One","floor":50,"turns":12},{"damage":26,"enemies":"Donu and Deca","floor":51,"turns":4},{"damage":5,"enemies":"Shield and Spear","floor":55,"turns":3},{"damage":92,"enemies":"The Heart","floor":56,"turns":3}],"seed_played":"-2911393176948955670","potions_obtained":[{"floor":2.0,"key":"SmokeBomb"},{"floor":8.0,"key":"SmokeBomb"},{"floor":24.0,"key":"Cursed Concoction"},{"floor":30,"key":"EntropicBrew"}],"is_trial":false,"path_per_floor":["M","M","$","M","?","R","$","E","T","R","M","E","$","$","R","B",null,"M","M","$","?","?","R","E","R","T","T","$","M","M","E","R","B",null,"M","?","?","$","?","R","M","T","T","$","?","E","$","M","R","B","B",null,"R","$","E","B"],"character_chosen":"THE_SILENT","items_purchased":["Chemical X","Molten Egg 2","Peace Pipe","A Thousand Cuts","Bouncing Flask","Explosive Potion","Swift Potion","Potion Belt","Toxin Wave","Tiny Chest","Toolbox","Specialist","Blood Vial","ReplayTheSpireMod:Shiv Toss","Dead Branch","Pen Nib","Infinite Blades","Languid Potion","Swift Potion","PreservedInsect","Darkstone Periapt","Prepared","AttackPotion","Snack Pack","Lantern","Infinite Blades","Akabeko","HandDrill","Paper Crane","Regal Pillow","Juzu Bracelet","OrangePellets","Accuracy","Whetstone","BargainBundle","Ancient Tea Set","TwistedFunnel","Golden Egg","Mango","PowerPotion","Fire Potion"],"campfire_rested":0,"item_purchase_floors":[3,3,3,3,3,3,3,7,7,7,7,7,13,13,14,14,14,14,14,20,20,20,20,28,28,28,38,38,38,44,44,44,44,47,47,47,54,54,54,54,54],"current_hp_per_floor":[57,53,53,50,50,50,50,23,23,32,32,18,18,18,27,17,54,56,39,39,39,39,51,53,65,65,65,65,66,51,57,66,66,66,66,63,63,63,63,63,58,58,58,58,58,63,63,60,63,9,39,57,63,77,74,0,0],"gold":65458533,"neow_bonus":"REMOVE_CARD","is_daily":false,"chose_seed":false,"campfire_upgraded":7,"win_rate":0.0,"timestamp":1611671435,"path_taken":["M","M","?","?","?","R","$","E","T","R","M","E","?","$","R","BOSS","M","M","$","?","?","R","E","R","T","?","$","M","M","E","R","BOSS","M","?","?","$","?","R","M","?","T","$","?","E","?","M","R","BOSS","BOSS","R","$","E","BOSS"],"items_purchased_type":["Relic","Relic","Relic","Card","Card","Potion","Potion","Relic","Card","Relic","Relic","Card","Relic","Card","Relic","Relic","Card","Potion","Potion","Relic","Relic","Card","Potion","Relic","Relic","Card","Relic","Relic","Relic","Relic","Relic","Relic","Card","Relic","Relic","Relic","Relic","Relic","Relic","Potion","Potion"],"build_version":"2020-12-22","purchased_purges":8,"victory":false,"max_hp_per_floor":[66,66,66,66,66,66,66,66,66,66,66,66,66,66,66,66,66,66,66,66,66,66,66,66,66,66,66,66,66,66,66,66,66,66,66,63,63,63,63,63,63,63,63,63,63,63,63,63,63,63,63,63,63,77,77,77,77],"card_choices":[{"not_picked":["Quick Slash","Distraction"],"picked":"Hidden Blade","floor":1.0},{"not_picked":["Sucker Punch","Outmaneuver"],"picked":"Backflip","floor":2.0},{"not_picked":["ReplayTheSpireMod:Tripwire","Dodge and Roll","Concentrate"],"picked":"SKIP","floor":4.0},{"not_picked":["Dodge and Roll","Dagger Spray+1","Sucker Punch+1"],"picked":"SKIP","floor":8.0},{"not_picked":["Footwork","Dagger Spray+1"],"picked":"Deadly Poison","floor":11.0},{"not_picked":["Blade Dance","Cloak And Dagger"],"picked":"Reflex","floor":12.0},{"not_picked":["Slice+1","Sneak Up"],"picked":"Eviscerate+1","floor":18.0},{"not_picked":["Dagger Spray+1","Toxin Wave","Footwork"],"picked":"SKIP","floor":19.0},{"not_picked":["Bane+1","A Thousand Cuts"],"picked":"Choke+1","floor":24.0},{"not_picked":["Terror","Quick Slash+1"],"picked":"Cloak And Dagger","floor":29},{"not_picked":["Bane+1","ReplayTheSpireMod:Scrap Shanks+1","Expertise"],"picked":"SKIP","floor":30},{"not_picked":["Skewer+1","Acrobatics","After Image"],"picked":"SKIP","floor":31},{"not_picked":["Dagger Spray+1","Setup","Endless Agony+1"],"picked":"SKIP","floor":35},{"not_picked":["Skewer+1","Backflip+1"],"picked":"Calculated Gamble","floor":41},{"not_picked":["PiercingWail+1","ReplayTheSpireMod:Speed Training","Sucker Punch+1"],"picked":"SKIP","floor":46},{"not_picked":["Deflect","Bane+1"],"picked":"Noxious Fumes+1","floor":48},{"not_picked":["Underhanded Strike+1","Tools of the Trade","ReplayTheSpireMod:Speed Training"],"picked":"SKIP","floor":55}],"player_experience":547178,"relics_obtained":[{"floor":8.0,"key":"Eternal Feather"},{"floor":9.0,"key":"Bottled Tornado"},{"floor":12.0,"key":"Replay:Rubber Ducky"},{"floor":24.0,"key":"Centennial Puzzle"},{"floor":27.0,"key":"Iron Hammer"},{"floor":31,"key":"ReplayTheSpireMod:Lightbulb"},{"floor":43,"key":"Vajra"},{"floor":46,"key":"Pocketwatch"},{"floor":55,"key":"Replay:Ringing Soul"}],"event_choices":[{"damage_healed":0.0,"max_hp_gain":0.0,"max_hp_loss":0.0,"gold_gain":0.0,"event_name":"Liars Game","player_choice":"Ignored","floor":5.0,"gold_loss":0.0,"damage_taken":0.0},{"damage_healed":0.0,"max_hp_gain":0.0,"max_hp_loss":0.0,"gold_gain":0.0,"event_name":"The Library","player_choice":"Read","floor":21.0,"gold_loss":0.0,"damage_taken":0.0,"cards_obtained":["ReplayTheSpireMod:Scrap Shanks"]},{"damage_healed":0.0,"max_hp_gain":0.0,"max_hp_loss":0.0,"gold_gain":0.0,"cards_transformed":["Defend_G"],"event_name":"Transmorgrifier","player_choice":"Transformed","floor":22.0,"gold_loss":0.0,"damage_taken":0.0,"cards_obtained":["After Image"]},{"damage_healed":0,"gold_gain":0,"player_choice":"Max HP","damage_taken":0,"max_hp_gain":0,"max_hp_loss":3,"event_name":"Winding Halls","floor":36,"gold_loss":0},{"damage_healed":0,"gold_gain":0,"player_choice":"Memory 1","damage_taken":0,"max_hp_gain":0,"max_hp_loss":0,"event_name":"SensoryStone","floor":37,"gold_loss":0},{"damage_healed":0,"gold_gain":0,"player_choice":"1 cards matched","damage_taken":0,"max_hp_gain":0,"max_hp_loss":0,"event_name":"Match and Keep!","floor":39,"gold_loss":0,"cards_obtained":["Unload"]},{"damage_healed":0,"gold_gain":50,"player_choice":"Pray","damage_taken":0,"max_hp_gain":0,"max_hp_loss":0,"event_name":"Golden Shrine","floor":45,"gold_loss":0}],"is_beta":false,"boss_relics":[{"not_picked":["SlaversCollar","Calling Bell"],"picked":"Astrolabe"},{"not_picked":["Tiny House","Runic Dome"],"picked":"HoveringKite"}],"items_purged_floors":[3,7,13,14,20,28,38,44],"is_endless":false,"potions_floor_spawned":[2,8,16,24,29,30,35,48],"killed_by":"The Heart","ascension_level":20}}