{"host":"01gbg40krdpein5y","time":1611639624,"event":{"mods":["BaseMod","BetterRewards","Minty Spire (QoL Compilation)","Permanent Neow","Remove Card Discount Mod","SuperFastMode","Transform Curses"],"gold_per_floor":[114,124,124,124,136,136,149,161,208,266,266,266,295,295,295,398,398,418,445,445,456,466,466,494,494,494,514,533,550,569,616,616,717,767,780,139,139,155,169,169,169,0,0,12,12,31,46,46,46,46,46],"floor_reached":50,"language":"ENG","playtime":4146,"items_purged":["Parasite"],"score":641,"play_id":"5f83e3ec-f154-442a-a37d-bb1017342300","local_time":"20210125214024","is_ascension_mode":false,"campfire_choices":[{"data":"Consume","floor":6,"key":"SMITH"},{"data":"Conserve Battery","floor":12,"key":"SMITH"},{"floor":15,"key":"REST"},{"floor":23,"key":"REST"},{"floor":25,"key":"REST"},{"floor":32,"key":"REST"},{"floor":40,"key":"REST"},{"floor":49,"key":"REST"}],"circlet_count":0,"master_deck":["Strike_B","Strike_B+1","Strike_B+1","Defend_B","Defend_B","Defend_B","Defend_B","Zap","Dualcast","Static Discharge","Undo","Static Discharge","Consume+1","Conserve Battery+1","Heatsinks","Reboot","BootSequence","Scrape","Lockon","Hello World+1","Capacitor+1","Heatsinks","Machine Learning","Sunder+1","White Noise+1","Static Discharge","Impatience","The Bomb","Storm","Reinforced Body+1","Doubt","Reprogram+1","Aggregate+1"],"relics":["Cracked Core","Bag of Marbles","Happy Flower","HandDrill","Mummified Hand","Tiny Chest","Pen Nib","Nunchaku","Darkstone Periapt","Nuclear Battery","Whetstone","Toy Ornithopter","Mercury Hourglass","Centennial Puzzle","Tiny House","Sling","Ornamental Fan","Red Mask","Singing Bowl","Toxic Egg 2"],"acts_visited":["Exordium","TheCity","TheBeyond"],"potions_floor_usage":[2,7,10,13,21,22,24,28,33,39,44,50,50,50],"damage_taken":[{"damage":1,"enemies":"Cultist","floor":1,"turns":3},{"damage":2,"enemies":"Jaw Worm","floor":2,"turns":3},{"damage":0,"enemies":"Small Slimes","floor":5,"turns":4},{"damage":1,"enemies":"2 Fungi Beasts","floor":7,"turns":3},{"damage":5,"enemies":"Looter","floor":8,"turns":3},{"damage":13,"enemies":"Lagavulin Event","floor":10,"turns":5},{"damage":6,"enemies":"Lagavulin","floor":13,"turns":4},{"damage":28,"enemies":"Slime Boss","floor":16,"turns":8},{"damage":16,"enemies":"Shell Parasite","floor":18,"turns":4},{"damage":7,"enemies":"Spheric Guardian","floor":21,"turns":3},{"damage":14,"enemies":"3 Cultists","floor":22,"turns":5},{"damage":36,"enemies":"Gremlin Leader","floor":24,"turns":4},{"damage":0,"enemies":"Chosen and Byrds","floor":27,"turns":5},{"damage":0,"enemies":"Snecko","floor":28,"turns":5},{"damage":8,"enemies":"Centurion and Healer","floor":29,"turns":5},{"damage":9,"enemies":"Snake Plant","floor":30,"turns":3},{"damage":46,"enemies":"Automaton","floor":33,"turns":10},{"damage":33,"enemies":"3 Darklings","floor":35,"turns":4},{"damage":21,"enemies":"3 Shapes","floor":38,"turns":4},{"damage":23,"enemies":"Writhing Mass","floor":39,"turns":3},{"damage":3,"enemies":"Sphere and 2 Shapes","floor":44,"turns":3},{"damage":4,"enemies":"3 Darklings","floor":46,"turns":3},{"damage":17,"enemies":"Maw","floor":47,"turns":5},{"damage":101,"enemies":"Time Eater","floor":50,"turns":9}],"seed_played":"-5295150844815795304","potions_obtained":[{"floor":1,"key":"Block Potion"},{"floor":7,"key":"Ancient Potion"},{"floor":10,"key":"DistilledChaos"},{"floor":16,"key":"FearPotion"},{"floor":18,"key":"CultistPotion"},{"floor":20,"key":"SneckoOil"},{"floor":20,"key":"Weak Potion"},{"floor":24,"key":"EssenceOfSteel"},{"floor":30,"key":"ColorlessPotion"},{"floor":33,"key":"CultistPotion"},{"floor":34,"key":"EssenceOfDarkness"},{"floor":46,"key":"Strength Potion"},{"floor":47,"key":"Weak Potion"}],"is_trial":false,"path_per_floor":["M","M","T","?","M","R","M","M","T","?","?","R","E","?","R","B",null,"M","T","?","M","M","R","E","R","T","M","M","M","M","T","R","B",null,"M","$","?","M","M","R","?","?","T","M","T","M","M","?","R","B"],"character_chosen":"DEFECT","items_purchased":["Bag of Marbles","Happy Flower","HandDrill","Static Discharge","DistilledChaos","Sling","Static Discharge","LiquidBronze","Ornamental Fan","Impatience"],"campfire_rested":6,"item_purchase_floors":[0,0,0,0,0,36,36,36,36,36],"current_hp_per_floor":[74,72,72,75,75,75,74,69,69,56,74,74,68,50,72,44,75,59,59,59,52,38,60,24,46,46,46,51,43,34,34,56,15,80,47,47,47,26,8,31,83,83,83,82,82,78,61,61,85,0,0],"gold":46,"neow_bonus":"","is_daily":false,"chose_seed":false,"campfire_upgraded":2,"win_rate":0.0,"timestamp":1611639624,"path_taken":["M","?","?","?","?","R","M","M","T","?","?","R","E","?","R","BOSS","M","?","?","M","?","R","E","R","T","M","M","?","M","?","R","BOSS","M","$","?","M","M","R","?","?","T","M","?","M","M","?","R","BOSS"],"items_purchased_type":["Relic","Relic","Relic","Card","Potion","Relic","Card","Potion","Relic","Card"],"build_version":"2020-12-22","purchased_purges":1,"victory":false,"max_hp_per_floor":[75,75,75,75,75,75,75,75,75,75,75,75,75,75,75,75,75,75,75,75,75,75,75,75,75,75,75,75,75,75,75,75,75,80,80,77,77,77,77,77,83,83,83,85,85,85,85,85,85,85,85],"card_choices":[{"not_picked":["Fusion","Reprogram"],"picked":"Undo","floor":1},{"not_picked":["Barrage","Hologram"],"picked":"Static Discharge","floor":2},{"not_picked":["Gash","Barrage"],"picked":"Consume","floor":5},{"not_picked":["Rip and Tear","Gash","Coolheaded"],"picked":"SKIP","floor":7},{"not_picked":["Stack","Steam","Barrage"],"picked":"SKIP","floor":8},{"not_picked":["Barrage","Leap"],"picked":"Conserve Battery","floor":10},{"not_picked":["Reinforced Body","Go for the Eyes"],"picked":"Heatsinks","floor":13},{"not_picked":["Seek","Hyperbeam"],"picked":"Reboot","floor":16},{"not_picked":["Steam","Cold Snap","Barrage"],"picked":"SKIP","floor":18},{"not_picked":["Steam","Redo+1"],"picked":"BootSequence","floor":21},{"not_picked":["Genetic Algorithm","Ball Lightning"],"picked":"Scrape","floor":22},{"not_picked":["Ball Lightning","Rip and Tear"],"picked":"Lockon","floor":24},{"not_picked":["Go for the Eyes","Streamline"],"picked":"Hello World+1","floor":27},{"not_picked":["Sweeping Beam+1","Genetic Algorithm","Rebound"],"picked":"SKIP","floor":28},{"not_picked":["Rebound+1","Melter"],"picked":"Capacitor+1","floor":29},{"not_picked":["Hologram","Meteor Strike"],"picked":"Heatsinks","floor":30},{"not_picked":["Fission","Rainbow"],"picked":"Machine Learning","floor":33},{"not_picked":["Hologram+1","Ball Lightning"],"picked":"Sunder+1","floor":34},{"not_picked":["Chill","Force Field+1"],"picked":"White Noise+1","floor":35},{"not_picked":["Thinking Ahead","Finesse"],"picked":"The Bomb","floor":37},{"not_picked":["Beam Cell+1","Glacier"],"picked":"Storm","floor":38},{"not_picked":["Go for the Eyes","Turbo"],"picked":"Reinforced Body+1","floor":39},{"not_picked":["Fusion","Doom and Gloom","Sunder+1"],"picked":"Singing Bowl","floor":44},{"not_picked":["Gash","Compile Driver"],"picked":"Reprogram+1","floor":46},{"not_picked":["Sweeping Beam","Barrage"],"picked":"Aggregate+1","floor":47}],"player_experience":425508,"relics_obtained":[{"floor":3,"key":"Mummified Hand"},{"floor":9,"key":"Tiny Chest"},{"floor":10,"key":"Pen Nib"},{"floor":13,"key":"Nunchaku"},{"floor":19,"key":"Whetstone"},{"floor":24,"key":"Toy Ornithopter"},{"floor":26,"key":"Mercury Hourglass"},{"floor":31,"key":"Centennial Puzzle"},{"floor":43,"key":"Singing Bowl"},{"floor":45,"key":"Toxic Egg 2"}],"event_choices":[{"damage_healed":3,"gold_gain":0,"player_choice":"Full Heal","damage_taken":0,"max_hp_gain":0,"max_hp_loss":0,"event_name":"Wheel of Change","floor":4,"gold_loss":0},{"damage_healed":0,"gold_gain":0,"player_choice":"Searched \u00271\u0027 times","damage_taken":0,"max_hp_gain":0,"max_hp_loss":0,"event_name":"Dead Adventurer","floor":10,"gold_loss":0},{"damage_healed":18,"gold_gain":0,"player_choice":"Healed and dodged fight","damage_taken":0,"max_hp_gain":0,"max_hp_loss":0,"event_name":"Mushrooms","floor":11,"gold_loss":0,"cards_obtained":["Parasite"]},{"damage_healed":0,"gold_gain":0,"player_choice":"Success","damage_taken":18,"relics_obtained":["Darkstone Periapt"],"max_hp_gain":0,"max_hp_loss":0,"event_name":"Scrap Ooze","floor":14,"gold_loss":0},{"damage_healed":0,"gold_gain":0,"player_choice":"Got Potions","damage_taken":0,"max_hp_gain":0,"max_hp_loss":0,"event_name":"Lab","floor":20,"gold_loss":0},{"damage_healed":0,"gold_gain":0,"player_choice":"Memory 1","damage_taken":0,"max_hp_gain":0,"max_hp_loss":0,"event_name":"SensoryStone","floor":37,"gold_loss":0},{"damage_healed":46,"gold_gain":0,"player_choice":"Heal","damage_taken":0,"max_hp_gain":0,"max_hp_loss":0,"event_name":"MindBloom","floor":41,"gold_loss":0,"cards_obtained":["Doubt"]},{"damage_healed":0,"gold_gain":0,"player_choice":"Paid","damage_taken":0,"relics_obtained":["Red Mask"],"max_hp_gain":0,"max_hp_loss":0,"event_name":"Tomb of Lord Red Mask","floor":42,"gold_loss":169},{"cards_removed":["Strike_B"],"damage_healed":0,"gold_gain":0,"player_choice":"Removed Attack","damage_taken":0,"max_hp_gain":0,"max_hp_loss":0,"event_name":"Falling","floor":48,"gold_loss":0}],"is_beta":false,"boss_relics":[{"not_picked":["Sozu","Velvet Choker"],"picked":"Nuclear Battery"},{"not_picked":["Empty Cage","Busted Crown"],"picked":"Tiny House"}],"items_purged_floors":[36],"is_endless":false,"potions_floor_spawned":[1,7,10,16,18,24,30,33,38,46,47],"killed_by":"Time Eater","ascension_level":0}}