{"host":"6q94iy5iz6612v89","time":1611698363,"event":{"mods":["2.2 Compatiblity","AchievementEnabler","BaseMod","Colored Map","DeckTracker","Keyboard Shortcuts","Marisa£¨Ùöéë¡¡Øª×âÞÞ£©","Minty Spire (QoL Compilation)","Permanent Neow","StSLib","SuperFastMode"],"gold_per_floor":[113,133,152,163,163,163,178,203,203,278,278,59,77,77,77,176,176,188,208,219,134,34,64,80,80,152,152,199,199,213,213,213,312,312,331,331,331],"floor_reached":36,"language":"KOR","playtime":901,"items_purged":["Strike_MRS","Strike_MRS"],"score":669,"play_id":"6be3bf48-aa15-4ac7-8092-06d99e0bb62d","local_time":"20210127065923","is_ascension_mode":true,"campfire_choices":[{"data":"MasterSpark","floor":6,"key":"SMITH"},{"data":"OortCloud","floor":11,"key":"SMITH"},{"data":"EnergyFlow","floor":15,"key":"SMITH"},{"data":"MilkyWay","floor":29,"key":"SMITH"},{"data":"EnergyFlow","floor":32,"key":"SMITH"}],"circlet_count":0,"master_deck":["AscendersBane","Defend_MRS","Defend_MRS","Defend_MRS","MasterSpark+1","UpSweep","EnergyFlow+1","OortCloud+1","EnergyFlow+1","ShootingEcho","EnergyRecoil","UltimateShortwave","StarBarrage+1","MilkyWay+1","GalacticHalo"],"relics":["MiniHakkero","Eternal Feather","Meat on the Bone","Lee\u0027s Waffle","SacredBark","Strawberry","Lizard Tail","Sundial","Coffee Dripper"],"acts_visited":["Exordium","TheCity","TheBeyond"],"potions_floor_usage":[8,16,18,18,23,27,31],"damage_taken":[{"damage":5,"enemies":"Small Slimes","floor":1,"turns":5},{"damage":4,"enemies":"2 Louse","floor":2,"turns":4},{"damage":7,"enemies":"Jaw Worm","floor":3,"turns":4},{"damage":0,"enemies":"Large Slime","floor":4,"turns":6},{"damage":2,"enemies":"Blue Slaver","floor":7,"turns":3},{"damage":14,"enemies":"3 Sentries","floor":8,"turns":7},{"damage":0,"enemies":"Exordium Wildlife","floor":13,"turns":4},{"damage":3,"enemies":"The Guardian","floor":16,"turns":7},{"damage":12,"enemies":"2 Thieves","floor":18,"turns":4},{"damage":8,"enemies":"Spheric Guardian","floor":19,"turns":5},{"damage":19,"enemies":"Snecko","floor":20,"turns":5},{"damage":39,"enemies":"Gremlin Leader","floor":23,"turns":6},{"damage":21,"enemies":"Shelled Parasite and Fungi","floor":24,"turns":5},{"damage":0,"enemies":"Slavers","floor":27,"turns":1},{"damage":5,"enemies":"Snake Plant","floor":30,"turns":4},{"damage":19,"enemies":"Colosseum Slavers","floor":31,"turns":7},{"damage":32,"enemies":"Automaton","floor":33,"turns":5},{"damage":15,"enemies":"Orb Walker","floor":35,"turns":4},{"damage":113,"enemies":"Orin","floor":36,"turns":6}],"seed_played":"7373257727088790263","potions_obtained":[{"floor":1,"key":"Block Potion"},{"floor":2,"key":"GamblersBrew"},{"floor":7,"key":"Strength Potion"},{"floor":8,"key":"LiquidMemories"},{"floor":18,"key":"FearPotion"},{"floor":19,"key":"EssenceOfSteel"},{"floor":20,"key":"SmokeBomb"}],"is_trial":false,"path_per_floor":["M","M","M","M","?","R","M","E","T","?","R","$","M","?","R","B",null,"M","M","M","?","$","E","M","?","T","E","T","R","M","?","R","B",null,"M","?"],"character_chosen":"MARISA","items_purchased":["Lee\u0027s Waffle"],"campfire_rested":0,"item_purchase_floors":[12],"current_hp_per_floor":[63,59,52,52,52,52,50,36,36,25,31,75,75,80,80,77,79,67,59,52,59,59,32,23,6,6,18,18,24,31,24,33,13,72,57,0,0],"gold":331,"neow_bonus":"TRANSFORM_TWO_CARDS","is_daily":false,"chose_seed":false,"campfire_upgraded":5,"win_rate":0.0,"timestamp":1611698363,"path_taken":["M","M","M","M","?","R","M","E","T","?","R","$","M","?","R","BOSS","M","M","M","?","$","E","M","?","T","E","?","R","?","?","R","BOSS","M","?"],"items_purchased_type":["Relic"],"build_version":"2020-12-22","purchased_purges":2,"victory":false,"max_hp_per_floor":[68,68,68,68,68,68,68,68,68,68,68,75,75,80,80,80,80,80,80,80,87,87,87,87,92,92,92,92,92,92,92,92,92,92,92,92,92],"card_choices":[{"not_picked":["MagicChant","EarthLightRay"],"picked":"EnergyFlow","floor":1},{"not_picked":["DC","MagicChant"],"picked":"ShootingEcho","floor":2},{"not_picked":["SporeBomb","Singularity","DC"],"picked":"SKIP","floor":3},{"not_picked":["ManaConvection","SporeBomb","PowerUp"],"picked":"SKIP","floor":4},{"not_picked":["AsteroidBelt","ShootingEcho"],"picked":"EnergyRecoil","floor":7},{"not_picked":["RefractionSpark","BlazingStar","UnstableBomb"],"picked":"SKIP","floor":8},{"not_picked":["DarkSpark","MysteriousBeam","PowerUp"],"picked":"SKIP","floor":13},{"not_picked":["BlazingStar","TreasureHunter"],"picked":"UltimateShortwave","floor":16},{"not_picked":["SprinkleStarSeal","FairyDestructionRay","Acceleration+1"],"picked":"SKIP","floor":18},{"not_picked":["OrrerysSun","FairyDestructionRay","UnstableBomb"],"picked":"SKIP","floor":19},{"not_picked":["ChargeUpSpray","ManaConvection","LuminesStrike"],"picked":"SKIP","floor":20},{"not_picked":["GrandCross","EnergyFlow"],"picked":"StarBarrage+1","floor":23},{"not_picked":["Acceleration","EscapeVelocity"],"picked":"MilkyWay","floor":24},{"not_picked":["Singularity","LuminesStrike"],"picked":"GalacticHalo","floor":30},{"not_picked":["Occultation","MeteoricShower","6A"],"picked":"SKIP","floor":35}],"player_experience":1497720,"relics_obtained":[{"floor":8,"key":"Eternal Feather"},{"floor":9,"key":"Meat on the Bone"},{"floor":23,"key":"Lizard Tail"},{"floor":26,"key":"Sundial"}],"event_choices":[{"cards_removed":["Strike_MRS"],"damage_healed":0,"gold_gain":0,"player_choice":"Forget","damage_taken":0,"max_hp_gain":0,"max_hp_loss":0,"event_name":"Living Wall","floor":5,"gold_loss":0},{"damage_healed":0,"gold_gain":75,"player_choice":"Gather Gold","damage_taken":11,"max_hp_gain":0,"max_hp_loss":0,"event_name":"World of Goop","floor":10,"gold_loss":0},{"damage_healed":0,"gold_gain":0,"player_choice":"Donut","damage_taken":0,"max_hp_gain":5,"max_hp_loss":0,"event_name":"Big Fish","floor":14,"gold_loss":0},{"damage_healed":0,"gold_gain":0,"player_choice":"Obtained Relic","damage_taken":0,"relics_obtained":["Strawberry"],"max_hp_gain":0,"max_hp_loss":0,"event_name":"Addict","floor":21,"gold_loss":85},{"damage_healed":0,"gold_gain":0,"player_choice":"Shed Blood","damage_taken":22,"max_hp_gain":5,"max_hp_loss":0,"event_name":"Forgotten Altar","floor":25,"gold_loss":0},{"damage_healed":0,"gold_gain":0,"player_choice":"Fight","damage_taken":0,"max_hp_gain":0,"max_hp_loss":0,"event_name":"Colosseum","floor":31,"gold_loss":0},{"damage_healed":0,"gold_gain":0,"player_choice":"Fled From Nobs","damage_taken":0,"max_hp_gain":0,"max_hp_loss":0,"event_name":"Colosseum","floor":31,"gold_loss":0},{"damage_healed":0,"gold_gain":0,"player_choice":"Fight","damage_taken":0,"max_hp_gain":0,"max_hp_loss":0,"event_name":"OrinTheCat","floor":36,"gold_loss":0}],"is_beta":false,"boss_relics":[{"not_picked":["Pandora\u0027s Box","BewitchedHakkero"],"picked":"SacredBark"},{"not_picked":["RampagingMagicTools","Astrolabe"],"picked":"Coffee Dripper"}],"items_purged_floors":[12,22],"is_endless":false,"potions_floor_spawned":[1,2,7,8,18,19,20,31],"killed_by":"Orin","ascension_level":10}}