{"host":"mi0eibewekhugwl1","time":1611674119,"event":{"mods":["AchievementEnabler","BaseMod","Colored Map","Colored Powertips","DeckTracker","Keyboard Shortcuts","Minty Spire (QoL Compilation)","Quick Restart","Rare Cards Sparkle","Relic Stats","StSLib","SuperFastMode","everything is the same but u backflip on backflip"],"gold_per_floor":[214,214,214,234,234,234,40,50,50,68,80,60,60,77,77,153,153,167,167,179,194,194,194],"floor_reached":22,"language":"KOR","playtime":602,"items_purged":[],"score":356,"play_id":"9875916a-e69e-43eb-b4bb-1f00e5c55a08","local_time":"20210127001519","is_ascension_mode":true,"campfire_choices":[{"floor":6,"key":"REST"},{"data":"Well Laid Plans","floor":13,"key":"SMITH"},{"data":"Footwork","floor":15,"key":"SMITH"}],"circlet_count":0,"master_deck":["AscendersBane","Strike_G+1","Strike_G","Defend_G","Defend_G","Defend_G","Defend_G+1","Defend_G","Survivor","Neutralize","Deadly Poison","Backstab","Footwork+1","Crippling Poison","Poisoned Stab","Adrenaline","Leg Sweep","Well Laid Plans+1","Tactician","Burst","PiercingWail+1","Phantasmal Killer","Slice","Blur"],"relics":["Ring of the Snake","Question Card","Pen Nib","Cursed Key"],"acts_visited":["Exordium","TheCity"],"potions_floor_usage":[16,16,21,22],"damage_taken":[{"damage":1,"enemies":"Small Slimes","floor":1,"turns":5},{"damage":0,"enemies":"Jaw Worm","floor":4,"turns":4},{"damage":0,"enemies":"Cultist","floor":8,"turns":3},{"damage":2,"enemies":"Blue Slaver","floor":10,"turns":3},{"damage":1,"enemies":"Exordium Wildlife","floor":11,"turns":4},{"damage":14,"enemies":"Exordium Thugs","floor":14,"turns":4},{"damage":20,"enemies":"The Guardian","floor":16,"turns":11},{"damage":8,"enemies":"Spheric Guardian","floor":18,"turns":6},{"damage":4,"enemies":"Shell Parasite","floor":20,"turns":7},{"damage":14,"enemies":"3 Cultists","floor":21,"turns":6},{"damage":29,"enemies":"Cultist and Chosen","floor":22,"turns":6}],"seed_played":"-165236206758321997","potions_obtained":[{"floor":8,"key":"Weak Potion"},{"floor":10,"key":"SkillPotion"},{"floor":12,"key":"DistilledChaos"},{"floor":16,"key":"Strength Potion"},{"floor":18,"key":"DuplicationPotion"}],"is_trial":false,"path_per_floor":["M","?","?","M","?","R","$","M","T","M","M","?","R","M","R","B",null,"M","?","M","M","M"],"character_chosen":"THE_SILENT","items_purchased":["Footwork","Crippling Poison","Poisoned Stab"],"campfire_rested":1,"item_purchase_floors":[7,7,7],"current_hp_per_floor":[58,38,31,31,20,39,39,39,39,37,36,36,36,22,22,2,50,42,42,38,24,0,0],"gold":194,"neow_bonus":"HUNDRED_GOLD","is_daily":false,"chose_seed":false,"campfire_upgraded":2,"win_rate":0.0,"timestamp":1611674119,"path_taken":["M","?","?","M","?","R","$","M","T","M","M","?","R","M","R","BOSS","M","?","M","M","M"],"items_purchased_type":["Card","Card","Card"],"build_version":"2020-12-22","purchased_purges":0,"victory":false,"max_hp_per_floor":[66,66,66,66,66,66,66,66,66,66,66,66,66,66,66,66,66,66,66,66,66,66,66],"relic_stats":{"counters":[11,59],"Pen Nib":[7],"Question Card":8,"Cursed Key":0,"obtain_stats":[{"Pen Nib":9,"Question Card":5,"Cursed Key":17,"Ring of the Snake":0},{"Pen Nib":3,"Question Card":2,"Cursed Key":7,"Ring of the Snake":0},{"Pen Nib":12,"Question Card":9,"Cursed Key":34,"Ring of the Snake":0}],"Ring of the Snake":[22]},"card_choices":[{"not_picked":["PiercingWail","Distraction"],"picked":"Deadly Poison","floor":1},{"not_picked":["Underhanded Strike","Bane"],"picked":"Backstab","floor":4},{"not_picked":["Backflip","Poisoned Stab","Dagger Throw"],"picked":"Adrenaline","floor":8},{"not_picked":["Choke","Acrobatics","Slice"],"picked":"Leg Sweep","floor":10},{"not_picked":["Endless Agony","Leg Sweep","Backflip"],"picked":"Well Laid Plans","floor":11},{"not_picked":["PiercingWail","Deadly Poison","Die Die Die"],"picked":"Tactician","floor":14},{"not_picked":["Grand Finale","Tools of the Trade","After Image"],"picked":"Burst","floor":16},{"not_picked":["Flying Knee","Sucker Punch+1","Backstab"],"picked":"PiercingWail+1","floor":18},{"not_picked":["Quick Slash+1","Slice","Poisoned Stab","All Out Attack"],"picked":"SKIP","floor":20},{"not_picked":["Caltrops","Dodge and Roll","Deadly Poison"],"picked":"Blur","floor":21}],"player_experience":1760937,"relics_obtained":[{"floor":9,"key":"Pen Nib"}],"event_choices":[{"damage_healed":0,"gold_gain":0,"player_choice":"Entered Light","damage_taken":20,"max_hp_gain":0,"max_hp_loss":0,"event_name":"Shining Light","floor":2,"gold_loss":0,"cards_upgraded":["Strike_G","Defend_G"]},{"cards_removed":["Strike_G"],"damage_healed":0,"gold_gain":0,"player_choice":"Card Removal","damage_taken":7,"max_hp_gain":0,"max_hp_loss":0,"event_name":"Golden Wing","floor":3,"gold_loss":0},{"damage_healed":0,"gold_gain":0,"player_choice":"Success","damage_taken":11,"relics_obtained":["Question Card"],"max_hp_gain":0,"max_hp_loss":0,"event_name":"Scrap Ooze","floor":5,"gold_loss":0},{"damage_healed":0,"gold_gain":0,"player_choice":"Bought 1 Potion","damage_taken":0,"max_hp_gain":0,"max_hp_loss":0,"event_name":"The Woman in Blue","floor":12,"gold_loss":0},{"damage_healed":0,"gold_gain":0,"cards_transformed":["Strike_G","Strike_G"],"player_choice":"Became Test Subject","damage_taken":0,"max_hp_gain":0,"max_hp_loss":0,"event_name":"Drug Dealer","floor":19,"gold_loss":0,"cards_obtained":["Phantasmal Killer","Slice"]}],"is_beta":false,"boss_relics":[{"not_picked":["Ectoplasm","Fusion Hammer"],"picked":"Cursed Key"}],"items_purged_floors":[],"is_endless":false,"potions_floor_spawned":[8,10,16,18,20],"killed_by":"Cultist and Chosen","ascension_level":20}}