{"host":"qekv59dthhdg54sz","time":1611667786,"event":{"mods":["AchievementEnabler","BaseMod","Colored Map","DeckTracker","KOR Keyword Fix","Minty Spire (QoL Compilation)","Rare Cards Sparkle","StSLib","SuperFastMode"],"gold_per_floor":[362,162,172,4,19,19,49,67,67,82,157,157,157,185,185,185,185],"floor_reached":16,"language":"KOR","playtime":294,"items_purged":["Shame","Strike_R"],"score":187,"play_id":"e30c5a77-8600-49ca-bf1b-32dccbf75c37","local_time":"20210126222946","is_ascension_mode":true,"campfire_choices":[{"data":"Twin Strike","floor":6.0,"key":"SMITH"},{"floor":13.0,"key":"REST"},{"data":"Whirlwind","floor":15,"key":"SMITH"}],"circlet_count":0,"master_deck":["AscendersBane","Strike_R","Strike_R","Strike_R","Strike_R","Defend_R","Defend_R","Defend_R","Defend_R","Bash","Twin Strike+1","Inflame","Shrug It Off","Carnage","Offering","Pommel Strike","Shrug It Off","Whirlwind+1"],"relics":["Burning Blood","Omamori","Blood Vial","Mummified Hand"],"acts_visited":["Exordium"],"potions_floor_usage":[16],"damage_taken":[{"damage":6.0,"enemies":"Cultist","floor":1.0,"turns":3.0},{"damage":0.0,"enemies":"Jaw Worm","floor":3.0,"turns":3.0},{"damage":3.0,"enemies":"2 Louse","floor":5.0,"turns":4.0},{"damage":24.0,"enemies":"Gremlin Nob","floor":7.0,"turns":4.0},{"damage":6.0,"enemies":"2 Fungi Beasts","floor":8.0,"turns":2.0},{"damage":26.0,"enemies":"Lots of Slimes","floor":10.0,"turns":4.0},{"damage":27.0,"enemies":"3 Sentries","floor":14.0,"turns":8.0},{"damage":17,"enemies":"Hexaghost","floor":16,"turns":4}],"seed_played":"7233737335444058871","potions_obtained":[{"floor":3.0,"key":"LiquidBronze"},{"floor":5.0,"key":"EssenceOfSteel"},{"floor":14,"key":"ElixirPotion"}],"is_trial":false,"path_per_floor":["M","$","M","$","M","R","E","M","T","M","?","?","R","E","R","B"],"character_chosen":"IRONCLAD","items_purchased":["Inflame","Shrug It Off","Carnage"],"campfire_rested":1,"item_purchase_floors":[2,2,4],"current_hp_per_floor":[68,68,74,74,75,75,57,57,57,39,28,28,50,31,31,16,16],"gold":185,"neow_bonus":"TWO_FIFTY_GOLD","is_daily":false,"chose_seed":false,"campfire_upgraded":2,"win_rate":0.0,"timestamp":1611667786,"path_taken":["M","$","M","$","M","R","E","?","T","M","?","?","R","E","R","BOSS"],"items_purchased_type":["Card","Card","Card"],"build_version":"2020-12-22","purchased_purges":2,"victory":false,"max_hp_per_floor":[75,75,75,75,75,75,75,75,75,75,75,75,75,75,75,75,75],"card_choices":[{"not_picked":["Havoc","Warcry"],"picked":"Twin Strike","floor":1.0},{"not_picked":["Twin Strike","Perfected Strike","Rage"],"picked":"SKIP","floor":3.0},{"not_picked":["Hemokinesis","Sword Boomerang","Metallicize"],"picked":"SKIP","floor":5.0},{"not_picked":["Armaments","Wild Strike"],"picked":"Offering","floor":7.0},{"not_picked":["Anger","Intimidate"],"picked":"Pommel Strike","floor":8.0},{"not_picked":["Flex","Warcry"],"picked":"Shrug It Off","floor":10.0},{"not_picked":["Flame Barrier","Offering"],"picked":"Whirlwind","floor":14}],"player_experience":854350,"relics_obtained":[{"floor":7.0,"key":"Omamori"},{"floor":9.0,"key":"Blood Vial"},{"floor":14,"key":"Mummified Hand"}],"event_choices":[{"damage_healed":0.0,"max_hp_gain":0.0,"max_hp_loss":0.0,"gold_gain":75.0,"event_name":"World of Goop","player_choice":"Gather Gold","floor":11.0,"gold_loss":0.0,"damage_taken":11.0},{"damage_healed":0.0,"max_hp_gain":0.0,"max_hp_loss":0.0,"gold_gain":0.0,"event_name":"The Woman in Blue","player_choice":"Bought 0 Potions","floor":12.0,"gold_loss":0.0,"damage_taken":0.0}],"is_beta":false,"boss_relics":[],"items_purged_floors":[2,4],"is_endless":false,"potions_floor_spawned":[3,5,7,14],"killed_by":"Hexaghost","ascension_level":14}}