{"host":"h4qgcirtxz6qax9j","time":1611681133,"event":{"mods":["2.2 Compatiblity","AchievementEnabler","BaseMod","Colored Powertips","Custom Start","Hermit","Marisa£¨Ùöéë¡¡Øª×âÞÞ£©","Minty Spire (QoL Compilation)","Replay The Spire","StSLib","SuperFastMode","The Servant 0.9.4"],"gold_per_floor":[219,172,188,188,208,208,169,169,169,169,184,184,198,10,10,130,130,146,146,146,166,166,166],"floor_reached":22,"language":"KOR","playtime":774,"items_purged":[],"score":174,"play_id":"12d6868e-829e-4a69-927e-896549400417","local_time":"20210127021213","is_ascension_mode":false,"campfire_choices":[{"floor":6,"key":"REST"},{"data":"1","floor":8,"key":"LIFT"},{"floor":15,"key":"REST"}],"circlet_count":0,"master_deck":["Strike_MRS+1","Strike_MRS+1","Strike_MRS+1","Strike_MRS+1","Defend_MRS+1","Defend_MRS+1","Defend_MRS+1","Defend_MRS+1","UpSweep","CurseOfTheBell","PulseMagic","GalacticHalo","MaximisePower","EventHorizon+1","EnergyRecoil","OortCloud","UnstableBomb","ReplayTheSpireMod:Necrogeddon","FinalSpark","GalacticHalo","DarkMatter"],"relics":["MiniHakkero","Replay:Wanted Poster","Calling Bell","Bag of Preparation","Quantum Egg","Girya","ReplayTheSpireMod:Shallot","Golden Idol","Painkiller Herb"],"acts_visited":["Exordium","TheCity"],"potions_floor_usage":[22],"damage_taken":[{"damage":9,"enemies":"Small Slimes","floor":1,"turns":4},{"damage":11,"enemies":"Cultist","floor":3,"turns":3},{"damage":7,"enemies":"2 Louse","floor":5,"turns":6},{"damage":10,"enemies":"Blue Slaver","floor":11,"turns":10},{"damage":37,"enemies":"Exordium Thugs","floor":13,"turns":8},{"damage":25,"enemies":"Fading Forest","floor":16,"turns":11},{"damage":25,"enemies":"Spheric Guardian","floor":18,"turns":6},{"damage":0,"enemies":"3 Byrds","floor":21,"turns":6},{"damage":64,"enemies":"Cultist and Chosen","floor":22,"turns":6}],"seed_played":"4851519066856351528","potions_obtained":[{"floor":3,"key":"BlessingOfTheForge"},{"floor":18,"key":"PowerPotion"}],"is_trial":false,"path_per_floor":["M","$","M","?","M","R","$","R","T","?","M","?","M","$","R","B",null,"?","T","?","?","?"],"character_chosen":"MARISA","items_purchased":["GalacticHalo","EnergyRecoil","ReplayTheSpireMod:Necrogeddon"],"campfire_rested":2,"item_purchase_floors":[2,7,14],"current_hp_per_floor":[66,66,55,55,48,70,70,70,70,69,59,59,22,22,42,45,69,44,44,44,44,0,0],"gold":166,"neow_bonus":"DOUBLE_BOSS_RELIC","is_daily":false,"chose_seed":false,"campfire_upgraded":0,"win_rate":0.0,"timestamp":1611681133,"path_taken":["M","$","M","?","M","R","$","R","T","?","M","?","?","$","R","BOSS","?","T","?","?","?"],"items_purchased_type":["Card","Card","Card"],"build_version":"2020-12-22","purchased_purges":0,"victory":false,"max_hp_per_floor":[75,75,75,75,75,75,75,75,75,69,69,69,69,69,69,69,69,69,69,69,69,69,69],"card_choices":[{"not_picked":["WitchLeyline","ShootTheMoon"],"picked":"PulseMagic","floor":1},{"not_picked":["MachineGunSpark","AsteroidBelt"],"picked":"MaximisePower","floor":3},{"not_picked":["GalacticHalo","MagicChant","MysteriousBeam"],"picked":"SKIP","floor":5},{"not_picked":["ManaConvection","GrandCross"],"picked":"OortCloud","floor":11},{"not_picked":["ShootingEcho","LuminesStrike"],"picked":"UnstableBomb","floor":13},{"not_picked":["CasketOfStar","JA"],"picked":"FinalSpark","floor":16},{"not_picked":["NonDirectionalLaser","GravityBeat"],"picked":"GalacticHalo","floor":18},{"not_picked":["Acceleration","DC"],"picked":"DarkMatter","floor":21}],"player_experience":108642,"relics_obtained":[{"floor":0,"key":"Bag of Preparation"},{"floor":0,"key":"Quantum Egg"},{"floor":0,"key":"Girya"},{"floor":9,"key":"ReplayTheSpireMod:Shallot"}],"event_choices":[{"damage_healed":0,"gold_gain":0,"player_choice":"Lose Max HP","damage_taken":0,"relics_obtained":["Golden Idol"],"max_hp_gain":0,"max_hp_loss":6,"event_name":"Golden Idol","floor":10,"gold_loss":0},{"damage_healed":0,"gold_gain":0,"player_choice":"Bought 0 Potions","damage_taken":0,"max_hp_gain":0,"max_hp_loss":0,"event_name":"The Woman in Blue","floor":12,"gold_loss":0},{"damage_healed":0,"gold_gain":0,"player_choice":"Simplicity","damage_taken":0,"max_hp_gain":0,"max_hp_loss":0,"event_name":"Back to Basics","floor":20,"gold_loss":0,"cards_upgraded":["Strike_MRS","Strike_MRS","Strike_MRS","Strike_MRS","Defend_MRS","Defend_MRS","Defend_MRS","Defend_MRS"]}],"is_beta":false,"boss_relics":[{"not_picked":["Black Star","Snecko Eye"],"picked":"Painkiller Herb"}],"items_purged_floors":[],"is_endless":false,"potions_floor_spawned":[3,18],"killed_by":"Cultist and Chosen","ascension_level":0}}