{"host":"43gh4c2f6tt319we","time":1611653402,"event":{"mods":["ATMod(∞¢Ë™Mod)","Act Like it!","Arknights The Spire","BaseMod","Gensokyo","Hallownest","KinomotoSakuraMod(ƒæ÷Æ±æ”£)","Lobotomy","Minty Spire (QoL Compilation)","Pale of the Ancients","Reimu£®≤©¿ˆ¡È√Œ£©","Remilia£®¿Ÿ√◊¿Ú—«£©","StSLib","The Alterego","The Bug Knight","Yakumo Yukari mod","Youmu£®ªÍ∆«—˝√Œ£©"],"gold_per_floor":[999,1014,1014,1031,1031,1031,1057,1132,1159,1159,659,669,529,459,459,459,562,562,577,156,156,556,556,556,585,585,585,585,585],"floor_reached":78,"language":"ZHS","playtime":1655,"items_purged":["ats:Strike V","Clumsy"],"score":488,"play_id":"b23fa624-e8a1-45c0-b458-1982a4e2af2a","local_time":"20210126183002","is_ascension_mode":false,"campfire_choices":[{"data":"ats:Volcano","floor":66,"key":"SMITH"},{"data":"ats:Volcano","floor":74,"key":"SMITH"},{"data":"Chrysalis","floor":76,"key":"SMITH"}],"circlet_count":0,"master_deck":["ats:Strike C","ats:Strike G","ats:Strike S","ats:Armor Crushing Shot","ats:Defend","ats:Defend","ats:Defend+1","ats:Defend","ats:Emotion Absorption","AT_FamilyPortrait+1","ats:Nebulous Foxfire","HereticApostle","ats:Ignite","Injury","ats:Volcano+1","ats:Guard Mode","Chrysalis+1","ats:Volcano+1","BlueStar","ats:Roar Of Ursus","ats:Overload","ats:Song Of Battle","WhiteNight","ats:Overload"],"relics":["ats:Sanity Plus","AT_ATBox","CogitoBucket","Gensokyo:PortableGap","Gensokyo:NagashiBinaDoll","AT_RabadonDeathcap","ats:Originium","Oddly Smooth Stone","ats:Lavender","Bird Faced Urn","ats:Bonebreaker","Gremlin Horn","Mercury Hourglass","White Beast Statue","AT_Manta"],"acts_visited":["Exordium","Gensokyo:Gensokyo"],"potions_floor_usage":[57],"damage_taken":[{"damage":7,"enemies":"Gensokyo:Gryphon","floor":52,"turns":3},{"damage":0,"enemies":"Gensokyo:2_Kodama","floor":54,"turns":2},{"damage":9,"enemies":"Gensokyo:Mamizou","floor":57,"turns":9},{"damage":34,"enemies":"Gensokyo:Aya","floor":59,"turns":7},{"damage":0,"enemies":"Gensokyo:Python","floor":62,"turns":3},{"damage":37,"enemies":"Gensokyo:Yukari","floor":67,"turns":8},{"damage":16,"enemies":"Gensokyo:2_Gloops","floor":69,"turns":3},{"damage":6,"enemies":"Gensokyo:Reisen","floor":75,"turns":6},{"damage":0,"enemies":"Gensokyo:AngelMirror","floor":78,"turns":3}],"seed_played":"-2223981857936285850","potions_obtained":[{"floor":52,"key":"PowerPotion"},{"floor":62,"key":"Swift Potion"},{"floor":67,"key":"DuplicationPotion"}],"is_trial":false,"path_per_floor":["M","?","M","?","?","E","T","E","T","$","M","?","?","?","R","B",null,"M","$","?","?","T","R","E","R","T","M"],"character_chosen":"DOCTOR_CLASS","items_purchased":["Chrysalis","Gremlin Horn","ats:Overload","Mercury Hourglass"],"campfire_rested":0,"item_purchase_floors":[61,61,70,70],"current_hp_per_floor":[72,65,65,65,65,65,83,83,74,74,74,79,79,79,79,79,83,83,74,74,74,74,74,74,80,80,77,77,77],"gold":585,"neow_bonus":"","is_daily":false,"chose_seed":false,"campfire_upgraded":3,"win_rate":0.0,"timestamp":1611653402,"path_taken":["M","?","?","?","?","E","?","E","T","$","?","?","?","?","R","BOSS","M","$","?","?","?","R","E","R","T","?"],"items_purchased_type":["Card","Relic","Card","Relic"],"build_version":"2020-12-22","purchased_purges":2,"victory":false,"max_hp_per_floor":[92,92,83,83,83,83,83,83,83,83,83,83,83,83,83,83,83,83,83,83,83,83,83,80,80,80,77,77,77],"card_choices":[{"not_picked":["ats:Defend Order","ats:Counter Healing Mode"],"picked":"ats:Nebulous Foxfire","floor":52},{"not_picked":["BigBird","CENSORED"],"picked":"DespairKnight","floor":54},{"not_picked":["ats:Assault Order","ats:Guard Mode"],"picked":"ats:Ignite","floor":54},{"not_picked":["ats:Directed Diagnosis","ats:Powerful Strike"],"picked":"ats:Volcano","floor":57},{"not_picked":["ats:Poison Spread","ats:Assault Order"],"picked":"ats:Guard Mode","floor":59},{"not_picked":["ats:Closed Bolt Burst Fire","ats:Revitalization"],"picked":"ats:Volcano","floor":62},{"not_picked":["SilentOrchestra","Laetitia"],"picked":"BlueStar","floor":62},{"not_picked":["ats:Echo Reverb","ats:Nebulous Foxfire"],"picked":"ats:Roar Of Ursus","floor":67},{"not_picked":["ats:Flexible Camouflage+1","ats:Directed Diagnosis","ats:Hammer On"],"picked":"SKIP","floor":69},{"not_picked":["BodiesMountain","CENSORED"],"picked":"WhiteNight","floor":75},{"not_picked":["ats:Revitalization","ats:Closed Bolt Burst Fire"],"picked":"ats:Overload","floor":75}],"player_experience":475301,"relics_obtained":[{"floor":57,"key":"ats:Originium"},{"floor":57,"key":"Oddly Smooth Stone"},{"floor":58,"key":"ats:Lavender"},{"floor":59,"key":"ats:Originium"},{"floor":59,"key":"Bird Faced Urn"},{"floor":60,"key":"ats:Bonebreaker"},{"floor":75,"key":"ats:Originium"},{"floor":75,"key":"White Beast Statue"},{"floor":77,"key":"AT_Manta"}],"event_choices":[],"is_beta":false,"boss_relics":[{"not_picked":["Runic Dome","Ectoplasm"],"picked":"ats:Sanity Plus"}],"items_purged_floors":[61,70],"is_endless":false,"potions_floor_spawned":[52,62,67,75],"killed_by":"Gensokyo:AngelMirror","ascension_level":0}}