{"host":"9slw7l0ws16384qq","time":1611631400,"event":{"mods":["A Penny For Your Troubles","BaseMod","Clockwork Mod","Colored Map","Evolution","Hermit","Hubris","Minty Spire (QoL Compilation)","Replay The Spire","Shedinja","StS++","StSLib","The Dragon Tamer","The Marked"],"gold_per_floor":[13,27,27,27,27,71,71,89,89,14,14,30,54,77,77,200,200,225,243,243,243,261,261,261,161,161,36,64,73,98,118,118,138,147,171,201,237,263,113,113,150,175,175,175,196,239,64,94,94,102],"floor_reached":51,"language":"FRA","playtime":2852,"items_purged":["hermit:Strike_Hermit","hermit:Defend_Hermit","hermit:Defend_Hermit","hermit:Defend_Hermit","hermit:Snapshot"],"score":710,"play_id":"f7c1c86e-9175-410b-9c87-d9ecb353a90f","local_time":"20210126042320","is_ascension_mode":false,"campfire_choices":[{"data":"hermit:CursedWeapon","floor":7.0,"key":"SMITH"},{"data":"hubris:DuctTapeCard","floor":11.0,"key":"SMITH"},{"data":"hermit:Grudge","floor":15.0,"key":"SMITH"},{"data":"hermit:Scavenge","floor":23.0,"key":"SMITH"},{"data":"hermit:Defend_Hermit","floor":32,"key":"PURGE"},{"floor":40,"key":"REST"},{"data":"hermit:Scavenge","floor":44,"key":"SMITH"},{"data":"hermit:Dissolve","floor":49,"key":"SMITH"}],"circlet_count":0,"master_deck":["hermit:SprayPray","hermit:SprayPray","hermit:SprayPray","hermit:Covet","hermit:CursedWeapon+1","hermit:Grudge+1","hermit:Dissolve+1","J.A.X.+1","hermit:Scavenge+1","Pain","hubris:DuctTapeCard","CurseOfTheBell","hermit:ShadowCloak+1","hermit:Scavenge+1","hermit:FlashPowder+1"],"relics":["hermit:Momento","EVO:Axolotl","Golden Idol","Shedinja:ExtraMaxHp","hubris:DuctTape","Pantograph","hubris:Backtick","Ginger","Meat on the Bone","CeramicFish","WarpedTongs","Calling Bell","Boot","InkBottle","hubris:CuriousFeather","Blue Candle","Onion Ring"],"acts_visited":["Exordium","TheCity","TheBeyond"],"potions_floor_usage":[38,50,50],"damage_taken":[{"damage":1.0,"enemies":"Jaw Worm","floor":1.0,"turns":3.0},{"damage":2.0,"enemies":"2 Louse","floor":2.0,"turns":1.0},{"damage":20.0,"enemies":"3 Sentries","floor":6.0,"turns":12.0},{"damage":0.0,"enemies":"Small Slimes","floor":8.0,"turns":3.0},{"damage":8.0,"enemies":"Exordium Wildlife","floor":12.0,"turns":6.0},{"damage":0.0,"enemies":"Exordium Thugs","floor":13.0,"turns":5.0},{"damage":0.0,"enemies":"Blue Slaver","floor":14.0,"turns":3.0},{"damage":14.0,"enemies":"The Guardian","floor":16.0,"turns":17.0},{"damage":0.0,"enemies":"3 Byrds","floor":18.0,"turns":4.0},{"damage":0.0,"enemies":"Chosen","floor":19.0,"turns":5.0},{"damage":8.0,"enemies":"Snake Plant","floor":22.0,"turns":4.0},{"damage":0.0,"enemies":"Chosen and Byrds","floor":28.0,"turns":4.0},{"damage":0.0,"enemies":"Sentry and Sphere","floor":30.0,"turns":3.0},{"damage":3.0,"enemies":"Snake Plant","floor":31.0,"turns":3.0},{"damage":38,"enemies":"Automaton","floor":33,"turns":9},{"damage":6,"enemies":"3 Shapes","floor":35,"turns":5},{"damage":16,"enemies":"3 Darklings","floor":36,"turns":4},{"damage":0,"enemies":"Maw","floor":37,"turns":6},{"damage":33,"enemies":"4 Shapes","floor":38,"turns":5},{"damage":0,"enemies":"Transient","floor":41,"turns":5},{"damage":0,"enemies":"Jaw Worm Horde","floor":42,"turns":5},{"damage":9,"enemies":"Sphere and 2 Shapes","floor":45,"turns":4},{"damage":1,"enemies":"Giant Head","floor":46,"turns":8},{"damage":0,"enemies":"Maw","floor":48,"turns":5},{"damage":41,"enemies":"Awakened One","floor":50,"turns":10}],"seed_played":"8316412024330711914","potions_obtained":[{"floor":6.0,"key":"FearPotion"},{"floor":12.0,"key":"LiquidBronze"},{"floor":13.0,"key":"Strength Potion"},{"floor":38,"key":"SteroidPotion"}],"is_trial":false,"path_per_floor":["M","M","?","?","?","E","R","M","T","$","R","M","M","M","R","B",null,"M","M","?","?","M","R","?","$","T","$","M","?","M","M","R_BF","B",null,"M","M","M","M","$","R","M","M","T","R","M","E","$","M","R","B",null],"character_chosen":"HERMIT","items_purchased":[],"campfire_rested":1,"item_purchase_floors":[],"current_hp_per_floor":[88,86,64,64,64,44,44,44,44,44,44,36,36,36,36,47,89,89,89,89,89,81,81,81,81,81,81,81,81,81,78,78,51,89,83,67,67,46,46,72,72,72,72,72,63,62,62,62,62,46],"gold":102,"neow_bonus":"TWENTY_PERCENT_HP_BONUS","is_daily":false,"chose_seed":false,"campfire_upgraded":6,"win_rate":0.0,"timestamp":1611631400,"path_taken":["M","M","?","?","?","E","R","?","T","?","R","M","M","?","R","BOSS","M","M","?","?","M","R","?","$","T","?","M","?","?","M","R_BF","BOSS","M","M","M","M","?","R","M","M","T","R","?","E","$","M","R","BOSS"],"items_purchased_type":[],"build_version":"2020-12-22","purchased_purges":5,"victory":true,"max_hp_per_floor":[89,89,89,89,89,89,89,89,89,89,89,89,89,89,89,89,89,89,89,89,89,89,89,89,89,89,89,89,89,89,89,89,89,89,89,89,89,89,89,89,89,89,89,89,89,89,89,89,89,89],"card_choices":[{"not_picked":["hermit:ItchyTrigger","hermit:Feint"],"picked":"hermit:CursedWeapon","floor":1.0},{"not_picked":["hermit:Deadeye","hermit:Feint"],"picked":"hermit:Scavenge","floor":2.0},{"not_picked":["hermit:Ricochet","hermit:Dive"],"picked":"hermit:ShadowCloak","floor":6.0},{"not_picked":["hermit:Feint","hermit:Misfire","hermit:TrackingShot"],"picked":"SKIP","floor":8.0},{"not_picked":["hermit:Coalescence","hermit:Headshot","hermit:Glare"],"picked":"SKIP","floor":12.0},{"not_picked":["hermit:Gestalt","hermit:FatalDesire"],"picked":"hermit:Grudge","floor":13.0},{"not_picked":["hermit:Headshot","hermit:WideOpen","hermit:Snipe"],"picked":"SKIP","floor":14.0},{"not_picked":["hermit:EternalForm","hermit:FatalDesire"],"picked":"hermit:Dissolve","floor":16.0},{"not_picked":["hermit:Feint","hermit:BodyArmor","hermit:LowProfile"],"picked":"SKIP","floor":18.0},{"not_picked":["hermit:Desperado","hermit:Glare","hermit:Feint"],"picked":"SKIP","floor":19.0},{"not_picked":["hermit:Maintenance","hermit:Roulette"],"picked":"hermit:Scavenge","floor":22.0},{"not_picked":["hermit:Deadeye","hermit:Dive","hermit:Determination"],"picked":"SKIP","floor":28.0},{"not_picked":["hermit:Manifest","hermit:Glare","hermit:Deadeye"],"picked":"SKIP","floor":30.0},{"not_picked":["hermit:Shortfuse","hermit:WideOpen+1","hermit:FinalCanter"],"picked":"SKIP","floor":31.0},{"not_picked":["hermit:CalledShot+1","hermit:Desperado","hermit:SprayPray"],"picked":"SKIP","floor":35},{"not_picked":["hermit:WideOpen+1","hermit:Enervate"],"picked":"hermit:ShadowCloak+1","floor":36},{"not_picked":["hermit:Manifest","hermit:LuckOfTheDraw+1"],"picked":"hermit:Scavenge","floor":37},{"not_picked":["hermit:Coalescence","hermit:HighCaliber+1","hermit:Spite"],"picked":"SKIP","floor":38},{"not_picked":["hermit:Glare+1","hermit:DeadMansHand+1"],"picked":"hermit:FlashPowder+1","floor":41},{"not_picked":["hermit:Roulette","hermit:FullyLoaded","hermit:Dive"],"picked":"SKIP","floor":42},{"not_picked":["hermit:FinalCanter","hermit:Glare","hermit:Determination"],"picked":"SKIP","floor":45},{"not_picked":["hermit:DeadMansHand+1","hermit:Enervate","hermit:Headshot+1"],"picked":"SKIP","floor":46},{"not_picked":["hermit:SprayPray","hermit:Quickdraw","hermit:Snipe+1"],"picked":"SKIP","floor":48}],"player_experience":1840969,"relics_obtained":[{"floor":6.0,"key":"hubris:DuctTape"},{"floor":9.0,"key":"Pantograph"},{"floor":26.0,"key":"CeramicFish"},{"floor":34,"key":"Boot"},{"floor":34,"key":"InkBottle"},{"floor":34,"key":"hubris:CuriousFeather"},{"floor":43,"key":"Blue Candle"},{"floor":46,"key":"Onion Ring"}],"event_choices":[{"damage_healed":0.0,"max_hp_gain":0.0,"max_hp_loss":0.0,"gold_gain":0.0,"event_name":"Golden Idol","player_choice":"Take Damage","floor":3.0,"gold_loss":0.0,"damage_taken":22.0,"relics_obtained":["Golden Idol"]},{"damage_healed":0.0,"max_hp_gain":0.0,"max_hp_loss":0.0,"gold_gain":0.0,"event_name":"Liars Game","player_choice":"Ignored","floor":4.0,"gold_loss":0.0,"damage_taken":0.0},{"damage_healed":0.0,"max_hp_gain":0.0,"max_hp_loss":0.0,"gold_gain":0.0,"event_name":"Drug Dealer","player_choice":"Obtain J.A.X.","floor":20.0,"gold_loss":0.0,"damage_taken":0.0,"cards_obtained":["J.A.X."]},{"damage_healed":0.0,"max_hp_gain":0.0,"max_hp_loss":0.0,"gold_gain":0.0,"event_name":"Accursed Blacksmith","player_choice":"Rummage","floor":29.0,"gold_loss":0.0,"damage_taken":0.0,"relics_obtained":["WarpedTongs"],"cards_obtained":["Pain"]}],"is_beta":false,"boss_relics":[{"not_picked":["hubris:RunicObelisk","Honey Jar"],"picked":"hubris:Backtick"},{"not_picked":["Ring of Chaos","hubris:ScarierMask"],"picked":"Calling Bell"}],"items_purged_floors":[10,25,27,39,47],"is_endless":false,"potions_floor_spawned":[6,12,13,28,30,31,38,42,46,48],"ascension_level":0}}