{"host":"m4gb89kpcfic7v2a","time":1611684728,"event":{"mods":["BaseMod","BetterRewards","Minty Spire (QoL Compilation)","Replay The Spire","StSLib","The Animator"],"gold_per_floor":[116,116,135,150,170,170,202,202,202,202,202,218,218,245,245,333,333,434,434,454,464,814,828,828,828],"floor_reached":24,"language":"ENG","playtime":2706,"items_purged":["Defend_P"],"score":364,"play_id":"d7e6f263-41b1-476b-9f11-2364e0705c1f","local_time":"20210126111208","is_ascension_mode":true,"campfire_choices":[{"data":"Eruption","floor":6,"key":"SMITH"},{"data":"Prostrate","floor":8,"key":"SMITH"},{"floor":15,"key":"REST"},{"data":"Replay:ManipulateFuture","floor":17,"key":"SMITH"}],"circlet_count":0,"master_deck":["Strike_P","Strike_P","Strike_P","Defend_P","Defend_P","Eruption+1","Vigilance","Study+1","Prostrate+1","BattleHymn","Replay:ManipulateFuture+1","Prostrate","Devotion","Voices","Overencumbered","Normality"],"relics":["PureWater","Membership Card","FossilizedHelix","Ginger","Iron Hammer","TungstenRod","Tiny Chest","Anchor","Empty Cage","Ring of Greed","Replay:Wax Seal","Old Coin"],"acts_visited":["Exordium","TheCity"],"potions_floor_usage":[14,18,23,24],"damage_taken":[{"damage":0,"enemies":"2 Louse","floor":1,"turns":3},{"damage":0,"enemies":"Small Slimes","floor":3,"turns":2},{"damage":0,"enemies":"Jaw Worm","floor":4,"turns":4},{"damage":0,"enemies":"Blue Slaver","floor":5,"turns":4},{"damage":27,"enemies":"Replay:BlueRogue","floor":7,"turns":4},{"damage":4,"enemies":"Exordium Wildlife","floor":12,"turns":4},{"damage":0,"enemies":"Lagavulin","floor":14,"turns":4},{"damage":16,"enemies":"Hexaghost","floor":18,"turns":7},{"damage":1,"enemies":"2 Thieves","floor":20,"turns":4},{"damage":7,"enemies":"Shell Parasite","floor":21,"turns":4},{"damage":21,"enemies":"Centurion and Healer","floor":23,"turns":5},{"damage":59,"enemies":"Cultist and Chosen","floor":24,"turns":5}],"seed_played":"-809652471682711633","potions_obtained":[{"floor":7,"key":"AttackPotion"},{"floor":12,"key":"Ancient Potion"},{"floor":20,"key":"Swift Potion"},{"floor":21,"key":"PowerPotion"}],"is_trial":false,"path_per_floor":["M","?","M","M","M","R","E","R","PTL","PTL","T","M","?","E","R","?","R","B",null,"M","M","?","M","M"],"character_chosen":"WATCHER","items_purchased":["Membership Card","Study+1","Prostrate"],"campfire_rested":1,"item_purchase_floors":[0,0,0],"current_hp_per_floor":[65,70,70,70,70,70,43,43,43,43,43,39,39,39,62,62,62,46,77,76,69,69,48,0,0],"gold":828,"neow_bonus":"","is_daily":false,"chose_seed":false,"campfire_upgraded":3,"win_rate":0.0,"timestamp":1611684728,"path_taken":["M","?","M","M","M","R","E","R","PTL","PTL","T","M","?","E","R","?","R","BOSS","M","M","?","M","M"],"items_purchased_type":["Relic","Card","Card"],"build_version":"2020-12-22","purchased_purges":1,"victory":false,"max_hp_per_floor":[72,77,77,77,77,77,77,77,77,77,77,77,77,77,77,77,77,77,77,77,77,77,77,77,77],"card_choices":[{"not_picked":["TalkToTheHand","ClearTheMind","ThirdEye"],"picked":"SKIP","floor":1},{"not_picked":["CrushJoints","Crescendo"],"picked":"BattleHymn","floor":3},{"not_picked":["Replay:Cycle","WindmillStrike","Wish"],"picked":"SKIP","floor":4},{"not_picked":["Meditate","Replay:Cycle","Perseverance"],"picked":"SKIP","floor":5},{"not_picked":["CrushJoints","EmptyFist"],"picked":"Replay:ManipulateFuture","floor":7},{"not_picked":["Meditate","BowlingBash","Wireheading"],"picked":"SKIP","floor":12},{"not_picked":["Replay:Cycle","Wallop","PathToVictory"],"picked":"SKIP","floor":14},{"not_picked":["FollowUp","Replay:DivineShield"],"picked":"Prostrate","floor":16},{"not_picked":["ConjureBlade","SpiritShield"],"picked":"Devotion","floor":18},{"not_picked":["SandsOfTime","Replay:Battleflow","Sanctity+1"],"picked":"SKIP","floor":20},{"not_picked":["EmptyFist","MentalFortress+1","Crescendo"],"picked":"SKIP","floor":21},{"not_picked":["Crescendo","SashWhip","CutThroughFate"],"picked":"SKIP","floor":23}],"player_experience":188919,"relics_obtained":[{"floor":7,"key":"Iron Hammer"},{"floor":11,"key":"TungstenRod"},{"floor":14,"key":"Tiny Chest"},{"floor":16,"key":"Anchor"},{"floor":22,"key":"Ring of Greed"},{"floor":22,"key":"Replay:Wax Seal"},{"floor":22,"key":"Old Coin"}],"event_choices":[{"damage_healed":0,"gold_gain":0,"player_choice":"Donut","damage_taken":0,"max_hp_gain":5,"max_hp_loss":0,"event_name":"Big Fish","floor":2,"gold_loss":0},{"damage_healed":0,"gold_gain":0,"player_choice":"Ignored","damage_taken":0,"max_hp_gain":0,"max_hp_loss":0,"event_name":"Liars Game","floor":13,"gold_loss":0}],"is_beta":false,"boss_relics":[{"not_picked":["Velvet Choker","Runic Dome"],"picked":"Empty Cage"}],"items_purged_floors":[0],"is_endless":false,"potions_floor_spawned":[7,12,20,21],"killed_by":"Cultist and Chosen","ascension_level":2}}