{"host":"g01l53quoe6lrer0","time":1611704433,"event":{"mods":["2.2 Compatiblity","AchievementEnabler","BaseMod","Colored Map","Highlight Path","Keyboard Shortcuts","Minty Spire (QoL Compilation)","Permanent Neow","StSLib","SuperFastMode","everything is the same but u backflip on backflip"],"gold_per_floor":[412,283,283,298,315,315,215,215,215,244,394,394,62,21,21,99,99,114,126,145,145,161,189,189,64,64,64,64,19,53,72,72,149,149,159,184,196,25,25,25,35,35,35,35,70,20,20,31,31,31],"floor_reached":51,"language":"KOR","playtime":1583,"items_purged":["Strike_G","Strike_G","Doubt","Defend_G","Strike_G","Dagger Spray+1"],"score":1315,"play_id":"ce480c59-a89e-48ac-a4f0-ecf63eba6126","local_time":"20210127084033","is_ascension_mode":true,"campfire_choices":[{"data":"Neutralize","floor":6.0,"key":"SMITH"},{"data":"Blade Dance","floor":8.0,"key":"SMITH"},{"data":"Finisher","floor":12.0,"key":"SMITH"},{"floor":15.0,"key":"REST"},{"floor":24.0,"key":"REST"},{"data":"Terror","floor":27.0,"key":"SMITH"},{"data":"A Thousand Cuts","floor":32.0,"key":"SMITH"},{"data":"Accuracy","floor":40,"key":"SMITH"},{"data":"Accuracy","floor":42,"key":"SMITH"},{"data":"Calculated Gamble","floor":44,"key":"SMITH"},{"data":"Accuracy","floor":47,"key":"SMITH"},{"data":"Blade Dance","floor":49,"key":"SMITH"}],"circlet_count":0,"master_deck":["AscendersBane","Defend_G","Defend_G","Defend_G","Survivor","Neutralize+1","Blade Dance+1","Finisher+1","Poisoned Stab","Slice","Terror+1","Setup","Footwork","After Image","CurseOfTheBell","Calculated Gamble+1","Quick Slash","Deflect","A Thousand Cuts+1","PiercingWail","Acrobatics","Adrenaline","Accuracy+1","Leg Sweep","Storm of Steel","Blade Dance+1","Accuracy+1","Dash","Accuracy+1","Backflip"],"relics":["Ring of the Snake","Old Coin","InkBottle","Ninja Scroll","Membership Card","Calling Bell","Smiling Mask","Mercury Hourglass","CaptainsWheel","Akabeko","Kunai","Eternal Feather","SlaversCollar","Tough Bandages","Lee\u0027s Waffle","Bottled Flame","Letter Opener"],"acts_visited":["Exordium","TheCity","TheBeyond"],"potions_floor_usage":[33,33,50],"damage_taken":[{"damage":2.0,"enemies":"Jaw Worm","floor":1.0,"turns":5.0},{"damage":0.0,"enemies":"2 Louse","floor":4.0,"turns":2.0},{"damage":0.0,"enemies":"Small Slimes","floor":5.0,"turns":2.0},{"damage":22.0,"enemies":"Lagavulin","floor":10.0,"turns":7.0},{"damage":12.0,"enemies":"Slime Boss","floor":16.0,"turns":5.0},{"damage":0.0,"enemies":"Chosen","floor":18.0,"turns":4.0},{"damage":2.0,"enemies":"3 Byrds","floor":19.0,"turns":3.0},{"damage":0.0,"enemies":"Snake Plant","floor":20.0,"turns":1.0},{"damage":13.0,"enemies":"Centurion and Healer","floor":22.0,"turns":5.0},{"damage":6.0,"enemies":"Gremlin Leader","floor":23.0,"turns":7.0},{"damage":2.0,"enemies":"Slavers","floor":30.0,"turns":6.0},{"damage":3.0,"enemies":"Shelled Parasite and Fungi","floor":31.0,"turns":6.0},{"damage":17,"enemies":"Collector","floor":33,"turns":9},{"damage":21,"enemies":"3 Darklings","floor":35,"turns":6},{"damage":0,"enemies":"Mind Bloom Boss Battle","floor":36,"turns":3},{"damage":0,"enemies":"Orb Walker","floor":37,"turns":3},{"damage":6,"enemies":"3 Darklings","floor":41,"turns":2},{"damage":0,"enemies":"Nemesis","floor":45,"turns":3},{"damage":0,"enemies":"Sphere and 2 Shapes","floor":48,"turns":3},{"damage":65,"enemies":"Time Eater","floor":50,"turns":11}],"seed_played":"-3024526262489128035","potions_obtained":[{"floor":5.0,"key":"Poison Potion"},{"floor":16.0,"key":"CunningPotion"},{"floor":19.0,"key":"FearPotion"},{"floor":22.0,"key":"CunningPotion"},{"floor":30.0,"key":"Fire Potion"},{"floor":31.0,"key":"EssenceOfSteel"},{"floor":36,"key":"LiquidBronze"}],"is_trial":false,"path_per_floor":["M","$","?","M","M","R","$","R","T","E","?","R","$","?","R","B",null,"M","M","M","?","M","E","R","$","T","R","?","$","E","M","R","B",null,"M","?","M","$","?","R","M","R","T","R","E","$","R","M","R","B",null],"character_chosen":"THE_SILENT","items_purchased":["Dagger Spray","Membership Card","Terror","Setup","Footwork","Adrenaline","Accuracy","Accuracy","Lee\u0027s Waffle"],"campfire_rested":2,"item_purchase_floors":[2,13,13,13,13,25,29,38,38],"current_hp_per_floor":[57,57,57,57,57,57,57,57,57,35,35,35,35,35,53,41,55,55,53,53,53,40,34,52,52,52,52,52,52,50,47,60,43,56,35,35,35,67,67,67,61,67,67,67,67,67,67,67,67,2],"gold":31,"neow_bonus":"ONE_RARE_RELIC","is_daily":false,"chose_seed":false,"campfire_upgraded":10,"win_rate":0.0,"timestamp":1611704433,"path_taken":["M","$","?","M","M","R","$","R","T","E","?","R","$","?","R","BOSS","M","M","M","?","M","E","R","$","T","R","?","?","E","M","R","BOSS","M","?","M","$","?","R","?","R","T","R","E","$","R","M","R","BOSS"],"items_purchased_type":["Card","Relic","Card","Card","Card","Card","Card","Card","Relic"],"build_version":"2020-12-22","purchased_purges":6,"victory":true,"max_hp_per_floor":[60,60,60,60,60,60,60,60,60,60,60,60,60,60,60,60,60,60,60,60,60,60,60,60,60,60,60,60,60,60,60,60,60,60,60,60,60,67,67,67,67,67,67,67,67,67,67,67,67,67],"card_choices":[{"not_picked":["Predator","Acrobatics"],"picked":"Blade Dance","floor":1.0},{"not_picked":["Outmaneuver","Acrobatics"],"picked":"Finisher","floor":4.0},{"not_picked":["Dagger Throw","Prepared"],"picked":"Poisoned Stab","floor":5.0},{"not_picked":["Deadly Poison","Sucker Punch"],"picked":"Slice","floor":10.0},{"not_picked":["Phantasmal Killer","Malaise"],"picked":"After Image","floor":16.0},{"not_picked":["Backflip","Backstab"],"picked":"Calculated Gamble","floor":18.0},{"not_picked":["Prepared","Catalyst"],"picked":"Quick Slash","floor":19.0},{"not_picked":["Concentrate","Flechettes"],"picked":"Deflect","floor":20.0},{"not_picked":["Predator","Quick Slash","PiercingWail"],"picked":"SKIP","floor":22.0},{"not_picked":["PiercingWail","Dagger Throw"],"picked":"Acrobatics","floor":23.0},{"not_picked":["Prepared+1","Deflect+1"],"picked":"Leg Sweep","floor":30.0},{"not_picked":["Well Laid Plans","Masterful Stab","Setup"],"picked":"SKIP","floor":31.0},{"not_picked":["Tools of the Trade","Glass Knife"],"picked":"Storm of Steel","floor":33},{"not_picked":["Backflip","Endless Agony"],"picked":"Blade Dance","floor":35},{"not_picked":["Skewer","Backstab","Catalyst+1"],"picked":"SKIP","floor":37},{"not_picked":["Flechettes","Crippling Poison"],"picked":"Dash","floor":41},{"not_picked":["Bane","Sucker Punch"],"picked":"Accuracy","floor":45},{"not_picked":["Tactician","Dodge and Roll+1"],"picked":"Backflip","floor":48}],"player_experience":305277,"relics_obtained":[{"floor":9.0,"key":"InkBottle"},{"floor":10.0,"key":"Ninja Scroll"},{"floor":17.0,"key":"Smiling Mask"},{"floor":17.0,"key":"Mercury Hourglass"},{"floor":17.0,"key":"CaptainsWheel"},{"floor":23.0,"key":"Akabeko"},{"floor":26.0,"key":"Kunai"},{"floor":30.0,"key":"Eternal Feather"},{"floor":36,"key":"Tough Bandages"},{"floor":43,"key":"Bottled Flame"},{"floor":45,"key":"Letter Opener"}],"event_choices":[{"damage_healed":0.0,"max_hp_gain":0.0,"max_hp_loss":0.0,"gold_gain":0.0,"event_name":"Living Wall","player_choice":"Grow","floor":3.0,"gold_loss":0.0,"damage_taken":0.0,"cards_upgraded":["Dagger Spray"]},{"damage_healed":0.0,"max_hp_gain":0.0,"max_hp_loss":0.0,"gold_gain":150.0,"event_name":"Liars Game","player_choice":"AGREE","floor":11.0,"gold_loss":0.0,"damage_taken":0.0,"cards_obtained":["Doubt"]},{"damage_healed":0.0,"max_hp_gain":0.0,"max_hp_loss":0.0,"gold_gain":0.0,"event_name":"World of Goop","player_choice":"Left Gold","floor":14.0,"gold_loss":41.0,"damage_taken":0.0},{"damage_healed":0.0,"max_hp_gain":0.0,"max_hp_loss":0.0,"gold_gain":0.0,"cards_transformed":["Strike_G","Strike_G"],"event_name":"Drug Dealer","player_choice":"Became Test Subject","floor":21.0,"gold_loss":0.0,"damage_taken":0.0,"cards_obtained":["A Thousand Cuts","PiercingWail"]},{"damage_healed":0.0,"max_hp_gain":0.0,"max_hp_loss":0.0,"gold_gain":0.0,"event_name":"Ghosts","player_choice":"Ignored","floor":28.0,"gold_loss":0.0,"damage_taken":0.0},{"damage_healed":0,"gold_gain":0,"player_choice":"Fight","damage_taken":0,"max_hp_gain":0,"max_hp_loss":0,"event_name":"MindBloom","floor":36,"gold_loss":0},{"cards_removed":["Defend_G"],"damage_healed":0,"gold_gain":0,"player_choice":"Purged","damage_taken":0,"max_hp_gain":0,"max_hp_loss":0,"event_name":"Purifier","floor":39,"gold_loss":0}],"is_beta":false,"boss_relics":[{"not_picked":["Busted Crown","Snecko Eye"],"picked":"Calling Bell"},{"not_picked":["Tiny House","Coffee Dripper"],"picked":"SlaversCollar"}],"items_purged_floors":[2,7,13,25,38,46],"is_endless":false,"potions_floor_spawned":[5,16,19,22,30,31,36],"ascension_level":17}}