{"host":"3jpwrwmmgyabjceh","time":1611659422,"event":{"mods":["AchievementEnabler","BaseMod","Colored Map","Colored Powertips","Highlight Path","Minty Spire (QoL Compilation)","Quick Restart","Relic Stats","StSLib","SuperFastMode"],"gold_per_floor":[109,126,172,97,108,108,136,136,136,57,76,76,86,101,101,197,197,212,228,242,320,102,102,131,131,180,180,180,180,180,200,200,299,299,316,214,230,248,248,279,279,305,328,356,356,374,217,217,217,217,217,217,0,28,28],"floor_reached":56,"language":"ENG","playtime":2333,"items_purged":["Strike_B"],"score":1805,"play_id":"bb1bd124-05a9-48b0-bf13-16530414186a","local_time":"20210126141022","is_ascension_mode":true,"campfire_choices":[{"data":"Zap","floor":6.0,"key":"SMITH"},{"data":"Coolheaded","floor":8.0,"key":"SMITH"},{"data":"Coolheaded","floor":15.0,"key":"SMITH"},{"data":"Static Discharge","floor":23.0,"key":"SMITH"},{"data":"Capacitor","floor":25.0,"key":"SMITH"},{"data":"Rainbow","floor":30.0,"key":"SMITH"},{"data":"Fission","floor":32.0,"key":"SMITH"},{"data":"Creative AI","floor":41,"key":"SMITH"},{"data":"Coolheaded","floor":45,"key":"SMITH"},{"floor":49,"key":"RECALL"}],"circlet_count":0,"master_deck":["Zap+1","Dualcast+1","Sweeping Beam+1","Streamline+1","Barrage+1","Coolheaded+1","Static Discharge+1","Coolheaded+1","BootSequence+1","Compile Driver+1","Rainbow+1","Go for the Eyes+1","Skim+1","Hologram+1","Fission+1","All For One+1","Beam Cell+1","Coolheaded+1","Go for the Eyes+1","Ball Lightning+1","Capacitor+1","Coolheaded+1","Stack+1","Creative AI+1","Cold Snap+1","Heatsinks+1","Auto Shields+1","Coolheaded+1","Loop+1","Defragment+1","Dark Shackles+1","Loop"],"relics":["Coffee Dripper","Strawberry","Nunchaku","Pear","Pandora\u0027s Box","Ornamental Fan","Membership Card","HornCleat","Ancient Tea Set","Enchiridion","Mercury Hourglass","Busted Crown","Cables","Lizard Tail","Bottled Tornado","Art of War","Mark of the Bloom","Calipers","Bag of Preparation"],"acts_visited":["Exordium","TheCity","TheBeyond","TheEnding"],"potions_floor_usage":[44],"damage_taken":[{"damage":0.0,"enemies":"Cultist","floor":1.0,"turns":3.0},{"damage":7.0,"enemies":"Jaw Worm","floor":2.0,"turns":3.0},{"damage":5.0,"enemies":"Small Slimes","floor":5.0,"turns":3.0},{"damage":18.0,"enemies":"Lagavulin","floor":7.0,"turns":6.0},{"damage":8.0,"enemies":"2 Fungi Beasts","floor":11.0,"turns":3.0},{"damage":0.0,"enemies":"Gremlin Gang","floor":13.0,"turns":3.0},{"damage":0.0,"enemies":"Looter","floor":14.0,"turns":3.0},{"damage":16.0,"enemies":"The Guardian","floor":16.0,"turns":9.0},{"damage":8.0,"enemies":"2 Thieves","floor":18.0,"turns":3.0},{"damage":2.0,"enemies":"3 Byrds","floor":19.0,"turns":4.0},{"damage":0.0,"enemies":"Centurion and Healer","floor":20.0,"turns":3.0},{"damage":23.0,"enemies":"Gremlin Leader","floor":24.0,"turns":6.0},{"damage":0.0,"enemies":"Snake Plant","floor":31.0,"turns":3.0},{"damage":0.0,"enemies":"Champ","floor":33.0,"turns":8.0},{"damage":5.0,"enemies":"3 Shapes","floor":35.0,"turns":3.0},{"damage":0,"enemies":"Orb Walker","floor":37,"turns":3},{"damage":14,"enemies":"Writhing Mass","floor":38,"turns":6},{"damage":0,"enemies":"Nemesis","floor":40,"turns":5},{"damage":1,"enemies":"Giant Head","floor":42,"turns":8},{"damage":0,"enemies":"Nemesis","floor":44,"turns":7},{"damage":0,"enemies":"Sphere and 2 Shapes","floor":46,"turns":4},{"damage":0,"enemies":"Awakened One","floor":50,"turns":10},{"damage":16,"enemies":"Shield and Spear","floor":54,"turns":5},{"damage":14,"enemies":"The Heart","floor":55,"turns":10}],"seed_played":"4848871953352600620","potions_obtained":[{"floor":1.0,"key":"Fire Potion"},{"floor":2.0,"key":"EssenceOfSteel"},{"floor":11.0,"key":"FearPotion"},{"floor":16.0,"key":"SkillPotion"},{"floor":18.0,"key":"BlessingOfTheForge"},{"floor":24.0,"key":"Ancient Potion"},{"floor":37,"key":"BlessingOfTheForge"},{"floor":44,"key":"LiquidBronze"},{"floor":46,"key":"PowerPotion"}],"is_trial":false,"path_per_floor":["M","M","T","$","M","R","E","R","T","$","M","?","M","M","R","B",null,"M","M","M","T","$","R","E","R","T","?","?","?","R","M","R","B",null,"M","$","M","M","?","E","R","E","T","E","R","M","$","?","R","B",null,"R","$","E","B",null],"character_chosen":"DEFECT","items_purchased":["Static Discharge","Coolheaded","Membership Card","Capacitor","Coolheaded","Cold Snap","Heatsinks","Auto Shields","Defragment","Art of War","Dark Shackles","Calipers","Loop","PowerPotion"],"campfire_rested":0,"item_purchase_floors":[10,10,22,22,22,36,36,36,47,47,47,53,53,53],"current_hp_per_floor":[68,61,68,68,63,63,45,45,55,55,47,47,47,47,47,31,77,69,67,67,67,67,67,44,44,44,28,28,28,28,28,28,28,76,71,71,71,57,57,57,57,56,56,56,56,56,56,56,56,56,56,56,56,40,26],"gold":28,"neow_bonus":"BOSS_RELIC","is_daily":false,"chose_seed":false,"campfire_upgraded":9,"win_rate":0.0,"timestamp":1611659422,"path_taken":["M","M","?","?","M","R","E","R","T","$","?","?","M","M","R","BOSS","M","M","M","?","$","R","E","R","T","?","?","?","R","M","R","BOSS","M","$","?","M","?","E","R","E","T","E","R","M","$","?","R","BOSS","R","$","E","BOSS"],"items_purchased_type":["Card","Card","Relic","Card","Card","Card","Card","Card","Card","Relic","Card","Relic","Card","Potion"],"build_version":"2020-12-22","purchased_purges":1,"victory":true,"max_hp_per_floor":[75,75,82,82,82,82,82,82,92,92,92,92,92,92,92,92,92,92,92,92,92,92,92,92,92,92,92,92,92,92,92,92,92,92,92,92,92,92,92,92,92,92,92,92,92,92,92,92,92,92,92,92,92,92,92],"relic_stats":{"Nunchaku":[30],"Lizard Tail":0,"Mark of the Bloom":27,"Busted Crown":16,"counters":[24,121],"Ornamental Fan":[212],"Pandora\u0027s Box":["Go for the Eyes","Skim","Chaos","Hologram","Fission","All For One","Beam Cell"],"Art of War":[1],"Bag of Preparation":[2],"obtain_stats":[{"Mark of the Bloom":48,"Pear":9,"Calipers":53,"Enchiridion":27,"Bag of Preparation":54,"Bottled Tornado":44,"Ancient Tea Set":26,"Mercury Hourglass":29,"Cables":40,"Nunchaku":7,"Lizard Tail":42,"HornCleat":24,"Busted Crown":34,"Ornamental Fan":21,"Strawberry":3,"Pandora\u0027s Box":17,"Coffee Dripper":0,"Art of War":47,"Membership Card":22,"Cracked Core":0},{"Mark of the Bloom":21,"Pear":4,"Calipers":22,"Enchiridion":12,"Bag of Preparation":23,"Bottled Tornado":20,"Ancient Tea Set":12,"Mercury Hourglass":12,"Cables":18,"Nunchaku":4,"Lizard Tail":19,"HornCleat":12,"Busted Crown":14,"Ornamental Fan":11,"Strawberry":2,"Pandora\u0027s Box":8,"Coffee Dripper":0,"Art of War":21,"Membership Card":11,"Cracked Core":0},{"Mark of the Bloom":96,"Pear":15,"Calipers":106,"Enchiridion":49,"Bag of Preparation":111,"Bottled Tornado":92,"Ancient Tea Set":49,"Mercury Hourglass":49,"Cables":77,"Nunchaku":15,"Lizard Tail":85,"HornCleat":49,"Busted Crown":60,"Ornamental Fan":43,"Strawberry":6,"Pandora\u0027s Box":33,"Coffee Dripper":0,"Art of War":96,"Membership Card":43,"Cracked Core":0}],"Mercury Hourglass":[229],"Cables":[38,16,21,1,0]},"card_choices":[{"not_picked":["Chill","Rebound"],"picked":"Sweeping Beam","floor":1.0},{"not_picked":["Turbo","Lockon"],"picked":"Streamline","floor":2.0},{"not_picked":["Turbo","Heatsinks"],"picked":"Barrage","floor":5.0},{"not_picked":["Conserve Battery","Steam"],"picked":"Coolheaded","floor":7.0},{"not_picked":["Rebound","Undo"],"picked":"BootSequence","floor":11.0},{"not_picked":["Rebound","Static Discharge","All For One"],"picked":"SKIP","floor":13.0},{"not_picked":["Redo","Heatsinks"],"picked":"Compile Driver","floor":14.0},{"not_picked":["Core Surge","Thunder Strike"],"picked":"Rainbow","floor":16.0},{"not_picked":["Hologram+1","Conserve Battery+1"],"picked":"Coolheaded","floor":18.0},{"not_picked":["Barrage","Undo"],"picked":"Go for the Eyes","floor":19.0},{"not_picked":["Fusion","Turbo"],"picked":"Ball Lightning","floor":20.0},{"not_picked":["Skim","Darkness","Rebound+1"],"picked":"SKIP","floor":24.0},{"not_picked":["Skim","Undo"],"picked":"Stack+1","floor":31.0},{"not_picked":["Reboot","Core Surge"],"picked":"Creative AI","floor":33.0},{"not_picked":["Rip and Tear"],"picked":"SKIP","floor":35.0},{"not_picked":["Hologram"],"picked":"SKIP","floor":37},{"not_picked":[],"picked":"Coolheaded+1","floor":38},{"not_picked":["Conserve Battery"],"picked":"SKIP","floor":40},{"not_picked":[],"picked":"Loop+1","floor":42},{"not_picked":["Chaos+1"],"picked":"SKIP","floor":44},{"not_picked":["Leap+1"],"picked":"SKIP","floor":46},{"not_picked":["Melter+1"],"picked":"SKIP","floor":54}],"player_experience":283847,"relics_obtained":[{"floor":3.0,"key":"Strawberry"},{"floor":7.0,"key":"Nunchaku"},{"floor":9.0,"key":"Pear"},{"floor":21.0,"key":"Ornamental Fan"},{"floor":24.0,"key":"HornCleat"},{"floor":26.0,"key":"Ancient Tea Set"},{"floor":27.0,"key":"Enchiridion"},{"floor":29.0,"key":"Mercury Hourglass"},{"floor":40,"key":"Cables"},{"floor":42,"key":"Lizard Tail"},{"floor":44,"key":"Bottled Tornado"},{"floor":54,"key":"Bag of Preparation"}],"event_choices":[{"damage_healed":0.0,"max_hp_gain":0.0,"max_hp_loss":0.0,"gold_gain":0.0,"event_name":"The Woman in Blue","player_choice":"Bought 0 Potions","floor":12.0,"gold_loss":0.0,"damage_taken":0.0},{"damage_healed":0.0,"max_hp_gain":0.0,"max_hp_loss":0.0,"gold_gain":0.0,"event_name":"Cursed Tome","player_choice":"Obtained Book","floor":27.0,"gold_loss":0.0,"damage_taken":16.0},{"cards_removed":["Chaos"],"damage_healed":0.0,"max_hp_gain":0.0,"max_hp_loss":0.0,"gold_gain":0.0,"event_name":"Back to Basics","player_choice":"Elegance","floor":28.0,"gold_loss":0.0,"damage_taken":0.0},{"damage_healed":0.0,"max_hp_gain":0.0,"max_hp_loss":0.0,"gold_gain":0.0,"event_name":"Wheel of Change","player_choice":"Relic","floor":29.0,"gold_loss":0.0,"damage_taken":0.0},{"damage_healed":0,"gold_gain":0,"player_choice":"Ignored","damage_taken":0,"max_hp_gain":0,"max_hp_loss":0,"event_name":"Tomb of Lord Red Mask","floor":39,"gold_loss":0},{"damage_healed":0,"gold_gain":0,"player_choice":"Upgrade","damage_taken":0,"relics_obtained":["Mark of the Bloom"],"max_hp_gain":0,"max_hp_loss":0,"event_name":"MindBloom","floor":48,"gold_loss":0,"cards_upgraded":["Dualcast","Sweeping Beam","Streamline","Barrage","BootSequence","Compile Driver","Go for the Eyes","Skim","Hologram","All For One","Beam Cell","Go for the Eyes","Ball Lightning","Coolheaded","Cold Snap","Heatsinks","Auto Shields","Defragment","Dark Shackles"]}],"is_beta":false,"boss_relics":[{"not_picked":["SlaversCollar","Runic Dome"],"picked":"Pandora\u0027s Box"},{"not_picked":["Runic Pyramid","SacredBark"],"picked":"Busted Crown"}],"items_purged_floors":[4],"is_endless":false,"potions_floor_spawned":[1,2,11,16,18,24,37,38,44,46],"ascension_level":7}}