{"host":"xmr2g8b7eju0288o","time":1611680458,"event":{"mods":["AchievementEnabler","BaseMod","Colored Map","Colored Powertips","Infinite Spire","KOR Keyword Fix","Minty Spire (QoL Compilation)","Quick Restart","Replay The Spire","Spicy Shops","StSLib","SuperFastMode"],"gold_per_floor":[111,127,145,165,183,183,183,183],"floor_reached":7,"language":"KOR","playtime":173,"items_purged":[],"score":90,"play_id":"3ffc8865-8bde-4951-bb50-798d665f596c","local_time":"20210127020058","daily_mods":["Heirloom","DeadlyEvents","Elite Swarm"],"is_ascension_mode":true,"campfire_choices":[{"data":"Dagger Spray","floor":6.0,"key":"SMITH"}],"circlet_count":0,"master_deck":["AscendersBane","Strike_G","Strike_G","Strike_G","Strike_G","Strike_G","Defend_G","Defend_G","Defend_G","Defend_G","Defend_G","Survivor","Neutralize","Dagger Spray+1","PiercingWail","Poisoned Stab"],"relics":["Ring of the Snake","Byrd Skull"],"acts_visited":["Exordium"],"potions_floor_usage":[],"damage_taken":[{"damage":4.0,"enemies":"Cultist","floor":1.0,"turns":4.0},{"damage":0.0,"enemies":"Small Slimes","floor":2.0,"turns":2.0},{"damage":0.0,"enemies":"2 Louse","floor":3.0,"turns":3.0},{"damage":14.0,"enemies":"Looter","floor":4.0,"turns":3.0},{"damage":11.0,"enemies":"Exordium Wildlife","floor":5.0,"turns":5.0},{"damage":0,"enemies":"Lagavulin","floor":7,"turns":1}],"seed_played":"9030335475719200283","potions_obtained":[{"floor":2.0,"key":"SpeedPotion"},{"floor":3.0,"key":"Explosive Potion"},{"floor":5.0,"key":"SpeedPotion"}],"is_trial":true,"path_per_floor":["M","M","M","M","M","R","E"],"character_chosen":"THE_SILENT","items_purchased":[],"campfire_rested":0,"item_purchase_floors":[],"current_hp_per_floor":[55,55,55,41,30,30,30,30],"gold":183,"neow_bonus":"","is_daily":false,"chose_seed":false,"campfire_upgraded":1,"win_rate":0.0,"timestamp":1611680458,"path_taken":["M","M","M","?","M","R","E"],"items_purchased_type":[],"build_version":"2020-12-22","purchased_purges":0,"victory":false,"max_hp_per_floor":[66,66,66,66,66,66,66,66],"card_choices":[{"not_picked":["Reflex","Bane"],"picked":"Dagger Spray","floor":1.0},{"not_picked":["All Out Attack","ReplayTheSpireMod:Shiv Toss"],"picked":"PiercingWail","floor":2.0},{"not_picked":["Sucker Punch","Blade Dance","Hidden Blade"],"picked":"SKIP","floor":3.0},{"not_picked":["Catalyst","PiercingWail"],"picked":"Poisoned Stab","floor":4.0},{"not_picked":["Flying Knee","Slice","Quick Slash"],"picked":"SKIP","floor":5.0}],"player_experience":75574,"relics_obtained":[],"event_choices":[],"is_beta":false,"boss_relics":[],"items_purged_floors":[],"is_endless":false,"potions_floor_spawned":[2,3,5],"killed_by":"Lagavulin","ascension_level":20}}