{"host":"zksvs3x2ysy9npnz","time":1611698748,"event":{"mods":["Aspiration","BaseMod","Beaked The Cultist","BetterRewards","Clockwork Mod","Colored Map","Conspire","Downfall","Duelist Mod","Halation","Highlight Path","Hubris","Infinite Spire","Jedi Mod","Magitek Elite","Minty Spire (QoL Compilation)","Permanent Neow","Quick Restart","Relic Stats","Shop Mod","StSLib","The Runesmith","The Witch"],"gold_per_floor":[99,119,29,29,40,40,40,56,85,85,33,33,183,208,225,323,373,273,293,311,342,358,258,282,293,293,393,393,52,52,64,82,178,178,178,194,213,213,213,244,244,272,288,302,202,202,202],"floor_reached":46,"language":"FRA","playtime":3566,"items_purged":["hexamod:Strike","hexamod:Sear"],"score":766,"play_id":"0e3c5cc2-d973-4634-9a85-2df89aa87b14","local_time":"20210126230548","is_ascension_mode":true,"campfire_choices":[{"data":"Panache","floor":1,"key":"SMITH"},{"data":"hexamod:GhostOfSpirePast","floor":6,"key":"SMITH"},{"data":"hexamod:Rewind","floor":10,"key":"SMITH"},{"data":"hexamod:GhostflameInferno","floor":12,"key":"SMITH"},{"floor":18,"key":"RECALL"},{"data":"hexamod:RecurringNightmare","floor":23,"key":"SMITH"},{"data":"hexamod:ShieldOfDarkness","floor":26,"key":"SMITH"},{"data":"hexamod:FastForward","floor":30,"key":"SMITH"}],"circlet_count":0,"master_deck":["hexamod:Strike","hexamod:Defend","hexamod:Defend","hexamod:Defend+1","hexamod:Float+1","Panache+1","hexamod:Rewind+1","hexamod:ShieldOfDarkness+1","hexamod:GhostOfSpirePast+1","hexamod:ShieldOfDarkness","hexamod:GhostflameInferno+1","hexamod:RainOfEmbers","hexamod:PowerFromBeyond","hexamod:ApocalypseNow","hexamod:BacktrackSmack","hexamod:FastForward+1","hexamod:RecurringNightmare+1","hexamod:Rewind+1","hexamod:ShieldOfDarkness+1","hexamod:GhostOfSpirePast+1","hexamod:ApocalypseNow","hexamod:CatchUp+1","hexamod:TimeWarp","hexamod:RecurringNightmare"],"relics":["hexamod:SpiritBrand","Omamori","aspiration:HummingbirdHeart","Boot","Tiny House","downfall:HeartBlessingGreen","aspiration:ArtOfWarUpgrade","downfall:HeartBlessingRed","Runesmith:AutoHammer","Unceasing Top","infinitespire:WardingShard","Toolbox","hubris:HollowSoul","Potion Belt","hubris:Potato","downfall:HeartBlessingBlue"],"acts_visited":["Exordium","TheCity","TheBeyond"],"potions_floor_usage":[9,20,21,36,46,46],"damage_taken":[{"damage":2,"enemies":"2 Louse","floor":2,"turns":4},{"damage":0,"enemies":"downfall:FleeingMerchant","floor":3,"turns":4},{"damage":0,"enemies":"Cultist","floor":5,"turns":3},{"damage":0,"enemies":"Small Slimes","floor":8,"turns":2},{"damage":0,"enemies":"Gremlin Nob","floor":9,"turns":3},{"damage":0,"enemies":"downfall:FleeingMerchant","floor":11,"turns":4},{"damage":0,"enemies":"3 Sentries","floor":14,"turns":5},{"damage":0,"enemies":"Large Slime","floor":15,"turns":3},{"damage":28,"enemies":"DF_ARCHETYPE_STREAMLINE","floor":16,"turns":10},{"damage":0,"enemies":"Chosen","floor":19,"turns":5},{"damage":0,"enemies":"Chosen and Byrds","floor":20,"turns":4},{"damage":2,"enemies":"conspire:MimicChest","floor":21,"turns":4},{"damage":0,"enemies":"Snake Plant","floor":22,"turns":3},{"damage":0,"enemies":"Shelled Parasite and Fungi","floor":25,"turns":4},{"damage":0,"enemies":"WA_ARCHETYPE_RETAIN","floor":27,"turns":4},{"damage":0,"enemies":"downfall:FleeingMerchant","floor":29,"turns":4},{"damage":0,"enemies":"Centurion and Healer","floor":31,"turns":3},{"damage":0,"enemies":"Snake Plant","floor":32,"turns":2},{"damage":0,"enemies":"IC_MUSHROOM_ARCHETYPE","floor":33,"turns":5},{"damage":5,"enemies":"3 Shapes","floor":36,"turns":5},{"damage":0,"enemies":"Orb Walker","floor":37,"turns":2},{"damage":0,"enemies":"Giant Head","floor":40,"turns":5},{"damage":0,"enemies":"Nemesis","floor":42,"turns":3},{"damage":0,"enemies":"Maw","floor":43,"turns":4},{"damage":0,"enemies":"Transient","floor":44,"turns":5},{"damage":17,"enemies":"Nightmare","floor":46,"turns":3}],"seed_played":"3260973875441151290","potions_obtained":[{"floor":5,"key":"PowerPotion"},{"floor":9,"key":"Fire Potion"},{"floor":14,"key":"jedi:holywater"},{"floor":15,"key":"sneckomod:MuddlingPotion"},{"floor":17,"key":"Guardian:BlockOnCardUsePotion"},{"floor":20,"key":"Fruit Juice"},{"floor":21,"key":"BlessingOfTheForge"},{"floor":31,"key":"bronze:BurnAndBuffPotion"},{"floor":32,"key":"jedi:wingpotion"},{"floor":37,"key":"SkillPotion"},{"floor":42,"key":"ColorlessPotion"},{"floor":43,"key":"FearPotion"}],"is_trial":false,"path_per_floor":["R","M","$","?","M","R","T","M","E","R","$","R","?","E","M","B",null,"R","M","M","?","M","R","T","M","R","?","?","$","R","M","M","B",null,"R","M","M","?","?","E","T","E","M","M","R","NM"],"character_chosen":"THE_SPIRIT","items_purchased":["hexamod:RainOfEmbers","hexamod:ApocalypseNow","Toolbox"],"campfire_rested":0,"item_purchase_floors":[11,29,29],"current_hp_per_floor":[63,61,61,61,61,61,61,61,61,61,61,61,61,61,61,33,68,68,68,73,71,71,71,71,71,71,71,71,71,71,71,71,71,73,73,68,68,68,60,60,60,60,60,60,70,0,0],"gold":202,"neow_bonus":"RANDOM_COLORLESS_2","is_daily":false,"chose_seed":false,"campfire_upgraded":7,"win_rate":0.0,"timestamp":1611698748,"path_taken":["R","M","$","?","?","R","T","M","E","R","$","R","?","E","M","BOSS","R","M","M","?","M","R","T","M","R","?","?","$","R","?","M","BOSS","R","M","M","?","?","E","T","E","?","M","R","NM"],"items_purchased_type":["Card","Card","Relic"],"build_version":"2020-12-22","purchased_purges":2,"victory":false,"max_hp_per_floor":[63,63,63,63,63,63,63,63,63,63,63,63,63,63,63,63,68,68,68,73,73,73,73,73,73,73,73,73,73,73,73,73,73,73,73,73,73,73,73,73,73,73,73,73,83,83,83],"relic_stats":{"counters":[26,109],"Boot":[73],"obtain_stats":[{"Potion Belt":40,"Tiny House":17,"downfall:HeartBlessingRed":23,"downfall:HeartBlessingGreen":18,"hubris:HollowSoul":34,"Omamori":7,"aspiration:HummingbirdHeart":9,"Boot":14,"infinitespire:WardingShard":27,"downfall:HeartBlessingBlue":45,"Toolbox":29,"aspiration:ArtOfWarUpgrade":45,"Art of War":21,"Runesmith:AutoHammer":24,"hexamod:SpiritBrand":0,"Unceasing Top":27,"hubris:Potato":42},{"Potion Belt":22,"Tiny House":9,"downfall:HeartBlessingRed":13,"downfall:HeartBlessingGreen":9,"hubris:HollowSoul":19,"Omamori":3,"aspiration:HummingbirdHeart":5,"Boot":7,"infinitespire:WardingShard":15,"downfall:HeartBlessingBlue":25,"Toolbox":16,"aspiration:ArtOfWarUpgrade":25,"Art of War":12,"Runesmith:AutoHammer":13,"hexamod:SpiritBrand":0,"Unceasing Top":15,"hubris:Potato":23},{"Potion Belt":88,"Tiny House":38,"downfall:HeartBlessingRed":54,"downfall:HeartBlessingGreen":38,"hubris:HollowSoul":76,"Omamori":11,"aspiration:HummingbirdHeart":16,"Boot":25,"infinitespire:WardingShard":62,"downfall:HeartBlessingBlue":100,"Toolbox":66,"aspiration:ArtOfWarUpgrade":100,"Art of War":51,"Runesmith:AutoHammer":54,"hexamod:SpiritBrand":0,"Unceasing Top":62,"hubris:Potato":91}],"Unceasing Top":[52]},"card_choices":[{"not_picked":["The Bomb","Secret Technique"],"picked":"Panache","floor":0},{"not_picked":["hexamod:Hexaguard","hexamod:NightmareGuise"],"picked":"hexamod:Rewind","floor":2},{"not_picked":["hexamod:PhantomFireball","hexamod:AdvancingGuard"],"picked":"hexamod:ShieldOfDarkness","floor":3},{"not_picked":["hexamod:SwordOfDarkness","hexamod:SpectersWail"],"picked":"hexamod:GhostOfSpirePast","floor":5},{"not_picked":["hexamod:FourthSeal","hexamod:HeatCrush"],"picked":"hexamod:ShieldOfDarkness","floor":8},{"not_picked":["hexamod:FlamesFromBeyond","hexamod:FirstSeal"],"picked":"hexamod:GhostflameInferno","floor":9},{"not_picked":["hexamod:AdvancingGuard","hexamod:SpectersWail","hexamod:RainOfEmbers"],"picked":"SKIP","floor":11},{"not_picked":["hexamod:SuperheatedStrike","hexamod:PhantomFireball"],"picked":"hexamod:PowerFromBeyond","floor":14},{"not_picked":["hexamod:PhantomCloak","hexamod:HauntingEcho","hexamod:GhostflameBarrier"],"picked":"SKIP","floor":15},{"not_picked":["hexamod:UnlimitedPower","hexamod:ApocalypticArmor"],"picked":"hexamod:ApocalypseNow","floor":16},{"not_picked":["hexamod:InspiringFlames","hexamod:NightmareStrike"],"picked":"hexamod:BacktrackSmack","floor":17},{"not_picked":["hexamod:HeatCrush+1","hexamod:InspiringFlames"],"picked":"hexamod:FastForward","floor":19},{"not_picked":["hexamod:HeatShield","hexamod:SwordOfDarkness"],"picked":"hexamod:RecurringNightmare","floor":20},{"not_picked":["hexamod:SpectersWail","hexamod:GhostOfSpirePresent"],"picked":"hexamod:Rewind+1","floor":21},{"not_picked":["hexamod:HeatShield","hexamod:StepThrough","hexamod:FlamesFromBeyond+1"],"picked":"SKIP","floor":22},{"not_picked":["hexamod:NightmareStrike","hexamod:BacktrackSmack","hexamod:EtherealExpedition"],"picked":"SKIP","floor":25},{"not_picked":["hexamod:ChargedBarrage","hexamod:AdvancingGuard"],"picked":"hexamod:ShieldOfDarkness+1","floor":27},{"not_picked":["hexamod:HauntingEcho","hexamod:FlamesFromBeyond"],"picked":"hexamod:GhostOfSpirePast+1","floor":29},{"not_picked":["hexamod:Haunt","hexamod:ThermalTransfer","hexamod:ThirdSeal"],"picked":"SKIP","floor":31},{"not_picked":["hexamod:Haunt","hexamod:ThermalTransfer","hexamod:ThirdSeal"],"picked":"SKIP","floor":31},{"not_picked":["hexamod:SkipABeat","hexamod:TimeWarp"],"picked":"hexamod:CatchUp+1","floor":32},{"not_picked":["hexamod:GiftsFromTheDead","hexamod:FifthSeal"],"picked":"hexamod:TimeWarp","floor":33},{"not_picked":["hexamod:GhostOfSpireFuture","hexamod:HeatMetal+1","hexamod:BacktrackSmack"],"picked":"SKIP","floor":36},{"not_picked":["hexamod:SwordOfDarkness+1","hexamod:Firestarter+1"],"picked":"hexamod:RecurringNightmare","floor":37},{"not_picked":["hexamod:BacktrackSmack","hexamod:GhostLash","hexamod:Firestarter"],"picked":"SKIP","floor":40},{"not_picked":["hexamod:AdvancingGuard+1","hexamod:SearingWound","hexamod:PowerFromBeyond"],"picked":"SKIP","floor":42},{"not_picked":["hexamod:FastForward","hexamod:SwordOfDarkness+1","hexamod:SpectersWail+1"],"picked":"SKIP","floor":43},{"not_picked":["hexamod:Hexaguard","hexamod:StepThrough+1","hexamod:BurningTouch"],"picked":"SKIP","floor":44}],"player_experience":2066725,"relics_obtained":[{"floor":7,"key":"Omamori"},{"floor":9,"key":"aspiration:HummingbirdHeart"},{"floor":14,"key":"Boot"},{"floor":21,"key":"Art of War"},{"floor":24,"key":"Runesmith:AutoHammer"},{"floor":27,"key":"Unceasing Top"},{"floor":27,"key":"infinitespire:WardingShard"},{"floor":40,"key":"Potion Belt"},{"floor":42,"key":"hubris:Potato"}],"event_choices":[{"cards_removed":["hexamod:Strike"],"damage_healed":0,"gold_gain":0,"player_choice":"Card Removal","damage_taken":0,"max_hp_gain":0,"max_hp_loss":0,"event_name":"Wheel of Change","floor":28,"gold_loss":0}],"is_beta":false,"boss_relics":[{"not_picked":["Astrolabe","halation:Risk"],"picked":"Tiny House"},{"not_picked":["jedi:hotpepper","beaked:MawFillet"],"picked":"hubris:HollowSoul"}],"items_purged_floors":[3,29],"is_endless":false,"potions_floor_spawned":[5,9,14,15,19,20,21,31,32,37,42,43],"killed_by":"Nightmare","ascension_level":4}}