{"host":"gquo1rsrdiuo0hhv","time":1611691275,"event":{"mods":["Act Like it!","BaseMod","Colored Powertips","Minty Spire (QoL Compilation)","Quick Restart","StSLib"],"gold_per_floor":[115,115,134,59,75,101,276,276,301,301,301],"floor_reached":10,"language":"ENG","playtime":457,"items_purged":["Defend_P"],"score":69,"play_id":"04c617b5-6534-402d-a99b-f6c3d5cbf06b","local_time":"20210127030115","is_ascension_mode":true,"campfire_choices":[{"data":"Vigilance","floor":8,"key":"SMITH"}],"circlet_count":0,"master_deck":["Strike_P","Strike_P","Strike_P","Strike_P","Defend_P","Defend_P","Defend_P","Eruption","Vigilance+1","ThirdEye","Evaluate","Protect","LessonLearned","Doubt"],"relics":["PureWater","NeowsBlessing","Lantern","Smiling Mask"],"acts_visited":["Exordium"],"potions_floor_usage":[2,6,6,10],"damage_taken":[{"damage":0,"enemies":"Jaw Worm","floor":1,"turns":1},{"damage":0,"enemies":"Cultist","floor":3,"turns":1},{"damage":0,"enemies":"Small Slimes","floor":5,"turns":1},{"damage":28,"enemies":"3 Sentries","floor":6,"turns":7},{"damage":49,"enemies":"Lagavulin","floor":10,"turns":9}],"seed_played":"-5450972219001834175","potions_obtained":[{"floor":1,"key":"Explosive Potion"},{"floor":2,"key":"Fruit Juice"},{"floor":2,"key":"LiquidMemories"},{"floor":2,"key":"PowerPotion"}],"is_trial":false,"path_per_floor":["M","?","M","$","M","E","?","R","T","E"],"character_chosen":"WATCHER","items_purchased":[],"campfire_rested":0,"item_purchase_floors":[],"current_hp_per_floor":[72,77,77,77,77,49,49,49,49,0,0],"gold":301,"neow_bonus":"THREE_ENEMY_KILL","is_daily":false,"chose_seed":false,"campfire_upgraded":1,"win_rate":0.0,"timestamp":1611691275,"path_taken":["M","?","M","$","?","E","?","R","T","E"],"items_purchased_type":[],"build_version":"2020-12-22","purchased_purges":1,"victory":false,"max_hp_per_floor":[72,77,77,77,77,77,77,77,77,77,77],"card_choices":[{"not_picked":["Perseverance","Wireheading"],"picked":"ThirdEye","floor":1},{"not_picked":["Worship","WreathOfFlame"],"picked":"Evaluate","floor":3},{"not_picked":["Nirvana","Wallop"],"picked":"Protect","floor":5},{"not_picked":["FlyingSleeves","Perseverance"],"picked":"LessonLearned","floor":6}],"player_experience":389946,"relics_obtained":[{"floor":6,"key":"Lantern"},{"floor":9,"key":"Smiling Mask"}],"event_choices":[{"damage_healed":0,"gold_gain":0,"player_choice":"Got Potions","damage_taken":0,"max_hp_gain":0,"max_hp_loss":0,"event_name":"Lab","floor":2,"gold_loss":0},{"damage_healed":0,"gold_gain":175,"player_choice":"AGREE","damage_taken":0,"max_hp_gain":0,"max_hp_loss":0,"event_name":"Liars Game","floor":7,"gold_loss":0,"cards_obtained":["Doubt"]}],"is_beta":false,"boss_relics":[],"items_purged_floors":[4],"is_endless":false,"potions_floor_spawned":[1],"killed_by":"Lagavulin","ascension_level":1}}