{"host":"qdfumeom6htv8yxl","time":1611687863,"event":{"mods":["AchievementEnabler","BaseMod","Bestiary","Block Reminder","Minty Spire (QoL Compilation)","Quick Restart","Relic Stats"],"gold_per_floor":[210,210,283,301,319,319,349,499,499,238,254,92,107,107,107,181,181,201,215,130,141,141,141,157,157,157],"floor_reached":25,"language":"ENG","playtime":941,"items_purged":["Doubt"],"score":396,"play_id":"71aaeeea-949f-48e9-bdab-c6fa7f551f23","local_time":"20210126130423","is_ascension_mode":true,"campfire_choices":[{"data":"Doom and Gloom","floor":6.0,"key":"SMITH"},{"floor":15.0,"key":"REST"},{"data":"Consume","floor":23,"key":"SMITH"}],"circlet_count":0,"master_deck":["AscendersBane","Strike_B","Strike_B","Strike_B","Strike_B","Defend_B","Defend_B","Defend_B","Defend_B","Zap","Dualcast","Doom and Gloom+1","Ball Lightning","Doom and Gloom","Self Repair","FTL","Conserve Battery","Consume+1","BootSequence","Core Surge","Leap","Darkness","Hologram","Undo"],"relics":["Cracked Core","StrikeDummy","Oddly Smooth Stone","Kunai","Cursed Key","PreservedInsect"],"acts_visited":["Exordium","TheCity"],"potions_floor_usage":[19,21,25],"damage_taken":[{"damage":2.0,"enemies":"2 Louse","floor":1.0,"turns":3.0},{"damage":2.0,"enemies":"Jaw Worm","floor":4.0,"turns":3.0},{"damage":0.0,"enemies":"Small Slimes","floor":5.0,"turns":1.0},{"damage":20.0,"enemies":"3 Sentries","floor":7.0,"turns":4.0},{"damage":1.0,"enemies":"Blue Slaver","floor":11.0,"turns":2.0},{"damage":0.0,"enemies":"Looter","floor":13.0,"turns":3.0},{"damage":17.0,"enemies":"Slime Boss","floor":16.0,"turns":8.0},{"damage":11,"enemies":"Spheric Guardian","floor":18,"turns":4},{"damage":0,"enemies":"3 Byrds","floor":19,"turns":2},{"damage":4,"enemies":"Snecko","floor":21,"turns":4},{"damage":37,"enemies":"Shelled Parasite and Fungi","floor":24,"turns":4},{"damage":27,"enemies":"Book of Stabbing","floor":25,"turns":3}],"seed_played":"2406184383295865599","potions_obtained":[{"floor":1.0,"key":"Energy Potion"},{"floor":4.0,"key":"PotionOfCapacity"},{"floor":5.0,"key":"LiquidBronze"},{"floor":7.0,"key":"Block Potion"},{"floor":18,"key":"ColorlessPotion"},{"floor":24,"key":"SkillPotion"}],"is_trial":false,"path_per_floor":["M","?","?","M","M","R","E","?","T","$","M","$","M","?","R","B",null,"M","M","?","M","?","R","M","E"],"character_chosen":"DEFECT","items_purchased":["FTL","Conserve Battery","Consume","Core Surge"],"campfire_rested":1,"item_purchase_floors":[10,10,10,12],"current_hp_per_floor":[62,36,36,34,34,34,14,14,14,14,13,13,20,20,41,31,61,57,57,57,60,60,60,23,0,0],"gold":157,"neow_bonus":"HUNDRED_GOLD","is_daily":false,"chose_seed":false,"campfire_upgraded":2,"win_rate":0.0,"timestamp":1611687863,"path_taken":["M","?","?","M","M","R","E","?","T","$","M","$","?","?","R","BOSS","M","M","?","M","?","R","M","E"],"items_purchased_type":["Card","Card","Card","Card"],"build_version":"2020-12-22","purchased_purges":1,"victory":false,"max_hp_per_floor":[71,71,71,71,71,71,71,71,71,71,71,71,71,71,71,71,71,71,71,71,71,71,71,71,71,71],"relic_stats":{"counters":[12,41],"PreservedInsect":43,"Kunai":[5],"Cursed Key":0,"obtain_stats":[{"Oddly Smooth Stone":7,"PreservedInsect":20,"Kunai":9,"Cracked Core":0,"StrikeDummy":2,"Cursed Key":17},{"Oddly Smooth Stone":4,"PreservedInsect":9,"Kunai":4,"Cracked Core":0,"StrikeDummy":1,"Cursed Key":7},{"Oddly Smooth Stone":11,"PreservedInsect":30,"Kunai":11,"Cracked Core":0,"StrikeDummy":3,"Cursed Key":24}]},"card_choices":[{"not_picked":["BootSequence","Hello World"],"picked":"Doom and Gloom","floor":1.0},{"not_picked":["Hello World","Conserve Battery"],"picked":"Ball Lightning","floor":4.0},{"not_picked":["Rip and Tear","Sweeping Beam"],"picked":"Doom and Gloom","floor":5.0},{"not_picked":["Scrape","Chaos"],"picked":"Self Repair","floor":7.0},{"not_picked":["Ball Lightning","Sunder"],"picked":"BootSequence","floor":11.0},{"not_picked":["Compile Driver","Doom and Gloom"],"picked":"Leap","floor":13.0},{"not_picked":["FTL","Compile Driver"],"picked":"Darkness","floor":18},{"not_picked":["Reprogram","Heatsinks"],"picked":"Hologram","floor":19},{"not_picked":["Rebound","Barrage","Double Energy"],"picked":"SKIP","floor":21},{"not_picked":["Turbo","Creative AI"],"picked":"Undo","floor":24}],"player_experience":1840260,"relics_obtained":[{"floor":7.0,"key":"Oddly Smooth Stone"},{"floor":9.0,"key":"Kunai"}],"event_choices":[{"damage_healed":0.0,"max_hp_gain":0.0,"max_hp_loss":0.0,"gold_gain":0.0,"event_name":"Scrap Ooze","player_choice":"Success","floor":2.0,"gold_loss":0.0,"damage_taken":26.0,"relics_obtained":["StrikeDummy"]},{"damage_healed":0.0,"max_hp_gain":0.0,"max_hp_loss":0.0,"gold_gain":73.0,"event_name":"Golden Wing","player_choice":"Gained Gold","floor":3.0,"gold_loss":0.0,"damage_taken":0.0},{"damage_healed":0.0,"max_hp_gain":0.0,"max_hp_loss":0.0,"gold_gain":150.0,"event_name":"Liars Game","player_choice":"AGREE","floor":8.0,"gold_loss":0.0,"damage_taken":0.0,"cards_obtained":["Doubt"]},{"damage_healed":0.0,"max_hp_gain":0.0,"max_hp_loss":0.0,"gold_gain":0.0,"event_name":"Shining Light","player_choice":"Ignored","floor":14.0,"gold_loss":0.0,"damage_taken":0.0},{"damage_healed":0,"gold_gain":0,"player_choice":"Obtained Relic","damage_taken":0,"relics_obtained":["PreservedInsect"],"max_hp_gain":0,"max_hp_loss":0,"event_name":"Addict","floor":20,"gold_loss":85},{"damage_healed":0,"gold_gain":0,"player_choice":"Ignored","damage_taken":0,"max_hp_gain":0,"max_hp_loss":0,"event_name":"Vampires","floor":22,"gold_loss":0}],"is_beta":false,"boss_relics":[{"not_picked":["Fusion Hammer","Astrolabe"],"picked":"Cursed Key"}],"items_purged_floors":[10],"is_endless":false,"potions_floor_spawned":[1,4,5,7,18,24],"killed_by":"Book of Stabbing","ascension_level":19}}