{"host":"opyh6vr790e42ffe","time":1611697020,"event":{"mods":["BaseMod","Bestiary","Colored Map","Downfall","Highlight Path","Minty Spire (QoL Compilation)","Relic Stats","StSLib"],"gold_per_floor":[99,114,130,130,146,17,17,33,33,60,80,530,330,59,71,166,166,166,186,200,220,25,25,25,25,45,45,45,45,145,145,158,158,158,158],"floor_reached":33,"language":"ENG","playtime":3598,"items_purged":["Shame"],"score":297,"play_id":"29637062-4624-4f00-bd8b-1685ae753da3","local_time":"20210126133700","is_ascension_mode":false,"campfire_choices":[{"floor":1.0,"key":"RECALL"},{"data":"bronze:Philosophize","floor":9.0,"key":"SMITH"},{"data":"bronze:OilSpill","floor":13.0,"key":"SMITH"},{"data":"bronze:SpaghettiCode","floor":18.0,"key":"SMITH"},{"floor":23.0,"key":"REST"},{"data":"bronze:FineTuning","floor":27.0,"key":"SMITH"},{"data":"bronze:FineTuning","floor":29.0,"key":"SMITH"}],"circlet_count":0,"master_deck":["bronze:Strike","bronze:Defend","bronze:Defend","bronze:Defend","bronze:Defend","bronze:Replicate","bronze:Goto","bronze:OilSpill+1","bronze:BitShift","bronze:Flail","bronze:HardenedForm","bronze:ClassDefault","bronze:Return","bronze:Philosophize+1","bronze:Iterate","bronze:Turbo","downfall:Icky","downfall:Icky","downfall:Icky","bronze:OilSpill","bronze:ChosenStrike","bronze:ItsAFeature+1","bronze:FineTuning+1","bronze:SpaghettiCode+1","bronze:Allocate","bronze:CutThrough+1","bronze:BugBarrage+1","bronze:SpaghettiCode+1","bronze:FineTuning+1"],"relics":["bronze:BronzeCore","Frozen Egg 2","Akabeko","downfall:HeartBlessingRed","downfall:HeartBlessingGreen","Lee\u0027s Waffle","expansioncontent:StudyCardRelic","DollysMirror","Omamori","Strawberry","sneckomod:BabySnecko","StoneCalendar","Singing Bowl"],"acts_visited":["Exordium","TheCity"],"potions_floor_usage":[30],"damage_taken":[{"damage":11.0,"enemies":"Jaw Worm","floor":2.0,"turns":3.0},{"damage":1.0,"enemies":"Cultist","floor":3.0,"turns":3.0},{"damage":0.0,"enemies":"Small Slimes","floor":5.0,"turns":3.0},{"damage":10.0,"enemies":"downfall:FleeingMerchant","floor":6.0,"turns":4.0},{"damage":1.0,"enemies":"2 Fungi Beasts","floor":8.0,"turns":2.0},{"damage":31.0,"enemies":"3 Sentries","floor":10.0,"turns":4.0},{"damage":0.0,"enemies":"Exordium Wildlife","floor":11.0,"turns":2.0},{"damage":9.0,"enemies":"downfall:FleeingMerchant","floor":14.0,"turns":4.0},{"damage":16.0,"enemies":"Gremlin Gang","floor":15.0,"turns":3.0},{"damage":30.0,"enemies":"IC_STATUS_ARCHETYPE","floor":16.0,"turns":5.0},{"damage":10.0,"enemies":"Shell Parasite","floor":19.0,"turns":2.0},{"damage":42.0,"enemies":"Snake Plant","floor":20.0,"turns":4.0},{"damage":11.0,"enemies":"Sentry and Sphere","floor":21.0,"turns":3.0},{"damage":4.0,"enemies":"downfall:FleeingMerchant","floor":22.0,"turns":4.0},{"damage":0.0,"enemies":"Centurion and Healer","floor":26.0,"turns":4.0},{"damage":20,"enemies":"Colosseum Nobs","floor":30,"turns":3},{"damage":18,"enemies":"Snake Plant","floor":32,"turns":4},{"damage":20,"enemies":"SI_MIRROR_ARCHETYPE","floor":33,"turns":4}],"seed_played":"5830144497917661700","potions_obtained":[{"floor":3.0,"key":"ColorlessPotion"},{"floor":10.0,"key":"Weak Potion"},{"floor":15.0,"key":"DuplicationPotion"},{"floor":19.0,"key":"DistilledChaos"},{"floor":20.0,"key":"SpeedPotion"}],"is_trial":false,"path_per_floor":["R","M","M","?","M","$","T","M","R","E","M","?","R","$","M","B",null,"R","M","M","M","$","R","T","$","M","R","?","R","?","$","M","B"],"character_chosen":"THE_AUTOMATON","items_purchased":["bronze:ClassDefault","bronze:Return","Lee\u0027s Waffle","bronze:ChosenStrike","bronze:ItsAFeature+1","DollysMirror","Omamori","Strawberry"],"campfire_rested":1,"item_purchase_floors":[6,6,14,14,14,22,22,22],"current_hp_per_floor":[77,66,65,65,65,55,55,54,54,23,23,23,23,84,68,38,84,84,74,32,21,24,51,51,51,51,51,51,51,33,33,17,0,0,0],"gold":158,"neow_bonus":"TEN_PERCENT_HP_BONUS","is_daily":false,"chose_seed":false,"campfire_upgraded":5,"win_rate":0.0,"timestamp":1611697020,"path_taken":["R","M","M","?","M","$","T","M","R","E","?","?","R","$","M","BOSS","R","M","M","M","$","R","T","$","M","R","?","R","?","?","M","BOSS"],"items_purchased_type":["Card","Card","Relic","Card","Card","Relic","Relic","Relic"],"build_version":"2020-12-22","purchased_purges":1,"victory":false,"max_hp_per_floor":[77,77,77,77,77,77,77,77,77,77,77,77,77,84,84,84,84,84,84,84,84,91,91,91,91,91,91,91,91,93,93,95,95,95,95],"relic_stats":{"Lee\u0027s Waffle":70,"Singing Bowl":4,"counters":[18,61],"StoneCalendar":[0],"obtain_stats":[{"Lee\u0027s Waffle":14,"bronze:BronzeCore":0,"downfall:HeartBlessingRed":13,"Singing Bowl":30,"downfall:HeartBlessingGreen":13,"StoneCalendar":30,"expansioncontent:StudyCardRelic":17,"Omamori":22,"Frozen Egg 2":7,"Akabeko":10,"sneckomod:BabySnecko":28,"DollysMirror":22,"Strawberry":22},{"Lee\u0027s Waffle":8,"bronze:BronzeCore":0,"downfall:HeartBlessingRed":7,"Singing Bowl":16,"downfall:HeartBlessingGreen":7,"StoneCalendar":16,"expansioncontent:StudyCardRelic":10,"Omamori":14,"Frozen Egg 2":4,"Akabeko":6,"sneckomod:BabySnecko":15,"DollysMirror":14,"Strawberry":14},{"Lee\u0027s Waffle":25,"bronze:BronzeCore":0,"downfall:HeartBlessingRed":21,"Singing Bowl":53,"downfall:HeartBlessingGreen":21,"StoneCalendar":53,"expansioncontent:StudyCardRelic":33,"Omamori":46,"Frozen Egg 2":13,"Akabeko":19,"sneckomod:BabySnecko":50,"DollysMirror":46,"Strawberry":46}]},"card_choices":[{"not_picked":["bronze:CutThrough","bronze:Branch"],"picked":"bronze:OilSpill","floor":2.0},{"not_picked":["bronze:Turbo","bronze:Shield"],"picked":"bronze:BitShift","floor":3.0},{"not_picked":["bronze:BuggyMess","bronze:Frontload"],"picked":"bronze:Flail","floor":5.0},{"not_picked":["bronze:Frontload","bronze:DelayedGuard"],"picked":"bronze:HardenedForm","floor":6.0},{"not_picked":["bronze:CutThrough","bronze:Overload"],"picked":"bronze:Philosophize","floor":8.0},{"not_picked":["bronze:CutThrough","bronze:DigitalCarnage"],"picked":"bronze:Iterate","floor":10.0},{"not_picked":["bronze:CutThrough","bronze:DelayedGuard"],"picked":"bronze:Turbo","floor":11.0},{"not_picked":["bronze:BitShift","bronze:BuggyMess"],"picked":"bronze:OilSpill","floor":14.0},{"not_picked":["bronze:BitShift","bronze:Branch"],"picked":"bronze:FineTuning","floor":15.0},{"not_picked":["bronze:RecursiveStrike","bronze:HardenedForm+1"],"picked":"bronze:SpaghettiCode","floor":16.0},{"not_picked":["bronze:Invalidate","bronze:GetLatest"],"picked":"bronze:Allocate","floor":19.0},{"not_picked":["bronze:OilSpill","bronze:DelayedGuard"],"picked":"bronze:CutThrough+1","floor":20.0},{"not_picked":["bronze:CloningBeam+1","bronze:Turbo"],"picked":"bronze:BugBarrage+1","floor":21.0},{"not_picked":["bronze:DelayedSlice","bronze:ItsAFeature+1","bronze:Overheat+1"],"picked":"SKIP","floor":22.0},{"not_picked":["bronze:Turbo","bronze:Branch"],"picked":"bronze:FineTuning","floor":26.0},{"not_picked":["bronze:Turbo+1","bronze:Branch","bronze:BugBarrage"],"picked":"Singing Bowl","floor":30},{"not_picked":["bronze:ThunderWave","bronze:WhirlingStrike","bronze:Safeguard+1"],"picked":"Singing Bowl","floor":32}],"player_experience":2638948,"relics_obtained":[{"floor":7.0,"key":"Frozen Egg 2"},{"floor":10.0,"key":"Akabeko"},{"floor":30,"key":"StoneCalendar"},{"floor":30,"key":"Singing Bowl"}],"event_choices":[],"is_beta":false,"boss_relics":[{"not_picked":["Calling Bell","bronze:PlatinumCore"],"picked":"expansioncontent:StudyCardRelic"}],"items_purged_floors":[22],"is_endless":false,"potions_floor_spawned":[3,10,15,19,20],"killed_by":"SI_MIRROR_ARCHETYPE","ascension_level":0}}