{"host":"mal0jdk4f6ubgyb8","time":1611676361,"event":{"mods":["100% Spire Juice","Act Like it!","Aspiration","BaseMod","CapriCore","Gensokyo","Hallownest","KinomotoSakuraMod(ƒæ÷Æ±æ”£)","Koishi","Luminous","Marisa£®ÏF”Í°°ƒß¿Ì…≥£©","Minty Spire (QoL Compilation)","Pale of the Ancients","Quick Restart","Reimu£®≤©¿ˆ¡È√Œ£©","Relic Stats","Remilia£®¿Ÿ√◊¿Ú—«£©","Replay The Spire","StSLib","The Animator","The Bug Knight","The Immortal","Waifu the Spire","WarShipGirlsR/’ΩΩ¢…Ÿ≈ÆR mod","Yakumo Yukari mod","Youmu£®ªÍ∆«—˝√Œ£©","Yuri Mod","Yuyuko"],"gold_per_floor":[110,110,120,120,130,130,172,193,261,280,299,72,99,119,119,231,231,248,257,276,156,156,183,205,248,248,273,295,336,336,357,357,471,471,492,492,21,21,38,72,93,121,121,144,144,185,185,220,220,220,239,252,261,12,12,32,32,59,59,59],"floor_reached":61,"language":"ZHS","playtime":6629,"items_purged":["ClowCardTheSword"],"score":1747,"play_id":"0101c84a-e478-45b0-96f5-958b8109071a","local_time":"20210126235241","is_ascension_mode":true,"campfire_choices":[{"data":"SpellCardSeal","floor":6.0,"key":"SMITH"},{"data":"ClowCardTheLoop","floor":15.0,"key":"SMITH"},{"floor":30.0,"key":"REST"},{"data":"ClowCardTheFight","floor":32.0,"key":"SMITH"},{"data":"ClowCardTheRain","floor":47.0,"key":"SMITH"},{"floor":49.0,"key":"RECALL"},{"data":"ClowCardTheMaze","floor":55,"key":"PURGE"},{"data":"ClowCardTheRain","floor":57,"key":"SMITH"}],"circlet_count":1,"master_deck":["SakuraCardTheDream+","SakuraCardTheSweet+","SakuraCardTheShield+","ClowCardTheSword+1","ClowCardTheSword+1","ClowCardTheSword+1","ClowCardTheShield+1","SpellCardSeal+1","SpellCardRelease","ClowCardTheBig+1","ClowCardTheDash+1","ClowCardTheRain+1","ClowCardTheFloat","ClowCardTheLoop+1","ClowCardTheWatery","ClowCardTheDream+1","ClowCardTheFight+1","ClowCardTheBubbles+1","ClowCardTheBig+1","ClowCardTheTwin+1","ClowCardTheWatery+1","ClowCardTheChange+1","ClowCardTheLittle+1","ClowCardTheSweet+1","ClowCardTheFly+1","ClowCardTheLittle+1","ClowCardTheSnow+1","ClowCardTheTwin+1","ClowCardTheRain+1"],"relics":["KSMOD_SealedBook","KSMOD_SealedWand","NeowsBlessing","Mummified Hand","CeramicFish","aspiration:Nostalgia","yuri:yuriKnife","Matryoshka","Sozu","Gensokyo:SpiderMask","Replay:Bottled Eggs","Frozen Egg 2","aspiration:ChemicalBlood","Bottled Lightning","KSMOD_TouyasBicycle","Runic Dome","Omamori","Replay:Bottled Snecko","Sling","Onion Ring","Peace Pipe","yuri:PortableGlitches","HornCleat","War Paint","Circlet","Replay:WaspNest","paleoftheancients:Timepiece","paleoftheancients:KeyRelic","paleoftheancients:SoulOfTheShapes","Sundial","Replay:Rubber Ducky"],"acts_visited":["Exordium","Exordium","Gensokyo:Gensokyoer","Gensokyo:Gensokyoest"],"potions_floor_usage":[],"damage_taken":[{"damage":0.0,"enemies":"Jaw Worm","floor":1.0,"turns":1.0},{"damage":12.0,"enemies":"2 Louse","floor":3.0,"turns":4.0},{"damage":0.0,"enemies":"Cultist","floor":5.0,"turns":1.0},{"damage":20.0,"enemies":"Lagavulin","floor":7.0,"turns":4.0},{"damage":4.0,"enemies":"2 Fungi Beasts","floor":8.0,"turns":3.0},{"damage":10.0,"enemies":"Exordium Thugs","floor":10.0,"turns":6.0},{"damage":0.0,"enemies":"Gremlin Gang","floor":11.0,"turns":3.0},{"damage":2.0,"enemies":"Gremlin Nob","floor":13.0,"turns":5.0},{"damage":0.0,"enemies":"Red Slaver","floor":14.0,"turns":3.0},{"damage":10.0,"enemies":"Slime Boss","floor":16.0,"turns":10.0},{"damage":14.0,"enemies":"Gensokyo:AngelMirror","floor":18.0,"turns":4.0},{"damage":0.0,"enemies":"Gensokyo:Chomper","floor":20.0,"turns":2.0},{"damage":0.0,"enemies":"Gensokyo:Koishi","floor":23.0,"turns":4.0},{"damage":16.0,"enemies":"Gensokyo:Swordslinger","floor":24.0,"turns":3.0},{"damage":16.0,"enemies":"Gensokyo:Reisen","floor":25.0,"turns":6.0},{"damage":24.0,"enemies":"Gensokyo:Slime_Group","floor":27.0,"turns":4.0},{"damage":14.0,"enemies":"Gensokyo:Wraith","floor":28.0,"turns":2.0},{"damage":32.0,"enemies":"Gensokyo:Koishi","floor":29.0,"turns":5.0},{"damage":0.0,"enemies":"Gensokyo:3_Gloops","floor":31.0,"turns":7.0},{"damage":0.0,"enemies":"Gensokyo:Kaguya","floor":33.0,"turns":7.0},{"damage":0.0,"enemies":"Gensokyo:3_Boulders","floor":35.0,"turns":5.0},{"damage":0.0,"enemies":"Gensokyo:AncientGuardian","floor":39.0,"turns":4.0},{"damage":0.0,"enemies":"Gensokyo:Kasen","floor":40.0,"turns":2.0},{"damage":0.0,"enemies":"Gensokyo:AtlasGolem","floor":41.0,"turns":3.0},{"damage":60.0,"enemies":"Gensokyo:Marisa","floor":42.0,"turns":3.0},{"damage":0.0,"enemies":"Gensokyo:4_Bats","floor":44.0,"turns":1.0},{"damage":0.0,"enemies":"Gensokyo:Doremy","floor":46.0,"turns":4.0},{"damage":0.0,"enemies":"Gensokyo:Marisa","floor":48.0,"turns":2.0},{"damage":20,"enemies":"Gensokyo:Scarlet_Devils","floor":50,"turns":5},{"damage":0,"enemies":"Gensokyo:Scarlet_Devils","floor":51,"turns":4},{"damage":7,"enemies":"Gensokyo:Scarlet_Devils","floor":52,"turns":5},{"damage":0,"enemies":"Gensokyo:Scarlet_Devils","floor":56,"turns":4},{"damage":60,"enemies":"paleoftheancients:N","floor":60,"turns":5}],"seed_played":"3903759746247597937","potions_obtained":[{"floor":1.0,"key":"SmokeBomb"},{"floor":7.0,"key":"Toxic Potion"},{"floor":13.0,"key":"LiquidMemories"},{"floor":16.0,"key":"SneckoOil"}],"is_trial":false,"path_per_floor":["M","?","M","?","M","R","E","M","T","M","M","$","E","M","R","B",null,"M","?","M","?","?","E","M","E","T","M","M","E","R","M","R","B",null,"M","T","$","?","M","E","M","E","T","M","?","E","R","E","R","B","M","M","?","$","R","M","R","T","?","B",null],"character_chosen":"KINOMOTOSAKURA","items_purchased":["aspiration:Nostalgia","Sling","Onion Ring","ClowCardTheLittle+1","Sundial"],"campfire_rested":1,"item_purchase_floors":[12,37,37,37,54],"current_hp_per_floor":[70,70,58,58,58,58,38,34,34,24,24,24,22,22,22,12,70,56,56,56,56,63,68,53,50,50,34,25,10,31,34,34,45,70,70,70,70,70,70,70,70,10,10,15,15,32,32,45,45,76,76,76,76,76,76,76,76,76,76,52],"gold":59,"neow_bonus":"THREE_ENEMY_KILL","is_daily":false,"chose_seed":false,"campfire_upgraded":5,"win_rate":0.0,"timestamp":1611676361,"path_taken":["M","?","M","?","M","R","E","M","T","?","M","$","E","M","R","BOSS","M","?","M","?","?","E","?","E","T","?","M","E","R","M","R","BOSS","M","?","$","?","M","E","M","E","T","M","?","E","R","E","R","BOSS","M","M","?","$","R","M","R","T","?","BOSS"],"items_purchased_type":["Relic","Relic","Relic","Card","Relic"],"build_version":"2020-12-22","purchased_purges":1,"victory":true,"max_hp_per_floor":[70,70,70,70,70,70,70,70,70,70,70,70,70,70,70,70,70,70,70,70,70,70,70,70,70,70,70,70,70,70,70,70,70,70,70,70,70,70,70,70,70,70,70,70,70,70,70,70,70,76,76,76,76,76,76,76,76,76,76,76],"relic_stats":{"Sozu":10,"Peace Pipe":1,"counters":[33,131],"Mummified Hand":[186],"Sundial":[0],"CeramicFish":216,"War Paint":["ClowCardTheShield","ClowCardTheDream"],"obtain_stats":[{"CeramicFish":7,"Gensokyo:SpiderMask":21,"Sling":37,"paleoftheancients:SoulOfTheShapes":51,"Replay:Rubber Ducky":58,"Sozu":17,"Frozen Eye":23,"BranchBurnRelic":47,"Matryoshka":13,"HornCleat":43,"Mummified Hand":4,"Sundial":54,"KSMOD_SealedWand":0,"Replay:Bottled Snecko":36,"Replay:Bottled Eggs":23,"aspiration:ChemicalBlood":26,"paleoftheancients:KeyRelic":50,"NeowsBlessing":0,"KSMOD_SealedBook":0,"aspiration:Nostalgia":12,"Dead Branch":35,"yuri:yuriKnife":12,"Circlet":0,"Replay:WaspNest":48,"Omamori":36,"Frozen Egg 2":25,"War Paint":46,"Peace Pipe":40,"paleoftheancients:Timepiece":50,"Runic Dome":34,"Onion Ring":37,"Bottled Lightning":26,"KSMOD_TouyasBicycle":29,"yuri:PortableGlitches":42},{"CeramicFish":4,"Gensokyo:SpiderMask":12,"Sling":21,"paleoftheancients:SoulOfTheShapes":30,"Replay:Rubber Ducky":32,"Sozu":10,"Frozen Eye":12,"BranchBurnRelic":27,"Matryoshka":8,"HornCleat":25,"Mummified Hand":2,"Sundial":31,"KSMOD_SealedWand":0,"Replay:Bottled Snecko":21,"Replay:Bottled Eggs":13,"aspiration:ChemicalBlood":15,"paleoftheancients:KeyRelic":29,"NeowsBlessing":0,"KSMOD_SealedBook":0,"aspiration:Nostalgia":7,"Dead Branch":21,"yuri:yuriKnife":7,"Circlet":0,"Replay:WaspNest":28,"Omamori":21,"Frozen Egg 2":15,"War Paint":27,"Peace Pipe":23,"paleoftheancients:Timepiece":29,"Runic Dome":20,"Onion Ring":21,"Bottled Lightning":15,"KSMOD_TouyasBicycle":18,"yuri:PortableGlitches":25},{"CeramicFish":10,"Gensokyo:SpiderMask":46,"Sling":89,"paleoftheancients:SoulOfTheShapes":117,"Replay:Rubber Ducky":126,"Sozu":40,"Frozen Eye":46,"BranchBurnRelic":106,"Matryoshka":27,"HornCleat":101,"Mummified Hand":5,"Sundial":122,"KSMOD_SealedWand":0,"Replay:Bottled Snecko":89,"Replay:Bottled Eggs":50,"aspiration:ChemicalBlood":59,"paleoftheancients:KeyRelic":113,"NeowsBlessing":0,"KSMOD_SealedBook":0,"aspiration:Nostalgia":22,"Dead Branch":89,"yuri:yuriKnife":22,"Circlet":0,"Replay:WaspNest":108,"Omamori":89,"Frozen Egg 2":59,"War Paint":106,"Peace Pipe":95,"paleoftheancients:Timepiece":113,"Runic Dome":84,"Onion Ring":89,"Bottled Lightning":59,"KSMOD_TouyasBicycle":70,"yuri:PortableGlitches":101}]},"card_choices":[{"not_picked":["ClowCardTheLibra","ClowCardTheRain"],"picked":"ClowCardTheBig","floor":1.0},{"not_picked":["ClowCardTheShadow","ClowCardTheLibra","ClowCardTheShot"],"picked":"SKIP","floor":3.0},{"not_picked":["ClowCardTheRain","ClowCardTheErase"],"picked":"ClowCardTheDash","floor":5.0},{"not_picked":["ClowCardTheSilent","ClowCardTheCloud"],"picked":"ClowCardTheRain","floor":7.0},{"not_picked":["ClowCardTheDream","ClowCardTheWave"],"picked":"ClowCardTheFloat","floor":8.0},{"not_picked":["ClowCardTheGlow","ClowCardThePower"],"picked":"ClowCardTheLoop","floor":10.0},{"not_picked":["ClowCardTheArrow","ClowCardTheJump"],"picked":"ClowCardTheWatery","floor":11.0},{"not_picked":["ClowCardTheRain","ClowCardTheThrough","ClowCardTheLock"],"picked":"SKIP","floor":13.0},{"not_picked":["ClowCardTheLibra","ClowCardTheArrow"],"picked":"ClowCardTheDream","floor":14.0},{"not_picked":["ClowCardTheThrough","ClowCardTheCreate"],"picked":"ClowCardTheFight","floor":16.0},{"not_picked":["ClowCardTheMaze","ClowCardTheSilent+1","ClowCardTheMirror"],"picked":"SKIP","floor":18.0},{"not_picked":["ClowCardTheLoop","ClowCardThePower+1"],"picked":"ClowCardTheFloat","floor":20.0},{"not_picked":["ClowCardTheWatery","ClowCardTheCreate","ClowCardTheDash"],"picked":"SKIP","floor":23.0},{"not_picked":["ClowCardTheEarthy","ClowCardTheLibra"],"picked":"ClowCardTheDream+1","floor":24.0},{"not_picked":["ClowCardTheLoop+1","ClowCardTheMaze+1"],"picked":"ClowCardTheBubbles+1","floor":25.0},{"not_picked":["ClowCardTheMist","ClowCardTheEarthy+1"],"picked":"ClowCardTheBig+1","floor":27.0},{"not_picked":["ClowCardTheMist","ClowCardTheBig+1"],"picked":"ClowCardTheChange","floor":28.0},{"not_picked":["ClowCardTheLibra","ClowCardThePower"],"picked":"ClowCardTheTwin+1","floor":29.0},{"not_picked":["ClowCardTheSilent+1","ClowCardTheDream"],"picked":"ClowCardTheWatery+1","floor":31.0},{"not_picked":["ClowCardTheThunder","ClowCardTheFight"],"picked":"ClowCardTheCreate","floor":33.0},{"not_picked":["ClowCardTheLock+1","ClowCardTheFloat+1"],"picked":"ClowCardTheChange+1","floor":35.0},{"not_picked":["ClowCardTheShadow","ClowCardTheMist","ClowCardTheSong+1"],"picked":"SKIP","floor":39.0},{"not_picked":["ClowCardTheErase","ClowCardTheLock+1"],"picked":"ClowCardTheSweet+1","floor":40.0},{"not_picked":["ClowCardTheLoop+1","ClowCardTheMaze"],"picked":"ClowCardTheFly+1","floor":41.0},{"not_picked":["ClowCardTheMirror","ClowCardThePower+1","ClowCardTheErase+1"],"picked":"SKIP","floor":42.0},{"not_picked":["ClowCardTheLibra","ClowCardTheFreeze"],"picked":"ClowCardTheLittle+1","floor":44.0},{"not_picked":["ClowCardTheFreeze","ClowCardTheWood"],"picked":"ClowCardTheSnow+1","floor":46.0},{"not_picked":["ClowCardTheSilent+1","ClowCardTheShadow","ClowCardTheVoice+1"],"picked":"SKIP","floor":48.0},{"not_picked":["ClowCardTheErase","ClowCardTheFlower+1"],"picked":"ClowCardTheTwin+1","floor":51},{"not_picked":["ClowCardTheLibra+1","ClowCardTheStorm+1","ClowCardTheMaze+1"],"picked":"SKIP","floor":52},{"not_picked":["ClowCardTheLittle+1","ClowCardTheErase"],"picked":"ClowCardTheRain","floor":56}],"player_experience":359731,"relics_obtained":[{"floor":7.0,"key":"CeramicFish"},{"floor":13.0,"key":"Matryoshka"},{"floor":23.0,"key":"Replay:Bottled Eggs"},{"floor":25.0,"key":"Frozen Egg 2"},{"floor":26.0,"key":"aspiration:ChemicalBlood"},{"floor":26.0,"key":"Bottled Lightning"},{"floor":29.0,"key":"KSMOD_TouyasBicycle"},{"floor":35.0,"key":"Dead Branch"},{"floor":36.0,"key":"Omamori"},{"floor":36.0,"key":"Replay:Bottled Snecko"},{"floor":40.0,"key":"Peace Pipe"},{"floor":42.0,"key":"yuri:PortableGlitches"},{"floor":43.0,"key":"HornCleat"},{"floor":46.0,"key":"War Paint"},{"floor":48.0,"key":"Replay:WaspNest"},{"floor":51,"key":"paleoftheancients:SoulOfTheShapes"},{"floor":52,"key":"paleoftheancients:SoulOfTheCollector"},{"floor":58,"key":"Replay:Rubber Ducky"}],"event_choices":[{"damage_healed":0.0,"max_hp_gain":0.0,"max_hp_loss":0.0,"gold_gain":0.0,"event_name":"Living Wall","player_choice":"Grow","floor":2.0,"gold_loss":0.0,"damage_taken":0.0,"cards_upgraded":["ClowCardTheBig"]},{"damage_healed":0.0,"max_hp_gain":0.0,"max_hp_loss":0.0,"gold_gain":0.0,"event_name":"WeMeetAgain","player_choice":"Gave Potion","floor":4.0,"gold_loss":0.0,"damage_taken":0.0,"relics_obtained":["Mummified Hand"]},{"damage_healed":0,"gold_gain":0,"cards_transformed":["ClowCardTheChange"],"player_choice":"Transformed","damage_taken":0,"max_hp_gain":0,"max_hp_loss":0,"event_name":"Transmorgrifier","floor":53,"gold_loss":0,"cards_obtained":["ClowCardTheMaze"]}],"is_beta":false,"boss_relics":[{"not_picked":["Busted Crown","Ring of Chaos"],"picked":"Sozu"},{"not_picked":["ReplayTheSpireMod:DimensionalGlitch","Honey Jar"],"picked":"Runic Dome"}],"items_purged_floors":[12],"is_endless":false,"potions_floor_spawned":[1,7,13,16,18,24,25,31,41,42,44,46,52,56],"ascension_level":2}}