{"host":"yjeq27nqd9iczda7","time":1611638424,"event":{"mods":["Arknights The Spire","BaseMod","Colored Map","Colored Powertips","GifTheSpireLib","Minty Spire (QoL Compilation)","Prisma Mod","StSLib","The Alterego","The Poker Player","Waifu the Spire"],"gold_per_floor":[115,132,49,64,77,104,114,147,147,10,10,10,10,10,10,139,139,160,176,215,314,328,328,328],"floor_reached":23,"language":"KOR","playtime":1193,"items_purged":[],"score":201,"play_id":"9dbbcc94-c000-44af-990e-f345f845920e","local_time":"20210126142024","is_ascension_mode":false,"campfire_choices":[{"floor":12.0,"key":"RECALL"},{"floor":15.0,"key":"REST"}],"circlet_count":0,"master_deck":["ats:Strike C","ats:Strike S","ats:Armor Crushing Shot","ats:Defend","ats:Defend","ats:Emotion Absorption","ats:Demon Strength","ats:Apocalypse","ats:Overload","ats:Flexible Camouflage","ats:Leaping Hammer","ats:Collapsing Strike","ats:Rat Pack","ats:Revitalization","ats:Magnetic Hammer","ats:Overload","ats:Apocalypse","ats:Shell Defense","ats:Echo Reverb","ats:Chain Hook+1","ats:Hook Shot+1","ats:Encircling Forest+1","ats:Assault Order","ats:Support Order","ats:Hammer On","ats:Serious Mode+1"],"relics":["ats:Sanity","ats:Originium","ats:Military Tradition","Centennial Puzzle","Pantograph","Golden Idol","Astrolabe","Red Mask"],"acts_visited":["Exordium","TheCity"],"potions_floor_usage":[22,23],"damage_taken":[{"damage":2.0,"enemies":"Small Slimes","floor":1.0,"turns":4.0},{"damage":2.0,"enemies":"Cultist","floor":2.0,"turns":3.0},{"damage":6.0,"enemies":"Jaw Worm","floor":4.0,"turns":2.0},{"damage":11.0,"enemies":"2 Fungi Beasts","floor":5.0,"turns":3.0},{"damage":10.0,"enemies":"Gremlin Nob","floor":6.0,"turns":3.0},{"damage":10.0,"enemies":"Exordium Wildlife","floor":7.0,"turns":5.0},{"damage":27.0,"enemies":"3 Sentries","floor":8.0,"turns":5.0},{"damage":24.0,"enemies":"Slime Boss","floor":16.0,"turns":9.0},{"damage":20.0,"enemies":"2 Thieves","floor":18.0,"turns":3.0},{"damage":30,"enemies":"3 Byrds","floor":19,"turns":5},{"damage":21,"enemies":"Masked Bandits","floor":20,"turns":5},{"damage":25,"enemies":"Snake Plant","floor":22,"turns":4},{"damage":25,"enemies":"Gremlin Leader","floor":23,"turns":2}],"seed_played":"-2386110485351624251","potions_obtained":[{"floor":1.0,"key":"PowerPotion"},{"floor":2.0,"key":"Fruit Juice"},{"floor":5.0,"key":"EssenceOfSteel"},{"floor":8.0,"key":"Explosive Potion"},{"floor":18,"key":"Swift Potion"},{"floor":20,"key":"SneckoOil"}],"is_trial":false,"path_per_floor":["M","M","$","M","M","E","M","E","T","$","?","R","$","?","R","B",null,"M","M","?","?","M","E"],"character_chosen":"DOCTOR_CLASS","items_purchased":["ats:Overload","ats:Flexible Camouflage","ats:Overload","ats:Apocalypse","ats:Shell Defense"],"campfire_rested":1,"item_purchase_floors":[3,3,10,10,10],"current_hp_per_floor":[77,75,75,73,67,57,52,35,35,35,35,35,35,35,58,58,78,63,50,42,42,25,0,0],"gold":328,"neow_bonus":"TEN_PERCENT_HP_BONUS","is_daily":false,"chose_seed":false,"campfire_upgraded":0,"win_rate":0.0,"timestamp":1611638424,"path_taken":["M","M","$","M","M","E","M","E","T","$","?","R","?","?","R","BOSS","M","M","?","?","M","E"],"items_purchased_type":["Card","Card","Card","Card","Card"],"build_version":"2020-12-22","purchased_purges":0,"victory":false,"max_hp_per_floor":[79,79,79,79,84,84,84,84,84,84,84,84,84,78,78,78,78,78,78,78,78,78,78,78],"card_choices":[{"not_picked":["ats:Consecutive Shot Auto","ats:Absolute Focus"],"picked":"ats:Demon Strength","floor":1.0},{"not_picked":["ats:Absolute Focus","ats:Explosion Area Strengthen"],"picked":"ats:Apocalypse","floor":2.0},{"not_picked":["ats:Poison Spread","ats:Closed Bolt Burst Fire"],"picked":"ats:Leaping Hammer","floor":4.0},{"not_picked":["ats:Flexible Camouflage","ats:Apocalypse"],"picked":"ats:Collapsing Strike","floor":5.0},{"not_picked":["ats:Collapsing Strike","ats:Absolute Focus"],"picked":"ats:Rat Pack","floor":6.0},{"not_picked":["ats:Absolute Focus","ats:Very Hot Blade"],"picked":"ats:Revitalization","floor":7.0},{"not_picked":["ats:Flexible Camouflage","ats:LN2 Cannon"],"picked":"ats:Magnetic Hammer","floor":8.0},{"not_picked":["ats:Volcano","ats:Dogmatic Field"],"picked":"ats:Echo Reverb","floor":16.0},{"not_picked":["ats:Sashimi Platter","ats:Revitalization"],"picked":"ats:Assault Order","floor":18},{"not_picked":["ats:Very Hot Blade","ats:Collapsing Strike+1"],"picked":"ats:Support Order","floor":19},{"not_picked":["ats:Curse Doll","ats:Leaping Hammer"],"picked":"ats:Hammer On","floor":20},{"not_picked":["ats:Defend Order","ats:Sunburst+1"],"picked":"ats:Serious Mode+1","floor":22}],"player_experience":43314,"relics_obtained":[{"floor":6.0,"key":"ats:Originium"},{"floor":6.0,"key":"ats:Military Tradition"},{"floor":8.0,"key":"ats:Originium"},{"floor":8.0,"key":"Centennial Puzzle"},{"floor":9.0,"key":"Pantograph"},{"floor":20,"key":"Red Mask"}],"event_choices":[{"cards_removed":["ats:Defend"],"damage_healed":0.0,"max_hp_gain":0.0,"max_hp_loss":0.0,"gold_gain":0.0,"event_name":"Purifier","player_choice":"Purged","floor":11.0,"gold_loss":0.0,"damage_taken":0.0},{"damage_healed":0.0,"max_hp_gain":0.0,"max_hp_loss":6.0,"gold_gain":0.0,"event_name":"Golden Idol","player_choice":"Lose Max HP","floor":14.0,"gold_loss":0.0,"damage_taken":0.0,"relics_obtained":["Golden Idol"]},{"damage_healed":0,"gold_gain":0,"player_choice":"Fought Bandits","damage_taken":0,"max_hp_gain":0,"max_hp_loss":0,"event_name":"Masked Bandits","floor":20,"gold_loss":0},{"damage_healed":0,"gold_gain":99,"player_choice":"Stole From Cult","damage_taken":0,"max_hp_gain":0,"max_hp_loss":0,"event_name":"Nest","floor":21,"gold_loss":0}],"is_beta":false,"boss_relics":[{"not_picked":["Tiny House","Calling Bell"],"picked":"Astrolabe"}],"items_purged_floors":[],"is_endless":false,"potions_floor_spawned":[1,2,5,8,18,20],"killed_by":"Gremlin Leader","ascension_level":0}}