{"host":"bq4pt811tk9yrmjl","time":1611627149,"event":{"mods":["AchievementEnabler","BaseMod","Colored Map","Colored Powertips","Defuse TimeMaze Blight","Hermit","Minty Spire (QoL Compilation)","StSLib","SuperFastMode"],"gold_per_floor":[111,122,47,60,74,109,109,143,143,158,158,15,15,30,30,135,135,147,147,1,1,12,12,31,31,31,46,72,82,100,100,100],"floor_reached":31,"language":"ENG","playtime":740,"items_purged":[],"score":282,"play_id":"15a99c82-221d-4258-87bb-94d99e331154","local_time":"20210126001229","is_ascension_mode":true,"campfire_choices":[{"data":"hermit:Maintenance","floor":7,"key":"SMITH"},{"data":"hermit:Brawl","floor":13,"key":"SMITH"},{"data":"hermit:Snapshot","floor":15,"key":"SMITH"},{"data":"hermit:HighNoon","floor":23,"key":"SMITH"},{"data":"hermit:Glare","floor":25,"key":"SMITH"}],"circlet_count":0,"master_deck":["hermit:Strike_Hermit","hermit:Strike_Hermit","hermit:Strike_Hermit","hermit:Strike_Hermit","hermit:Defend_Hermit","hermit:Defend_Hermit","hermit:Defend_Hermit","hermit:Defend_Hermit","hermit:Snapshot+1","hermit:Covet","hermit:Maintenance+1","hermit:Brawl+1","hermit:Glare+1","hermit:HighNoon+1","hermit:Determination","hermit:Shortfuse"],"relics":["hermit:Momento","NeowsBlessing","InkBottle","Eternal Feather","Lee\u0027s Waffle","hermit:BartenderGlass","Omamori","Bottled Lightning","Unceasing Top"],"acts_visited":["Exordium","TheCity"],"potions_floor_usage":[5,18,18,22,22,24,24,27,27,28,28,28,29,29,30,30,30],"damage_taken":[{"damage":0,"enemies":"Cultist","floor":1,"turns":1},{"damage":0,"enemies":"Small Slimes","floor":2,"turns":2},{"damage":0,"enemies":"Jaw Worm","floor":4,"turns":1},{"damage":8,"enemies":"Looter","floor":5,"turns":4},{"damage":13,"enemies":"Lagavulin","floor":6,"turns":8},{"damage":44,"enemies":"Gremlin Nob","floor":8,"turns":5},{"damage":0,"enemies":"Exordium Thugs","floor":10,"turns":4},{"damage":12,"enemies":"Blue Slaver","floor":14,"turns":3},{"damage":14,"enemies":"Hexaghost","floor":16,"turns":8},{"damage":9,"enemies":"Shell Parasite","floor":18,"turns":6},{"damage":12,"enemies":"2 Thieves","floor":22,"turns":5},{"damage":12,"enemies":"3 Cultists","floor":24,"turns":7},{"damage":0,"enemies":"Snake Plant","floor":27,"turns":2},{"damage":28,"enemies":"Slavers","floor":28,"turns":7},{"damage":17,"enemies":"Centurion and Healer","floor":29,"turns":9},{"damage":17,"enemies":"Shelled Parasite and Fungi","floor":30,"turns":5},{"damage":0,"enemies":"Cultist and Chosen","floor":31,"turns":1}],"seed_played":"8655427636732133626","potions_obtained":[{"floor":2,"key":"EssenceOfSteel"},{"floor":8,"key":"SteroidPotion"},{"floor":10,"key":"GamblersBrew"},{"floor":14,"key":"Energy Potion"}],"is_trial":false,"path_per_floor":["M","M","$","M","M","E","R","E","T","M","?","$","R","M","R","B",null,"M","?","$","?","M","R","M","R","T","M","E","M","M","M"],"character_chosen":"HERMIT","items_purchased":["hermit:Brawl","Lee\u0027s Waffle","Omamori"],"campfire_rested":0,"item_purchase_floors":[3,12,20],"current_hp_per_floor":[75,75,75,75,67,54,54,10,10,10,10,82,82,70,76,62,82,73,73,73,73,61,70,58,67,67,67,39,22,5,5,5],"gold":100,"neow_bonus":"THREE_ENEMY_KILL","is_daily":false,"chose_seed":false,"campfire_upgraded":5,"win_rate":0.0,"timestamp":1611627149,"path_taken":["M","M","$","M","?","E","R","E","T","?","?","?","R","M","R","BOSS","M","?","?","?","M","R","M","R","T","?","E","M","?","M"],"items_purchased_type":["Card","Relic","Relic"],"build_version":"2020-12-22","purchased_purges":0,"victory":false,"max_hp_per_floor":[75,75,75,75,75,75,75,75,75,75,75,82,82,82,82,82,82,82,82,82,82,82,82,82,82,82,82,82,82,82,82,82],"card_choices":[{"not_picked":["hermit:Roulette","hermit:Misfire","hermit:ItchyTrigger"],"picked":"SKIP","floor":1},{"not_picked":["hermit:HighCaliber","hermit:Snipe"],"picked":"hermit:Maintenance","floor":2},{"not_picked":["hermit:HighCaliber","hermit:Misfire","hermit:PistolWhip"],"picked":"SKIP","floor":4},{"not_picked":["hermit:Horror","hermit:HighCaliber"],"picked":"hermit:Glare","floor":5},{"not_picked":["hermit:Malice","hermit:NoHoldsBarred","hermit:LowProfile"],"picked":"SKIP","floor":6},{"not_picked":["hermit:SprayPray","hermit:HeroicBravado","hermit:Malice"],"picked":"SKIP","floor":8},{"not_picked":["hermit:Shortfuse","hermit:Snipe","hermit:FullyLoaded"],"picked":"SKIP","floor":10},{"not_picked":["hermit:PistolWhip","hermit:Combo","hermit:Manifest"],"picked":"SKIP","floor":14},{"not_picked":["hermit:FromBeyond","hermit:Gambit"],"picked":"hermit:HighNoon","floor":16},{"not_picked":["hermit:Vantage","hermit:Ricochet"],"picked":"hermit:Determination","floor":18},{"not_picked":["hermit:Midnight","hermit:Desperado","hermit:Virtue"],"picked":"SKIP","floor":22},{"not_picked":["hermit:Vantage","hermit:Grudge","hermit:Snipe+1"],"picked":"SKIP","floor":24},{"not_picked":["hermit:WideOpen","hermit:LowProfile"],"picked":"hermit:Shortfuse","floor":27},{"not_picked":["hermit:EyeOfTheStorm","hermit:LowProfile","hermit:RoundhouseKick"],"picked":"SKIP","floor":28},{"not_picked":["hermit:Grudge","hermit:TrackingShot","hermit:Feint"],"picked":"SKIP","floor":29},{"not_picked":["hermit:BodyArmor","hermit:Quickdraw","hermit:CalledShot"],"picked":"SKIP","floor":30}],"player_experience":253183,"relics_obtained":[{"floor":6,"key":"InkBottle"},{"floor":8,"key":"Eternal Feather"},{"floor":26,"key":"Bottled Lightning"},{"floor":28,"key":"Unceasing Top"}],"event_choices":[{"damage_healed":0,"gold_gain":0,"player_choice":"Ignored","damage_taken":0,"max_hp_gain":0,"max_hp_loss":0,"event_name":"Shining Light","floor":11,"gold_loss":0},{"damage_healed":0,"gold_gain":0,"player_choice":"Ignored","damage_taken":0,"max_hp_gain":0,"max_hp_loss":0,"event_name":"Transmorgrifier","floor":19,"gold_loss":0},{"damage_healed":0,"gold_gain":0,"player_choice":"Ignored","damage_taken":0,"max_hp_gain":0,"max_hp_loss":0,"event_name":"Purifier","floor":21,"gold_loss":0}],"is_beta":false,"boss_relics":[{"not_picked":["hermit:DentedPlate","Velvet Choker"],"picked":"hermit:BartenderGlass"}],"items_purged_floors":[],"is_endless":false,"potions_floor_spawned":[2,8,10,14,18,24],"killed_by":"Cultist and Chosen","ascension_level":1}}