{"host":"minbhrtlkaoly5f0","time":1611638625,"event":{"mods":["Act Like it!","BaseMod","Colored Map","Lobotomy","LobotomyExtend","Minty Spire (QoL Compilation)","Quick Restart","StSLib"],"gold_per_floor":[120,136,136,211,211,211,211,211,265,265,290,307,232,252,252,350,350,367,377,388,388,242,242,257,282,309,324,324,343,343,363,363,459,459,479,493,505,505,383,312,312,212,212,312,312,329,355,372,372,335],"floor_reached":51,"language":"ZHS","playtime":1797,"items_purged":["SpecialBullet","BlackSwan_ego+1"],"score":879,"play_id":"14d5b01c-096f-441c-95c8-f81e02d9b975","local_time":"20210126132345","is_ascension_mode":false,"campfire_choices":[{"floor":32.0,"key":"RECALL"}],"circlet_count":0,"master_deck":["SpecialBullet","SpecialBullet","SpecialBullet","SpecialBullet","SpecialBullet","DisciplinaryCode","InformationCode","SecurityCode","BloodyDesire+1","UniverseFragment","OSAHOGD","Moonlight+1","LongBird","WelfareCode","Hornet","Porccubus","CENSORED_ego","FourthMatchFlame+1","TrainingCode","SpiderBud","FourthMatchFlame","BearPaw+1","Moonlight+1","Spore","Freischutz","ControlCode","BlueStar","Pinks","TT2Protocol","CENSORED","Reverberation","SummonCall"],"relics":["CogitoBucket","Boot","LetterFromLob","Omamori","Juzu Bracelet","PreservedInsect","Cursed Key","ResearcherNote","Frozen Eye","Gremlin Horn","BackwardClock","Coffee Dripper","AtMidnight","SkinProphecy","Meat on the Bone","InkBottle","Sundial"],"acts_visited":["Exordium","TheCity","TheBeyond"],"potions_floor_usage":[],"damage_taken":[{"damage":11.0,"enemies":"Jaw Worm","floor":1.0,"turns":2.0},{"damage":7.0,"enemies":"2 Louse","floor":2.0,"turns":2.0},{"damage":16.0,"enemies":"Lagavulin","floor":11.0,"turns":5.0},{"damage":0.0,"enemies":"Small Slimes","floor":12.0,"turns":2.0},{"damage":0.0,"enemies":"3 Louse","floor":14.0,"turns":1.0},{"damage":32.0,"enemies":"Slime Boss","floor":16.0,"turns":8.0},{"damage":0.0,"enemies":"Chosen","floor":18.0,"turns":2.0},{"damage":3.0,"enemies":"Shell Parasite","floor":19.0,"turns":3.0},{"damage":21.0,"enemies":"Snecko","floor":20.0,"turns":5.0},{"damage":9.0,"enemies":"Snake Plant","floor":24.0,"turns":3.0},{"damage":4.0,"enemies":"Slavers","floor":25.0,"turns":2.0},{"damage":1.0,"enemies":"Centurion and Healer","floor":27.0,"turns":2.0},{"damage":0.0,"enemies":"Sentry and Sphere","floor":29.0,"turns":3.0},{"damage":0.0,"enemies":"Snake Plant","floor":31.0,"turns":2.0},{"damage":12.0,"enemies":"Automaton","floor":33.0,"turns":5.0},{"damage":0.0,"enemies":"Orb Walker","floor":35.0,"turns":2.0},{"damage":26.0,"enemies":"3 Darklings","floor":36.0,"turns":8.0},{"damage":0.0,"enemies":"Spire Growth","floor":37.0,"turns":2.0},{"damage":55.0,"enemies":"Spire Growth","floor":38.0,"turns":3.0},{"damage":0.0,"enemies":"Transient","floor":39.0,"turns":5.0},{"damage":0,"enemies":"Giant Head","floor":40,"turns":6},{"damage":0,"enemies":"Writhing Mass","floor":46,"turns":2},{"damage":0,"enemies":"Reptomancer","floor":47,"turns":2},{"damage":0,"enemies":"Jaw Worm Horde","floor":48,"turns":1},{"damage":9,"enemies":"Time Eater","floor":50,"turns":4}],"seed_played":"-3815593417680296472","potions_obtained":[{"floor":12.0,"key":"SkillPotion"},{"floor":16.0,"key":"Ancient Potion"},{"floor":19.0,"key":"DuplicationPotion"},{"floor":24.0,"key":"Weak Potion"},{"floor":27.0,"key":"SmokeBomb"}],"is_trial":false,"path_per_floor":["M","M","?","?","?","R","?","R","T","M","E","M","$","M","R","B",null,"M","M","M","?","$","R","M","E","T","M","R","M","R","M","R","B",null,"M","M","M","?","M","E","R","$","T","?","R","M","E","M","R","B",null],"character_chosen":"Angela","items_purchased":["Frozen Eye"],"campfire_rested":0,"item_purchase_floors":[22],"current_hp_per_floor":[67,68,68,57,43,43,43,43,43,70,62,70,70,70,70,50,70,70,70,61,61,61,61,64,70,70,70,70,70,70,70,70,70,70,70,56,64,17,25,39,39,39,39,39,39,69,79,81,81,85],"gold":335,"neow_bonus":"RANDOM_COMMON_RELIC","is_daily":false,"chose_seed":false,"campfire_upgraded":0,"win_rate":0.0,"timestamp":1611638625,"path_taken":["M","M","?","?","?","R","?","R","T","M","E","M","$","M","R","BOSS","M","M","M","?","?","R","M","E","T","M","R","M","R","M","R","BOSS","M","M","M","?","M","E","R","$","T","?","R","M","E","M","R","BOSS"],"items_purchased_type":["Relic"],"build_version":"2020-12-22","purchased_purges":2,"victory":true,"max_hp_per_floor":[70,70,70,70,70,70,70,70,70,70,70,70,70,70,70,70,70,70,70,70,70,70,70,70,70,70,70,70,70,70,70,70,70,70,70,70,72,74,76,78,78,78,78,78,78,77,79,81,81,85],"card_choices":[{"not_picked":["Soda"],"picked":"BloodyDesire","floor":1.0},{"not_picked":["SpiderBud","FairyFestival"],"picked":"UniverseFragment","floor":1.0},{"not_picked":["QueenBee","BeautyBeast"],"picked":"OSAHOGD","floor":2.0},{"not_picked":["FourthMatchFlame"],"picked":"Moonlight","floor":2.0},{"not_picked":["Laetitia","ShyLook"],"picked":"LongBird","floor":11.0},{"not_picked":["Horn"],"picked":"Hornet","floor":11.0},{"not_picked":["Wingbeat","Lantern"],"picked":"SKIP","floor":12.0},{"not_picked":["SpiderBud","ShyLook"],"picked":"Porccubus","floor":14.0},{"not_picked":["Noise","Tough"],"picked":"SKIP","floor":14.0},{"not_picked":["SoundOfStar"],"picked":"CENSORED_ego","floor":16.0},{"not_picked":["WristCuter"],"picked":"FourthMatchFlame+1","floor":18.0},{"not_picked":["WhitesApple","MHz"],"picked":"SpiderBud","floor":19.0},{"not_picked":["CUTE+1"],"picked":"FourthMatchFlame","floor":19.0},{"not_picked":["Tough","Penitence+1"],"picked":"SKIP","floor":20.0},{"not_picked":["Christmas"],"picked":"BearPaw+1","floor":24.0},{"not_picked":["Regret_ego"],"picked":"Moonlight+1","floor":25.0},{"not_picked":["TodaysExpression"],"picked":"Spore","floor":27.0},{"not_picked":["Lamp+1","Regret_ego+1"],"picked":"SKIP","floor":29.0},{"not_picked":["QueenBee","BigBird"],"picked":"Freischutz","floor":31.0},{"not_picked":["GrinderMk4","Pleasure"],"picked":"SKIP","floor":31.0},{"not_picked":["BigBadWolf","CrumblingArmor"],"picked":"BlueStar","floor":33.0},{"not_picked":["GoldRush"],"picked":"Pinks","floor":33.0},{"not_picked":["Regret_ego","Noise"],"picked":"SKIP","floor":35.0},{"not_picked":["Regret_ego","Noise"],"picked":"SKIP","floor":35.0},{"not_picked":["Horn+1","Christmas"],"picked":"SKIP","floor":36.0},{"not_picked":["GrinderMk4"],"picked":"BlackSwan_ego+1","floor":37.0},{"not_picked":["Hypocrisy+1","Beak+1"],"picked":"SKIP","floor":39.0},{"not_picked":["LittlePrince","Wellcheers"],"picked":"CENSORED","floor":40},{"not_picked":["Adoration","FrostShard"],"picked":"SKIP","floor":40},{"not_picked":["Harmony+1"],"picked":"Reverberation","floor":46},{"not_picked":["Noise","GreenStem"],"picked":"SKIP","floor":47},{"not_picked":["BlackSwan_ego","Regret_ego"],"picked":"SKIP","floor":48}],"player_experience":66491,"relics_obtained":[{"floor":1.0,"key":"LetterFromLob"},{"floor":9.0,"key":"Juzu Bracelet"},{"floor":11.0,"key":"PreservedInsect"},{"floor":25.0,"key":"Gremlin Horn"},{"floor":36.0,"key":"AtMidnight"},{"floor":40,"key":"Meat on the Bone"},{"floor":43,"key":"InkBottle"},{"floor":47,"key":"Sundial"}],"event_choices":[{"damage_healed":0.0,"max_hp_gain":0.0,"max_hp_loss":0.0,"gold_gain":0.0,"event_name":"Big Fish","player_choice":"Box","floor":3.0,"gold_loss":0.0,"damage_taken":0.0,"relics_obtained":["Omamori"],"cards_obtained":["Regret"]},{"damage_healed":0.0,"max_hp_gain":0.0,"max_hp_loss":0.0,"gold_gain":75.0,"event_name":"World of Goop","player_choice":"Gather Gold","floor":4.0,"gold_loss":0.0,"damage_taken":11.0},{"damage_healed":0.0,"max_hp_gain":0.0,"max_hp_loss":0.0,"gold_gain":0.0,"event_name":"Shining Light","player_choice":"Entered Light","floor":5.0,"gold_loss":0.0,"damage_taken":14.0,"cards_upgraded":["Moonlight","BloodyDesire"]},{"cards_removed":["SpecialBullet"],"damage_healed":0.0,"max_hp_gain":0.0,"max_hp_loss":0.0,"gold_gain":0.0,"event_name":"Living Wall","player_choice":"Forget","floor":7.0,"gold_loss":0.0,"damage_taken":0.0},{"cards_removed":["SpecialBullet"],"damage_healed":0.0,"max_hp_gain":0.0,"max_hp_loss":0.0,"gold_gain":0.0,"event_name":"Purifier","player_choice":"Purged","floor":21.0,"gold_loss":0.0,"damage_taken":0.0},{"damage_healed":0,"gold_gain":100,"player_choice":"Pray","damage_taken":0,"max_hp_gain":0,"max_hp_loss":0,"event_name":"Golden Shrine","floor":44,"gold_loss":0}],"is_beta":false,"boss_relics":[{"not_picked":["Sozu","Runic Dome"],"picked":"Cursed Key"},{"not_picked":["Empty Cage","SlaversCollar"],"picked":"Coffee Dripper"}],"items_purged_floors":[13,42],"is_endless":false,"potions_floor_spawned":[12,16,19,24,27,31,33,35,37],"ascension_level":0}}