{"host":"b7mawubrjc2hdxhd","time":1611671637,"event":{"mods":["AchievementEnabler","Aspiration","BaseMod","BetterRewards","Conspire","Hubris","Ironclad Rager","Minty Spire (QoL Compilation)","Relic Stats","Replay The Spire","Small Relic Pack","Spicy Shops","Spire Arcade","StS++","StSLib"],"gold_per_floor":[118,134,154,166,185,220,236,250,274,292,326,326,337,348,348,348,348],"floor_reached":16,"language":"ENG","playtime":783,"items_purged":[],"score":195,"play_id":"8dca4681-b2cc-4535-980a-dfb5e6b5bdfe","local_time":"20210126143357","daily_mods":["Vintage"],"is_ascension_mode":false,"campfire_choices":[{"floor":15,"key":"REST"}],"circlet_count":0,"master_deck":["Strike_G+1","Strike_G+1","Strike_G","Strike_G","Strike_G","Defend_G","Defend_G","Defend_G","Defend_G","Defend_G","Survivor","Neutralize","Cloak And Dagger","Poison Darts+1"],"relics":["Ring of the Snake","Whetstone","Bronze Scales","Ancient Tea Set","Strawberry","Onion Ring","Juzu Bracelet","hubris:AncientText","Ninja Scroll","ReplayFunnel","Gremlin Food","Replay:Mystery Machine","Kunai","Replay:Ringing Soul"],"acts_visited":["Exordium"],"potions_floor_usage":[6,11,16],"damage_taken":[{"damage":5,"enemies":"Jaw Worm","floor":1,"turns":5},{"damage":5,"enemies":"Small Slimes","floor":2,"turns":4},{"damage":0,"enemies":"Cultist","floor":3,"turns":3},{"damage":5,"enemies":"Exordium Wildlife","floor":4,"turns":7},{"damage":28,"enemies":"Exordium Thugs","floor":5,"turns":6},{"damage":15,"enemies":"3 Sentries","floor":6,"turns":9},{"damage":0,"enemies":"3 Louse","floor":7,"turns":3},{"damage":1,"enemies":"Blue Slaver","floor":8,"turns":3},{"damage":0,"enemies":"Large Slime","floor":10,"turns":3},{"damage":0,"enemies":"Gremlin Nob","floor":11,"turns":2},{"damage":0,"enemies":"3 Louse","floor":13,"turns":2},{"damage":0,"enemies":"2 Fungi Beasts","floor":14,"turns":2},{"damage":49,"enemies":"Slime Boss","floor":16,"turns":6}],"seed_played":"-5391304370612265277","potions_obtained":[{"floor":2,"key":"Swift Potion"},{"floor":4,"key":"ColorlessPotion"},{"floor":5,"key":"SteroidPotion"},{"floor":7,"key":"Swift Potion"},{"floor":10,"key":"Explosive Potion"}],"is_trial":true,"path_per_floor":["M","M","M","M","M","E","M","M","T","M","E","?","M","M","R","B"],"character_chosen":"THE_SILENT","items_purchased":[],"campfire_rested":1,"item_purchase_floors":[],"current_hp_per_floor":[65,60,60,62,34,19,19,18,18,18,18,18,18,18,41,0,0],"gold":348,"neow_bonus":"","is_daily":false,"chose_seed":false,"campfire_upgraded":0,"win_rate":0.0,"timestamp":1611671637,"path_taken":["M","M","M","M","M","E","M","M","T","M","E","?","M","M","R","BOSS"],"items_purchased_type":[],"build_version":"2020-12-22","purchased_purges":0,"victory":false,"max_hp_per_floor":[70,70,70,77,77,77,77,77,77,77,77,77,77,77,77,77,77],"relic_stats":{"counters":[13,55],"Bronze Scales":[83],"Juzu Bracelet":0,"Whetstone":["Strike_G","Strike_G"],"Kunai":[4],"obtain_stats":[{"ReplayFunnel":9,"Gremlin Food":10,"Juzu Bracelet":6,"Whetstone":1,"Replay:Mystery Machine":11,"Ancient Tea Set":3,"Replay:Ringing Soul":14,"Ninja Scroll":8,"Bronze Scales":2,"Strawberry":4,"Onion Ring":5,"Kunai":13,"hubris:AncientText":7,"Ring of the Snake":0},{"ReplayFunnel":8,"Gremlin Food":9,"Juzu Bracelet":6,"Whetstone":1,"Replay:Mystery Machine":10,"Ancient Tea Set":3,"Replay:Ringing Soul":12,"Ninja Scroll":8,"Bronze Scales":2,"Strawberry":4,"Onion Ring":5,"Kunai":11,"hubris:AncientText":7,"Ring of the Snake":0},{"ReplayFunnel":40,"Gremlin Food":43,"Juzu Bracelet":34,"Whetstone":5,"Replay:Mystery Machine":45,"Ancient Tea Set":12,"Replay:Ringing Soul":49,"Ninja Scroll":40,"Bronze Scales":9,"Strawberry":19,"Onion Ring":25,"Kunai":47,"hubris:AncientText":37,"Ring of the Snake":0}],"Ring of the Snake":[26]},"card_choices":[{"not_picked":["Acrobatics","Outmaneuver"],"picked":"Cloak And Dagger","floor":6},{"not_picked":["Underhanded Strike","Dodge and Roll"],"picked":"Poison Darts","floor":11}],"player_experience":71453,"relics_obtained":[{"floor":1,"key":"Whetstone"},{"floor":2,"key":"Bronze Scales"},{"floor":3,"key":"Ancient Tea Set"},{"floor":4,"key":"Strawberry"},{"floor":5,"key":"Onion Ring"},{"floor":6,"key":"Juzu Bracelet"},{"floor":7,"key":"hubris:AncientText"},{"floor":8,"key":"Ninja Scroll"},{"floor":9,"key":"ReplayFunnel"},{"floor":10,"key":"Gremlin Food"},{"floor":11,"key":"Replay:Mystery Machine"},{"floor":13,"key":"Kunai"},{"floor":14,"key":"Replay:Ringing Soul"}],"event_choices":[{"damage_healed":0,"gold_gain":0,"player_choice":"Disagree","damage_taken":0,"max_hp_gain":0,"max_hp_loss":0,"event_name":"conspire:LoneGhost","floor":12,"gold_loss":0}],"is_beta":false,"boss_relics":[],"items_purged_floors":[],"is_endless":true,"potions_floor_spawned":[2,4,5,7,8,10],"killed_by":"Slime Boss","ascension_level":0}}