{"host":"sav7uxregyirlf69","time":1611629390,"event":{"mods":["AchievementEnabler","BaseMod","Colored Map","DeckTracker","Keyboard Shortcuts","Minty Spire (QoL Compilation)","READ ME - Guardian Mod","StSLib","SuperFastMode"],"gold_per_floor":[114,125,13,13,13,13,42,56,56,56,56,68,82,101,101,178,178,195,195,213,226,237,237,270,16,97,107,127,127,137,151,151,151,151],"floor_reached":33,"language":"KOR","playtime":695,"items_purged":["Decay","Strike_R"],"score":546,"play_id":"29e024a5-e1c7-4b9f-8f0d-b05f47acad99","local_time":"20210126114950","is_ascension_mode":true,"campfire_choices":[{"data":"Evolve","floor":6,"key":"SMITH"},{"floor":10,"key":"REST"},{"data":"Fire Breathing","floor":15,"key":"SMITH"},{"floor":23,"key":"REST"},{"data":"Feel No Pain","floor":29,"key":"SMITH"},{"data":"Dark Embrace","floor":32,"key":"SMITH"}],"circlet_count":0,"master_deck":["AscendersBane","Defend_R","Defend_R","Defend_R","Defend_R","Bash","Mayhem+1","Evolve+1","Fire Breathing+1","Shockwave","Ghostly Armor","Pommel Strike","Shrug It Off","Fiend Fire","Uppercut+1","Immolate+1","Reckless Charge+1","Reaper","Dark Embrace+1","Battle Trance","Feel No Pain+1","Wild Strike","Entrench+1"],"relics":["Burning Blood","StoneCalendar","Orichalcum","White Beast Statue","Astrolabe","MawBank","Potion Belt","Meat on the Bone"],"acts_visited":["Exordium","TheCity"],"potions_floor_usage":[13,16,20,21,22,24,24,28,33,33],"damage_taken":[{"damage":6,"enemies":"2 Louse","floor":1,"turns":3},{"damage":15,"enemies":"Jaw Worm","floor":2,"turns":6},{"damage":25,"enemies":"3 Sentries","floor":7,"turns":5},{"damage":5,"enemies":"Cultist","floor":8,"turns":5},{"damage":7,"enemies":"Blue Slaver","floor":12,"turns":5},{"damage":3,"enemies":"Exordium Thugs","floor":13,"turns":4},{"damage":8,"enemies":"3 Louse","floor":14,"turns":5},{"damage":18,"enemies":"Slime Boss","floor":16,"turns":7},{"damage":17,"enemies":"Spheric Guardian","floor":18,"turns":5},{"damage":14,"enemies":"3 Byrds","floor":20,"turns":4},{"damage":14,"enemies":"Snecko","floor":21,"turns":5},{"damage":35,"enemies":"Shelled Parasite and Fungi","floor":22,"turns":5},{"damage":12,"enemies":"Slavers","floor":24,"turns":5},{"damage":24,"enemies":"Snake Plant","floor":27,"turns":5},{"damage":22,"enemies":"3 Cultists","floor":28,"turns":5},{"damage":16,"enemies":"Cultist and Chosen","floor":30,"turns":5},{"damage":15,"enemies":"Centurion and Healer","floor":31,"turns":4},{"damage":69,"enemies":"Automaton","floor":33,"turns":8}],"seed_played":"-2952118059846916605","potions_obtained":[{"floor":1,"key":"Dexterity Potion"},{"floor":2,"key":"SpeedPotion"},{"floor":12,"key":"AttackPotion"},{"floor":13,"key":"EssenceOfSteel"},{"floor":16,"key":"Swift Potion"},{"floor":20,"key":"ColorlessPotion"},{"floor":21,"key":"FearPotion"},{"floor":22,"key":"Regen Potion"},{"floor":24,"key":"AttackPotion"},{"floor":27,"key":"SkillPotion"},{"floor":28,"key":"SkillPotion"},{"floor":30,"key":"SkillPotion"},{"floor":31,"key":"BlessingOfTheForge"}],"is_trial":false,"path_per_floor":["M","M","$","?","?","R","E","M","T","R","$","M","M","M","R","B",null,"M","?","M","M","M","R","E","$","T","M","M","R","M","M","R","B"],"character_chosen":"IRONCLAD","items_purchased":["Shockwave","Potion Belt"],"campfire_rested":2,"item_purchase_floors":[3,25],"current_hp_per_floor":[68,59,59,33,33,33,14,15,15,37,37,36,39,37,37,25,63,52,52,44,40,11,33,47,47,47,41,49,49,51,48,48,0,0],"gold":151,"neow_bonus":"RANDOM_COLORLESS_2","is_daily":false,"chose_seed":false,"campfire_upgraded":4,"win_rate":0.0,"timestamp":1611629390,"path_taken":["M","M","$","?","?","R","E","?","T","R","$","M","M","M","R","BOSS","M","?","M","M","M","R","E","?","T","M","M","R","?","M","R","BOSS"],"items_purchased_type":["Card","Relic"],"build_version":"2020-12-22","purchased_purges":2,"victory":false,"max_hp_per_floor":[75,75,75,75,75,75,75,75,75,75,75,75,75,75,75,75,75,75,75,75,75,75,75,75,75,75,75,75,75,75,75,75,75,75],"card_choices":[{"not_picked":["Secret Technique","Transmutation"],"picked":"Mayhem","floor":0},{"not_picked":["Seeing Red","Shrug It Off"],"picked":"Evolve","floor":1},{"not_picked":["Sword Boomerang","Anger"],"picked":"Fire Breathing","floor":2},{"not_picked":["Pommel Strike","Fire Breathing"],"picked":"Ghostly Armor","floor":7},{"not_picked":["Havoc","Iron Wave","Ghostly Armor"],"picked":"SKIP","floor":8},{"not_picked":["Inflame","Clash"],"picked":"Pommel Strike","floor":12},{"not_picked":["Anger","Headbutt","Pommel Strike"],"picked":"SKIP","floor":13},{"not_picked":["Flame Barrier","True Grit"],"picked":"Shrug It Off","floor":14},{"not_picked":["Juggernaut","Feed"],"picked":"Fiend Fire","floor":16},{"not_picked":["Iron Wave+1","Thunderclap","Body Slam"],"picked":"SKIP","floor":18},{"not_picked":["Havoc","Intimidate"],"picked":"Reaper","floor":20},{"not_picked":["True Grit+1","Cleave"],"picked":"Dark Embrace","floor":21},{"not_picked":["Hemokinesis","Havoc","Twin Strike"],"picked":"SKIP","floor":22},{"not_picked":["Metallicize","Pummel"],"picked":"Battle Trance","floor":24},{"not_picked":["Sword Boomerang+1","Pommel Strike"],"picked":"Feel No Pain","floor":27},{"not_picked":["Armaments","Fire Breathing"],"picked":"Wild Strike","floor":28},{"not_picked":["Iron Wave","Cleave","Headbutt"],"picked":"SKIP","floor":30},{"not_picked":["Clash","Armaments"],"picked":"Entrench+1","floor":31}],"player_experience":1384789,"relics_obtained":[{"floor":7,"key":"Orichalcum"},{"floor":9,"key":"White Beast Statue"},{"floor":24,"key":"MawBank"},{"floor":26,"key":"Meat on the Bone"}],"event_choices":[{"damage_healed":0,"gold_gain":0,"player_choice":"Success","damage_taken":26,"relics_obtained":["StoneCalendar"],"max_hp_gain":0,"max_hp_loss":0,"event_name":"Scrap Ooze","floor":4,"gold_loss":0},{"damage_healed":0,"gold_gain":0,"player_choice":"Upgraded","damage_taken":0,"max_hp_gain":0,"max_hp_loss":0,"event_name":"Upgrade Shrine","floor":5,"gold_loss":0,"cards_upgraded":["Mayhem"]},{"cards_removed":["Strike_R"],"damage_healed":0,"gold_gain":0,"player_choice":"Purged","damage_taken":0,"max_hp_gain":0,"max_hp_loss":0,"event_name":"Purifier","floor":19,"gold_loss":0}],"is_beta":false,"boss_relics":[{"not_picked":["Philosopher\u0027s Stone","Sozu"],"picked":"Astrolabe"}],"items_purged_floors":[3,25],"is_endless":false,"potions_floor_spawned":[1,2,12,13,14,16,18,20,21,22,24,27,28,30,31],"killed_by":"Automaton","ascension_level":20}}