{"host":"xurz8oye0j2lsa2k","time":1611626984,"event":{"mods":["AchievementEnabler","BaseMod","Bestiary","BetterRewards","Colored Map","Downfall","Hubris","Minty Spire (QoL Compilation)","Permanent Neow","Replay The Spire","Spicy Shops","StSLib","UnlockEverythingMod"],"gold_per_floor":[0,12,22,39,57,83,83,83,19,34,34,34,134,144,158,158,158,158],"floor_reached":16,"language":"ENG","playtime":811,"items_purged":[],"score":104,"play_id":"2b09a2a1-5167-4983-a7a1-3ed9510477e8","local_time":"20210125210944","is_ascension_mode":false,"campfire_choices":[{"data":"champ:LastStand","floor":11,"key":"SMITH"}],"circlet_count":0,"master_deck":["champ:Strike","champ:Strike","champ:Strike","champ:Defend","champ:Defend","champ:Defend","champ:Defend","champ:Execute","champ:Taunt","champ:Parry","champ:BerserkerStyle","champ:BringItOn","champ:LastStand+1","champ:VampiricStrike","champ:GutPunch","champ:BerserkersShout"],"relics":["champ:ChampionCrown","Peace Pipe","Singing Bowl","Mummified Hand","Regal Pillow","hubris:Towel"],"acts_visited":["Exordium"],"potions_floor_usage":[6,16,16],"damage_taken":[{"damage":13,"enemies":"Small Slimes","floor":2,"turns":3},{"damage":20,"enemies":"Cultist","floor":3,"turns":3},{"damage":33,"enemies":"Jaw Worm","floor":4,"turns":4},{"damage":17,"enemies":"Blue Slaver","floor":5,"turns":4},{"damage":38,"enemies":"Gremlin Nob","floor":6,"turns":4},{"damage":10,"enemies":"downfall:FleeingMerchant","floor":9,"turns":4},{"damage":10,"enemies":"Large Slime","floor":10,"turns":4},{"damage":18,"enemies":"Red Slaver","floor":14,"turns":3},{"damage":31,"enemies":"Exordium Thugs","floor":15,"turns":5},{"damage":24,"enemies":"WA_ARCHETYPE_RETAIN","floor":16,"turns":2}],"seed_played":"361421569444571413","potions_obtained":[{"floor":5,"key":"SteroidPotion"},{"floor":10,"key":"Milkshake"},{"floor":14,"key":"Swift Potion"}],"is_trial":false,"path_per_floor":["R_BF","M","M","M","M","E","T","?","$","M","R","?","?","M","M","B"],"character_chosen":"THE_CHAMP","items_purchased":["champ:GutPunch"],"campfire_rested":0,"item_purchase_floors":[9],"current_hp_per_floor":[90,87,87,74,67,41,41,38,38,40,40,40,40,34,20,0,0,0],"gold":158,"neow_bonus":"ONE_RARE_RELIC","is_daily":false,"chose_seed":false,"campfire_upgraded":1,"win_rate":0.0,"timestamp":1611626984,"path_taken":["R_BF","M","M","M","M","E","T","?","$","M","R","?","?","M","M","BOSS"],"items_purchased_type":["Card"],"build_version":"2020-12-22","purchased_purges":0,"victory":false,"max_hp_per_floor":[90,90,90,90,90,92,92,92,92,94,94,94,94,96,96,96,96,96],"card_choices":[{"not_picked":["champ:StanceDance","champ:SetATrap"],"picked":"champ:BerserkerStyle","floor":2},{"not_picked":["champ:FalseCounter","champ:Parry","champ:PreciseThrust"],"picked":"SKIP","floor":3},{"not_picked":["champ:Backstep","champ:SetATrap"],"picked":"champ:BringItOn","floor":4},{"not_picked":["champ:StanceDance","champ:Haymaker"],"picked":"champ:LastStand","floor":5},{"not_picked":["champ:ShieldSlam","champ:ArenaPreparation","champ:Shatter"],"picked":"Singing Bowl","floor":6},{"not_picked":["champ:CrookedStrike","champ:BringItOn"],"picked":"champ:VampiricStrike","floor":9},{"not_picked":["champ:IronFortress","champ:Circumvent","champ:Shatter"],"picked":"Singing Bowl","floor":10},{"not_picked":["champ:FanOfKnives","champ:GutPunch","champ:TornadoPunch"],"picked":"Singing Bowl","floor":14},{"not_picked":["champ:RisingSlash","champ:BladeFlurry"],"picked":"champ:BerserkersShout","floor":15}],"player_experience":527782,"relics_obtained":[{"floor":6,"key":"Singing Bowl"},{"floor":7,"key":"Mummified Hand"}],"event_choices":[{"damage_healed":0,"gold_gain":0,"player_choice":"Success","damage_taken":3,"relics_obtained":["Regal Pillow"],"max_hp_gain":0,"max_hp_loss":0,"event_name":"Scrap Ooze","floor":8,"gold_loss":0}],"is_beta":false,"boss_relics":[],"items_purged_floors":[],"is_endless":false,"potions_floor_spawned":[5,10,14],"killed_by":"WA_ARCHETYPE_RETAIN","ascension_level":0}}