{"host":"m4gb89kpcfic7v2a","time":1611670528,"event":{"mods":["BaseMod","Hermit","Minty Spire (QoL Compilation)","StSLib","The Animator","The Marked"],"gold_per_floor":[116,127,142,161,161,161,186,186,213,213,238,249,259,271,271,369,369,385,119,132,132,166,166,192,192,192,217,229,229,229,239,239,341,341,361,380,380,391,613,613,613],"floor_reached":40,"language":"ENG","playtime":4039,"items_purged":["theMarked:Defend"],"score":463,"play_id":"7fd9eaef-01bc-47de-9df3-8eaafe8e72e3","local_time":"20210126071528","is_ascension_mode":false,"campfire_choices":[{"data":"theMarked:SoldierOfQuellstein","floor":6,"key":"SMITH"},{"data":"theMarked:GodGivenPower","floor":15,"key":"SMITH"},{"data":"Apotheosis","floor":23,"key":"SMITH"},{"data":"theMarked:ChannelForce","floor":25,"key":"SMITH"},{"floor":30,"key":"REST"},{"floor":32,"key":"REST"}],"circlet_count":0,"master_deck":["theMarked:Strike","theMarked:Strike","theMarked:Strike","theMarked:Strike","theMarked:Strike","theMarked:Defend","theMarked:SoldierOfQuellstein+1","theMarked:WardOff","theMarked:BanishingStrike","theMarked:GodGivenPower+1","theMarked:ChannelForce+1","theMarked:WardOff","theMarked:BindingBlade","Apotheosis+1","theMarked:CreepingChasm","theMarked:WastefulAttack","theMarked:BanishingStrike","Decay","theMarked:DispelDoubt","theMarked:BanishingStrike","theMarked:Opportunist+1","Blind","Swift Strike"],"relics":["theMarked:BronzeBlade","Art of War","MealTicket","Orichalcum","Red Mask","Mercury Hourglass","Sundial","Bronze Scales","Black Star"],"acts_visited":["Exordium","TheCity","TheBeyond"],"potions_floor_usage":[13,16,22,27,27,31,35],"damage_taken":[{"damage":2,"enemies":"Jaw Worm","floor":1,"turns":4},{"damage":0,"enemies":"2 Louse","floor":2,"turns":4},{"damage":0,"enemies":"Small Slimes","floor":3,"turns":4},{"damage":1,"enemies":"3 Louse","floor":4,"turns":4},{"damage":24,"enemies":"3 Sentries","floor":7,"turns":12},{"damage":29,"enemies":"Gremlin Nob","floor":11,"turns":5},{"damage":0,"enemies":"Looter","floor":12,"turns":4},{"damage":0,"enemies":"Large Slime","floor":13,"turns":3},{"damage":8,"enemies":"2 Fungi Beasts","floor":14,"turns":4},{"damage":9,"enemies":"Hexaghost","floor":16,"turns":9},{"damage":0,"enemies":"Chosen","floor":18,"turns":4},{"damage":18,"enemies":"Spheric Guardian","floor":20,"turns":4},{"damage":13,"enemies":"Masked Bandits","floor":22,"turns":4},{"damage":0,"enemies":"Gremlin Leader","floor":24,"turns":6},{"damage":23,"enemies":"Book of Stabbing","floor":27,"turns":5},{"damage":12,"enemies":"Shelled Parasite and Fungi","floor":28,"turns":4},{"damage":6,"enemies":"Snecko","floor":31,"turns":4},{"damage":42,"enemies":"Champ","floor":33,"turns":7},{"damage":5,"enemies":"Orb Walker","floor":35,"turns":2},{"damage":18,"enemies":"3 Shapes","floor":36,"turns":4},{"damage":43,"enemies":"Writhing Mass","floor":38,"turns":4},{"damage":24,"enemies":"Reptomancer","floor":40,"turns":3}],"seed_played":"3186981250489427476","potions_obtained":[{"floor":2,"key":"DuplicationPotion"},{"floor":3,"key":"ColorlessPotion"},{"floor":7,"key":"Fire Potion"},{"floor":14,"key":"Swift Potion"},{"floor":20,"key":"AttackPotion"},{"floor":24,"key":"Energy Potion"},{"floor":27,"key":"Block Potion"},{"floor":35,"key":"Strength Potion"},{"floor":38,"key":"Ancient Potion"}],"is_trial":false,"path_per_floor":["M","M","M","M","?","R","E","?","T","?","E","M","M","M","R","B",null,"M","$","M","?","?","R","E","R","T","E","M","?","R","M","R","B",null,"M","M","?","M","?","E"],"character_chosen":"THE_DEFAULT","items_purchased":["Apotheosis"],"campfire_rested":2,"item_purchase_floors":[19],"current_hp_per_floor":[75,75,75,74,74,74,50,50,50,75,46,46,46,38,38,29,77,77,77,59,59,46,46,46,46,46,23,11,11,34,28,51,9,77,72,54,49,6,6,0,0],"gold":613,"neow_bonus":"TEN_PERCENT_HP_BONUS","is_daily":false,"chose_seed":false,"campfire_upgraded":4,"win_rate":0.0,"timestamp":1611670528,"path_taken":["M","M","M","M","?","R","E","?","T","?","E","M","M","M","R","BOSS","M","$","M","?","?","R","E","R","T","E","M","?","R","M","R","BOSS","M","M","?","M","?","E"],"items_purchased_type":["Card"],"build_version":"2020-12-22","purchased_purges":1,"victory":false,"max_hp_per_floor":[77,77,77,77,77,77,77,77,77,77,77,77,77,77,77,77,77,77,77,77,77,77,77,77,77,77,77,77,77,77,77,77,77,77,77,77,77,77,77,77,77],"card_choices":[{"not_picked":["theMarked:EmpowerWeapon","theMarked:Aftermath"],"picked":"theMarked:WardOff","floor":1},{"not_picked":["theMarked:ElectricStrings","theMarked:Aftermath","theMarked:WastefulAttack"],"picked":"SKIP","floor":2},{"not_picked":["theMarked:Standoff","theMarked:Aftermath","theMarked:KeepCalmAndFight"],"picked":"SKIP","floor":3},{"not_picked":["theMarked:Indomitable","theMarked:Toughness"],"picked":"theMarked:BanishingStrike","floor":4},{"not_picked":["theMarked:Memento","theMarked:BanishingWave"],"picked":"theMarked:GodGivenPower","floor":7},{"not_picked":["theMarked:ElectricStrings","theMarked:Memento","theMarked:ResourceFulStrike"],"picked":"SKIP","floor":11},{"not_picked":["theMarked:Memento","theMarked:WastefulAttack"],"picked":"theMarked:ChannelForce","floor":12},{"not_picked":["theMarked:BanishingStrike","theMarked:Memento"],"picked":"theMarked:WardOff","floor":13},{"not_picked":["theMarked:RepellingDischarge","theMarked:Aftermath","theMarked:Vacuum"],"picked":"SKIP","floor":14},{"not_picked":["theMarked:DispelDoubt","theMarked:Abjuration"],"picked":"theMarked:BindingBlade","floor":16},{"not_picked":["theMarked:Parkour+1","theMarked:BanishingWave","theMarked:TwofoldDefense+1"],"picked":"SKIP","floor":18},{"not_picked":["theMarked:ElectricStrings","theMarked:SwordAndMagic","theMarked:Improvise"],"picked":"SKIP","floor":20},{"not_picked":["theMarked:Overcharge","theMarked:KeepCalmAndFight"],"picked":"theMarked:BanishingStrike","floor":22},{"not_picked":["theMarked:ElectricStrings","theMarked:Standoff","theMarked:Aftermath"],"picked":"SKIP","floor":24},{"not_picked":["theMarked:SwordAndMagic","theMarked:Overcharge","theMarked:SelfDefenseTraining"],"picked":"SKIP","floor":27},{"not_picked":["theMarked:TunnelVision","theMarked:EmpowerWeapon+1","theMarked:Frustration"],"picked":"SKIP","floor":28},{"not_picked":["theMarked:Electrify","theMarked:ChainLightning","theMarked:Indomitable"],"picked":"SKIP","floor":31},{"not_picked":["theMarked:SuspiciousRaven","theMarked:TurnInvisible"],"picked":"theMarked:DispelDoubt","floor":33},{"not_picked":["theMarked:Aftermath+1","theMarked:StartUp+1"],"picked":"theMarked:BanishingStrike","floor":35},{"not_picked":["theMarked:TwofoldDefense+1","theMarked:TheMission+1"],"picked":"theMarked:Opportunist+1","floor":36},{"not_picked":["Impatience","Enlightenment"],"picked":"Blind","floor":37},{"not_picked":["The Bomb","Enlightenment"],"picked":"Swift Strike","floor":37},{"not_picked":["theMarked:MysticalArsenal","theMarked:TwofoldDefense+1","theMarked:ContemptForTheProud"],"picked":"SKIP","floor":38}],"player_experience":190078,"relics_obtained":[{"floor":7,"key":"Art of War"},{"floor":9,"key":"MealTicket"},{"floor":11,"key":"Orichalcum"},{"floor":22,"key":"Red Mask"},{"floor":24,"key":"Mercury Hourglass"},{"floor":26,"key":"Sundial"},{"floor":27,"key":"Bronze Scales"}],"event_choices":[{"damage_healed":0,"gold_gain":0,"player_choice":"Ignored","damage_taken":0,"max_hp_gain":0,"max_hp_loss":0,"event_name":"Liars Game","floor":5,"gold_loss":0},{"damage_healed":0,"gold_gain":0,"player_choice":"Ignored","damage_taken":0,"max_hp_gain":0,"max_hp_loss":0,"event_name":"Golden Idol","floor":8,"gold_loss":0},{"damage_healed":25,"gold_gain":0,"player_choice":"Banana","damage_taken":0,"max_hp_gain":0,"max_hp_loss":0,"event_name":"Big Fish","floor":10,"gold_loss":0},{"damage_healed":0,"gold_gain":0,"cards_transformed":["theMarked:Defend","theMarked:Defend"],"player_choice":"Became Test Subject","damage_taken":0,"max_hp_gain":0,"max_hp_loss":0,"event_name":"Drug Dealer","floor":21,"gold_loss":0,"cards_obtained":["theMarked:CreepingChasm","theMarked:WastefulAttack"]},{"damage_healed":0,"gold_gain":0,"player_choice":"Fought Bandits","damage_taken":0,"max_hp_gain":0,"max_hp_loss":0,"event_name":"Masked Bandits","floor":22,"gold_loss":0},{"damage_healed":0,"gold_gain":0,"player_choice":"Smashed Altar","damage_taken":0,"max_hp_gain":0,"max_hp_loss":0,"event_name":"Forgotten Altar","floor":29,"gold_loss":0,"cards_obtained":["Decay"]},{"damage_healed":0,"gold_gain":0,"player_choice":"Memory 2","damage_taken":5,"max_hp_gain":0,"max_hp_loss":0,"event_name":"SensoryStone","floor":37,"gold_loss":0},{"damage_healed":0,"gold_gain":222,"player_choice":"Wore Mask","damage_taken":0,"max_hp_gain":0,"max_hp_loss":0,"event_name":"Tomb of Lord Red Mask","floor":39,"gold_loss":0}],"is_beta":false,"boss_relics":[{"not_picked":["Cursed Key","Pandora\u0027s Box"],"picked":"theMarked:BronzeBlade"},{"not_picked":["Snecko Eye","Astrolabe"],"picked":"Black Star"}],"items_purged_floors":[19],"is_endless":false,"potions_floor_spawned":[2,3,7,14,20,24,27,35,38],"killed_by":"Reptomancer","ascension_level":0}}