{"host":"pec1bvkeldr5yzx1","time":1611678226,"event":{"mods":["ATMod(°¢èªMod)","AchievementEnabler","Act Like it!","Aspiration","BaseMod","Better Altar","Better Match","Better Sensory Stone","Better Skull","Better Vampires","BetterRewards","Conspire","Dota2Spire","Energized Spire","Friendly Minions","GifTheSpireLib","Hubris","Minty Spire (QoL Compilation)","Replay The Spire","Spicy Shops","StSLib","Stuff the Spire","SuperFastMode","óô»ðÖ¸ÄÏ"],"gold_per_floor":[146,162,162,203,203,231,231,293,293,324,324,324,380,400,400,527,527,543,588,654,654,654,688,688,738,738,766,16,79,16,27,116,245,245,265,265],"floor_reached":35,"language":"ZHS","playtime":1106,"items_purged":["Pain"],"score":746,"play_id":"d3f475a8-6686-4a7b-ad2b-0849997b1f10","local_time":"20210127002346","is_ascension_mode":true,"campfire_choices":[{"floor":7,"key":"REST"},{"floor":12,"key":"REST"},{"data":"AT_BreakingExtremeWeapon","floor":15,"key":"SMITH"},{"floor":24,"key":"RECALL"}],"circlet_count":0,"master_deck":["conspire:GhostlyStrike","conspire:GhostlyStrike","conspire:GhostlyStrike","conspire:GhostlyStrike","conspire:GhostlyStrike","conspire:GhostlyDefend","conspire:GhostlyDefend","conspire:GhostlyDefend","conspire:GhostlyDefend","Bash","AT_BreakingExtremeWeapon+1","Flex","Perfected Strike","Power Through","Spot Weakness","Replay:Undeath\u0027s Touch","Thunderclap","ReplayTheSpireMod:LeadingStrike","Pommel Strike","hubris:ReadiedAction","StuffTheSpire:Pyroclast","AT_CaressingTears","Burning Pact","AT_IchimonjiDouble","Demon Form","Twin Strike","Pummel+1","Feel No Pain+1","Bloodletting","Warcry","Sword Boomerang","StuffTheSpire:Harmony","ReplayTheSpireMod:Limb From Limb","Wild Strike+1","Cleave","Iron Wave","Normality","Sentinel","Sentinel","Heavy Blade","HandOfGreed","AT_CelerityRune","hubris:EnhanceAbility","Bloodletting","Heavy Blade","Impervious"],"relics":["Burning Blood","AT_ATBox","aspiration:Lifesprig","Prayer Wheel","Dota2Spire:HandOfMidas","hubris:Metronome","AT_RabadonDeathcap","Bottled Tornado","Dota2Spire:Dagon","Anchor","TungstenRod","hubris:GrandSneckoEye","Replay:Wax Seal","Smiling Mask","Toy Ornithopter","Lantern","StuffTheSpire:HistoryBook","Ice Cream","Mirror","Dota2Spire:ShadowBlade","ReplayTheSpireMod:ShopPack","energizedSpire:DecayingSkull"],"acts_visited":["Exordium","TheCity","TheBeyond"],"potions_floor_usage":[6,6,10,29,29],"damage_taken":[{"damage":12.0,"enemies":"Jaw Worm","floor":1.0,"turns":2.0},{"damage":6.0,"enemies":"2 Louse","floor":2.0,"turns":2.0},{"damage":10.0,"enemies":"Cultist","floor":4.0,"turns":3.0},{"damage":0,"enemies":"3 Sentries","floor":6,"turns":3},{"damage":44,"enemies":"Lagavulin","floor":8,"turns":4},{"damage":16,"enemies":"Gremlin Nob","floor":10,"turns":3},{"damage":15,"enemies":"Lagavulin","floor":13,"turns":3},{"damage":0,"enemies":"Exordium Wildlife","floor":14,"turns":2},{"damage":0,"enemies":"Slime Boss","floor":16,"turns":4},{"damage":0,"enemies":"Chosen","floor":18,"turns":2},{"damage":0,"enemies":"3 Byrds","floor":19,"turns":3},{"damage":18,"enemies":"Slavers","floor":23,"turns":3},{"damage":0,"enemies":"Centurion and Healer","floor":25,"turns":3},{"damage":4,"enemies":"conspire:Head Lice","floor":27,"turns":2},{"damage":7,"enemies":"Replay:Snechameleon","floor":29,"turns":4},{"damage":0,"enemies":"Snake Plant","floor":31,"turns":2},{"damage":59,"enemies":"hubris:MusketHawk","floor":33,"turns":8},{"damage":77,"enemies":"3 Shapes","floor":35,"turns":4}],"seed_played":"4292527087521944103","potions_obtained":[{"floor":2.0,"key":"DistilledChaos"},{"floor":4.0,"key":"Energy Potion"},{"floor":8,"key":"Dota2Spire:HealingSalve"},{"floor":10,"key":"Dota2Spire:HealingSalve"},{"floor":14,"key":"ElixirPotion"},{"floor":18,"key":"LifebloodPotion"},{"floor":19,"key":"FearPotion"},{"floor":27,"key":"Death Potion"},{"floor":29,"key":"Fire Potion"}],"is_trial":false,"path_per_floor":["M","M","?","M","?","E","R","E","T","E","?","R","E","M","R","B",null,"M","M","?","?","?","E","R","M","T","E","$","E","$","M","R","B",null,"M"],"character_chosen":"IRONCLAD","items_purchased":["aspiration:Lifesprig","AT_BreakingExtremeWeapon","Dota2Spire:HandOfMidas","Flex","Lantern","StuffTheSpire:HistoryBook","Ice Cream","Mirror","Sentinel","ReplayTheSpireMod:ShopPack"],"campfire_rested":2,"item_purchase_floors":[0,0,0,0,28,28,28,28,28,30],"current_hp_per_floor":[30,30,30,26,26,32,56,18,18,11,11,35,26,32,32,38,70,76,80,80,80,80,72,72,80,80,80,80,80,80,80,80,30,68,0,0],"gold":265,"neow_bonus":"","is_daily":false,"chose_seed":false,"campfire_upgraded":1,"win_rate":0.0,"timestamp":1611678226,"path_taken":["M","M","?","M","?","E","R","E","T","E","?","R","E","M","R","BOSS","M","M","?","?","?","E","R","?","T","E","?","E","$","M","R","BOSS","M"],"items_purchased_type":["Relic","Card","Relic","Card","Relic","Relic","Relic","Relic","Card","Relic"],"build_version":"2020-12-22","purchased_purges":1,"victory":false,"max_hp_per_floor":[80,80,80,80,80,80,80,80,80,80,80,80,80,80,80,80,80,80,80,80,80,80,80,80,80,80,80,80,80,80,80,80,80,80,80,80],"card_choices":[{"not_picked":["Flex","StuffTheSpire:Resist"],"picked":"Perfected Strike","floor":1.0},{"not_picked":["Evolve","StuffTheSpire:Slingshot"],"picked":"Power Through","floor":1.0},{"not_picked":["Dark Embrace","Rupture"],"picked":"Spot Weakness","floor":2.0},{"not_picked":["Metallicize","Wild Strike"],"picked":"Replay:Undeath\u0027s Touch","floor":2.0},{"not_picked":["Rampage","Wild Strike"],"picked":"Thunderclap","floor":4.0},{"not_picked":["Body Slam","Eclipse"],"picked":"ReplayTheSpireMod:LeadingStrike","floor":4.0},{"not_picked":["Abandon","Combust"],"picked":"Pommel Strike","floor":6},{"not_picked":["StuffTheSpire:Pyroclast","Power Through"],"picked":"hubris:ReadiedAction","floor":8},{"not_picked":["Defy Death","Pommel Strike"],"picked":"StuffTheSpire:Pyroclast","floor":10},{"not_picked":["Clothesline","Perfected Strike"],"picked":"AT_CaressingTears","floor":13},{"not_picked":["Perfected Strike","Clothesline"],"picked":"Burning Pact","floor":14},{"not_picked":["Juggernaut","True Grit"],"picked":"AT_IchimonjiDouble","floor":14},{"not_picked":["hubris:StunningStrike","Eclipse"],"picked":"Demon Form","floor":16},{"not_picked":["StuffTheSpire:Slingshot","Combust+1"],"picked":"Twin Strike","floor":18},{"not_picked":["Headbutt","Anger+1"],"picked":"Pummel+1","floor":18},{"not_picked":["Anger","Iron Wave"],"picked":"Feel No Pain+1","floor":19},{"not_picked":["Combust","Massacre+1"],"picked":"Bloodletting","floor":19},{"not_picked":["Massacre","Defy Death"],"picked":"Warcry","floor":20},{"not_picked":["Metallicize","Clash"],"picked":"Sword Boomerang","floor":20},{"not_picked":["Body Slam","conspire:Charge"],"picked":"ReplayTheSpireMod:Limb From Limb","floor":23},{"not_picked":["Battle Trance","Pommel Strike"],"picked":"Wild Strike+1","floor":25},{"not_picked":["StuffTheSpire:Resist+1","ReplayTheSpireMod:Limb From Limb+1"],"picked":"Cleave","floor":25},{"not_picked":["Perfected Strike","conspire:Purge"],"picked":"Iron Wave","floor":27},{"not_picked":["Pommel Strike+1","Rupture"],"picked":"Heavy Blade","floor":29},{"not_picked":["Transmutation","hubris:EnhanceAbility"],"picked":"HandOfGreed","floor":30},{"not_picked":["Finesse","hubris:Ssssneak"],"picked":"AT_CelerityRune","floor":30},{"not_picked":["Jack Of All Trades","Mind Blast"],"picked":"hubris:EnhanceAbility","floor":30},{"not_picked":["conspire:Purge","StuffTheSpire:Incineration"],"picked":"Bloodletting","floor":31},{"not_picked":["Iron Wave","StuffTheSpire:Pyroclast"],"picked":"Heavy Blade","floor":31},{"not_picked":["Demonic Infusion","Brutality"],"picked":"Impervious","floor":33}],"player_experience":112177,"relics_obtained":[{"floor":6,"key":"AT_RabadonDeathcap"},{"floor":8,"key":"Bottled Tornado"},{"floor":9,"key":"Dota2Spire:Dagon"},{"floor":10,"key":"Anchor"},{"floor":13,"key":"TungstenRod"},{"floor":20,"key":"Replay:Wax Seal"},{"floor":23,"key":"Smiling Mask"},{"floor":27,"key":"Toy Ornithopter"},{"floor":29,"key":"Dota2Spire:ShadowBlade"}],"event_choices":[{"damage_healed":0.0,"max_hp_gain":0.0,"max_hp_loss":0.0,"gold_gain":0.0,"event_name":"Big Fish","player_choice":"Box","floor":3.0,"gold_loss":0.0,"damage_taken":0.0,"relics_obtained":["hubris:Metronome"],"cards_obtained":["Regret"]},{"damage_healed":0.0,"max_hp_gain":0.0,"max_hp_loss":0.0,"gold_gain":0.0,"event_name":"conspire:LoneGhost","player_choice":"Agree","floor":5.0,"gold_loss":0.0,"damage_taken":0.0},{"cards_removed":["Regret"],"damage_healed":0,"gold_gain":0,"player_choice":"Forget","damage_taken":0,"max_hp_gain":0,"max_hp_loss":0,"event_name":"Living Wall","floor":11,"gold_loss":0},{"damage_healed":0,"gold_gain":0,"player_choice":"Ignored","damage_taken":0,"max_hp_gain":0,"max_hp_loss":0,"event_name":"Vampires","floor":22,"gold_loss":0}],"is_beta":false,"boss_relics":[{"not_picked":["Runic Dome","StuffTheSpire:Kangaroo"],"picked":"hubris:GrandSneckoEye"},{"not_picked":["aspiration:SilentSkillbook","StuffTheSpire:RunicHypercube"],"picked":"energizedSpire:DecayingSkull"}],"items_purged_floors":[28],"is_endless":false,"potions_floor_spawned":[2,4,8,10,14,18,19,25,27,29],"killed_by":"3 Shapes","ascension_level":6}}