{"host":"ow66nzv2xecjoor3","time":1611637824,"event":{"mods":["BaseMod","Bestiary","Block Reminder","Colored Powertips","Curses Come First","Downfall","Highlight Path","Keyboard Shortcuts","Minty Spire (QoL Compilation)","Permanent Neow","Relic Stats","StSLib","UnlockEverythingMod"],"gold_per_floor":[349,368,385,399,409,441,466,616,316,326,92,108,108,125,141,141,141,141],"floor_reached":16,"language":"ENG","playtime":977,"items_purged":["downfall:Icky"],"score":131,"play_id":"1be3f5c4-3244-456b-bf46-68c278502c4e","local_time":"20210125231024","is_ascension_mode":false,"campfire_choices":[{"floor":1.0,"key":"RECALL"},{"data":"bronze:CloningBeam","floor":9.0,"key":"SMITH"},{"data":"bronze:Branch","floor":13.0,"key":"SMITH"}],"circlet_count":0,"master_deck":["bronze:Strike","bronze:Strike","bronze:Strike","bronze:Strike","bronze:Defend","bronze:Defend","bronze:Defend","bronze:Defend","bronze:Replicate","bronze:Goto","bronze:ChildClass","bronze:Branch+1","bronze:CloningBeam+1","bronze:ChildClass","bronze:BronzeOrb","bronze:Flail","bronze:BronzeOrb"],"relics":["bronze:BronzeCore","Toy Ornithopter","downfall:HeartBlessingBlue","downfall:HeartBlessingGreen","downfall:HeartBlessingRed","Lee\u0027s Waffle"],"acts_visited":["Exordium"],"potions_floor_usage":[16,16],"damage_taken":[{"damage":2.0,"enemies":"2 Louse","floor":2.0,"turns":3.0},{"damage":0.0,"enemies":"Small Slimes","floor":3.0,"turns":3.0},{"damage":0.0,"enemies":"Cultist","floor":4.0,"turns":3.0},{"damage":3.0,"enemies":"3 Louse","floor":5.0,"turns":4.0},{"damage":31.0,"enemies":"3 Sentries","floor":6.0,"turns":13.0},{"damage":0.0,"enemies":"Large Slime","floor":10.0,"turns":4.0},{"damage":0.0,"enemies":"downfall:FleeingMerchant","floor":11.0,"turns":4.0},{"damage":0.0,"enemies":"3 Louse","floor":12.0,"turns":3.0},{"damage":0.0,"enemies":"Exordium Wildlife","floor":14.0,"turns":4.0},{"damage":0.0,"enemies":"2 Fungi Beasts","floor":15.0,"turns":3.0},{"damage":106,"enemies":"SI_SHIV_ARCHETYPE","floor":16,"turns":11}],"seed_played":"8495492388478153294","potions_obtained":[{"floor":2.0,"key":"LiquidBronze"},{"floor":3.0,"key":"Block Potion"},{"floor":10.0,"key":"Dexterity Potion"}],"is_trial":false,"path_per_floor":["R","M","M","M","M","E","T","?","R","M","$","M","R","M","M","B"],"character_chosen":"THE_AUTOMATON","items_purchased":["Lee\u0027s Waffle"],"campfire_rested":0,"item_purchase_floors":[11],"current_hp_per_floor":[49,47,47,47,44,13,13,13,23,23,87,87,87,87,87,0,0,0],"gold":141,"neow_bonus":"TWO_FIFTY_GOLD","is_daily":false,"chose_seed":false,"campfire_upgraded":2,"win_rate":0.0,"timestamp":1611637824,"path_taken":["R","M","M","M","M","E","T","?","R","M","$","M","R","M","M","BOSS"],"items_purchased_type":["Relic"],"build_version":"2020-12-22","purchased_purges":1,"victory":false,"max_hp_per_floor":[70,70,70,70,70,70,70,70,80,80,87,87,87,87,87,87,87,87],"relic_stats":{"Lee\u0027s Waffle":64,"counters":[11,55],"obtain_stats":[{"Lee\u0027s Waffle":11,"bronze:BronzeCore":0,"downfall:HeartBlessingRed":9,"downfall:HeartBlessingBlue":9,"downfall:HeartBlessingGreen":9,"Toy Ornithopter":6},{"Lee\u0027s Waffle":7,"bronze:BronzeCore":0,"downfall:HeartBlessingRed":5,"downfall:HeartBlessingBlue":5,"downfall:HeartBlessingGreen":5,"Toy Ornithopter":5},{"Lee\u0027s Waffle":34,"bronze:BronzeCore":0,"downfall:HeartBlessingRed":26,"downfall:HeartBlessingBlue":26,"downfall:HeartBlessingGreen":26,"Toy Ornithopter":26}],"Toy Ornithopter":10},"card_choices":[{"not_picked":["bronze:BuggyMess","bronze:Philosophize"],"picked":"bronze:ChildClass","floor":2.0},{"not_picked":["bronze:WildBeam","bronze:Safeguard"],"picked":"bronze:Branch","floor":3.0},{"not_picked":["bronze:ForceShield","bronze:MaxOutput"],"picked":"bronze:CloningBeam","floor":4.0},{"not_picked":["bronze:Repulsor","bronze:WhirlingStrike"],"picked":"bronze:ChildClass","floor":5.0},{"not_picked":["bronze:Fortify","bronze:BitShift"],"picked":"bronze:BronzeOrb","floor":6.0},{"not_picked":["bronze:Deprecate","bronze:Branch","bronze:FineTuning"],"picked":"SKIP","floor":10.0},{"not_picked":["bronze:DelayedGuard","bronze:FineTuning","bronze:Shield"],"picked":"SKIP","floor":11.0},{"not_picked":["bronze:BuggyMess","bronze:Verify"],"picked":"bronze:Flail","floor":12.0},{"not_picked":["bronze:Turbo","bronze:DelayedGuard","bronze:Overheat"],"picked":"SKIP","floor":14.0},{"not_picked":["bronze:Turbo","bronze:Allocate"],"picked":"bronze:BronzeOrb","floor":15}],"player_experience":2827120,"relics_obtained":[{"floor":6.0,"key":"Toy Ornithopter"}],"event_choices":[],"is_beta":false,"boss_relics":[],"items_purged_floors":[11],"is_endless":false,"potions_floor_spawned":[2,3,10,14,15],"killed_by":"SI_SHIV_ARCHETYPE","ascension_level":0}}