{"host":"z9811rt50ti81n54","time":1611668959,"event":{"mods":["BaseMod","Minty Spire (QoL Compilation)","StSLib","The Marked"],"gold_per_floor":[118,118,43,57,57,57,57,73,73,138,38,50,64,84,84,84,84],"floor_reached":16,"language":"ENG","playtime":552,"items_purged":["theMarked:Strike","theMarked:Strike"],"score":92,"play_id":"f75cdc00-bbce-45af-a737-2c2297c5a14d","local_time":"20210126224919","is_ascension_mode":false,"campfire_choices":[{"data":"theMarked:SoldierOfQuellstein","floor":6,"key":"SMITH"},{"data":"theMarked:TurnInvisible","floor":15,"key":"SMITH"}],"circlet_count":0,"master_deck":["theMarked:Strike","theMarked:Strike","theMarked:Strike","theMarked:Defend","theMarked:Defend","theMarked:Defend","theMarked:Defend","theMarked:SoldierOfQuellstein+1","theMarked:Memento","theMarked:Levitate","Enlightenment","theMarked:SoldierOfQuellstein+1","theMarked:WardOff","theMarked:BanishingStrike","theMarked:EmpowerWeapon","theMarked:TurnInvisible+1","theMarked:ParalyzingBlade","theMarked:Improvise"],"relics":["theMarked:ArtifactOfAir","Tiny Chest","Bottled Lightning","Potion Belt","Oddly Smooth Stone"],"acts_visited":["Exordium"],"potions_floor_usage":[16],"damage_taken":[{"damage":5,"enemies":"Small Slimes","floor":1,"turns":4},{"damage":1,"enemies":"Cultist","floor":4,"turns":4},{"damage":0,"enemies":"2 Louse","floor":8,"turns":2},{"damage":17,"enemies":"Gremlin Nob","floor":10,"turns":4},{"damage":0,"enemies":"Gremlin Gang","floor":12,"turns":4},{"damage":0,"enemies":"3 Louse","floor":13,"turns":3},{"damage":0,"enemies":"Looter","floor":14,"turns":3},{"damage":48,"enemies":"Slime Boss","floor":16,"turns":9}],"seed_played":"8215705451435894988","potions_obtained":[{"floor":10,"key":"Fire Potion"},{"floor":12,"key":"theMarked:ChargePotion"},{"floor":14,"key":"FearPotion"}],"is_trial":false,"path_per_floor":["M","?","$","M","?","R","T","M","T","?","$","M","M","M","R","B"],"character_chosen":"THE_DEFAULT","items_purchased":[],"campfire_rested":0,"item_purchase_floors":[],"current_hp_per_floor":[65,65,65,64,64,64,64,64,64,47,47,47,47,47,47,0,0],"gold":84,"neow_bonus":"RANDOM_COMMON_RELIC","is_daily":false,"chose_seed":false,"campfire_upgraded":2,"win_rate":0.0,"timestamp":1611668959,"path_taken":["M","?","$","?","?","R","?","M","T","?","?","M","M","M","R","BOSS"],"items_purchased_type":[],"build_version":"2020-12-22","purchased_purges":2,"victory":false,"max_hp_per_floor":[70,70,70,70,70,70,70,70,70,70,70,70,70,70,70,70,70],"card_choices":[{"not_picked":["theMarked:SwordAndMagic","theMarked:ResourceFulStrike"],"picked":"theMarked:Memento","floor":1},{"not_picked":["theMarked:Electrocute","theMarked:ResourceFulStrike"],"picked":"theMarked:WardOff","floor":4},{"not_picked":["theMarked:Electrocute","theMarked:HeightenedSenses"],"picked":"theMarked:BanishingStrike","floor":8},{"not_picked":["theMarked:WastefulAttack","theMarked:OneWithTheBlade"],"picked":"theMarked:EmpowerWeapon","floor":10},{"not_picked":["theMarked:WastefulAttack","theMarked:TheMission"],"picked":"theMarked:TurnInvisible","floor":12},{"not_picked":["theMarked:Reabsorb","theMarked:RogueSparks"],"picked":"theMarked:ParalyzingBlade","floor":13},{"not_picked":["theMarked:Aftermath","theMarked:SwordAndMagic"],"picked":"theMarked:Improvise","floor":14}],"player_experience":426706,"relics_obtained":[{"floor":7,"key":"Bottled Lightning"},{"floor":9,"key":"Potion Belt"},{"floor":10,"key":"Oddly Smooth Stone"}],"event_choices":[{"damage_healed":0,"gold_gain":0,"player_choice":"3 cards matched","damage_taken":0,"max_hp_gain":0,"max_hp_loss":0,"event_name":"Match and Keep!","floor":2,"gold_loss":0,"cards_obtained":["theMarked:Levitate","Enlightenment","theMarked:SoldierOfQuellstein"]},{"damage_healed":0,"gold_gain":0,"player_choice":"Upgraded","damage_taken":0,"max_hp_gain":0,"max_hp_loss":0,"event_name":"Upgrade Shrine","floor":5,"gold_loss":0,"cards_upgraded":["theMarked:SoldierOfQuellstein"]},{"damage_healed":0,"gold_gain":30,"player_choice":"Searched \u00272\u0027 times","damage_taken":0,"max_hp_gain":0,"max_hp_loss":0,"event_name":"Dead Adventurer","floor":10,"gold_loss":0}],"is_beta":false,"boss_relics":[],"items_purged_floors":[3,11],"is_endless":false,"potions_floor_spawned":[10,12,14],"killed_by":"Slime Boss","ascension_level":0}}