{"host":"ua86kx5x377bzm1z","time":1611672143,"event":{"mods":["BaseMod","Colored Map","DeckTracker","Infinite Spire","Minty Spire (QoL Compilation)","Replay The Spire","StSLib"],"gold_per_floor":[112,63,75,75,91,117,117,131,155,155,80,108,122,22,22,125,125,141,155,155,167,167,167,177,195,195,207,207,207,207],"floor_reached":29,"language":"ENG","playtime":2645,"items_purged":["Strike_R","Strike_R"],"score":237,"play_id":"b5a11dfc-0c0b-463c-b515-98fb62fcd8b5","local_time":"20210126154223","is_ascension_mode":false,"campfire_choices":[{"data":"Whirlwind","floor":10,"key":"SMITH"},{"data":"Armaments","floor":15,"key":"SMITH"},{"data":"Iron Wave","floor":23,"key":"SMITH"}],"circlet_count":0,"master_deck":["Strike_R+1","Defend_R","Defend_R+1","Bash","Whirlwind+1","Flex","Self Repair+1","Armaments+1","Iron Wave+1","Shrug It Off","Double Tap","Flex","Inflame","Body Slam+1"],"relics":["Blue Doll","Iron Core","Bronze Scales","Simple Rune","Replay:Drink Me","Peace Pipe","Magic Flower"],"acts_visited":["Exordium","TheCity"],"potions_floor_usage":[6,16,16,21,29],"damage_taken":[{"damage":5,"enemies":"2 Louse","floor":1,"turns":3},{"damage":0,"enemies":"Small Slimes","floor":3,"turns":3},{"damage":0,"enemies":"Cultist","floor":5,"turns":2},{"damage":30,"enemies":"3 Sentries","floor":6,"turns":7},{"damage":22,"enemies":"Looter","floor":8,"turns":4},{"damage":14,"enemies":"Gremlin Nob","floor":12,"turns":3},{"damage":3,"enemies":"Exordium Wildlife","floor":13,"turns":4},{"damage":43,"enemies":"The Guardian","floor":16,"turns":10},{"damage":33,"enemies":"Shell Parasite","floor":18,"turns":12},{"damage":0,"enemies":"Chosen","floor":19,"turns":6},{"damage":7,"enemies":"Snecko","floor":21,"turns":8},{"damage":17,"enemies":"Snake Plant","floor":24,"turns":6},{"damage":12,"enemies":"3 Cultists","floor":25,"turns":5},{"damage":18,"enemies":"Cultist and Chosen","floor":27,"turns":7},{"damage":22,"enemies":"Snecko","floor":29,"turns":4}],"seed_played":"3006588890949860968","potions_obtained":[{"floor":3,"key":"Fire Potion"},{"floor":8,"key":"Languid Potion"},{"floor":13,"key":"CultistPotion"},{"floor":18,"key":"SpeedPotion"},{"floor":21,"key":"BlessingOfTheForge"},{"floor":27,"key":"Explosive Potion"}],"is_trial":false,"path_per_floor":["M","$","M","?","M","E","?","M","T","R","$","E","M","$","R","B",null,"M","M","?","M","?","R","M","M","T","M","?","M"],"character_chosen":"IRONCLAD","items_purchased":["Flex"],"campfire_rested":0,"item_purchase_floors":[2],"current_hp_per_floor":[88,88,88,93,93,69,69,57,57,57,57,43,50,50,50,7,70,47,47,47,50,50,50,33,21,21,3,3,0,0],"gold":207,"neow_bonus":"TEN_PERCENT_HP_BONUS","is_daily":false,"chose_seed":false,"campfire_upgraded":3,"win_rate":0.0,"timestamp":1611672143,"path_taken":["M","$","M","?","M","E","?","M","T","R","$","E","M","$","R","BOSS","M","M","?","M","?","R","M","M","T","M","?","M"],"items_purchased_type":["Card"],"build_version":"2020-12-13","purchased_purges":2,"victory":false,"max_hp_per_floor":[88,88,88,93,93,93,93,93,93,93,93,93,93,93,93,93,70,70,70,70,70,70,70,70,70,70,70,70,70,70],"card_choices":[{"not_picked":["True Grit","Infernal Blade"],"picked":"Whirlwind","floor":1},{"not_picked":["Burning Pact","Cleave","True Grit"],"picked":"SKIP","floor":3},{"not_picked":["Rupture","Intimidate","Anger"],"picked":"SKIP","floor":5},{"not_picked":["ReplayTheSpireMod:Strike From Hell","Pummel","Thunderclap"],"picked":"SKIP","floor":6},{"not_picked":["Body Slam","Perfected Strike"],"picked":"Armaments","floor":8},{"not_picked":["Infernal Blade","Hologram"],"picked":"Iron Wave","floor":12},{"not_picked":["Rebound","Dark Embrace"],"picked":"Shrug It Off","floor":13},{"not_picked":["Barricade","Corruption"],"picked":"Double Tap","floor":16},{"not_picked":["Searing Blow+1","infinitespire:OneForAll"],"picked":"Flex","floor":18},{"not_picked":["Perfected Strike+1","True Grit","Rage+1"],"picked":"SKIP","floor":19},{"not_picked":["Pommel Strike","Shrug It Off"],"picked":"Inflame","floor":21},{"not_picked":["Defy Death+1","Iron Wave+1","Dark Embrace"],"picked":"SKIP","floor":24},{"not_picked":["Twin Strike","ReplayTheSpireMod:Strike From Hell","Bludgeon"],"picked":"SKIP","floor":25},{"not_picked":["Clothesline","Twin Strike"],"picked":"Body Slam+1","floor":27}],"player_experience":10374,"relics_obtained":[{"floor":6,"key":"Blue Doll"},{"floor":9,"key":"Bronze Scales"},{"floor":12,"key":"Simple Rune"},{"floor":26,"key":"Peace Pipe"},{"floor":28,"key":"Magic Flower"}],"event_choices":[{"damage_healed":0,"gold_gain":0,"player_choice":"Donut","damage_taken":0,"max_hp_gain":5,"max_hp_loss":0,"event_name":"Big Fish","floor":4,"gold_loss":0},{"cards_removed":["Defend_R"],"damage_healed":0,"gold_gain":0,"player_choice":"Elegance","damage_taken":0,"max_hp_gain":0,"max_hp_loss":0,"event_name":"Back to Basics","floor":20,"gold_loss":0},{"damage_healed":0,"gold_gain":0,"player_choice":"Relic","damage_taken":0,"max_hp_gain":0,"max_hp_loss":0,"event_name":"Wheel of Change","floor":28,"gold_loss":0}],"is_beta":false,"boss_relics":[{"not_picked":["Cursed Key","Coffee Dripper"],"picked":"Replay:Drink Me"}],"items_purged_floors":[11,14],"is_endless":false,"potions_floor_spawned":[3,8,13,18,21,27],"killed_by":"Snecko","ascension_level":0}}