{"host":"o3nki8hvugtioqst","time":1611675507,"event":{"mods":["AchievementEnabler","BaseMod","Colored Powertips","Downfall","Minty Spire (QoL Compilation)","Quick Restart","Rare Cards Sparkle","Replay The Spire","StSLib","SuperFastMode"],"gold_per_floor":[111,125,138,157,235,253,321,321,321,321,132,146,246,265,265,363,363,373,389,72,172,172,172,224,242,242,255,272,272,34,34,34,34,34,34],"floor_reached":33,"language":"ENG","playtime":1951,"items_purged":[],"score":239,"play_id":"e42c5016-d001-4905-b985-398265a58844","local_time":"20210126173827","is_ascension_mode":false,"campfire_choices":[{"data":"sneckomod:RainOfDice","floor":10,"key":"SMITH"},{"data":"sneckomod:UnknownStrike","floor":15,"key":"SMITH"},{"floor":23,"key":"REST"},{"data":"Berserk","floor":26,"key":"SMITH"},{"data":"sneckomod:DefensiveFlair","floor":29,"key":"SMITH"},{"floor":32,"key":"REST"}],"circlet_count":0,"master_deck":["sneckomod:Strike","sneckomod:Defend","sneckomod:TailWhip+1","sneckomod:SnekBite","sneckomod:Unknown","sneckomod:Unknown","sneckomod:RainOfDice+1","sneckomod:SoulDraw","sneckomod:Nope","sneckomod:ImprovisedGuard","expansioncontent:StudyTheSpire+1","sneckomod:UnknownVulnerable","sneckomod:UnlimitedRolls+1","sneckomod:UnknownStrike","sneckomod:Cheat+1","sneckomod:IronFang+1","sneckomod:UnknownCommonSkill+1","sneckomod:SerpentIdol+1","sneckomod:DefensiveFlair+1","J.A.X.+1","sneckomod:UnknownUncommonAttack+1","Twin Strike+1","sneckomod:UnknownClassRED+1","Berserk+1","sneckomod:SlitherStrike+1","sneckomod:WideSting+1","Carnage+1","sneckomod:UnknownStrike+1","Body Slam+1"],"relics":["sneckomod:SuperSneckoSoul","Garlic","Sundial","Lantern","sneckomod:UnknownEgg","MutagenicStrength","Potion Belt","Guide Book"],"acts_visited":["Exordium","TheCity"],"potions_floor_usage":[16,21,21,33,33],"damage_taken":[{"damage":0,"enemies":"Cultist","floor":1,"turns":3},{"damage":8,"enemies":"Jaw Worm","floor":2,"turns":3},{"damage":5,"enemies":"Small Slimes","floor":3,"turns":3},{"damage":11,"enemies":"2 Fungi Beasts","floor":4,"turns":3},{"damage":0,"enemies":"Exordium Wildlife","floor":6,"turns":3},{"damage":0,"enemies":"downfall:FleeingMerchant","floor":11,"turns":4},{"damage":0,"enemies":"Large Slime","floor":12,"turns":3},{"damage":8,"enemies":"downfall:Heads","floor":13,"turns":4},{"damage":2,"enemies":"Gremlin Gang","floor":14,"turns":2},{"damage":20,"enemies":"IC_STATUS_ARCHETYPE","floor":16,"turns":5},{"damage":19,"enemies":"Spheric Guardian","floor":18,"turns":4},{"damage":7,"enemies":"Shell Parasite","floor":19,"turns":4},{"damage":4,"enemies":"downfall:FleeingMerchant","floor":20,"turns":4},{"damage":29,"enemies":"downfall:Augmenter","floor":21,"turns":6},{"damage":0,"enemies":"Snecko","floor":25,"turns":3},{"damage":3,"enemies":"Chosen and Byrds","floor":27,"turns":5},{"damage":20,"enemies":"3 Cultists","floor":28,"turns":4},{"damage":10,"enemies":"downfall:FleeingMerchant","floor":30,"turns":4},{"damage":71,"enemies":"DF_ARCHETYPE_CLAW","floor":33,"turns":7}],"seed_played":"3801539562067297514","potions_obtained":[{"floor":1,"key":"SkillPotion"},{"floor":4,"key":"Energy Potion"},{"floor":6,"key":"BlessingOfTheForge"},{"floor":16,"key":"DistilledChaos"},{"floor":21,"key":"AttackPotion"},{"floor":25,"key":"Slimebound:ThreeZeroPotion"}],"is_trial":false,"path_per_floor":["M","M","M","M","T","M","T","?","?","R","$","M","?","M","R","B",null,"M","M","$","?","?","R","T","M","R","M","M","R","$","?","R","B"],"character_chosen":"THE_SNECKO","items_purchased":["expansioncontent:StudyTheSpire","sneckomod:UnknownEgg","sneckomod:UnknownStrike+1","Guide Book"],"campfire_rested":2,"item_purchase_floors":[11,20,30,30],"current_hp_per_floor":[99,91,86,75,75,75,75,75,75,75,75,75,67,65,65,45,99,80,73,69,40,40,69,69,69,69,66,46,46,36,28,57,0,0,0],"gold":34,"neow_bonus":"TEN_PERCENT_HP_BONUS","is_daily":false,"chose_seed":false,"campfire_upgraded":4,"win_rate":0.0,"timestamp":1611675507,"path_taken":["M","M","M","M","?","?","T","?","?","R","$","M","?","M","R","BOSS","M","M","$","?","?","R","T","?","R","M","M","R","?","?","R","BOSS"],"items_purchased_type":["Card","Relic","Card","Relic"],"build_version":"2020-12-22","purchased_purges":0,"victory":false,"max_hp_per_floor":[99,99,99,99,99,99,99,99,99,99,99,99,99,99,99,99,99,99,99,99,99,99,99,99,99,99,99,99,99,99,99,99,99,99,99],"card_choices":[{"not_picked":["sneckomod:Unknown1Cost","sneckomod:SoulRoll"],"picked":"sneckomod:RainOfDice","floor":1},{"not_picked":["sneckomod:UnknownBlock","sneckomod:ImprovisedGuard"],"picked":"sneckomod:SoulDraw","floor":2},{"not_picked":["sneckomod:SoulDraw","sneckomod:DiceBlock"],"picked":"sneckomod:Nope","floor":3},{"not_picked":["sneckomod:UnknownWeak","sneckomod:UnknownX"],"picked":"sneckomod:ImprovisedGuard","floor":4},{"not_picked":["sneckomod:IronFang","sneckomod:SoulCleanse"],"picked":"sneckomod:UnknownStrike","floor":6},{"not_picked":["sneckomod:QuickMove","sneckomod:SoulDraw"],"picked":"sneckomod:SoulRoll","floor":11},{"not_picked":["sneckomod:MasterEye","sneckomod:QuickMove"],"picked":"sneckomod:UnknownVulnerable","floor":12},{"not_picked":["sneckomod:RainOfDice","sneckomod:ImprovisedAttack"],"picked":"sneckomod:Unknown0Cost","floor":13},{"not_picked":["sneckomod:UnknownUncommonSkill","sneckomod:SoulRoll"],"picked":"sneckomod:UnknownStrike","floor":14},{"not_picked":["sneckomod:DangerNoodle","sneckomod:UnlimitedRolls"],"picked":"sneckomod:Cheat","floor":16},{"not_picked":["sneckomod:UnknownBlock","sneckomod:Unknown1Cost"],"picked":"sneckomod:IronFang+1","floor":18},{"not_picked":["sneckomod:UnknownDraw","sneckomod:UnknownUncommonPower"],"picked":"sneckomod:Unknown2Cost+1","floor":19},{"not_picked":["sneckomod:UnendingSupply","sneckomod:QuickMove"],"picked":"sneckomod:UnknownCommonSkill+1","floor":20},{"not_picked":[],"picked":"J.A.X.","floor":21},{"not_picked":["sneckomod:Nope","sneckomod:MasterEye"],"picked":"sneckomod:UnknownUncommonAttack+1","floor":21},{"not_picked":["sneckomod:UnknownStrike+1","sneckomod:CheapStock+1"],"picked":"sneckomod:UnknownClassRED+1","floor":25},{"not_picked":["sneckomod:UnknownClassRED+1","sneckomod:QuickMove+1"],"picked":"sneckomod:SlitherStrike+1","floor":27},{"not_picked":["sneckomod:DefensiveFlair+1","sneckomod:SoulDraw+1"],"picked":"sneckomod:WideSting+1","floor":28},{"not_picked":["sneckomod:SlitherStrike","sneckomod:UnknownVulnerable+1"],"picked":"sneckomod:Unknown1Cost+1","floor":30}],"player_experience":251272,"relics_obtained":[{"floor":5,"key":"Garlic"},{"floor":7,"key":"Sundial"},{"floor":21,"key":"MutagenicStrength"},{"floor":24,"key":"Potion Belt"}],"event_choices":[],"is_beta":false,"boss_relics":[{"not_picked":["Painkiller Herb","Sozu"],"picked":"sneckomod:SuperSneckoSoul"}],"items_purged_floors":[],"is_endless":false,"potions_floor_spawned":[1,4,6,16,21,25],"killed_by":"DF_ARCHETYPE_CLAW","ascension_level":0}}