{"host":"yvb207ks1sg3cxef","time":1611662450,"event":{"mods":["2.2 Compatiblity","BaseMod","Bestiary","Colored Powertips","Minty Spire (QoL Compilation)","Permanent Neow","Quick Restart","Relic Stats","StSLib"],"gold_per_floor":[363,375,393,393,407,407,407,407,489,524,9,41,41,51,51,122,122,133,144,163,163,46,46,46,79,102,130,168,177,28,28,28,102,102,126,146,155,170,197,197,226,245,295,331,331,367,376,396,396,396,396,396],"floor_reached":51,"language":"ENG","playtime":4552,"items_purged":["Writhe"],"score":1916,"play_id":"28446c12-44ce-4aee-8992-a568be8ce0e8","local_time":"20210126173050","is_ascension_mode":true,"campfire_choices":[{"floor":6.0,"key":"REST"},{"data":"Dagger Throw","floor":8.0,"key":"SMITH"},{"floor":13.0,"key":"REST"},{"data":"Venomology","floor":15.0,"key":"SMITH"},{"data":"Acrobatics","floor":23.0,"key":"SMITH"},{"data":"Calculated Gamble","floor":32.0,"key":"SMITH"},{"data":"Secret Technique","floor":40.0,"key":"SMITH"},{"data":"Tactician","floor":45.0,"key":"SMITH"},{"floor":49.0,"key":"RECALL"}],"circlet_count":0,"master_deck":["AscendersBane","Defend_G","Defend_G","Defend_G","Defend_G","Defend_G","Survivor","Neutralize+1","Backflip","Underhanded Strike","Dagger Throw+1","Deflect","Footwork+1","Underhanded Strike+1","Well Laid Plans+1","Underhanded Strike+1","Venomology+1","Underhanded Strike+1","Blur","Adrenaline","Reflex+1","Blur+1","Acrobatics+1","PiercingWail","Footwork+1","Calculated Gamble+1","Terror","Tactician+1","Footwork+1","Escape Plan","Bouncing Flask+1","Blur","Phantasmal Killer","Finesse","Finesse","Secret Technique+1","Slice+1","Night Terror","Tactician"],"relics":["Ring of the Snake","Toy Ornithopter","Frozen Egg 2","Orrery","Bird Faced Urn","Astrolabe","Centennial Puzzle","CeramicFish","Mercury Hourglass","Nloth\u0027s Gift","Coffee Dripper","Ancient Tea Set","MealTicket","Mango"],"acts_visited":["Exordium","TheCity","TheBeyond"],"potions_floor_usage":[51,51],"damage_taken":[{"damage":1.0,"enemies":"Cultist","floor":1.0,"turns":4.0},{"damage":3.0,"enemies":"2 Louse","floor":2.0,"turns":3.0},{"damage":4.0,"enemies":"Jaw Worm","floor":3.0,"turns":5.0},{"damage":1.0,"enemies":"Exordium Thugs","floor":5.0,"turns":5.0},{"damage":22.0,"enemies":"3 Sentries","floor":10.0,"turns":11.0},{"damage":4.0,"enemies":"Lagavulin","floor":12.0,"turns":5.0},{"damage":1.0,"enemies":"2 Fungi Beasts","floor":14.0,"turns":6.0},{"damage":0.0,"enemies":"The Guardian","floor":16.0,"turns":11.0},{"damage":0.0,"enemies":"Chosen","floor":18.0,"turns":5.0},{"damage":0.0,"enemies":"2 Thieves","floor":19.0,"turns":3.0},{"damage":7.0,"enemies":"Centurion and Healer","floor":20.0,"turns":7.0},{"damage":0.0,"enemies":"Gremlin Leader","floor":25.0,"turns":9.0},{"damage":0.0,"enemies":"Cultist and Chosen","floor":27.0,"turns":7.0},{"damage":25.0,"enemies":"Slavers","floor":28.0,"turns":9.0},{"damage":0.0,"enemies":"Automaton","floor":33.0,"turns":10.0},{"damage":0.0,"enemies":"3 Shapes","floor":35.0,"turns":7.0},{"damage":6.0,"enemies":"3 Darklings","floor":36.0,"turns":7.0},{"damage":23.0,"enemies":"Jaw Worm Horde","floor":38.0,"turns":6.0},{"damage":0.0,"enemies":"Nemesis","floor":41.0,"turns":9.0},{"damage":0.0,"enemies":"Writhing Mass","floor":42.0,"turns":8.0},{"damage":2.0,"enemies":"Reptomancer","floor":44.0,"turns":9.0},{"damage":0.0,"enemies":"Nemesis","floor":46.0,"turns":7.0},{"damage":14.0,"enemies":"3 Darklings","floor":48.0,"turns":8.0},{"damage":44.0,"enemies":"Awakened One","floor":50.0,"turns":17.0},{"damage":75,"enemies":"Time Eater","floor":51,"turns":17}],"seed_played":"1271032181806598313","potions_obtained":[{"floor":2.0,"key":"LiquidMemories"},{"floor":5.0,"key":"GamblersBrew"},{"floor":18.0,"key":"SmokeBomb"},{"floor":28.0,"key":"EntropicBrew"},{"floor":33.0,"key":"Regen Potion"},{"floor":35.0,"key":"DuplicationPotion"}],"is_trial":false,"path_per_floor":["M","M","M","?","M","R","?","R","T","E","$","E","R","M","R","B",null,"M","M","M","?","$","R","?","E","T","M","E","?","$","?","R","B",null,"M","M","?","M","?","R","E","M","T","E","R","E","?","M","R","B","B"],"character_chosen":"THE_SILENT","items_purchased":["Frozen Egg 2","Footwork+1","Orrery","Footwork+1","Footwork+1","Escape Plan"],"campfire_rested":2,"item_purchase_floors":[11,11,11,22,30,30],"current_hp_per_floor":[43,40,36,16,15,34,34,34,34,12,12,13,32,35,35,44,61,66,66,61,61,61,61,61,66,66,66,62,62,62,62,62,66,66,66,66,66,66,56,56,64,66,66,66,66,80,80,77,77,38,0,0],"gold":396,"neow_bonus":"TWO_FIFTY_GOLD","is_daily":false,"chose_seed":false,"campfire_upgraded":6,"win_rate":0.0,"timestamp":1611662450,"path_taken":["M","?","M","?","M","R","?","R","T","E","$","E","R","M","R","BOSS","M","M","M","?","$","R","?","E","T","?","E","?","?","?","R","BOSS","M","?","?","?","?","R","E","M","T","E","R","E","?","?","R","BOSS","BOSS"],"items_purchased_type":["Relic","Card","Relic","Card","Card","Card"],"build_version":"2020-12-22","purchased_purges":1,"victory":false,"max_hp_per_floor":[66,66,66,66,66,66,66,66,66,66,66,66,66,66,66,66,66,66,66,66,66,66,66,66,66,66,66,66,66,66,66,66,66,66,66,66,66,66,66,66,66,66,66,66,66,80,80,80,80,80,80,80],"relic_stats":{"Centennial Puzzle":[21],"counters":[25,195],"Bird Faced Urn":[71],"Astrolabe":["Reflex","Blur","Unload"],"CeramicFish":126,"MealTicket":0,"Nloth\u0027s Gift":3,"obtain_stats":[{"Astrolabe":17,"CeramicFish":25,"Mango":46,"Frozen Egg 2":11,"Ancient Tea Set":43,"Mercury Hourglass":28,"Centennial Puzzle":21,"Bird Faced Urn":12,"Orrery":11,"Molten Egg 2":9,"MealTicket":44,"Nloth\u0027s Gift":31,"Coffee Dripper":34,"Toy Ornithopter":10,"Ring of the Snake":0},{"Astrolabe":8,"CeramicFish":12,"Mango":22,"Frozen Egg 2":5,"Ancient Tea Set":20,"Mercury Hourglass":14,"Centennial Puzzle":11,"Bird Faced Urn":6,"Orrery":5,"Molten Egg 2":4,"MealTicket":21,"Nloth\u0027s Gift":14,"Coffee Dripper":15,"Toy Ornithopter":5,"Ring of the Snake":0},{"Astrolabe":50,"CeramicFish":74,"Mango":153,"Frozen Egg 2":28,"Ancient Tea Set":137,"Mercury Hourglass":90,"Centennial Puzzle":65,"Bird Faced Urn":33,"Orrery":28,"Molten Egg 2":17,"MealTicket":146,"Nloth\u0027s Gift":90,"Coffee Dripper":100,"Toy Ornithopter":28,"Ring of the Snake":0}],"Toy Ornithopter":39,"Ring of the Snake":[50],"Mercury Hourglass":[390]},"card_choices":[{"not_picked":["Slice","Bane"],"picked":"Backflip","floor":1.0},{"not_picked":["Doppelganger","Backflip"],"picked":"Underhanded Strike","floor":2.0},{"not_picked":["Expertise","Cloak And Dagger"],"picked":"Dagger Throw","floor":3.0},{"not_picked":["Quick Slash","Bane"],"picked":"Deflect","floor":5.0},{"not_picked":["Riddle With Holes+1","Cloak And Dagger","Bouncing Flask"],"picked":"SKIP","floor":10.0},{"not_picked":["Blade Dance","Quick Slash+1"],"picked":"Underhanded Strike+1","floor":11.0},{"not_picked":["PiercingWail","Outmaneuver"],"picked":"Well Laid Plans+1","floor":11.0},{"not_picked":["Dagger Spray+1","Outmaneuver"],"picked":"Underhanded Strike+1","floor":11.0},{"not_picked":["Quick Slash+1","Cloak And Dagger"],"picked":"Venomology","floor":11.0},{"not_picked":["Finisher+1","Well Laid Plans+1"],"picked":"Underhanded Strike+1","floor":12.0},{"not_picked":["Underhanded Strike+1","Blade Dance"],"picked":"Blur","floor":14.0},{"not_picked":["Wraith Form v2+1","Envenom+1"],"picked":"Adrenaline","floor":16.0},{"not_picked":["Blade Dance","Dodge and Roll"],"picked":"Acrobatics","floor":18.0},{"not_picked":["Slice+1","Underhanded Strike+1","Flying Knee+1"],"picked":"SKIP","floor":19.0},{"not_picked":["Endless Agony+1","Underhanded Strike+1"],"picked":"PiercingWail","floor":20.0},{"not_picked":["Predator+1","Expertise+1","Poisoned Stab+1"],"picked":"SKIP","floor":25.0},{"not_picked":["Crippling Poison","Dagger Spray+1"],"picked":"Calculated Gamble","floor":27.0},{"not_picked":["Terror","Distraction","Dash+1"],"picked":"SKIP","floor":28.0},{"not_picked":["Distraction","Dash+1"],"picked":"Terror","floor":28.0},{"not_picked":["Poisoned Stab","Grand Finale"],"picked":"Bouncing Flask+1","floor":35.0},{"not_picked":["Cloak And Dagger","Eviscerate"],"picked":"Blur","floor":36.0},{"not_picked":["Flying Knee","Masterful Stab","Dagger Throw"],"picked":"SKIP","floor":38.0},{"not_picked":["Chrysalis","Deep Breath"],"picked":"Finesse","floor":39.0},{"not_picked":["Madness","Flash of Steel"],"picked":"Finesse","floor":39.0},{"not_picked":["Forethought","Blind"],"picked":"Secret Technique","floor":39.0},{"not_picked":["PiercingWail","Sucker Punch","Expertise"],"picked":"SKIP","floor":41.0},{"not_picked":["Choke+1","Deadly Poison+1","Flying Knee"],"picked":"SKIP","floor":42.0},{"not_picked":["Finisher","All Out Attack"],"picked":"Slice+1","floor":44.0},{"not_picked":["Leg Sweep","Masterful Stab"],"picked":"Night Terror","floor":46.0},{"not_picked":["Backstab","Underhanded Strike+1","Storm of Steel"],"picked":"SKIP","floor":48.0}],"player_experience":476966,"relics_obtained":[{"floor":9.0,"key":"Molten Egg 2"},{"floor":10.0,"key":"Toy Ornithopter"},{"floor":12.0,"key":"Bird Faced Urn"},{"floor":25.0,"key":"CeramicFish"},{"floor":28.0,"key":"Mercury Hourglass"},{"floor":43.0,"key":"Ancient Tea Set"},{"floor":44.0,"key":"MealTicket"},{"floor":46.0,"key":"Mango"}],"event_choices":[{"damage_healed":0.0,"max_hp_gain":0.0,"max_hp_loss":0.0,"gold_gain":0.0,"event_name":"Shining Light","player_choice":"Entered Light","floor":4.0,"gold_loss":0.0,"damage_taken":20.0,"cards_upgraded":["Strike_G","Strike_G"]},{"cards_removed":["Strike_G"],"damage_healed":0.0,"max_hp_gain":0.0,"max_hp_loss":0.0,"gold_gain":0.0,"event_name":"Bonfire Elementals","player_choice":"Offered Basic","floor":7.0,"gold_loss":0.0,"damage_taken":0.0},{"damage_healed":0.0,"max_hp_gain":0.0,"max_hp_loss":0.0,"gold_gain":0.0,"event_name":"The Mausoleum","player_choice":"Opened","floor":21.0,"gold_loss":0.0,"damage_taken":0.0,"relics_obtained":["Centennial Puzzle"],"cards_obtained":["Writhe"]},{"damage_healed":0.0,"max_hp_gain":0.0,"max_hp_loss":0.0,"gold_gain":0.0,"event_name":"Upgrade Shrine","player_choice":"Upgraded","floor":24.0,"gold_loss":0.0,"damage_taken":0.0,"cards_upgraded":["Neutralize"]},{"damage_healed":0.0,"max_hp_gain":0.0,"max_hp_loss":0.0,"gold_gain":0.0,"event_name":"The Library","player_choice":"Read","floor":29.0,"gold_loss":0.0,"damage_taken":0.0,"cards_obtained":["Tactician"]},{"damage_healed":0.0,"max_hp_gain":0.0,"max_hp_loss":0.0,"gold_gain":0.0,"event_name":"N\u0027loth","player_choice":"Traded Relic","floor":31.0,"relics_lost":["Molten Egg 2"],"gold_loss":0.0,"damage_taken":0.0,"relics_obtained":["Nloth\u0027s Gift"]},{"damage_healed":0.0,"max_hp_gain":0.0,"max_hp_loss":0.0,"gold_gain":0.0,"cards_transformed":["Strike_G"],"event_name":"Transmorgrifier","player_choice":"Transformed","floor":37.0,"gold_loss":0.0,"damage_taken":0.0,"cards_obtained":["Phantasmal Killer"]},{"damage_healed":0.0,"max_hp_gain":0.0,"max_hp_loss":0.0,"gold_gain":0.0,"event_name":"SensoryStone","player_choice":"Memory 3","floor":39.0,"gold_loss":0.0,"damage_taken":10.0},{"damage_healed":0.0,"max_hp_gain":0.0,"max_hp_loss":0.0,"gold_gain":0.0,"cards_transformed":["Unload"],"event_name":"Transmorgrifier","player_choice":"Transformed","floor":47.0,"gold_loss":0.0,"damage_taken":0.0,"cards_obtained":["Tactician"]}],"is_beta":false,"boss_relics":[{"not_picked":["SacredBark","Calling Bell"],"picked":"Astrolabe"},{"not_picked":["Tiny House","Runic Dome"],"picked":"Coffee Dripper"}],"items_purged_floors":[22],"is_endless":false,"potions_floor_spawned":[2,5,18,27,28,33,35,36,42,46],"killed_by":"Time Eater","ascension_level":20}}