{"host":"Jinnai","time":1611627911,"event":{"mods":["BaseMod","Bestiary","Block Reminder","Colored Map","Colored Powertips","Highlight Path","Minty Spire (QoL Compilation)","Quick Restart","Relic Stats","StSLib"],"gold_per_floor":[14,31,31,106,124,124,49,49,49,72,72,88,88,108,108,108,108],"floor_reached":16,"language":"ENG","playtime":2381,"items_purged":["Strike_G"],"score":179,"play_id":"df5f9b78-4b41-46df-9f9f-c605a6d4eded","local_time":"20210125212511","is_ascension_mode":true,"campfire_choices":[{"data":"Envenom","floor":6,"key":"SMITH"},{"floor":11,"key":"REST"},{"data":"Poisoned Stab","floor":15,"key":"SMITH"}],"circlet_count":0,"master_deck":["AscendersBane","Strike_G","Strike_G","Strike_G","Strike_G","Defend_G","Defend_G","Defend_G","Defend_G","Defend_G","Survivor","Neutralize","Envenom+1","Poisoned Stab+1","Quick Slash","Bane","Catalyst","Bane","Terror"],"relics":["Ring of the Snake","Golden Idol","Question Card"],"acts_visited":["Exordium"],"potions_floor_usage":[16],"damage_taken":[{"damage":11,"enemies":"Cultist","floor":1,"turns":4},{"damage":8,"enemies":"Jaw Worm","floor":2,"turns":4},{"damage":6,"enemies":"2 Louse","floor":5,"turns":3},{"damage":22,"enemies":"Exordium Thugs","floor":10,"turns":5},{"damage":4,"enemies":"Blue Slaver","floor":12,"turns":4},{"damage":7,"enemies":"3 Louse","floor":14,"turns":5},{"damage":8,"enemies":"Hexaghost","floor":16,"turns":8}],"seed_played":"8014544240739203640","potions_obtained":[{"floor":1,"key":"Dexterity Potion"},{"floor":10,"key":"Swift Potion"}],"is_trial":false,"path_per_floor":["M","M","?","?","M","R","$","?","T","M","R","M","?","M","R","B"],"character_chosen":"THE_SILENT","items_purchased":[],"campfire_rested":1,"item_purchase_floors":[],"current_hp_per_floor":[48,40,40,29,23,23,23,23,23,1,19,15,15,8,8,0,0],"gold":108,"neow_bonus":"THREE_RARE_CARDS","is_daily":false,"chose_seed":false,"campfire_upgraded":2,"win_rate":0.0,"timestamp":1611627911,"path_taken":["M","M","?","?","M","R","$","?","T","?","R","M","?","M","R","BOSS"],"items_purchased_type":[],"build_version":"2020-12-18","purchased_purges":1,"victory":false,"max_hp_per_floor":[66,66,60,60,60,60,60,60,60,60,60,60,60,60,60,60,60],"relic_stats":{"counters":[7,33],"Golden Idol":16,"Question Card":3,"obtain_stats":[{"Golden Idol":3,"Question Card":9,"Ring of the Snake":0},{"Golden Idol":2,"Question Card":3,"Ring of the Snake":0},{"Golden Idol":8,"Question Card":11,"Ring of the Snake":0}],"Ring of the Snake":[14]},"card_choices":[{"not_picked":["Night Terror","Doppelganger"],"picked":"Envenom","floor":0},{"not_picked":["Deadly Poison","Backflip"],"picked":"Poisoned Stab","floor":1},{"not_picked":["Cloak And Dagger","PiercingWail"],"picked":"Quick Slash","floor":2},{"not_picked":["Dagger Throw","Quick Slash"],"picked":"Bane","floor":5},{"not_picked":["Cloak And Dagger","Bullet Time","Quick Slash"],"picked":"Catalyst","floor":10},{"not_picked":["Slice","Flying Knee","Escape Plan"],"picked":"Bane","floor":12},{"not_picked":["Slice","Riddle With Holes","Infinite Blades"],"picked":"Terror","floor":14}],"player_experience":1564644,"relics_obtained":[{"floor":9,"key":"Question Card"}],"event_choices":[{"damage_healed":0,"gold_gain":0,"player_choice":"Lose Max HP","damage_taken":0,"relics_obtained":["Golden Idol"],"max_hp_gain":0,"max_hp_loss":6,"event_name":"Golden Idol","floor":3,"gold_loss":0},{"damage_healed":0,"gold_gain":75,"player_choice":"Gather Gold","damage_taken":11,"max_hp_gain":0,"max_hp_loss":0,"event_name":"World of Goop","floor":4,"gold_loss":0},{"damage_healed":0,"gold_gain":0,"player_choice":"Fled","damage_taken":0,"max_hp_gain":0,"max_hp_loss":0,"event_name":"Scrap Ooze","floor":8,"gold_loss":0},{"damage_healed":0,"gold_gain":0,"player_choice":"Ignored","damage_taken":0,"max_hp_gain":0,"max_hp_loss":0,"event_name":"Shining Light","floor":13,"gold_loss":0}],"is_beta":true,"boss_relics":[],"items_purged_floors":[7],"is_endless":false,"potions_floor_spawned":[1,10],"killed_by":"Hexaghost","ascension_level":19}}