{"host":"q206iib20se9i6w7","time":1611703687,"event":{"mods":["AchievementEnabler","BaseMod","Bestiary","Block Reminder","Colored Map","Colored Powertips","Curses Come First","Highlight Path","Key Reminder","Minty Spire (QoL Compilation)","Quick Restart","Random Character Button","Relic Stats","StSLib","SuperFastMode","Unceasing Turn Reminder"],"gold_per_floor":[115,290,290,179,179,213,213,232,257,273,273,288,319,331,331,431,431,444,444,444,444,220,246,260,260,260,260,360,24,24,37,37,139,139,150,205,205,236,298,310,322,360,372,0,36,48,92,115,127,139],"floor_reached":51,"language":"ENG","playtime":3125,"items_purged":["Strike_B"],"score":1136,"play_id":"7a1defbe-e285-4865-a01f-b829ba9b45be","local_time":"20210126172807","is_ascension_mode":true,"campfire_choices":[{"data":"Zap","floor":7,"key":"SMITH"},{"data":"Reinforced Body","floor":11,"key":"SMITH"},{"data":"Go for the Eyes","floor":15,"key":"SMITH"},{"floor":25,"key":"REST"},{"data":"Biased Cognition","floor":27,"key":"SMITH"},{"floor":30,"key":"REST"},{"data":"Steam Power","floor":32,"key":"SMITH"},{"data":"Creative AI","floor":40,"key":"SMITH"},{"data":"Coolheaded","floor":41,"key":"SMITH"},{"data":"Coolheaded","floor":46,"key":"SMITH"},{"floor":49,"key":"REST"}],"circlet_count":0,"master_deck":["Strike_B","Strike_B+1","Strike_B+1","Defend_B","Defend_B+1","Defend_B","Defend_B","Zap+1","Dualcast","Reinforced Body+1","Rip and Tear+1","Compile Driver","Coolheaded","Conserve Battery","Core Surge","Go for the Eyes+1","Coolheaded+1","Biased Cognition+1","CurseOfTheBell","Steam Power+1","Storm","Aggregate","Hyperbeam","Skim","Biased Cognition+1","Defragment","Steam","Creative AI+1","Heatsinks+1","Coolheaded+1","Capacitor+1"],"relics":["Cracked Core","NeowsBlessing","Oddly Smooth Stone","Tiny Chest","Regal Pillow","Calling Bell","Ginger","Ornamental Fan","Juzu Bracelet","Singing Bowl","OrangePellets","Whetstone","Ancient Tea Set","WingedGreaves","HornCleat","DollysMirror","Nuclear Battery","Turnip","MawBank","Thread and Needle","Akabeko","Gambling Chip","Red Mask","Boot","Kunai"],"acts_visited":["Exordium","TheCity","TheBeyond"],"potions_floor_usage":[23,28,28,33,33,33,36,50],"damage_taken":[{"damage":0,"enemies":"Jaw Worm","floor":1,"turns":1},{"damage":0,"enemies":"Gremlin Nob","floor":6,"turns":1},{"damage":0,"enemies":"2 Louse","floor":8,"turns":1},{"damage":6,"enemies":"Small Slimes","floor":10,"turns":4},{"damage":0,"enemies":"Blue Slaver","floor":12,"turns":4},{"damage":9,"enemies":"Lagavulin","floor":13,"turns":6},{"damage":17,"enemies":"Gremlin Gang","floor":14,"turns":3},{"damage":16,"enemies":"Hexaghost","floor":16,"turns":16},{"damage":0,"enemies":"Spheric Guardian","floor":18,"turns":3},{"damage":20,"enemies":"Slavers","floor":23,"turns":7},{"damage":14,"enemies":"3 Byrds","floor":24,"turns":4},{"damage":4,"enemies":"Colosseum Slavers","floor":28,"turns":3},{"damage":6,"enemies":"Colosseum Nobs","floor":28,"turns":3},{"damage":0,"enemies":"Centurion and Healer","floor":31,"turns":8},{"damage":55,"enemies":"Automaton","floor":33,"turns":16},{"damage":0,"enemies":"Orb Walker","floor":35,"turns":3},{"damage":37,"enemies":"2 Orb Walkers","floor":36,"turns":5},{"damage":0,"enemies":"3 Shapes","floor":38,"turns":5},{"damage":4,"enemies":"Mind Bloom Boss Battle","floor":39,"turns":7},{"damage":3,"enemies":"Giant Head","floor":47,"turns":6},{"damage":12,"enemies":"Transient","floor":48,"turns":5},{"damage":0,"enemies":"Donu and Deca","floor":50,"turns":6}],"seed_played":"-2048727397312126718","potions_obtained":[{"floor":8,"key":"PowerPotion"},{"floor":13,"key":"Ancient Potion"},{"floor":14,"key":"Dexterity Potion"},{"floor":16,"key":"Fire Potion"},{"floor":24,"key":"LiquidMemories"},{"floor":33,"key":"Swift Potion"},{"floor":36,"key":"ColorlessPotion"},{"floor":39,"key":"Energy Potion"}],"is_trial":false,"path_per_floor":["M","?","?","$","?","E","R","M","T","M","R","M","E","M","R","B",null,"M","?","?","T","$","E","M","R","T","R","?","$","R","M","R","B",null,"M","?","T","M","?","R","R","T","T","?","T","R","E","M","R","B",null],"character_chosen":"DEFECT","items_purchased":["Rip and Tear","OrangePellets","Storm","DollysMirror","Defragment","Steam","EntropicBrew"],"campfire_rested":3,"item_purchase_floors":[4,22,22,29,29,29,29],"current_hp_per_floor":[68,68,68,68,53,53,53,53,53,47,47,47,38,21,21,5,58,58,58,44,44,44,24,10,49,49,49,39,39,78,80,80,25,68,68,47,47,47,45,45,45,45,45,45,45,45,44,32,73,73],"gold":151,"neow_bonus":"THREE_ENEMY_KILL","is_daily":false,"chose_seed":false,"campfire_upgraded":8,"win_rate":0.0,"timestamp":1611703687,"path_taken":["M","?","?","$","?","E","R","M","T","M","R","?","E","M","R","BOSS","M","?","?","?","?","E","M","R","T","R","?","$","R","M","R","BOSS","M","?","?","M","?","R","R","?","T","?","?","R","E","M","R","BOSS"],"items_purchased_type":["Card","Relic","Card","Relic","Card","Card","Potion"],"build_version":"2020-12-22","purchased_purges":1,"victory":true,"max_hp_per_floor":[75,75,75,75,75,75,75,75,75,75,75,75,75,75,75,75,75,75,75,80,80,80,80,80,80,80,80,80,80,80,82,82,82,82,82,84,84,84,86,86,86,86,86,86,86,86,88,88,88,88],"relic_stats":{"Regal Pillow":45,"Singing Bowl":8,"counters":[22,117],"Juzu Bracelet":2,"Ginger":[5],"Whetstone":["Strike_B","Rip and Tear"],"MawBank":168,"Boot":[4],"OrangePellets":[18],"Ornamental Fan":[32],"Gambling Chip":[8],"Tiny Chest":3,"Turnip":[0],"Kunai":[1],"obtain_stats":[{"Regal Pillow":13,"Singing Bowl":21,"Juzu Bracelet":17,"Ginger":17,"Whetstone":23,"Ancient Tea Set":26,"Boot":45,"HornCleat":28,"DollysMirror":29,"Gambling Chip":43,"Tiny Chest":9,"WingedGreaves":28,"Red Mask":44,"Kunai":47,"Cracked Core":0,"NeowsBlessing":0,"Oddly Smooth Stone":6,"Thread and Needle":39,"MawBank":37,"Akabeko":42,"Nuclear Battery":34,"Calling Bell":17,"OrangePellets":22,"Ornamental Fan":17,"Turnip":36},{"Regal Pillow":6,"Singing Bowl":9,"Juzu Bracelet":8,"Ginger":8,"Whetstone":10,"Ancient Tea Set":11,"Boot":19,"HornCleat":13,"DollysMirror":13,"Gambling Chip":19,"Tiny Chest":3,"WingedGreaves":13,"Red Mask":19,"Kunai":20,"Cracked Core":0,"NeowsBlessing":0,"Oddly Smooth Stone":2,"Thread and Needle":19,"MawBank":17,"Akabeko":19,"Nuclear Battery":15,"Calling Bell":8,"OrangePellets":9,"Ornamental Fan":8,"Turnip":17},{"Regal Pillow":17,"Singing Bowl":39,"Juzu Bracelet":36,"Ginger":36,"Whetstone":46,"Ancient Tea Set":50,"Boot":100,"HornCleat":56,"DollysMirror":56,"Gambling Chip":100,"Tiny Chest":3,"WingedGreaves":56,"Red Mask":100,"Kunai":106,"Cracked Core":0,"NeowsBlessing":0,"Oddly Smooth Stone":2,"Thread and Needle":100,"MawBank":88,"Akabeko":100,"Nuclear Battery":80,"Calling Bell":36,"OrangePellets":39,"Ornamental Fan":36,"Turnip":88}]},"card_choices":[{"not_picked":["Go for the Eyes","Coolheaded"],"picked":"Reinforced Body","floor":1},{"not_picked":["Undo","Double Energy"],"picked":"Compile Driver","floor":6},{"not_picked":["Steam","Streamline"],"picked":"Coolheaded","floor":8},{"not_picked":["Leap","Compile Driver"],"picked":"Conserve Battery","floor":10},{"not_picked":["Streamline","Undo"],"picked":"Core Surge","floor":12},{"not_picked":["Redo","Aggregate"],"picked":"Go for the Eyes","floor":13},{"not_picked":["Compile Driver","Rebound"],"picked":"Coolheaded","floor":14},{"not_picked":["Electrodynamics","Multi-Cast"],"picked":"Biased Cognition","floor":16},{"not_picked":["Turbo+1","Redo"],"picked":"Steam Power","floor":18},{"not_picked":["Rip and Tear+1","Steam"],"picked":"Aggregate","floor":23},{"not_picked":["Steam+1","Leap"],"picked":"Hyperbeam","floor":24},{"not_picked":["Auto Shields+1","Coolheaded"],"picked":"Skim","floor":28},{"not_picked":["Compile Driver","Leap","Skim"],"picked":"Singing Bowl","floor":31},{"not_picked":["Biased Cognition","Echo Form"],"picked":"Creative AI","floor":33},{"not_picked":["Turbo+1","Hello World"],"picked":"Heatsinks+1","floor":35},{"not_picked":["Sweeping Beam+1","Streamline+1","Stack"],"picked":"Singing Bowl","floor":36},{"not_picked":["Redo+1","Beam Cell"],"picked":"Coolheaded","floor":38},{"not_picked":["Beam Cell","Rebound+1","Multi-Cast"],"picked":"Singing Bowl","floor":39},{"not_picked":["Barrage+1","Conserve Battery","Go for the Eyes+1"],"picked":"Singing Bowl","floor":47},{"not_picked":["Sweeping Beam","Barrage"],"picked":"Capacitor+1","floor":48}],"player_experience":281891,"relics_obtained":[{"floor":6,"key":"Oddly Smooth Stone"},{"floor":9,"key":"Tiny Chest"},{"floor":13,"key":"Regal Pillow"},{"floor":17,"key":"Ginger"},{"floor":17,"key":"Ornamental Fan"},{"floor":17,"key":"Juzu Bracelet"},{"floor":21,"key":"Singing Bowl"},{"floor":23,"key":"Whetstone"},{"floor":26,"key":"Ancient Tea Set"},{"floor":28,"key":"WingedGreaves"},{"floor":28,"key":"HornCleat"},{"floor":36,"key":"Turnip"},{"floor":37,"key":"MawBank"},{"floor":39,"key":"Thread and Needle"},{"floor":42,"key":"Akabeko"},{"floor":43,"key":"Gambling Chip"},{"floor":45,"key":"Boot"},{"floor":47,"key":"Kunai"}],"event_choices":[{"damage_healed":0,"gold_gain":175,"player_choice":"AGREE","damage_taken":0,"max_hp_gain":0,"max_hp_loss":0,"event_name":"Liars Game","floor":2,"gold_loss":0,"cards_obtained":["Doubt"]},{"cards_removed":["Doubt"],"damage_healed":0,"gold_gain":0,"player_choice":"Forget","damage_taken":0,"max_hp_gain":0,"max_hp_loss":0,"event_name":"Living Wall","floor":3,"gold_loss":0},{"damage_healed":0,"gold_gain":0,"player_choice":"Entered Light","damage_taken":15,"max_hp_gain":0,"max_hp_loss":0,"event_name":"Shining Light","floor":5,"gold_loss":0,"cards_upgraded":["Defend_B","Strike_B"]},{"damage_healed":0,"gold_gain":0,"player_choice":"Ignored","damage_taken":0,"max_hp_gain":0,"max_hp_loss":0,"event_name":"Vampires","floor":19,"gold_loss":0},{"damage_healed":0,"gold_gain":0,"player_choice":"Shed Blood","damage_taken":19,"max_hp_gain":5,"max_hp_loss":0,"event_name":"Forgotten Altar","floor":20,"gold_loss":0},{"damage_healed":0,"gold_gain":0,"player_choice":"Fight","damage_taken":0,"max_hp_gain":0,"max_hp_loss":0,"event_name":"Colosseum","floor":28,"gold_loss":0},{"damage_healed":0,"gold_gain":0,"player_choice":"Fought Nobs","damage_taken":0,"max_hp_gain":0,"max_hp_loss":0,"event_name":"Colosseum","floor":28,"gold_loss":0},{"damage_healed":0,"gold_gain":0,"player_choice":"Fight","damage_taken":0,"max_hp_gain":0,"max_hp_loss":0,"event_name":"Mysterious Sphere","floor":36,"gold_loss":0},{"damage_healed":0,"gold_gain":0,"player_choice":"Fight","damage_taken":0,"max_hp_gain":0,"max_hp_loss":0,"event_name":"MindBloom","floor":39,"gold_loss":0},{"damage_healed":0,"gold_gain":0,"player_choice":"Paid","damage_taken":0,"relics_obtained":["Red Mask"],"max_hp_gain":0,"max_hp_loss":0,"event_name":"Tomb of Lord Red Mask","floor":44,"gold_loss":384}],"is_beta":false,"boss_relics":[{"not_picked":["Velvet Choker","Tiny House"],"picked":"Calling Bell"},{"not_picked":["Fusion Hammer","Cursed Key"],"picked":"Nuclear Battery"}],"items_purged_floors":[4],"is_endless":false,"potions_floor_spawned":[8,13,14,16,24,33,36,39,47],"ascension_level":8}}