{"host":"6p0attdrtjqaih7v","time":1611701557,"event":{"mods":["2.2 Compatiblity","AchievementEnabler","Bard","BaseMod","Better Skull","Better Third Choice","Colored Powertips","Hermit","Highlight Path","Jorbs\u0027s Wanderer Trilogy","Key Reminder","Minty Spire (QoL Compilation)","Permanent Neow","Quick Restart","Random Character Button","Relic Stats","Replay The Spire","Robot Space Explorer","StSLib"],"gold_per_floor":[113,125,140,140,157,157,186,203,228,228,247,277,277,296,296,374,374,394,406,421,139,139,139,169,169,169,169,94,121,137,37,37,129,129,159,224,224,263,281,310,310,11,11,37,70,85,85,0,0,0],"floor_reached":51,"language":"ENG","playtime":2268,"items_purged":["RobotSpaceExplorer:MiniLasers","RobotSpaceExplorer:ScrapMissile"],"score":1477,"play_id":"2f9cb0ed-6d8a-47fb-82a9-d492e742c148","local_time":"20210126175237","is_ascension_mode":true,"campfire_choices":[{"data":"RobotSpaceExplorer:DroneSwarm","floor":6,"key":"SMITH"},{"data":"RobotSpaceExplorer:Blitz","floor":10,"key":"SMITH"},{"data":"RobotSpaceExplorer:Electropulse","floor":13,"key":"SMITH"},{"data":"RobotSpaceExplorer:Discharger","floor":15,"key":"SMITH"},{"data":"RobotSpaceExplorer:HighVoltage","floor":23,"key":"SMITH"},{"data":"RobotSpaceExplorer:DoubleBlock","floor":25,"key":"SMITH"},{"data":"RobotSpaceExplorer:PlasmaMissile","floor":32,"key":"SMITH"},{"data":"Blind","floor":41,"key":"SMITH"},{"data":"RobotSpaceExplorer:PlasmaMissile","floor":49,"key":"SMITH"}],"circlet_count":0,"master_deck":["AscendersBane","RobotSpaceExplorer:Strike","RobotSpaceExplorer:Defend","RobotSpaceExplorer:Defend","RobotSpaceExplorer:Defend","RobotSpaceExplorer:Defend","RobotSpaceExplorer:Scan","RobotSpaceExplorer:Blitz+1","RobotSpaceExplorer:MetalStrike","RobotSpaceExplorer:DroneSwarm+1","RobotSpaceExplorer:Electropulse+1","RobotSpaceExplorer:Discharger+1","RobotSpaceExplorer:SurgingShield","RobotSpaceExplorer:Electroshield","RobotSpaceExplorer:HighVoltage+1","RobotSpaceExplorer:DoubleBlock+1","HandOfGreed","RobotSpaceExplorer:PlasmaMissile+1","RobotSpaceExplorer:Fix+1","RobotSpaceExplorer:DroneSwarm","RobotSpaceExplorer:SurgingShield","Master of Strategy","Blind+1","RobotSpaceExplorer:ShockKick+1","RobotSpaceExplorer:ShovelStrike","RobotSpaceExplorer:PlasmaMissile+1"],"relics":["Velvet Choker","Gambling Chip","Bronze Scales","Pen Nib","Cursed Key","Nunchaku","Durian","Centennial Puzzle","Sozu","Replay:Multitool","Torii","Kunai","Red Mask"],"acts_visited":["Exordium","TheCity","TheBeyond"],"potions_floor_usage":[12,16,24,29,36],"damage_taken":[{"damage":0,"enemies":"Cultist","floor":1,"turns":4},{"damage":2,"enemies":"Jaw Worm","floor":2,"turns":4},{"damage":7,"enemies":"2 Louse","floor":3,"turns":2},{"damage":8,"enemies":"Large Slime","floor":5,"turns":5},{"damage":3,"enemies":"Replay:BlueRogue","floor":7,"turns":7},{"damage":0,"enemies":"Blue Slaver","floor":8,"turns":3},{"damage":0,"enemies":"2 Fungi Beasts","floor":11,"turns":2},{"damage":4,"enemies":"Gremlin Nob","floor":12,"turns":5},{"damage":0,"enemies":"Large Slime","floor":14,"turns":4},{"damage":18,"enemies":"Slime Boss","floor":16,"turns":6},{"damage":0,"enemies":"Chosen","floor":18,"turns":4},{"damage":0,"enemies":"2 Thieves","floor":19,"turns":3},{"damage":0,"enemies":"3 Cultists","floor":20,"turns":3},{"damage":8,"enemies":"Gremlin Leader","floor":24,"turns":5},{"damage":17,"enemies":"Slavers","floor":29,"turns":2},{"damage":0,"enemies":"Snecko","floor":30,"turns":3},{"damage":12,"enemies":"Collector","floor":33,"turns":7},{"damage":0,"enemies":"3 Shapes","floor":35,"turns":3},{"damage":0,"enemies":"2 Orb Walkers","floor":36,"turns":4},{"damage":0,"enemies":"Orb Walker","floor":38,"turns":3},{"damage":10,"enemies":"Sphere and 2 Shapes","floor":39,"turns":3},{"damage":0,"enemies":"Giant Head","floor":40,"turns":8},{"damage":5,"enemies":"R_Hoarder","floor":44,"turns":8},{"damage":11,"enemies":"4 Shapes","floor":45,"turns":3},{"damage":0,"enemies":"Spire Growth","floor":46,"turns":5},{"damage":7,"enemies":"Awakened One","floor":50,"turns":12}],"seed_played":"8842997797483457208","potions_obtained":[{"floor":1,"key":"Energy Potion"},{"floor":2,"key":"CultistPotion"},{"floor":4,"key":"Block Potion"},{"floor":14,"key":"RobotSpaceExplorer:RecyclePotion"},{"floor":16,"key":"Reflective Coating"},{"floor":18,"key":"Explosive Potion"},{"floor":33,"key":"LiquidMemories"}],"is_trial":false,"path_per_floor":["M","M","M","?","M","R","E","M","T","R","M","E","R","M","R","B",null,"M","M","M","$","?","R","E","R","T","?","?","E","M","$","R","B",null,"M","?","?","M","M","E","R","$","T","E","M","M","T","?","R","B",null],"character_chosen":"RobotSpaceExplorer","items_purchased":["HandOfGreed","Kunai","RobotSpaceExplorer:ShovelStrike"],"campfire_rested":0,"item_purchase_floors":[21,42,42],"current_hp_per_floor":[64,62,55,55,47,47,44,44,44,44,44,40,40,40,40,22,59,59,59,59,59,59,59,51,51,56,56,56,39,45,45,45,39,67,73,76,66,66,62,68,68,68,68,69,58,64,64,64,64,63],"gold":0,"neow_bonus":"BOSS_RELIC","is_daily":false,"chose_seed":false,"campfire_upgraded":9,"win_rate":0.0,"timestamp":1611701557,"path_taken":["M","M","?","?","M","R","E","M","T","R","?","E","R","M","R","BOSS","M","M","M","$","?","R","E","R","T","?","?","E","M","$","R","BOSS","M","?","?","M","M","E","R","$","T","E","M","M","?","?","R","BOSS"],"items_purchased_type":["Card","Relic","Card"],"build_version":"2020-12-22","purchased_purges":2,"victory":true,"max_hp_per_floor":[71,71,71,71,71,71,71,71,71,71,71,71,71,71,71,71,71,71,71,71,71,71,71,71,71,76,76,76,76,76,76,76,76,76,76,76,76,76,76,76,76,76,76,76,76,76,76,76,76,76],"relic_stats":{"Sozu":3,"Nunchaku":[8],"Centennial Puzzle":[15],"Torii":0,"counters":[26,118],"Gambling Chip":[28],"Bronze Scales":[231],"Pen Nib":[11],"Kunai":[4],"Cursed Key":1,"obtain_stats":[{"Torii":40,"Velvet Choker":0,"RobotSpaceExplorer:RoboCore":0,"Pen Nib":12,"Replay:Multitool":36,"Cursed Key":17,"Sozu":34,"Nunchaku":24,"Centennial Puzzle":29,"Gambling Chip":7,"Bronze Scales":9,"Durian":26,"Red Mask":48,"Kunai":42},{"Torii":22,"Velvet Choker":0,"RobotSpaceExplorer:RoboCore":0,"Pen Nib":8,"Replay:Multitool":19,"Cursed Key":10,"Sozu":17,"Nunchaku":14,"Centennial Puzzle":15,"Gambling Chip":5,"Bronze Scales":6,"Durian":14,"Red Mask":25,"Kunai":22},{"Torii":90,"Velvet Choker":0,"RobotSpaceExplorer:RoboCore":0,"Pen Nib":32,"Replay:Multitool":76,"Cursed Key":42,"Sozu":69,"Nunchaku":57,"Centennial Puzzle":59,"Gambling Chip":22,"Bronze Scales":25,"Durian":57,"Red Mask":106,"Kunai":90}]},"card_choices":[{"not_picked":["RobotSpaceExplorer:Ammunition","RobotSpaceExplorer:GlueShot"],"picked":"RobotSpaceExplorer:Blitz","floor":1},{"not_picked":["RobotSpaceExplorer:SlimeMissile","RobotSpaceExplorer:StunGrenade"],"picked":"RobotSpaceExplorer:MetalStrike","floor":2},{"not_picked":["RobotSpaceExplorer:StunGrenade","RobotSpaceExplorer:DoubleFind"],"picked":"RobotSpaceExplorer:DroneSwarm","floor":3},{"not_picked":["RobotSpaceExplorer:SurgingStrike","RobotSpaceExplorer:ShockKick"],"picked":"RobotSpaceExplorer:Electropulse","floor":5},{"not_picked":["RobotSpaceExplorer:PlasmaMissile","RobotSpaceExplorer:MiniBoosters"],"picked":"RobotSpaceExplorer:Discharger","floor":7},{"not_picked":["RobotSpaceExplorer:Ammunition","RobotSpaceExplorer:ShockKick","RobotSpaceExplorer:MakeshiftVolley"],"picked":"SKIP","floor":8},{"not_picked":["RobotSpaceExplorer:FrostMissile","RobotSpaceExplorer:GlueShot"],"picked":"RobotSpaceExplorer:SurgingShield","floor":11},{"not_picked":["RobotSpaceExplorer:Accelerator","RobotSpaceExplorer:SurgingShield"],"picked":"RobotSpaceExplorer:Electroshield","floor":12},{"not_picked":["RobotSpaceExplorer:FrostMissile","RobotSpaceExplorer:DoubleFind","RobotSpaceExplorer:FranticSearch"],"picked":"SKIP","floor":14},{"not_picked":["RobotSpaceExplorer:Exploration","RobotSpaceExplorer:Wormhole"],"picked":"RobotSpaceExplorer:HighVoltage","floor":16},{"not_picked":["RobotSpaceExplorer:LaserBurst","RobotSpaceExplorer:Jetpack","RobotSpaceExplorer:MakeshiftVolley"],"picked":"SKIP","floor":18},{"not_picked":["RobotSpaceExplorer:MakeshiftVolley","RobotSpaceExplorer:ShockKick","RobotSpaceExplorer:FreezeRay+1"],"picked":"SKIP","floor":19},{"not_picked":["RobotSpaceExplorer:SwiftStep","RobotSpaceExplorer:MiniDrones"],"picked":"RobotSpaceExplorer:DoubleBlock","floor":20},{"not_picked":["RobotSpaceExplorer:StunGrenade","RobotSpaceExplorer:GlueShot"],"picked":"RobotSpaceExplorer:Fix+1","floor":24},{"not_picked":["RobotSpaceExplorer:MetalStrike","RobotSpaceExplorer:Probe","RobotSpaceExplorer:SlimeMissile"],"picked":"SKIP","floor":29},{"not_picked":["RobotSpaceExplorer:Ammunition+1","RobotSpaceExplorer:MiniDrones","RobotSpaceExplorer:FranticSearch"],"picked":"SKIP","floor":30},{"not_picked":["RobotSpaceExplorer:Exploration","RobotSpaceExplorer:HighVoltage"],"picked":"RobotSpaceExplorer:DroneSwarm","floor":33},{"not_picked":["RobotSpaceExplorer:SlimeMissile","RobotSpaceExplorer:MakeshiftVolley+1","RobotSpaceExplorer:Probe+1"],"picked":"SKIP","floor":35},{"not_picked":["RobotSpaceExplorer:MiniDrones+1","RobotSpaceExplorer:ShovelStrike"],"picked":"RobotSpaceExplorer:SurgingShield","floor":36},{"not_picked":["Panacea","Swift Strike"],"picked":"Master of Strategy","floor":37},{"not_picked":["Panacea","Secret Technique"],"picked":"Blind","floor":37},{"not_picked":["RobotSpaceExplorer:MetalStrike+1","RobotSpaceExplorer:Ammunition","RobotSpaceExplorer:FranticSearch"],"picked":"SKIP","floor":38},{"not_picked":["RobotSpaceExplorer:SurgingShield","RobotSpaceExplorer:FranticSearch"],"picked":"RobotSpaceExplorer:ShockKick+1","floor":39},{"not_picked":["RobotSpaceExplorer:Pulsar","RobotSpaceExplorer:ScrapMissile","RobotSpaceExplorer:Counterblock"],"picked":"SKIP","floor":40},{"not_picked":["RobotSpaceExplorer:Reload","RobotSpaceExplorer:Counterblock","RobotSpaceExplorer:LuckyStrike"],"picked":"SKIP","floor":44},{"not_picked":["RobotSpaceExplorer:GearShield","RobotSpaceExplorer:GlueSpray+1"],"picked":"RobotSpaceExplorer:PlasmaMissile","floor":45},{"not_picked":["RobotSpaceExplorer:RigExplosive","RobotSpaceExplorer:ImprovisedAttack","RobotSpaceExplorer:Multitool"],"picked":"SKIP","floor":46}],"player_experience":959482,"relics_obtained":[{"floor":7,"key":"Gambling Chip"},{"floor":9,"key":"Bronze Scales"},{"floor":12,"key":"Pen Nib"},{"floor":24,"key":"Nunchaku"},{"floor":26,"key":"Durian"},{"floor":29,"key":"Centennial Puzzle"},{"floor":36,"key":"Replay:Multitool"},{"floor":40,"key":"Torii"}],"event_choices":[{"damage_healed":0,"gold_gain":0,"player_choice":"Got Potions","damage_taken":0,"max_hp_gain":0,"max_hp_loss":0,"event_name":"Lab","floor":4,"gold_loss":0},{"damage_healed":0,"gold_gain":0,"cards_transformed":["RobotSpaceExplorer:Strike","RobotSpaceExplorer:Strike"],"player_choice":"Became Test Subject","damage_taken":0,"max_hp_gain":0,"max_hp_loss":0,"event_name":"Drug Dealer","floor":22,"gold_loss":0,"cards_obtained":["RobotSpaceExplorer:PlasmaMissile","RobotSpaceExplorer:ScrapMissile"]},{"damage_healed":0,"gold_gain":0,"player_choice":"Ignored","damage_taken":0,"max_hp_gain":0,"max_hp_loss":0,"event_name":"Ghosts","floor":27,"gold_loss":0},{"cards_removed":["ReplayTheSpireMod:Splinters"],"damage_healed":0,"gold_gain":0,"player_choice":"Gave Gold","damage_taken":0,"max_hp_gain":0,"max_hp_loss":0,"event_name":"Beggar","floor":28,"gold_loss":75},{"damage_healed":0,"gold_gain":0,"player_choice":"Fight","damage_taken":0,"max_hp_gain":0,"max_hp_loss":0,"event_name":"Mysterious Sphere","floor":36,"gold_loss":0},{"damage_healed":0,"gold_gain":0,"player_choice":"Memory 3","damage_taken":10,"max_hp_gain":0,"max_hp_loss":0,"event_name":"SensoryStone","floor":37,"gold_loss":0},{"damage_healed":0,"gold_gain":0,"player_choice":"Paid","damage_taken":0,"relics_obtained":["Red Mask"],"max_hp_gain":0,"max_hp_loss":0,"event_name":"Tomb of Lord Red Mask","floor":48,"gold_loss":85}],"is_beta":false,"boss_relics":[{"not_picked":["Tiny House","Empty Cage"],"picked":"Cursed Key"},{"not_picked":["ReplayTheSpireMod:DimensionalGlitch","RobotSpaceExplorer:SearchSpecs"],"picked":"Sozu"}],"items_purged_floors":[21,31],"is_endless":false,"potions_floor_spawned":[1,2,11,14,16,18,19,33,35,38,45],"ascension_level":19}}