{"host":"iz5gar30eciy4yf4","time":1611623817,"event":{"mods":["Act Like it!","BaseMod","Chen","Dio Mod","Gensokyo","Hallownest","Hermit","Hubris","Koishi","Marisa????????","Minty Spire (QoL Compilation)","Prisma Mod","Reimu??????","Relic Stats","Remilia??????","StSLib","The Animator"],"gold_per_floor":[111,145,161,173,187,187,216,216,243,289,289,289,322,34,34,154,154,174,54,81,81,81,115,115,133,156,156,174,186,186,219,219,219,219],"floor_reached":33,"language":"ENG","playtime":1608,"items_purged":[],"score":361,"play_id":"d46bc994-a018-4c04-b4ae-2ce988f40172","local_time":"20210125201657","is_ascension_mode":false,"campfire_choices":[{"data":"MysteriousBeam","floor":6,"key":"SMITH"},{"floor":15,"key":"REST"},{"data":"GravityBeat","floor":24,"key":"SMITH"},{"data":"AsteroidBelt","floor":27,"key":"SMITH"},{"floor":32,"key":"REST"}],"circlet_count":0,"master_deck":["CasketOfStar+1","Strike_MRS+1","Strike_MRS+1","Strike_MRS+1","Strike_MRS+1","Defend_MRS","Defend_MRS","Defend_MRS","Defend_MRS","MasterSpark+1","UpSweep","IllusionStar","MagicAbsorber","WitchOfGreed","MysteriousBeam+1","RefractionSpark+1","hubris:NaturalOne","NonDirectionalLaser","Pain","GravityBeat+1","Gensokyo:SevenSchoolMysteries","TreasureHunter+1","6A","6A+1","AsteroidBelt+1","OortCloud","EarthLightRay"],"relics":["MiniHakkero","Pen Nib","Smiling Mask","hubris:Icosahedron","Vajra","ScarletDevilRocket","Gensokyo:LunaticRedEyes","Orichalcum","Philosopher\u0027s Stone","Gensokyo:LionMask","Bronze Scales","Shuriken","Lantern","Happy Flower","FossilizedHelix","Bag of Preparation","Question Card"],"acts_visited":["Exordium","Gensokyo:Gensokyo"],"potions_floor_usage":[2,10,16,23,25,28,28],"damage_taken":[{"damage":1,"enemies":"Gensokyo:2_Kodama","floor":1,"turns":3},{"damage":4,"enemies":"Gensokyo:Mamizou","floor":2,"turns":5},{"damage":3,"enemies":"Gensokyo:Python","floor":3,"turns":3},{"damage":0,"enemies":"Gensokyo:3_Fairies","floor":4,"turns":4},{"damage":1,"enemies":"Gensokyo:Python_and_Kodama","floor":5,"turns":3},{"damage":9,"enemies":"Gensokyo:Mamizou","floor":7,"turns":7},{"damage":9,"enemies":"Gensokyo:Cirno","floor":10,"turns":5},{"damage":2,"enemies":"Gensokyo:Mamizou","floor":13,"turns":5},{"damage":15,"enemies":"Gensokyo:Kokoro","floor":16,"turns":7},{"damage":25,"enemies":"Gensokyo:AngelMirror","floor":18,"turns":3},{"damage":14,"enemies":"Gensokyo:Reisen","floor":23,"turns":5},{"damage":4,"enemies":"Gensokyo:CosmicMonolith","floor":25,"turns":2},{"damage":4,"enemies":"Gensokyo:Chomper_and_Gloop","floor":28,"turns":4},{"damage":10,"enemies":"Gensokyo:Wraith","floor":29,"turns":3},{"damage":0,"enemies":"Gensokyo:Tenshi","floor":31,"turns":2},{"damage":56,"enemies":"Gensokyo:Eternal_Rivals","floor":33,"turns":3}],"seed_played":"1295051545844901151","potions_obtained":[{"floor":1,"key":"AttackPotion"},{"floor":4,"key":"FearPotion"},{"floor":5,"key":"Explosive Potion"},{"floor":16,"key":"Explosive Potion"},{"floor":25,"key":"EntropicBrew"},{"floor":31,"key":"Explosive Potion"}],"is_trial":false,"path_per_floor":["M","?","M","M","M","R","E","?","T","E","?","?","E","COS","R","B",null,"M","?","T","?","?","E","R","M","T","R","M","M","$","E","R","B"],"character_chosen":"MARISA","items_purchased":[],"campfire_rested":2,"item_purchase_floors":[],"current_hp_per_floor":[81,77,74,74,73,73,64,64,64,55,55,31,29,29,53,38,82,57,57,57,57,62,48,48,44,44,44,40,30,30,30,56,0,0],"gold":219,"neow_bonus":"TEN_PERCENT_HP_BONUS","is_daily":false,"chose_seed":false,"campfire_upgraded":3,"win_rate":0.0,"timestamp":1611623817,"path_taken":["M","?","?","M","M","R","E","?","T","E","?","?","E","COS","R","BOSS","M","?","?","?","?","E","R","M","T","R","M","?","?","E","R","BOSS"],"items_purchased_type":[],"build_version":"2020-12-22","purchased_purges":0,"victory":false,"max_hp_per_floor":[82,82,82,82,82,82,82,82,82,82,82,82,82,82,82,82,82,82,82,82,82,87,87,87,87,87,87,87,87,87,87,87,87,87],"relic_stats":{"Happy Flower":[4],"counters":[16,64],"Shuriken":[6],"Bronze Scales":[13],"Pen Nib":[11],"Bag of Preparation":[2],"Orichalcum":[42],"Smiling Mask":0,"Question Card":0,"obtain_stats":[{"Lantern":23,"ScarletDevilRocket":10,"Happy Flower":26,"Vajra":9,"Pen Nib":2,"Bag of Preparation":31,"Orichalcum":13,"Smiling Mask":7,"Question Card":31,"Gensokyo:LunaticRedEyes":11,"hubris:Icosahedron":8,"Gensokyo:LionMask":19,"Shuriken":23,"Bronze Scales":20,"Philosopher\u0027s Stone":17,"MiniHakkero":0,"FossilizedHelix":29},{"Lantern":11,"ScarletDevilRocket":7,"Happy Flower":12,"Vajra":6,"Pen Nib":2,"Bag of Preparation":15,"Orichalcum":8,"Smiling Mask":6,"Question Card":15,"Gensokyo:LunaticRedEyes":7,"hubris:Icosahedron":6,"Gensokyo:LionMask":10,"Shuriken":11,"Bronze Scales":10,"Philosopher\u0027s Stone":9,"MiniHakkero":0,"FossilizedHelix":14},{"Lantern":50,"ScarletDevilRocket":30,"Happy Flower":52,"Vajra":25,"Pen Nib":8,"Bag of Preparation":61,"Orichalcum":35,"Smiling Mask":25,"Question Card":61,"Gensokyo:LunaticRedEyes":30,"hubris:Icosahedron":25,"Gensokyo:LionMask":45,"Shuriken":50,"Bronze Scales":45,"Philosopher\u0027s Stone":42,"MiniHakkero":0,"FossilizedHelix":58}]},"card_choices":[{"not_picked":["GasGiant","Acceleration"],"picked":"IllusionStar","floor":1},{"not_picked":["UnstableBomb","AlicesGift"],"picked":"MagicAbsorber","floor":2},{"not_picked":["Orbital","WitchLeyline"],"picked":"WitchOfGreed","floor":3},{"not_picked":["WitchLeyline","IllusionStar","EnergyRecoil"],"picked":"SKIP","floor":4},{"not_picked":["MagicChant","PowerUp"],"picked":"MysteriousBeam","floor":5},{"not_picked":["GravityBeat","LuminesStrike"],"picked":"RefractionSpark","floor":7},{"not_picked":["DarkMatter","GalacticHalo"],"picked":"NonDirectionalLaser","floor":10},{"not_picked":["PropBag","StarDustReverie"],"picked":"GravityBeat","floor":13},{"not_picked":["ManaRampage","BlazingStar"],"picked":"TreasureHunter","floor":16},{"not_picked":["MagicChant","WitchLeyline"],"picked":"6A","floor":18},{"not_picked":["GalacticHalo+1","EnergyRecoil"],"picked":"6A+1","floor":23},{"not_picked":["MagicChant","OneTimeOff"],"picked":"AsteroidBelt","floor":25},{"not_picked":["DragonMeteor+1","LuminesStrike+1","ShootingEcho"],"picked":"SKIP","floor":28},{"not_picked":["6A","AsteroidBelt"],"picked":"OortCloud","floor":29},{"not_picked":["GalacticHalo+1","LuminesStrike"],"picked":"EarthLightRay","floor":31}],"player_experience":653365,"relics_obtained":[{"floor":2,"key":"Pen Nib"},{"floor":7,"key":"Smiling Mask"},{"floor":9,"key":"Vajra"},{"floor":10,"key":"ScarletDevilRocket"},{"floor":13,"key":"Orichalcum"},{"floor":20,"key":"Bronze Scales"},{"floor":23,"key":"Shuriken"},{"floor":23,"key":"Lantern"},{"floor":26,"key":"Happy Flower"},{"floor":31,"key":"Bag of Preparation"},{"floor":31,"key":"Question Card"}],"event_choices":[],"is_beta":false,"boss_relics":[{"not_picked":["hubris:Backtick","Black Star"],"picked":"Philosopher\u0027s Stone"}],"items_purged_floors":[],"is_endless":false,"potions_floor_spawned":[1,4,5,10,16,25,31],"killed_by":"Gensokyo:Eternal_Rivals","ascension_level":0}}