{"host":"95ip98gf8c4vrv08","time":1611623331,"event":{"mods":["ATMod(??Mod)","Arknights The Spire","BaseMod","Minty Spire (QoL Compilation)","Quick Restart","Reimu??????","Relic Stats","StSLib","The Bug Knight","The Gatherer","The Senshi","??????REMEMod","????"],"gold_per_floor":[115,39,214,214,230,258,258,258,258,278,278,294,294,304,304,407,407,421,437,437,437,452,485,485,498,498,498,516,476,347,357,357,454,454,480,50,79,16,34,74,74,97,97,134,134,153,153,162,162,162,162,162,15,76,101],"floor_reached":56,"language":"ZHS","playtime":4133,"items_purged":["Writhe"],"score":1474,"play_id":"36a101e6-4671-4772-b08e-b65bbb81ebbb","local_time":"20210126090851","is_ascension_mode":false,"campfire_choices":[{"floor":8,"key":"REST"},{"floor":11,"key":"REST"},{"floor":13,"key":"REST"},{"floor":15,"key":"REST"},{"floor":27,"key":"RECALL"},{"data":"YinYangSange:ReiMu","floor":32,"key":"SMITH"},{"data":"InherentArray:ReiMu","floor":41,"key":"SMITH"},{"data":"NineCharacters:ReiMu","floor":45,"key":"SMITH"},{"data":"Free:ReiMu","floor":49,"key":"SMITH"},{"data":"DependentForm:ReiMu","floor":52,"key":"SMITH"}],"circlet_count":0,"master_deck":["Strike_Lin:ReiMu+1","Strike_Lin:ReiMu+1","Strike_Lin:ReiMu+1","Strike_Lin:ReiMu+1","Defend_Lin:ReiMu+1","Defend_Lin:ReiMu+1","Defend_Lin:ReiMu+1","Defend_Lin:ReiMu+1","NB:ReiMu+1","Stagnation:ReiMu","BlastKick2:ReiMu","WonderfulDomain:ReiMu","UniversalSpiritual:ReiMu+1","RainPray2:ReiMu","SafetyPray:ReiMu","MikOfLucky:ReiMu+1","YinYangSange:ReiMu+1","DependentForm:ReiMu+1","BlastKick2:ReiMu","Amulet:ReiMu+1","DoubleButterfly:ReiMu","Revelation:ReiMu","SafetyPray:ReiMu+1","WonderfulDomain:ReiMu","RainPray2:ReiMu","SpringWay:ReiMu+1","Free:ReiMu+1","MountainWay:ReiMu","InherentArray:ReiMu+1","Enchanting:ReiMu+1","NineCharacters:ReiMu+1","Madness","Madness","Panache","SpringWay:ReiMu","Crusade:ReiMu+1","HandOfGreed","RainPray2:ReiMu","HakureiPhantom:ReiMu"],"relics":["FlyPower:ReiMu","REME_ComplimentaryCards","AT_ATBox","Thread and Needle","AT_BellowingDragoncrestRing","RedLine:ReiMu","Bow_fan:ReiMu","HornCleat","Spirit Poop","REME_LowDesire","Lantern","CeramicFish","Frozen Eye","Eternal Feather","Anchor","Peace Pipe","Bag of Preparation","AT_SpeedBoots","Centennial Puzzle"],"acts_visited":["Exordium","TheCity","TheBeyond","TheEnding"],"potions_floor_usage":[16,28,33,40,42,55],"damage_taken":[{"damage":0,"enemies":"Jaw Worm","floor":1,"turns":5},{"damage":1,"enemies":"2 Louse","floor":5,"turns":4},{"damage":28,"enemies":"Lagavulin","floor":6,"turns":10},{"damage":5,"enemies":"Small Slimes","floor":10,"turns":3},{"damage":30,"enemies":"Gremlin Gang","floor":12,"turns":5},{"damage":0,"enemies":"3 Louse","floor":14,"turns":6},{"damage":0,"enemies":"The Guardian","floor":16,"turns":8},{"damage":0,"enemies":"Shell Parasite","floor":18,"turns":6},{"damage":3,"enemies":"Chosen","floor":19,"turns":5},{"damage":0,"enemies":"Snecko","floor":22,"turns":4},{"damage":0,"enemies":"HollowMod:Nosk","floor":23,"turns":7},{"damage":0,"enemies":"Centurion and Healer","floor":25,"turns":5},{"damage":9,"enemies":"Snake Plant","floor":28,"turns":5},{"damage":0,"enemies":"Sentry and Sphere","floor":31,"turns":4},{"damage":0,"enemies":"Automaton","floor":33,"turns":7},{"damage":0,"enemies":"Orb Walker","floor":35,"turns":4},{"damage":0,"enemies":"3 Darklings","floor":37,"turns":4},{"damage":1,"enemies":"Giant Head","floor":40,"turns":7},{"damage":0,"enemies":"Maw","floor":42,"turns":6},{"damage":0,"enemies":"HollowMod:StalkingDevout","floor":44,"turns":5},{"damage":0,"enemies":"Jaw Worm Horde","floor":46,"turns":5},{"damage":0,"enemies":"Time Eater","floor":50,"turns":8},{"damage":0,"enemies":"Shield and Spear","floor":54,"turns":6},{"damage":2,"enemies":"The Heart","floor":55,"turns":6}],"seed_played":"1262108398269414416","potions_obtained":[{"floor":5,"key":"ZuzhouPotion:ReiMu"},{"floor":12,"key":"Block Potion"},{"floor":16,"key":"Regen Potion"},{"floor":25,"key":"Dexterity Potion"},{"floor":28,"key":"BottledKami:ReiMu"},{"floor":37,"key":"Swift Potion"},{"floor":40,"key":"Energy Potion"}],"is_trial":false,"path_per_floor":["M","$","?","?","M","E","?","R","T","M","R","M","R","M","R","B",null,"M","M","?","?","M","E","?","M","T","R","M","?","R","M","R","B",null,"M","$","M","$","?","E","R","M","T","E","R","M","?","?","R","B",null,"R","$","E","B",null],"character_chosen":"REIMU","items_purchased":["UniversalSpiritual:ReiMu","RainPray2:ReiMu","Frozen Eye","InherentArray:ReiMu","Eternal Feather","NineCharacters:ReiMu","AT_SpeedBoots"],"campfire_rested":4,"item_purchase_floors":[2,30,36,36,36,38,53],"current_hp_per_floor":[47,47,47,34,33,5,5,24,24,19,38,8,27,27,46,46,65,65,62,62,62,62,62,62,62,62,62,61,61,61,61,61,61,65,65,65,65,65,57,56,65,65,65,65,65,65,65,65,65,65,65,65,65,65,63],"gold":101,"neow_bonus":"THREE_RARE_CARDS","is_daily":false,"chose_seed":false,"campfire_upgraded":5,"win_rate":0.0,"timestamp":1611623331,"path_taken":["M","$","?","?","M","E","?","R","T","M","R","M","R","M","R","BOSS","M","M","?","?","M","E","?","M","T","R","?","?","R","M","R","BOSS","M","$","?","$","?","E","R","M","T","E","R","M","?","?","R","BOSS","R","$","E","BOSS"],"items_purchased_type":["Card","Card","Relic","Card","Relic","Card","Relic"],"build_version":"2020-12-22","purchased_purges":1,"victory":true,"max_hp_per_floor":[65,65,65,65,65,65,65,65,65,65,65,65,65,65,65,65,65,65,65,65,65,65,65,65,65,65,65,65,65,65,65,65,65,65,65,65,65,65,65,65,65,65,65,65,65,65,65,65,65,65,65,65,65,65,65],"relic_stats":{"Peace Pipe":0,"Centennial Puzzle":[3],"counters":[24,134],"CeramicFish":108,"Eternal Feather":9,"Bag of Preparation":[8],"obtain_stats":[{"Lantern":34,"AT_ATBox":0,"CeramicFish":34,"Spirit Poop":24,"Thread and Needle":6,"Eternal Feather":36,"Bag of Preparation":44,"Bow_fan:ReiMu":20,"RedLine:ReiMu":17,"Peace Pipe":43,"Frozen Eye":36,"Anchor":40,"AT_SpeedBoots":53,"Centennial Puzzle":54,"AT_BellowingDragoncrestRing":9,"HornCleat":23,"REME_LowDesire":34,"FlyPower:ReiMu":0,"REME_ComplimentaryCards":0},{"Lantern":15,"AT_ATBox":0,"CeramicFish":15,"Spirit Poop":11,"Thread and Needle":3,"Eternal Feather":16,"Bag of Preparation":20,"Bow_fan:ReiMu":9,"RedLine:ReiMu":7,"Peace Pipe":19,"Frozen Eye":16,"Anchor":18,"AT_SpeedBoots":22,"Centennial Puzzle":23,"AT_BellowingDragoncrestRing":3,"HornCleat":11,"REME_LowDesire":15,"FlyPower:ReiMu":0,"REME_ComplimentaryCards":0},{"Lantern":84,"AT_ATBox":0,"CeramicFish":84,"Spirit Poop":63,"Thread and Needle":19,"Eternal Feather":88,"Bag of Preparation":110,"Bow_fan:ReiMu":52,"RedLine:ReiMu":41,"Peace Pipe":105,"Frozen Eye":88,"Anchor":99,"AT_SpeedBoots":122,"Centennial Puzzle":128,"AT_BellowingDragoncrestRing":19,"HornCleat":63,"REME_LowDesire":84,"FlyPower:ReiMu":0,"REME_ComplimentaryCards":0}]},"card_choices":[{"not_picked":["Shading:ReiMu","RunawayExorcism:ReiMu"],"picked":"BlastKick2:ReiMu","floor":0},{"not_picked":["Intuition:ReiMu","OrbThrow:ReiMu"],"picked":"WonderfulDomain:ReiMu","floor":1},{"not_picked":["Intuition:ReiMu","AirStrike:ReiMu"],"picked":"RainPray2:ReiMu","floor":5},{"not_picked":["BarrageOfMoneybags:ReiMu","AlertArray:ReiMu"],"picked":"SafetyPray:ReiMu","floor":6},{"not_picked":["LovePray:ReiMu","CareerPray:ReiMu"],"picked":"MikOfLucky:ReiMu","floor":10},{"not_picked":["EmergencyTakeOff:ReiMu","Enchanting:ReiMu"],"picked":"YinYangSange:ReiMu","floor":12},{"not_picked":["Enchanting:ReiMu","SealNeedle:ReiMu"],"picked":"DependentForm:ReiMu","floor":14},{"not_picked":["KyokaiOfKami:ReiMu","OctopathSalyBorderN:ReiMu"],"picked":"BlastKick2:ReiMu","floor":16},{"not_picked":["WonderfulDomain:ReiMu","UniversalSpiritual:ReiMu"],"picked":"Amulet:ReiMu+1","floor":18},{"not_picked":["YinYangSign:ReiMu+1","FantasyBorder:ReiMu+1"],"picked":"DoubleButterfly:ReiMu","floor":19},{"not_picked":["ShadowOfCrow2:ReiMu+1","Intuition:ReiMu"],"picked":"SpringWay:ReiMu","floor":22},{"not_picked":["Meditation:ReiMu","Dreaming2:ReiMu+1"],"picked":"Revelation:ReiMu","floor":23},{"not_picked":["CareerPray:ReiMu","UpKicking:ReiMu"],"picked":"SafetyPray:ReiMu+1","floor":25},{"not_picked":["TightArray:ReiMu","CollectionFlower2:ReiMu"],"picked":"WonderfulDomain:ReiMu","floor":28},{"not_picked":["FantasyMoon:ReiMu","KamiSacrifice:ReiMu"],"picked":"SpringWay:ReiMu+1","floor":31},{"not_picked":["BlastKick2:ReiMu","Shading:ReiMu"],"picked":"Free:ReiMu","floor":33},{"not_picked":["SpiritualOutbreak2:ReiMu","AirStrike:ReiMu+1","REME_WheelOfFate"],"picked":"MountainWay:ReiMu","floor":35},{"not_picked":["OrbThrow:ReiMu","AirStrike:ReiMu+1","Swift Strike"],"picked":"Enchanting:ReiMu+1","floor":37},{"not_picked":["CollectionFlower2:ReiMu","TakeOff:ReiMu","SpreadBorder2:ReiMu+1"],"picked":"Panache","floor":40},{"not_picked":["SpreadBorder2:ReiMu","PrepareRite:ReiMu+1","Magnetism"],"picked":"SpringWay:ReiMu","floor":42},{"not_picked":["FantasyMoon:ReiMu","SafetyPray:ReiMu+1","Magnetism"],"picked":"Crusade:ReiMu+1","floor":44},{"not_picked":["SubAcupoint:ReiMu+1","WonderfulDomain:ReiMu","Enchanting:ReiMu+1"],"picked":"HandOfGreed","floor":46},{"not_picked":["Intuition:ReiMu","Meditation:ReiMu","Secret Weapon"],"picked":"HakureiPhantom:ReiMu","floor":54}],"player_experience":212111,"relics_obtained":[{"floor":6,"key":"Thread and Needle"},{"floor":9,"key":"AT_BellowingDragoncrestRing"},{"floor":23,"key":"HornCleat"},{"floor":34,"key":"Lantern"},{"floor":34,"key":"CeramicFish"},{"floor":40,"key":"Anchor"},{"floor":43,"key":"Peace Pipe"},{"floor":44,"key":"Bag of Preparation"},{"floor":54,"key":"Centennial Puzzle"}],"event_choices":[{"damage_healed":0,"gold_gain":175,"player_choice":"AGREE","damage_taken":0,"max_hp_gain":0,"max_hp_loss":0,"event_name":"Liars Game","floor":3,"gold_loss":0,"cards_obtained":["Doubt"]},{"damage_healed":0,"gold_gain":0,"player_choice":"Entered Light","damage_taken":13,"max_hp_gain":0,"max_hp_loss":0,"event_name":"Shining Light","floor":4,"gold_loss":0,"cards_upgraded":["Defend_Lin:ReiMu","NB:ReiMu"]},{"damage_healed":0,"gold_gain":0,"player_choice":"Grow","damage_taken":0,"max_hp_gain":0,"max_hp_loss":0,"event_name":"Living Wall","floor":7,"gold_loss":0,"cards_upgraded":["UniversalSpiritual:ReiMu"]},{"damage_healed":0,"gold_gain":0,"player_choice":"Opened","damage_taken":0,"relics_obtained":["Bow_fan:ReiMu"],"max_hp_gain":0,"max_hp_loss":0,"event_name":"The Mausoleum","floor":20,"gold_loss":0,"cards_obtained":["Writhe"]},{"damage_healed":0,"gold_gain":0,"player_choice":"Simplicity","damage_taken":0,"max_hp_gain":0,"max_hp_loss":0,"event_name":"Back to Basics","floor":21,"gold_loss":0,"cards_upgraded":["Strike_Lin:ReiMu","Strike_Lin:ReiMu","Strike_Lin:ReiMu","Strike_Lin:ReiMu","Defend_Lin:ReiMu","Defend_Lin:ReiMu","Defend_Lin:ReiMu"]},{"cards_removed":["Doubt"],"damage_healed":0,"gold_gain":0,"player_choice":"Offered Curse","damage_taken":0,"relics_obtained":["Spirit Poop"],"max_hp_gain":0,"max_hp_loss":0,"event_name":"Bonfire Elementals","floor":24,"gold_loss":0},{"damage_healed":0,"gold_gain":0,"player_choice":"Upgrade","damage_taken":0,"max_hp_gain":0,"max_hp_loss":0,"event_name":"Designer","floor":29,"gold_loss":40,"cards_upgraded":["MikOfLucky:ReiMu"]},{"damage_healed":0,"gold_gain":0,"player_choice":"Embrace Madness","damage_taken":8,"max_hp_gain":0,"max_hp_loss":0,"event_name":"Winding Halls","floor":39,"gold_loss":0,"cards_obtained":["Madness","Madness"]},{"cards_removed":["SpringWay:ReiMu"],"damage_healed":0,"gold_gain":0,"player_choice":"Removed Skill","damage_taken":0,"max_hp_gain":0,"max_hp_loss":0,"event_name":"Falling","floor":47,"gold_loss":0},{"damage_healed":0,"gold_gain":0,"player_choice":"Copied","damage_taken":0,"max_hp_gain":0,"max_hp_loss":0,"event_name":"Duplicator","floor":48,"gold_loss":0,"cards_obtained":["RainPray2:ReiMu"]}],"is_beta":false,"boss_relics":[{"not_picked":["Astrolabe","Coffee Dripper"],"picked":"RedLine:ReiMu"},{"not_picked":["Fusion Hammer","Cursed Key"],"picked":"REME_LowDesire"}],"items_purged_floors":[30],"is_endless":false,"potions_floor_spawned":[5,12,16,25,28,37,40],"ascension_level":0}}