{"host":"sc0o2qwpf9j16a4i","time":1611692463,"event":{"mods":["AchievementEnabler","BaseMod","BetterRewards","Block Reminder","Colored Map","Colored Powertips","Custom Start","Highlight Path","Minty Spire (QoL Compilation)","Relic Stats"],"gold_per_floor":[112,112,18,33,33,51,85,85,85,108,108,124,124,149,149,279,279,299,322,36,57,81,81,120,138,138,156,156,179,200,216,216,337,400,413,413,1412,656,656,656,677,701,724,739,757,757,772,815,815,815,815],"floor_reached":50,"language":"ENG","playtime":2150,"items_purged":["Normality"],"score":677,"play_id":"73ccd174-e750-432b-b1be-56dc0a27e38f","local_time":"20210126222103","daily_mods":["Insanity","Uncertain Future","Binary"],"is_ascension_mode":false,"campfire_choices":[{"data":"True Grit","floor":8,"key":"SMITH"},{"data":"Armaments","floor":11,"key":"SMITH"},{"data":"Inflame","floor":15,"key":"SMITH"},{"data":"Feel No Pain","floor":23,"key":"SMITH"},{"floor":28,"key":"REST"},{"floor":32,"key":"REST"},{"data":"True Grit","floor":40,"key":"SMITH"},{"floor":46,"key":"REST"},{"data":"Feel No Pain","floor":49,"key":"SMITH"}],"circlet_count":0,"master_deck":["Rampage","Rupture","Thunderclap","Flex","Body Slam","Clothesline","Dark Embrace","Dual Wield","Iron Wave","Whirlwind","Wild Strike","Burning Pact","Perfected Strike","Rupture","Clothesline","Dual Wield","Anger","Flex","Battle Trance","Thunderclap","True Grit+1","Rupture","True Grit+1","Clash","Blood for Blood","Inflame","Dark Embrace","Battle Trance","Clothesline","Thunderclap","Twin Strike","Shrug It Off","Iron Wave","Warcry","Anger","Metallicize","Clash","Body Slam","Dark Embrace","Reckless Charge","Warcry","Armaments+1","Feel No Pain+1","Sword Boomerang","Cleave","Perfected Strike","Twin Strike","Headbutt","Thunderclap","Dual Wield","Inflame+1","Injury","Feel No Pain+1","Warcry","Spot Weakness","Regret","Headbutt","Corruption","Pommel Strike","Burning Pact","Trip","Barricade","Spot Weakness+1","Demon Form","Spot Weakness","Havoc","Demon Form","True Grit+1","Normality","Power Through","Flame Barrier","Pommel Strike+1","Immolate","Parasite","Second Wind+1","True Grit","Burning Pact"],"relics":["Burning Blood","Golden Idol","Nunchaku","Oddly Smooth Stone","Self Forming Clay","Snecko Eye","Bag of Marbles","MealTicket","Smiling Mask","Bag of Preparation","Tiny House","Red Skull","Sling","Bird Faced Urn","Potion Belt","StrikeDummy"],"acts_visited":["Exordium","TheCity","TheBeyond"],"potions_floor_usage":[7,10,12,16,22,27,33,35,35,35,35,35,50,50],"damage_taken":[{"damage":0,"enemies":"Cultist","floor":1,"turns":2},{"damage":8,"enemies":"Jaw Worm","floor":4,"turns":2},{"damage":2,"enemies":"2 Louse","floor":6,"turns":2},{"damage":39,"enemies":"Lagavulin","floor":7,"turns":8},{"damage":21,"enemies":"Lots of Slimes","floor":10,"turns":4},{"damage":0,"enemies":"Large Slime","floor":12,"turns":4},{"damage":3,"enemies":"Exordium Thugs","floor":14,"turns":4},{"damage":55,"enemies":"The Guardian","floor":16,"turns":10},{"damage":19,"enemies":"Shell Parasite","floor":18,"turns":7},{"damage":18,"enemies":"Chosen","floor":19,"turns":6},{"damage":4,"enemies":"3 Cultists","floor":21,"turns":3},{"damage":17,"enemies":"Centurion and Healer","floor":22,"turns":4},{"damage":9,"enemies":"Slavers","floor":24,"turns":4},{"damage":27,"enemies":"Chosen and Byrds","floor":25,"turns":6},{"damage":11,"enemies":"Shelled Parasite and Fungi","floor":27,"turns":5},{"damage":15,"enemies":"Cultist and Chosen","floor":29,"turns":6},{"damage":17,"enemies":"Snake Plant","floor":30,"turns":4},{"damage":2,"enemies":"Centurion and Healer","floor":31,"turns":4},{"damage":16,"enemies":"Champ","floor":33,"turns":6},{"damage":12,"enemies":"3 Shapes","floor":35,"turns":7},{"damage":23,"enemies":"Orb Walker","floor":41,"turns":3},{"damage":58,"enemies":"Spire Growth","floor":42,"turns":5},{"damage":27,"enemies":"3 Darklings","floor":44,"turns":7},{"damage":16,"enemies":"Writhing Mass","floor":45,"turns":4},{"damage":15,"enemies":"Sphere and 2 Shapes","floor":47,"turns":3},{"damage":3,"enemies":"Giant Head","floor":48,"turns":5},{"damage":86,"enemies":"Donu and Deca","floor":50,"turns":8}],"seed_played":"7022750880430981622","potions_obtained":[{"floor":1,"key":"ColorlessPotion"},{"floor":6,"key":"Regen Potion"},{"floor":12,"key":"Fruit Juice"},{"floor":14,"key":"ColorlessPotion"},{"floor":21,"key":"DistilledChaos"},{"floor":25,"key":"Block Potion"},{"floor":27,"key":"Strength Potion"},{"floor":33,"key":"Block Potion"},{"floor":34,"key":"EntropicBrew"},{"floor":35,"key":"Ancient Potion"},{"floor":44,"key":"SteroidPotion"}],"is_trial":true,"path_per_floor":["M","?","$","M","?","M","E","R","T","M","R","M","?","M","R","B",null,"M","M","$","M","M","R","E","M","T","M","R","M","M","M","R","B",null,"M","?","?","$","?","R","M","M","T","M","M","R","M","E","R","B"],"character_chosen":"IRONCLAD","items_purchased":["Feel No Pain","Warcry","Bag of Marbles","MealTicket","Red Skull","Sling","Bird Faced Urn","Power Through","Flame Barrier"],"campfire_rested":3,"item_purchase_floors":[3,3,20,20,38,38,38,38,38],"current_hp_per_floor":[80,80,80,78,78,80,47,47,47,44,44,55,55,58,58,9,85,72,60,60,62,51,51,48,27,27,22,47,38,27,31,56,46,90,84,84,84,90,85,85,70,36,36,17,17,42,41,64,64,0,0],"gold":815,"neow_bonus":"","is_daily":false,"chose_seed":false,"campfire_upgraded":6,"win_rate":0.0,"timestamp":1611692463,"path_taken":["M","?","$","M","?","M","E","R","T","M","R","M","?","M","R","BOSS","M","M","$","M","?","R","E","?","T","?","R","M","M","M","R","BOSS","M","?","?","$","?","R","M","M","T","M","M","R","M","E","R","BOSS"],"items_purchased_type":["Card","Card","Relic","Relic","Relic","Relic","Relic","Card","Card"],"build_version":"2020-12-22","purchased_purges":1,"victory":false,"max_hp_per_floor":[80,80,80,80,80,80,80,80,80,80,80,85,85,85,85,85,85,85,85,85,85,85,85,85,85,85,85,85,85,85,85,85,85,90,90,90,90,90,85,85,85,85,85,85,85,85,85,85,85,85,85],"relic_stats":{"Nunchaku":[23],"counters":[27,133],"Golden Idol":167,"Self Forming Clay":[207],"Bird Faced Urn":[72],"Snecko Eye":[202,221,216,210],"MealTicket":6,"Bag of Preparation":[26],"Smiling Mask":25,"obtain_stats":[{"Potion Belt":43,"Tiny House":34,"Golden Idol":2,"Self Forming Clay":9,"Oddly Smooth Stone":7,"Bag of Preparation":26,"Smiling Mask":24,"Sling":38,"Burning Blood":0,"Nunchaku":5,"Bird Faced Urn":38,"Snecko Eye":17,"MealTicket":20,"Bag of Marbles":20,"StrikeDummy":48,"Red Skull":38},{"Potion Belt":22,"Tiny House":19,"Golden Idol":1,"Self Forming Clay":4,"Oddly Smooth Stone":4,"Bag of Preparation":14,"Smiling Mask":13,"Sling":20,"Burning Blood":0,"Nunchaku":2,"Bird Faced Urn":20,"Snecko Eye":8,"MealTicket":10,"Bag of Marbles":10,"StrikeDummy":26,"Red Skull":20},{"Potion Belt":106,"Tiny House":91,"Golden Idol":2,"Self Forming Clay":14,"Oddly Smooth Stone":14,"Bag of Preparation":66,"Smiling Mask":60,"Sling":98,"Burning Blood":0,"Nunchaku":4,"Bird Faced Urn":98,"Snecko Eye":36,"MealTicket":49,"Bag of Marbles":49,"StrikeDummy":125,"Red Skull":98}],"Burning Blood":148},"card_choices":[{"not_picked":["Sword Boomerang"],"picked":"Inflame","floor":1},{"not_picked":["Twin Strike"],"picked":"Spot Weakness","floor":4},{"not_picked":["Warcry"],"picked":"Headbutt","floor":6},{"not_picked":["Dropkick"],"picked":"Corruption","floor":7},{"not_picked":["Perfected Strike"],"picked":"Pommel Strike","floor":10},{"not_picked":["Body Slam"],"picked":"Burning Pact","floor":12},{"not_picked":["Headbutt","Anger"],"picked":"SKIP","floor":14},{"not_picked":["Offering"],"picked":"Barricade","floor":16},{"not_picked":["Twin Strike+1","Dark Embrace"],"picked":"SKIP","floor":18},{"not_picked":["Battle Trance","Armaments"],"picked":"SKIP","floor":19},{"not_picked":["Warcry","Sword Boomerang"],"picked":"SKIP","floor":21},{"not_picked":["Havoc+1"],"picked":"Spot Weakness","floor":22},{"not_picked":["Searing Blow+1","Clothesline+1"],"picked":"SKIP","floor":24},{"not_picked":["Perfected Strike"],"picked":"Demon Form","floor":25},{"not_picked":["Armaments","Clothesline"],"picked":"SKIP","floor":27},{"not_picked":["Sword Boomerang","Flex"],"picked":"SKIP","floor":29},{"not_picked":["Thunderclap+1"],"picked":"Spot Weakness","floor":30},{"not_picked":["Heavy Blade"],"picked":"Havoc","floor":31},{"not_picked":["Juggernaut"],"picked":"Demon Form","floor":33},{"not_picked":["Second Wind+1"],"picked":"True Grit+1","floor":35},{"not_picked":["Sword Boomerang"],"picked":"Pommel Strike+1","floor":41},{"not_picked":["Perfected Strike","Headbutt+1"],"picked":"SKIP","floor":42},{"not_picked":["Spot Weakness"],"picked":"Immolate","floor":44},{"not_picked":["Searing Blow+1"],"picked":"Second Wind+1","floor":45},{"not_picked":["Clothesline+1"],"picked":"True Grit","floor":47},{"not_picked":["Iron Wave"],"picked":"Burning Pact","floor":48}],"player_experience":998807,"relics_obtained":[{"floor":7,"key":"Oddly Smooth Stone"},{"floor":9,"key":"Self Forming Clay"},{"floor":24,"key":"Smiling Mask"},{"floor":26,"key":"Bag of Preparation"},{"floor":43,"key":"Potion Belt"},{"floor":48,"key":"StrikeDummy"}],"event_choices":[{"damage_healed":0,"gold_gain":0,"player_choice":"Take Wound","damage_taken":0,"relics_obtained":["Golden Idol"],"max_hp_gain":0,"max_hp_loss":0,"event_name":"Golden Idol","floor":2,"gold_loss":0,"cards_obtained":["Injury"]},{"damage_healed":0,"gold_gain":0,"player_choice":"Box","damage_taken":0,"relics_obtained":["Nunchaku"],"max_hp_gain":0,"max_hp_loss":0,"event_name":"Big Fish","floor":5,"gold_loss":0,"cards_obtained":["Regret"]},{"damage_healed":0,"gold_gain":0,"player_choice":"1 cards matched","damage_taken":0,"max_hp_gain":0,"max_hp_loss":0,"event_name":"Match and Keep!","floor":13,"gold_loss":0,"cards_obtained":["Trip"]},{"damage_healed":0,"gold_gain":0,"player_choice":"Ignored","damage_taken":0,"max_hp_gain":0,"max_hp_loss":0,"event_name":"Tomb of Lord Red Mask","floor":36,"gold_loss":0},{"damage_healed":0,"gold_gain":999,"player_choice":"Gold","damage_taken":0,"max_hp_gain":0,"max_hp_loss":0,"event_name":"MindBloom","floor":37,"gold_loss":0,"cards_obtained":["Normality","Normality"]},{"damage_healed":0,"gold_gain":0,"player_choice":"Max HP","damage_taken":0,"max_hp_gain":0,"max_hp_loss":5,"event_name":"Winding Halls","floor":39,"gold_loss":0}],"is_beta":false,"boss_relics":[{"not_picked":["Busted Crown","Calling Bell"],"picked":"Snecko Eye"},{"not_picked":["Velvet Choker","Runic Cube"],"picked":"Tiny House"}],"items_purged_floors":[38],"is_endless":false,"potions_floor_spawned":[1,6,12,14,21,25,27,33,35,44],"killed_by":"Donu and Deca","ascension_level":0}}