{"host":"15dd7v8o90xso62x","time":1611624360,"event":{"mods":["BaseMod","Minty Spire (QoL Compilation)","Quick Restart","StSLib","SuperFastMode"],"gold_per_floor":[368,384,403,63,73,73,105,105,105,105,138,157,157,170,170,242,242,261,39,55,66,80,80,114,126,152,152,169,180,180,198,198,275,275,295,295,7,24,24,24,54,64,64,27,27,52,63,83,83,83,83],"floor_reached":50,"language":"KOR","playtime":1849,"items_purged":["Strike_G"],"score":1276,"play_id":"e11736d6-cbc7-4c26-b3af-23b24fb6a906","local_time":"20210126102600","is_ascension_mode":true,"campfire_choices":[{"data":"A Thousand Cuts","floor":6.0,"key":"SMITH"},{"data":"Dash","floor":15.0,"key":"SMITH"},{"data":"Prepared","floor":23.0,"key":"SMITH"},{"data":"Blade Dance","floor":27.0,"key":"SMITH"},{"data":"Cloak And Dagger","floor":32.0,"key":"SMITH"},{"data":"Apotheosis","floor":40.0,"key":"SMITH"},{"floor":45.0,"key":"REST"},{"floor":49,"key":"RECALL"}],"circlet_count":0,"master_deck":["AscendersBane","Strike_G","Strike_G","Strike_G","Strike_G","Defend_G","Defend_G","Defend_G","Defend_G","Survivor","Neutralize","Dash+1","Blade Dance+1","A Thousand Cuts+1","Cloak And Dagger+1","Venomology","Prepared+1","Accuracy","Adrenaline","Footwork","Blur","Apotheosis+1","After Image","Terror","Reflex","Acrobatics","PiercingWail+1"],"relics":["Ring of the Snake","Medical Kit","PreservedInsect","Sundial","Vajra","Omamori","SacredBark","TheAbacus","Meat on the Bone","Calling Bell","Boot","Paper Crane","Prayer Wheel","Nunchaku","Letter Opener","Tough Bandages"],"acts_visited":["Exordium","TheCity","TheBeyond"],"potions_floor_usage":[47,48],"damage_taken":[{"damage":0.0,"enemies":"2 Louse","floor":1.0,"turns":5.0},{"damage":1.0,"enemies":"Small Slimes","floor":2.0,"turns":4.0},{"damage":2.0,"enemies":"Jaw Worm","floor":3.0,"turns":4.0},{"damage":0.0,"enemies":"2 Fungi Beasts","floor":5.0,"turns":2.0},{"damage":0.0,"enemies":"3 Sentries","floor":7.0,"turns":4.0},{"damage":0.0,"enemies":"Gremlin Nob","floor":11.0,"turns":3.0},{"damage":1.0,"enemies":"Large Slime","floor":12.0,"turns":4.0},{"damage":0.0,"enemies":"Looter","floor":14.0,"turns":2.0},{"damage":28.0,"enemies":"The Guardian","floor":16.0,"turns":13.0},{"damage":6.0,"enemies":"Spheric Guardian","floor":18.0,"turns":3.0},{"damage":1.0,"enemies":"Chosen","floor":20.0,"turns":5.0},{"damage":26.0,"enemies":"Centurion and Healer","floor":21.0,"turns":5.0},{"damage":0.0,"enemies":"Cultist and Chosen","floor":22.0,"turns":5.0},{"damage":0.0,"enemies":"Gremlin Leader","floor":24.0,"turns":5.0},{"damage":13.0,"enemies":"Snecko","floor":25.0,"turns":5.0},{"damage":11.0,"enemies":"Sentry and Sphere","floor":28.0,"turns":3.0},{"damage":24.0,"enemies":"Centurion and Healer","floor":29.0,"turns":6.0},{"damage":21.0,"enemies":"Snecko","floor":31.0,"turns":5.0},{"damage":106.0,"enemies":"Automaton","floor":33.0,"turns":12.0},{"damage":13.0,"enemies":"3 Darklings","floor":35.0,"turns":3.0},{"damage":9.0,"enemies":"3 Shapes","floor":38.0,"turns":5.0},{"damage":0.0,"enemies":"Giant Head","floor":41.0,"turns":9.0},{"damage":43.0,"enemies":"Jaw Worm Horde","floor":42.0,"turns":5.0},{"damage":12.0,"enemies":"Nemesis","floor":46.0,"turns":5.0},{"damage":17,"enemies":"4 Shapes","floor":47,"turns":5},{"damage":21,"enemies":"Spire Growth","floor":48,"turns":4},{"damage":14,"enemies":"Donu and Deca","floor":50,"turns":2}],"seed_played":"-4383726840536209421","potions_obtained":[{"floor":1.0,"key":"Fire Potion"},{"floor":5.0,"key":"Energy Potion"},{"floor":11.0,"key":"CunningPotion"},{"floor":18.0,"key":"GhostInAJar"},{"floor":21.0,"key":"DistilledChaos"},{"floor":35.0,"key":"Block Potion"},{"floor":41.0,"key":"EssenceOfSteel"},{"floor":42.0,"key":"Swift Potion"},{"floor":46.0,"key":"Ancient Potion"}],"is_trial":false,"path_per_floor":["M","M","M","$","M","R","E","?","T","?","E","M","?","M","R","B",null,"M","$","M","M","M","R","E","M","T","R","M","M","?","M","R","B",null,"M","?","$","M","?","R","E","M","T","$","R","E","M","M","R","B"],"character_chosen":"THE_SILENT","items_purchased":["Medical Kit","A Thousand Cuts","TheAbacus","Prepared","Apotheosis","Terror"],"campfire_rested":1,"item_purchase_floors":[4,4,19,19,37,44],"current_hp_per_floor":[59,58,56,56,56,56,56,38,38,38,38,37,30,30,30,2,46,40,40,39,13,13,13,13,34,34,34,35,23,23,14,14,36,54,41,41,41,32,57,57,57,26,26,26,43,31,26,17,17,3,3],"gold":83,"neow_bonus":"TWO_FIFTY_GOLD","is_daily":false,"chose_seed":false,"campfire_upgraded":6,"win_rate":0.0,"timestamp":1611624360,"path_taken":["M","M","M","$","M","R","E","?","T","?","E","M","?","M","R","BOSS","M","$","M","M","M","R","E","M","T","R","M","M","?","M","R","BOSS","M","?","$","M","?","R","E","M","T","$","R","E","?","M","R","BOSS"],"items_purchased_type":["Relic","Card","Relic","Card","Card","Card"],"build_version":"2020-12-22","purchased_purges":1,"victory":false,"max_hp_per_floor":[60,60,60,60,60,60,60,60,60,60,60,60,60,60,60,60,60,60,60,60,60,60,60,60,60,60,60,60,60,60,60,60,60,60,60,57,57,57,57,57,57,57,57,57,57,57,57,57,57,57,57],"card_choices":[{"not_picked":["Caltrops","Outmaneuver"],"picked":"Dash","floor":1.0},{"not_picked":["Reflex","Cloak And Dagger"],"picked":"Backstab","floor":2.0},{"not_picked":["Poisoned Stab","Dodge and Roll"],"picked":"Blade Dance","floor":3.0},{"not_picked":["Bane","Dash","Dodge and Roll"],"picked":"SKIP","floor":5.0},{"not_picked":["Prepared","All Out Attack","Skewer"],"picked":"SKIP","floor":7.0},{"not_picked":["Dagger Throw","Deadly Poison"],"picked":"Cloak And Dagger","floor":11.0},{"not_picked":["Dagger Spray","Underhanded Strike","Distraction"],"picked":"SKIP","floor":12.0},{"not_picked":["Cloak And Dagger","Poisoned Stab","Dagger Spray"],"picked":"SKIP","floor":14.0},{"not_picked":["Doppelganger","Tools of the Trade"],"picked":"Venomology","floor":16.0},{"not_picked":["Dagger Throw","Quick Slash","Leg Sweep"],"picked":"SKIP","floor":18.0},{"not_picked":["Blade Dance","Slice","Night Terror"],"picked":"SKIP","floor":20.0},{"not_picked":["Noxious Fumes","Cloak And Dagger"],"picked":"Accuracy","floor":21.0},{"not_picked":["Endless Agony","Deadly Poison+1","Cloak And Dagger"],"picked":"SKIP","floor":22.0},{"not_picked":["Quick Slash","Deflect+1"],"picked":"Adrenaline","floor":24.0},{"not_picked":["Masterful Stab","Dagger Throw"],"picked":"Footwork","floor":25.0},{"not_picked":["Slice","Dodge and Roll"],"picked":"Blur","floor":28.0},{"not_picked":["Sucker Punch+1","Slice","Riddle With Holes+1"],"picked":"SKIP","floor":29.0},{"not_picked":["Dagger Spray","PiercingWail","Setup"],"picked":"SKIP","floor":31.0},{"not_picked":["Dagger Throw","Prepared","Sucker Punch+1"],"picked":"SKIP","floor":35.0},{"not_picked":["Blade Dance","Bane","Dagger Throw"],"picked":"SKIP","floor":35.0},{"not_picked":["Slice","Sucker Punch"],"picked":"After Image","floor":38.0},{"not_picked":["PiercingWail","Deflect","Cloak And Dagger"],"picked":"SKIP","floor":38.0},{"not_picked":["All Out Attack+1","Doppelganger","Flying Knee"],"picked":"SKIP","floor":41.0},{"not_picked":["Deflect+1","Quick Slash","Dagger Spray"],"picked":"SKIP","floor":42.0},{"not_picked":["Flechettes","Blade Dance","Dagger Spray"],"picked":"SKIP","floor":42.0},{"not_picked":["Dash","Crippling Poison"],"picked":"Reflex","floor":46.0},{"not_picked":["Prepared","Bouncing Flask"],"picked":"Acrobatics","floor":47},{"not_picked":["Quick Slash","Poisoned Stab"],"picked":"PiercingWail+1","floor":47},{"not_picked":["Dagger Throw","Flying Knee","Sucker Punch"],"picked":"SKIP","floor":48},{"not_picked":["Flying Knee","Acrobatics","Night Terror"],"picked":"SKIP","floor":48}],"player_experience":887382,"relics_obtained":[{"floor":7.0,"key":"PreservedInsect"},{"floor":9.0,"key":"Vajra"},{"floor":11.0,"key":"Omamori"},{"floor":24.0,"key":"Meat on the Bone"},{"floor":34.0,"key":"Boot"},{"floor":34.0,"key":"Paper Crane"},{"floor":34.0,"key":"Prayer Wheel"},{"floor":41.0,"key":"Nunchaku"},{"floor":43.0,"key":"Letter Opener"},{"floor":46.0,"key":"Tough Bandages"}],"event_choices":[{"damage_healed":0.0,"max_hp_gain":0.0,"max_hp_loss":0.0,"gold_gain":0.0,"event_name":"Scrap Ooze","player_choice":"Success","floor":8.0,"gold_loss":0.0,"damage_taken":18.0,"relics_obtained":["Sundial"]},{"damage_healed":0.0,"max_hp_gain":0.0,"max_hp_loss":0.0,"gold_gain":0.0,"event_name":"Liars Game","player_choice":"Ignored","floor":10.0,"gold_loss":0.0,"damage_taken":0.0},{"cards_removed":["Defend_G"],"damage_healed":0.0,"max_hp_gain":0.0,"max_hp_loss":0.0,"gold_gain":0.0,"event_name":"Golden Wing","player_choice":"Card Removal","floor":13.0,"gold_loss":0.0,"damage_taken":7.0},{"damage_healed":0.0,"max_hp_gain":0.0,"max_hp_loss":0.0,"gold_gain":0.0,"event_name":"Ghosts","player_choice":"Ignored","floor":30.0,"gold_loss":0.0,"damage_taken":0.0},{"damage_healed":0.0,"max_hp_gain":0.0,"max_hp_loss":3.0,"gold_gain":0.0,"event_name":"Winding Halls","player_choice":"Max HP","floor":36.0,"gold_loss":0.0,"damage_taken":0.0},{"cards_removed":["Backstab"],"damage_healed":25.0,"max_hp_gain":0.0,"max_hp_loss":0.0,"gold_gain":0.0,"event_name":"Bonfire Elementals","player_choice":"Offered Uncommon","floor":39.0,"gold_loss":0.0,"damage_taken":0.0}],"is_beta":false,"boss_relics":[{"not_picked":["Sozu","Empty Cage"],"picked":"SacredBark"},{"not_picked":["Black Star","Velvet Choker"],"picked":"Calling Bell"}],"items_purged_floors":[37],"is_endless":false,"potions_floor_spawned":[1,5,11,14,18,21,29,31,35,41,42,46],"killed_by":"Donu and Deca","ascension_level":20}}