{"host":"t0dtoggyaif518ut","time":1611680066,"event":{"mods":["AchievementEnabler","BaseMod","Best Route Mod","Bestiary","Better Altar","Better Match","Better Note","Better Sensory Stone","Better Silent Start","Better Skull","Better Third Choice","Better Vampires","Block Reminder","Colored Powertips","Dark Map","Displayed Cursed Tome","Energized Spire","Gold Saver","Ironclad Rager","Minty Spire (QoL Compilation)","Practice Mode","Quick Restart","RNG Fix","Random Character Button","Relic Stats","Reworked Bosses","StSLib","Treasure Hunter"],"gold_per_floor":[1007,452,402,412,425,425,456,456,456,486,515,495,495,509,509,580,580,597,597,369,294,312,344,36,0,45,56,69,83,83,101,101,176,176,187,187,205,223,223,223,223,223,273,273,291,23,50,71,71,73],"floor_reached":51,"language":"RUS","playtime":2961,"items_purged":["Strike_R","Strike_R","Strike_R","Writhe"],"score":1130,"play_id":"0feed498-b374-490b-99cd-5ac4551fd660","local_time":"20210126235426","is_ascension_mode":true,"campfire_choices":[{"data":"1","floor":6,"key":"LIFT"},{"data":"Whirlwind","floor":8,"key":"SMITH"},{"data":"2","floor":13,"key":"LIFT"},{"data":"3","floor":15,"key":"LIFT"},{"floor":30,"key":"REST"},{"data":"TH:ElvenBoots","floor":32,"key":"SMITH"},{"data":"Limit Break","floor":40,"key":"SMITH"},{"data":"Apotheosis","floor":42,"key":"SMITH"},{"data":"Power Through","floor":44,"key":"SMITH"},{"floor":49,"key":"REST"}],"circlet_count":0,"master_deck":["AscendersBane","Strike_R","Defend_R","Defend_R","Defend_R","Bash","Iron Wave","Headbutt","Anger","TH:ElvenBoots+1","Whirlwind+1","TH:CursedSword","Limit Break+1","Limit Break+1","Pommel Strike","Power Through+1","TH:CopperCoins","Body Slam+1","Body Slam+1","TH:PixieDust","Demon Form+1","Apotheosis+1","Bandage Up","TH:CopperCoins","Blind"],"relics":["Burning Blood","Girya","Membership Card","Question Card","Incense Burner","Paper Frog","Red Skull","PreservedInsect","Odd Mushroom","Black Star","Orichalcum","HandDrill","Frozen Egg 2","Anchor","TH:Strongbox","Ancient Tea Set","Art of War","Busted Crown","Pen Nib","FossilizedHelix","Boot"],"acts_visited":["Exordium","TheCity","TheBeyond"],"potions_floor_usage":[7,11,29],"damage_taken":[{"damage":2,"enemies":"Jaw Worm","floor":1,"turns":3},{"damage":6,"enemies":"Cultist","floor":4,"turns":3},{"damage":3,"enemies":"Small Slimes","floor":5,"turns":3},{"damage":15,"enemies":"Gremlin Nob","floor":7,"turns":4},{"damage":16,"enemies":"Lagavulin","floor":10,"turns":4},{"damage":7,"enemies":"The Mushroom Lair","floor":11,"turns":3},{"damage":1,"enemies":"Blue Slaver","floor":14,"turns":2},{"damage":10,"enemies":"Slime Boss","floor":16,"turns":7},{"damage":32,"enemies":"Shell Parasite","floor":18,"turns":4},{"damage":28,"enemies":"2 Thieves","floor":22,"turns":3},{"damage":17,"enemies":"Slavers","floor":23,"turns":3},{"damage":0,"enemies":"Sentry and Sphere","floor":27,"turns":3},{"damage":0,"enemies":"Centurion and Healer","floor":28,"turns":2},{"damage":0,"enemies":"Chosen and Byrds","floor":29,"turns":3},{"damage":7,"enemies":"Cultist and Chosen","floor":31,"turns":4},{"damage":45,"enemies":"bossMod:newCollector","floor":33,"turns":6},{"damage":10,"enemies":"Orb Walker","floor":35,"turns":4},{"damage":32,"enemies":"3 Darklings","floor":37,"turns":5},{"damage":0,"enemies":"Jaw Worm Horde","floor":38,"turns":1},{"damage":27,"enemies":"Maw","floor":45,"turns":5},{"damage":18,"enemies":"3 Darklings","floor":48,"turns":3},{"damage":2,"enemies":"bossMod:newAwakened","floor":50,"turns":10}],"seed_played":"332570997351265348","potions_obtained":[{"floor":1,"key":"PowerPotion"},{"floor":4,"key":"FairyPotion"},{"floor":10,"key":"SteroidPotion"},{"floor":12,"key":"Explosive Potion"},{"floor":18,"key":"DuplicationPotion"},{"floor":29,"key":"LiquidMemories"},{"floor":37,"key":"BloodPotion"}],"is_trial":false,"path_per_floor":["M","$","?","M","M","R","E","R","T","E","?","?","R","M","R","B",null,"M","?","$","?","M","E","$","?","T","M","M","M","R","M","R","B",null,"M","?","M","M","?","R","?","R","T","R","M","$","T","M","R","B",null],"character_chosen":"IRONCLAD","items_purchased":["Membership Card","Question Card","Incense Burner","Iron Wave","Headbutt","EssenceOfSteel","Orichalcum","HandDrill","Pommel Strike","TH:Strongbox","Ancient Tea Set","Deep Breath","Blind","FossilizedHelix"],"campfire_rested":2,"item_purchase_floors":[2,2,2,2,2,2,20,20,20,24,24,24,46,46],"current_hp_per_floor":[54,54,54,54,57,57,48,48,48,38,37,37,37,42,42,38,66,40,40,40,40,18,7,7,7,7,13,19,25,47,46,46,7,58,54,54,32,38,57,57,57,57,57,57,42,42,42,36,58,68],"gold":73,"neow_bonus":"ONE_RARE_RELIC","is_daily":false,"chose_seed":false,"campfire_upgraded":5,"win_rate":0.0,"timestamp":1611680066,"path_taken":["M","$","?","M","M","R","E","R","T","E","?","?","R","M","R","BOSS","M","?","$","?","?","E","$","?","T","M","M","M","R","M","R","BOSS","M","?","M","M","?","R","?","R","T","R","M","$","?","M","R","BOSS"],"items_purchased_type":["Relic","Relic","Relic","Card","Card","Potion","Relic","Relic","Card","Relic","Relic","Card","Card","Relic"],"build_version":"2020-12-22","purchased_purges":4,"victory":true,"max_hp_per_floor":[75,75,75,75,75,75,75,75,75,75,75,75,75,75,75,75,75,75,75,75,75,75,75,75,75,75,75,75,75,75,75,75,75,75,75,75,75,75,75,75,75,75,75,75,75,75,75,75,75,75],"relic_stats":{"Busted Crown":22,"counters":[22,85],"PreservedInsect":40,"Pen Nib":[3],"Black Star":1,"HandDrill":[34],"Art of War":[4],"Orichalcum":[114],"Question Card":40,"Boot":[2],"obtain_stats":[{"Girya":0,"PreservedInsect":10,"TH:Strongbox":24,"Pen Nib":43,"Incense Burner":2,"Odd Mushroom":11,"Orichalcum":20,"Frozen Egg 2":23,"Question Card":2,"Ancient Tea Set":24,"Boot":47,"Burning Blood":0,"Anchor":23,"Busted Crown":34,"Black Star":17,"HandDrill":20,"Art of War":26,"Membership Card":2,"Red Skull":9,"FossilizedHelix":46,"Paper Frog":7},{"Girya":0,"PreservedInsect":5,"TH:Strongbox":11,"Pen Nib":19,"Incense Burner":1,"Odd Mushroom":6,"Orichalcum":9,"Frozen Egg 2":11,"Question Card":1,"Ancient Tea Set":11,"Boot":20,"Burning Blood":0,"Anchor":11,"Busted Crown":16,"Black Star":8,"HandDrill":9,"Art of War":11,"Membership Card":1,"Red Skull":4,"FossilizedHelix":20,"Paper Frog":4},{"Girya":0,"PreservedInsect":17,"TH:Strongbox":39,"Pen Nib":67,"Incense Burner":3,"Odd Mushroom":20,"Orichalcum":33,"Frozen Egg 2":39,"Question Card":3,"Ancient Tea Set":39,"Boot":72,"Burning Blood":0,"Anchor":39,"Busted Crown":57,"Black Star":29,"HandDrill":33,"Art of War":39,"Membership Card":3,"Red Skull":13,"FossilizedHelix":72,"Paper Frog":13}],"Burning Blood":132},"card_choices":[{"not_picked":["Rupture","Thunderclap","Armaments"],"picked":"SKIP","floor":1},{"not_picked":["Clothesline","Perfected Strike","Thunderclap"],"picked":"Anger","floor":4},{"not_picked":["Hemokinesis","Body Slam","Shockwave","Perfected Strike"],"picked":"SKIP","floor":5},{"not_picked":["TH:EnergyPotion","TH:Mimic"],"picked":"TH:ElvenBoots","floor":7},{"not_picked":["Cleave","Sword Boomerang","Twin Strike"],"picked":"Whirlwind","floor":7},{"not_picked":["TH:TreasureMap","TH:EnergyPotion"],"picked":"TH:CursedSword","floor":9},{"not_picked":["TH:DeckOfManyThings","TH:ArmorSpikes","TH:ElvenBoots"],"picked":"SKIP","floor":10},{"not_picked":["Rupture","Sentinel","Infernal Blade","Heavy Blade"],"picked":"SKIP","floor":10},{"not_picked":["Second Wind","Perfected Strike","Wild Strike","Armaments"],"picked":"SKIP","floor":14},{"not_picked":["Fiend Fire","Barricade","Bludgeon"],"picked":"Limit Break","floor":16},{"not_picked":["Infernal Blade","Headbutt","Armaments","Thunderclap"],"picked":"SKIP","floor":18},{"not_picked":["Iron Wave+1","Twin Strike","Blood for Blood","Armaments+1"],"picked":"SKIP","floor":22},{"not_picked":["Seeing Red","Whirlwind","Rage"],"picked":"Power Through","floor":23},{"not_picked":["TH:CursedSword","TH:DeckOfManyThings","TH:EnergyPotion"],"picked":"SKIP","floor":23},{"not_picked":["TH:PixieDust","TH:EnergyPotion"],"picked":"TH:CopperCoins","floor":26},{"not_picked":["Perfected Strike","Flame Barrier","Warcry"],"picked":"Body Slam+1","floor":27},{"not_picked":["Headbutt+1","Power Through","Bloodletting+1","Sword Boomerang"],"picked":"SKIP","floor":28},{"not_picked":["Bludgeon","True Grit","Shockwave"],"picked":"Body Slam+1","floor":29},{"not_picked":["Headbutt","Infernal Blade","Rupture+1","Havoc"],"picked":"SKIP","floor":31},{"not_picked":["TH:DeckOfManyThings","TH:BikiniMail"],"picked":"TH:PixieDust","floor":33},{"not_picked":["Juggernaut+1","Feed","Limit Break"],"picked":"Demon Form+1","floor":33},{"not_picked":["Clash+1","Flex+1"],"picked":"SKIP","floor":35},{"not_picked":["Good Instincts"],"picked":"Apotheosis","floor":36},{"not_picked":["Enlightenment"],"picked":"Bandage Up","floor":36},{"not_picked":["Havoc","Body Slam"],"picked":"SKIP","floor":37},{"not_picked":["Clothesline","Clash"],"picked":"SKIP","floor":38},{"not_picked":[],"picked":"TH:CopperCoins","floor":43},{"not_picked":["Infernal Blade","Havoc"],"picked":"SKIP","floor":45},{"not_picked":["TH:DeckOfManyThings"],"picked":"SKIP","floor":47},{"not_picked":["Flex","Dual Wield"],"picked":"SKIP","floor":48}],"player_experience":300413,"relics_obtained":[{"floor":7,"key":"Paper Frog"},{"floor":9,"key":"Red Skull"},{"floor":10,"key":"PreservedInsect"},{"floor":11,"key":"Odd Mushroom"},{"floor":23,"key":"Frozen Egg 2"},{"floor":23,"key":"Anchor"},{"floor":26,"key":"Art of War"},{"floor":43,"key":"Pen Nib"},{"floor":47,"key":"Boot"}],"event_choices":[{"cards_removed":["Defend_R"],"damage_healed":0,"gold_gain":0,"player_choice":"Card Removal","damage_taken":0,"max_hp_gain":0,"max_hp_loss":0,"event_name":"The Cleric","floor":3,"gold_loss":50},{"damage_healed":0,"gold_gain":0,"player_choice":"Fought Mushrooms","damage_taken":0,"max_hp_gain":0,"max_hp_loss":0,"event_name":"Mushrooms","floor":11,"gold_loss":0},{"damage_healed":0,"gold_gain":0,"player_choice":"Bought 1 Potion","damage_taken":0,"max_hp_gain":0,"max_hp_loss":0,"event_name":"The Woman in Blue","floor":12,"gold_loss":0},{"cards_removed":["Limit Break"],"damage_healed":0,"gold_gain":0,"player_choice":"Take \u0026 Give","damage_taken":0,"max_hp_gain":0,"max_hp_loss":0,"event_name":"betterNote:BetterNote","floor":19,"gold_loss":0,"cards_obtained":["Limit Break"]},{"cards_removed":["Strike_R"],"damage_healed":0,"gold_gain":0,"player_choice":"Gave Gold","damage_taken":0,"max_hp_gain":0,"max_hp_loss":0,"event_name":"Beggar","floor":21,"gold_loss":75},{"damage_healed":0,"gold_gain":0,"player_choice":"Paid Fearfully","damage_taken":0,"max_hp_gain":0,"max_hp_loss":0,"event_name":"Masked Bandits","floor":25,"gold_loss":36},{"damage_healed":0,"gold_gain":3,"player_choice":"1","damage_taken":0,"max_hp_gain":0,"max_hp_loss":0,"event_name":"betterStone:BetterStone","floor":36,"gold_loss":0},{"damage_healed":19,"gold_gain":0,"player_choice":"Writhe","damage_taken":0,"max_hp_gain":0,"max_hp_loss":0,"event_name":"Winding Halls","floor":39,"gold_loss":0,"cards_obtained":["Writhe"]},{"cards_removed":["Deep Breath"],"damage_healed":0,"gold_gain":0,"player_choice":"Removed Skill","damage_taken":0,"max_hp_gain":0,"max_hp_loss":0,"event_name":"Falling","floor":41,"gold_loss":0}],"is_beta":false,"boss_relics":[{"not_picked":["Sozu","Cursed Key"],"picked":"Black Star"},{"not_picked":["energizedSpire:NeverEndingSparkler","Runic Cube"],"picked":"Busted Crown"}],"items_purged_floors":[2,20,24,46],"is_endless":false,"potions_floor_spawned":[1,4,10,14,18,22,27,29,31,37],"ascension_level":14}}