{"host":"1qxljlv0g0hslid3","time":1611653904,"event":{"mods":["2.2 Compatiblity","AchievementEnabler","Act Like it!","Astrologer","BaseMod","Beaked The Cultist","BetterRewards","Clawfect","Conspire","Custom Start","Dio Mod","Elementarium","Energized Spire","Gensokyo","GungeonMod","Hallownest","Hermit","Hero for Fun","Hubris","Infinite Spire","Jorbs\u0027s Wanderer Trilogy","LagranYue(???·?)","Lobotomy","LobotomyExtend","Magitek Elite","Marisa????????","Minty Spire (QoL Compilation)","Prisma Mod","Random Character Button","Remilia??????","Replay The Spire","Shade Mod","Shop Mod","StSLib","The Administrix","The Alterego","The Animator","The Bladedancer","The Bug Knight","The Cursed","The Death Knight","The Elementalist","The Hierophant","The Jungle","The Mystic","The Necromancer","The Runesmith","The Saiyan","The Senshi","The Servant 0.9.4","TheSwordswoman","Wandering Minibosses","everything is the same but u backflip on backflip","slay the spire mod where everything is the same but ironclad has a cowboy hat"],"gold_per_floor":[113,73,87,105,24,51,51,80,80,45,45,45,79,79,79,79,79],"floor_reached":16,"language":"ENG","playtime":500,"items_purged":[],"score":116,"play_id":"2522edb1-a664-40b7-be89-f0ef95ec0dad","local_time":"20210126033824","is_ascension_mode":false,"campfire_choices":[{"floor":7,"key":"REST"},{"floor":15,"key":"REST"}],"circlet_count":0,"master_deck":["alterego_mod:Strike","alterego_mod:Strike","alterego_mod:Strike","alterego_mod:Strike","alterego_mod:Defend","alterego_mod:Defend","alterego_mod:Defend","alterego_mod:Defend","alterego_mod:Impale","alterego_mod:BigMeatyClaws","alterego_mod:BrynhildrsRune","alterego_mod:Bounce","alterego_mod:PerceptionDisorder","alterego_mod:IndependentAction","alterego_mod:PerceptionDisorder","alterego_mod:Rip","alterego_mod:IndependentAction"],"relics":["alterego_mod:MasochisticConstitution","LagranYue:RandomDrawCardRelic","Bronze Scales","LetterFromLob","Ginger","DemoMod:Metronome","Replay:Multitool","ReplayTheSpireMod:Shallot","DeathKnight:SindragosasSkull"],"acts_visited":["Exordium"],"potions_floor_usage":[6,8,13],"damage_taken":[{"damage":14,"enemies":"conspire:RoseBush","floor":1,"turns":3},{"damage":5,"enemies":"Cultist","floor":3,"turns":4},{"damage":13,"enemies":"Jaw Worm","floor":4,"turns":5},{"damage":39,"enemies":"Gremlin Nob","floor":6,"turns":4},{"damage":18,"enemies":"3 Sentries","floor":8,"turns":6},{"damage":21,"enemies":"3 Sentries","floor":12,"turns":4},{"damage":8,"enemies":"HollowMod:MossKnight","floor":13,"turns":5},{"damage":43,"enemies":"Slime Boss","floor":16,"turns":5}],"seed_played":"-5051854578631464992","potions_obtained":[{"floor":2,"key":"Venom Potion"},{"floor":2,"key":"conspire:TimeTravelPotion"},{"floor":2,"key":"BlessingOfTheForge"},{"floor":6,"key":"Reflective Coating"},{"floor":12,"key":"DistilledChaos"}],"is_trial":false,"path_per_floor":["M","?","M","M","$","E","R","E","T","?","?","?","E","T","R","B"],"character_chosen":"The_Alterego","items_purchased":["alterego_mod:IndependentAction"],"campfire_rested":2,"item_purchase_floors":[5],"current_hp_per_floor":[57,57,53,41,41,20,42,25,25,43,43,23,16,16,39,0,0],"gold":79,"neow_bonus":"RANDOM_COMMON_RELIC","is_daily":false,"chose_seed":false,"campfire_upgraded":0,"win_rate":0.0,"timestamp":1611653904,"path_taken":["M","?","M","M","?","E","R","E","T","?","?","?","E","?","R","BOSS"],"items_purchased_type":["Card"],"build_version":"2020-12-22","purchased_purges":0,"victory":false,"max_hp_per_floor":[71,71,72,73,73,74,74,75,75,75,75,76,77,77,77,77,77],"card_choices":[{"not_picked":["alterego_mod:Maid","alterego_mod:Nekomimi"],"picked":"alterego_mod:Bounce","floor":1},{"not_picked":["alterego_mod:SakuraFive","alterego_mod:Crossover","alterego_mod:Cycle"],"picked":"SKIP","floor":3},{"not_picked":["alterego_mod:Birthday","alterego_mod:Pet"],"picked":"alterego_mod:PerceptionDisorder","floor":4},{"not_picked":["alterego_mod:Belts","alterego_mod:SakuraLabyrinth"],"picked":"alterego_mod:PerceptionDisorder","floor":6},{"not_picked":["alterego_mod:Complex","alterego_mod:MagicResistance"],"picked":"alterego_mod:Rip","floor":8},{"not_picked":["alterego_mod:Birthday","alterego_mod:DeftHands"],"picked":"alterego_mod:IndependentAction","floor":13}],"player_experience":626698,"relics_obtained":[{"floor":1,"key":"LetterFromLob"},{"floor":6,"key":"Ginger"},{"floor":8,"key":"DemoMod:Metronome"},{"floor":9,"key":"Replay:Multitool"},{"floor":13,"key":"ReplayTheSpireMod:Shallot"},{"floor":14,"key":"DeathKnight:SindragosasSkull"}],"event_choices":[{"damage_healed":0,"gold_gain":0,"player_choice":"Bought 3 Potions","damage_taken":0,"max_hp_gain":0,"max_hp_loss":0,"event_name":"The Woman in Blue","floor":2,"gold_loss":0},{"damage_healed":18,"gold_gain":0,"player_choice":"Healed","damage_taken":0,"max_hp_gain":0,"max_hp_loss":0,"event_name":"The Cleric","floor":10,"gold_loss":35}],"is_beta":false,"boss_relics":[],"items_purged_floors":[],"is_endless":false,"potions_floor_spawned":[3,6,12],"killed_by":"Slime Boss","ascension_level":0}}