{"host":"b4vwm7jq6jdk6nca","time":1611638279,"event":{"mods":["Act Like it!","BaseMod","Downfall","Minty Spire (QoL Compilation)","Pale of the Ancients","Quick Restart","Relic Filter Mod","StSLib","TestMod","The Cursed","[IsaacMod]以撒尖塔"],"gold_per_floor":[109,109,125,137,150,150,150,184,184,243,643,654,326,326,326,413,422,442,442,465,250,250,250],"floor_reached":22,"language":"ZHS","playtime":560,"items_purged":["Strike_G","Defend_G"],"score":488,"play_id":"5582c979-ce34-492b-bd01-21e82e0fd32b","local_time":"20210126131759","is_ascension_mode":true,"campfire_choices":[{"data":"Neutralize","floor":7.0,"key":"SMITH"},{"data":"After Image","floor":15.0,"key":"SMITH"}],"circlet_count":0,"master_deck":["AscendersBane","Strike_G","Strike_G+1","Strike_G+1","Defend_G","Defend_G","Defend_G","Defend_G","Survivor","Neutralize+1","BettingIsNotGood","Dagger Spray","Bouncing Flask","Bane","Terror","Footwork","After Image+1","Glass Knife","Backstab","Riddle With Holes","Blade Dance+1","testmod-Arrangement"],"relics":["Ring of the Snake","testmod-TestBox","HushsDoor","MoneyPower","testmod-TimeTraveler","AnarchistCookbook","Sundial","CeramicFish","Membership Card","NeowsBlessing","testmod-DeterminationOfClimber","Omamori","Chemical X"],"acts_visited":["Exordium","TheCity"],"potions_floor_usage":[],"damage_taken":[{"damage":0.0,"enemies":"Cultist","floor":1.0,"turns":1.0},{"damage":0.0,"enemies":"2 Louse","floor":3.0,"turns":1.0},{"damage":0.0,"enemies":"Jaw Worm","floor":4.0,"turns":1.0},{"damage":9.0,"enemies":"Exordium Wildlife","floor":5.0,"turns":3.0},{"damage":12.0,"enemies":"Lagavulin","floor":8.0,"turns":4.0},{"damage":2.0,"enemies":"Gremlin Nob","floor":10.0,"turns":3.0},{"damage":6.0,"enemies":"Blue Slaver","floor":12.0,"turns":3.0},{"damage":0.0,"enemies":"Slime Boss","floor":16.0,"turns":1.0},{"damage":0.0,"enemies":"Shell Parasite","floor":18.0,"turns":1.0},{"damage":0.0,"enemies":"3 Byrds","floor":20.0,"turns":1.0},{"damage":0,"enemies":"Snake Plant","floor":22,"turns":1}],"seed_played":"-277148490005062574","potions_obtained":[{"floor":1.0,"key":"Strength Potion"},{"floor":4.0,"key":"testmod-SpacePotion"},{"floor":12.0,"key":"Block Potion"},{"floor":18.0,"key":"testmod-TestPotion"}],"is_trial":false,"path_per_floor":["M","?","M","M","M","$","R","E","T","E","?","M","$","?","R","B",null,"M","?","M","$","M"],"character_chosen":"THE_SILENT","items_purchased":["Membership Card","Whetstone","After Image","Backstab","testmod-Arrangement","Chemical X"],"campfire_rested":0,"item_purchase_floors":[13,13,13,17,21,21],"current_hp_per_floor":[59,59,59,59,50,50,50,38,38,36,36,30,30,30,30,30,51,52,37,43,43,43,43],"gold":250,"neow_bonus":"THREE_ENEMY_KILL","is_daily":false,"chose_seed":false,"campfire_upgraded":2,"win_rate":0.0,"timestamp":1611638279,"path_taken":["M","?","M","?","M","$","R","E","T","E","?","M","$","?","R","BOSS","M","?","M","$","M"],"items_purchased_type":["Relic","Relic","Card","Card","Card","Relic"],"build_version":"2020-12-22","purchased_purges":2,"victory":false,"max_hp_per_floor":[66,66,66,66,66,66,66,66,66,66,66,66,66,66,66,66,58,58,58,58,58,58,58],"card_choices":[{"not_picked":[],"picked":"BettingIsNotGood","floor":0.0},{"not_picked":["Bane","Deflect"],"picked":"Dagger Spray","floor":1.0},{"not_picked":["Calculated Gamble","Deflect"],"picked":"Bouncing Flask","floor":3.0},{"not_picked":["Grand Finale","Deadly Poison"],"picked":"Bomb","floor":4.0},{"not_picked":["Quick Slash","Poisoned Stab"],"picked":"Bane","floor":5.0},{"not_picked":["Leg Sweep","Bomb"],"picked":"Terror","floor":8.0},{"not_picked":["Finisher","Cloak And Dagger"],"picked":"Footwork","floor":10.0},{"not_picked":["Sucker Punch","Deadly Poison","Outmaneuver"],"picked":"SKIP","floor":12.0},{"not_picked":["Die Die Die","Tools of the Trade"],"picked":"Glass Knife","floor":16.0},{"not_picked":["Flying Knee","Underhanded Strike+1"],"picked":"Riddle With Holes","floor":18.0},{"not_picked":["Poisoned Stab","Backflip+1"],"picked":"Blade Dance+1","floor":20.0}],"player_experience":300637,"relics_obtained":[{"floor":8.0,"key":"AnarchistCookbook"},{"floor":9.0,"key":"Sundial"},{"floor":10.0,"key":"CeramicFish"}],"event_choices":[{"cards_removed":["Strike_G"],"damage_healed":0.0,"max_hp_gain":0.0,"max_hp_loss":0.0,"gold_gain":0.0,"event_name":"Living Wall","player_choice":"Forget","floor":2.0,"gold_loss":0.0,"damage_taken":0.0},{"damage_healed":0.0,"max_hp_gain":0.0,"max_hp_loss":0.0,"gold_gain":400.0,"event_name":"恩洛斯的盘子","player_choice":"Sell","floor":11.0,"relics_lost":["NeowsBlessing"],"gold_loss":0.0,"damage_taken":0.0},{"damage_healed":0.0,"max_hp_gain":0.0,"max_hp_loss":0.0,"gold_gain":0.0,"event_name":"给自己的盒子","player_choice":"Swap Relic","floor":14.0,"relics_lost":["Whetstone"],"gold_loss":0.0,"damage_taken":0.0,"relics_obtained":["NeowsBlessing"]}],"is_beta":false,"boss_relics":[{"not_picked":["testmod-Recursion","Fusion Hammer"],"picked":"testmod-DeterminationOfClimber"},{"not_picked":[]}],"items_purged_floors":[17,21],"is_endless":false,"potions_floor_spawned":[1,4,12,18],"killed_by":"Snake Plant","ascension_level":20}}