{"host":"18wi9kpcl4eah7pe","time":1611644554,"event":{"mods":["BaseMod","Colored Powertips","Downfall","Minty Spire (QoL Compilation)","StSLib"],"gold_per_floor":[99,117,137,237,73,73,73,73,73,73,92,107,257,283,294,294,294,294],"floor_reached":16,"language":"ENG","playtime":449,"items_purged":[],"score":100,"play_id":"a3e45ffb-00cf-46c2-b93d-169739c97de9","local_time":"20210126010234","is_ascension_mode":false,"campfire_choices":[{"floor":1,"key":"RECALL"}],"circlet_count":0,"master_deck":["sneckomod:Strike","sneckomod:Strike","sneckomod:Strike","sneckomod:Defend","sneckomod:Defend","sneckomod:Defend","sneckomod:TailWhip","sneckomod:SnekBite","sneckomod:Unknown","sneckomod:WideSting","sneckomod:PureSnecko","Slimebound:FormOfPuddle","sneckomod:MixItUp","sneckomod:IronFang","sneckomod:UnknownVulnerable","sneckomod:Memorize"],"relics":["sneckomod:SneckoSoul","bronze:DonusWashers","Ginger","Tiny Chest","Nunchaku"],"acts_visited":["Exordium"],"potions_floor_usage":[14,16],"damage_taken":[{"damage":3,"enemies":"Jaw Worm","floor":2,"turns":3},{"damage":5,"enemies":"2 Louse","floor":3,"turns":2},{"damage":0,"enemies":"downfall:FleeingMerchant","floor":5,"turns":4},{"damage":0,"enemies":"Cultist","floor":11,"turns":2},{"damage":11,"enemies":"Gremlin Gang","floor":12,"turns":4},{"damage":49,"enemies":"3 Sentries","floor":14,"turns":10},{"damage":10,"enemies":"2 Fungi Beasts","floor":15,"turns":3},{"damage":24,"enemies":"DF_ARCHETYPE_STREAMLINE","floor":16,"turns":3}],"seed_played":"6434553293631164847","potions_obtained":[{"floor":0,"key":"EntropicBrew"},{"floor":0,"key":"FearPotion"},{"floor":0,"key":"DuplicationPotion"}],"is_trial":false,"path_per_floor":["R","M","M","?","$","R","T","?","T","?","M","M","?","E","M","B"],"character_chosen":"THE_SNECKO","items_purchased":["bronze:DonusWashers"],"campfire_rested":0,"item_purchase_floors":[5],"current_hp_per_floor":[90,87,82,82,82,82,82,82,82,82,82,71,71,22,12,0,0,0],"gold":294,"neow_bonus":"THREE_SMALL_POTIONS","is_daily":false,"chose_seed":false,"campfire_upgraded":0,"win_rate":0.0,"timestamp":1611644554,"path_taken":["R","M","M","?","$","R","T","?","?","?","M","?","?","E","M","BOSS"],"items_purchased_type":["Relic"],"build_version":"2020-12-22","purchased_purges":0,"victory":false,"max_hp_per_floor":[90,90,90,90,90,90,90,90,90,90,90,90,90,90,90,90,90,90],"card_choices":[{"not_picked":["sneckomod:MasterEye","sneckomod:UnknownUncommonPower"],"picked":"sneckomod:WideSting","floor":2},{"not_picked":["sneckomod:RainOfDice","sneckomod:UnknownCommonAttack","sneckomod:UnknownStrike"],"picked":"SKIP","floor":3},{"not_picked":["sneckomod:IronFang","sneckomod:SoulDraw"],"picked":"sneckomod:PureSnecko","floor":5},{"not_picked":["sneckomod:DiceCrush","sneckomod:DiceBlock"],"picked":"sneckomod:MixItUp","floor":11},{"not_picked":["sneckomod:DiceCrush","sneckomod:Nope"],"picked":"sneckomod:IronFang","floor":12},{"not_picked":["sneckomod:UnknownBlock","sneckomod:DiceBlock"],"picked":"sneckomod:UnknownVulnerable","floor":14},{"not_picked":["sneckomod:DiceBoulder","sneckomod:WideSting"],"picked":"sneckomod:Memorize","floor":15}],"player_experience":964638,"relics_obtained":[{"floor":7,"key":"Ginger"},{"floor":9,"key":"Tiny Chest"},{"floor":14,"key":"Nunchaku"}],"event_choices":[{"damage_healed":0,"gold_gain":0,"player_choice":"Box","damage_taken":0,"relics_obtained":["bronze:DecasWashers"],"max_hp_gain":0,"max_hp_loss":0,"event_name":"Big Fish","floor":8,"gold_loss":0,"cards_obtained":["Regret"]},{"cards_removed":["Regret"],"damage_healed":0,"gold_gain":0,"player_choice":"Forget","damage_taken":0,"max_hp_gain":0,"max_hp_loss":0,"event_name":"Living Wall","floor":10,"gold_loss":0}],"is_beta":false,"boss_relics":[],"items_purged_floors":[],"is_endless":false,"potions_floor_spawned":[3,11],"killed_by":"DF_ARCHETYPE_STREAMLINE","ascension_level":0}}