{"host":"0rdbtfh27r6ur4pq","time":1611693043,"event":{"mods":["BaseMod","Colored Map","Colored Powertips","Downfall","Hubris","Minty Spire (QoL Compilation)","Quick Restart","Replay The Spire","StSLib","SuperFastMode"],"gold_per_floor":[99,99,112,132,132,142,142,159,187,87,187,187,187,187],"floor_reached":12,"language":"ENG","playtime":770,"items_purged":[],"score":78,"play_id":"185d91a6-82f2-44fd-8829-9f545e18aea1","local_time":"20210126143043","is_ascension_mode":false,"campfire_choices":[{"floor":1,"key":"RECALL"},{"data":"hexamod:SoulSteal","floor":10,"key":"SMITH"}],"circlet_count":0,"master_deck":["hexamod:Strike","hexamod:Strike","hexamod:Strike","hexamod:Strike","hexamod:Defend","hexamod:Defend","hexamod:Defend","hexamod:Defend","hexamod:Sear+1","hexamod:Float","hexamod:ThermalTransfer","hexamod:GhostShield","hexamod:BurningTouch","hexamod:SoulSteal+1","hexamod:WildfireWeapon"],"relics":["hexamod:SpiritBrand","PreservedInsect","Omamori","downfall:HeartBlessingRed","downfall:GremlinWheel"],"acts_visited":["Exordium"],"potions_floor_usage":[11,12,12],"damage_taken":[{"damage":0,"enemies":"Small Slimes","floor":3,"turns":3},{"damage":0,"enemies":"2 Louse","floor":4,"turns":3},{"damage":0,"enemies":"Cultist","floor":6,"turns":3},{"damage":4,"enemies":"Red Slaver","floor":8,"turns":4},{"damage":7,"enemies":"3 Sentries","floor":9,"turns":7},{"damage":60,"enemies":"3 Sentries","floor":11,"turns":5},{"damage":16,"enemies":"Gremlin Nob","floor":12,"turns":2}],"seed_played":"-2206460796497299783","potions_obtained":[{"floor":3,"key":"PowerPotion"},{"floor":8,"key":"SpeedPotion"},{"floor":9,"key":"BlessingOfTheForge"}],"is_trial":false,"path_per_floor":["R","?","M","M","?","M","T","M","E","R","?","E"],"character_chosen":"THE_SPIRIT","items_purchased":[],"campfire_rested":0,"item_purchase_floors":[],"current_hp_per_floor":[77,74,74,74,74,74,74,70,63,63,3,0,0,0],"gold":187,"neow_bonus":"TEN_PERCENT_HP_BONUS","is_daily":false,"chose_seed":false,"campfire_upgraded":1,"win_rate":0.0,"timestamp":1611693043,"path_taken":["R","?","M","M","?","M","T","M","E","R","?","E"],"items_purchased_type":[],"build_version":"2020-12-22","purchased_purges":0,"victory":false,"max_hp_per_floor":[77,77,77,77,77,77,77,77,77,77,77,77,77,77],"card_choices":[{"not_picked":["hexamod:FirstSeal","hexamod:GhostLash"],"picked":"hexamod:ThermalTransfer","floor":3},{"not_picked":["hexamod:NightmareStrike","hexamod:NecessarySacrifice"],"picked":"hexamod:GhostShield","floor":4},{"not_picked":["hexamod:RecurringNightmare","hexamod:SpectersWail"],"picked":"hexamod:BurningTouch","floor":6},{"not_picked":["hexamod:HauntingEcho","hexamod:SpectersWail"],"picked":"hexamod:SoulSteal","floor":8},{"not_picked":["hexamod:HeatMetal","hexamod:Hexaguard"],"picked":"hexamod:WildfireWeapon","floor":9}],"player_experience":89407,"relics_obtained":[{"floor":9,"key":"Omamori"},{"floor":11,"key":"downfall:GremlinWheel"}],"event_choices":[{"damage_healed":0,"gold_gain":0,"player_choice":"Success","damage_taken":3,"relics_obtained":["PreservedInsect"],"max_hp_gain":0,"max_hp_loss":0,"event_name":"Scrap Ooze","floor":2,"gold_loss":0}],"is_beta":false,"boss_relics":[],"items_purged_floors":[],"is_endless":false,"potions_floor_spawned":[3,8,9],"killed_by":"Gremlin Nob","ascension_level":0}}