{"host":"5853c1oyph9xmrns","time":1611623104,"event":{"mods":["BaseMod","Colored Powertips","Downfall","Googly Eyes","Hermit","Mimic Mod","Minty Spire (QoL Compilation)","Quick Restart","Rare Cards Sparkle","StSLib","The IronCluck","Wide Potions"],"gold_per_floor":[349,360,394,408,419,23,59,70,32,48,33,133,149,97,116,216,216,116,129,140,140,155,171,209,309,342,242,280,299,199,199,216,314,314,314,332,346,363,1362,1394,1394,1394,1394,1406,1431,1448,1448,1478,1492,1492,1492,1492],"floor_reached":50,"language":"ENG","playtime":3153,"items_purged":[],"score":925,"play_id":"e556391b-5a77-4017-8c6b-138aefec53e9","local_time":"20210125210504","is_ascension_mode":true,"campfire_choices":[{"floor":1.0,"key":"RECALL"},{"data":"bronze:Break","floor":18.0,"key":"SMITH"},{"data":"bronze:ItsAFeature","floor":27,"key":"SMITH"},{"data":"bronze:Library","floor":30,"key":"SMITH"},{"data":"bronze:MaxOutput","floor":35,"key":"SMITH"},{"data":"bronze:Mutator","floor":47,"key":"SMITH"}],"circlet_count":0,"master_deck":["bronze:Strike","bronze:Strike","bronze:Strike","bronze:Defend","bronze:Defend","bronze:Defend","bronze:Defend","bronze:Replicate","bronze:Goto","bronze:Separator","bronze:Repair","bronze:WhirlingStrike","bronze:ChildClass","bronze:Repair","bronze:Break+1","bronze:ClassDefault","bronze:Shield","bronze:ItsAFeature+1","bronze:Repair","bronze:HyperBeam","bronze:OilSpill","bronze:WildBeam","bronze:OilSpill","bronze:Terminator","bronze:MaxOutput+1","bronze:ItsAFeature","bronze:BugBarrage","bronze:Library+1","CurseOfTheBell","bronze:BronzeOrb","bronze:Refactor","bronze:Allocate","bronze:BugBarrage","bronze:Terminator","downfall:Haunted","downfall:Haunted","downfall:Haunted","bronze:Format","Normality","Shame","bronze:HardenedForm","bronze:Allocate+1","bronze:Overload+1","bronze:BugBarrage","bronze:Mutator+1","bronze:BuggyMess+1","bronze:DigitalCarnage+1","bronze:InfiniteBeams","bronze:BuggyMess","bronze:RecursiveStrike","bronze:WhirlingStrike+1","bronze:Safeguard+1","bronze:Repulsor+1"],"relics":["bronze:BronzeCore","Bag of Marbles","Toy Ornithopter","Anchor","downfall:GremlinWheel","Calling Bell","Happy Flower","Blue Candle","Dead Branch","downfall:HeartBlessingRed","Kunai","Du-Vu Doll","Omamori","downfall:HeartBlessingGreen","downfall:HeartBlessingBlue","Black Star","PreservedInsect","bronze:SilverBullet","Eternal Feather","downfall:TeleportStone","Juzu Bracelet","Boot","Lantern"],"acts_visited":["Exordium","TheCity","TheBeyond"],"potions_floor_usage":[],"damage_taken":[{"damage":2.0,"enemies":"Cultist","floor":2.0,"turns":5.0},{"damage":12.0,"enemies":"Small Slimes","floor":3.0,"turns":8.0},{"damage":6.0,"enemies":"Small Slimes","floor":4.0,"turns":3.0},{"damage":1.0,"enemies":"2 Louse","floor":5.0,"turns":3.0},{"damage":1.0,"enemies":"downfall:FleeingMerchant","floor":6.0,"turns":4.0},{"damage":11.0,"enemies":"Blue Slaver","floor":7.0,"turns":8.0},{"damage":0.0,"enemies":"Blue Slaver","floor":8.0,"turns":2.0},{"damage":15.0,"enemies":"downfall:FleeingMerchant","floor":9.0,"turns":4.0},{"damage":11.0,"enemies":"Exordium Wildlife","floor":10.0,"turns":5.0},{"damage":2.0,"enemies":"downfall:FleeingMerchant","floor":11.0,"turns":4.0},{"damage":25.0,"enemies":"downfall:FleeingMerchant","floor":12.0,"turns":4.0},{"damage":9.0,"enemies":"Lots of Slimes","floor":13.0,"turns":4.0},{"damage":17.0,"enemies":"downfall:FleeingMerchant","floor":14.0,"turns":4.0},{"damage":0.0,"enemies":"Large Slime","floor":15.0,"turns":1.0},{"damage":0.0,"enemies":"IC_STATUS_ARCHETYPE","floor":16.0,"turns":2.0},{"damage":6.0,"enemies":"Chosen","floor":19.0,"turns":4.0},{"damage":0.0,"enemies":"Shell Parasite","floor":20.0,"turns":1.0},{"damage":22.0,"enemies":"Snake Plant","floor":22.0,"turns":3.0},{"damage":0.0,"enemies":"Snecko","floor":23.0,"turns":2.0},{"damage":13.0,"enemies":"Centurion and Healer","floor":24.0,"turns":6.0},{"damage":0,"enemies":"Book of Stabbing","floor":26,"turns":2},{"damage":7,"enemies":"Centurion and Healer","floor":28,"turns":3},{"damage":0,"enemies":"Centurion and Healer","floor":29,"turns":3},{"damage":1,"enemies":"Chosen and Byrds","floor":32,"turns":4},{"damage":60,"enemies":"WA_ARCHETYPE_CALM","floor":33,"turns":7},{"damage":18,"enemies":"3 Darklings","floor":36,"turns":4},{"damage":12,"enemies":"3 Shapes","floor":37,"turns":4},{"damage":1,"enemies":"Transient","floor":38,"turns":5},{"damage":3,"enemies":"Giant Head","floor":40,"turns":5},{"damage":2,"enemies":"3 Darklings","floor":44,"turns":1},{"damage":18,"enemies":"Jaw Worm Horde","floor":46,"turns":3},{"damage":1,"enemies":"Reptomancer","floor":48,"turns":2},{"damage":48,"enemies":"Maw","floor":49,"turns":7},{"damage":85,"enemies":"DF_ARCHETYPE_ORBS","floor":50,"turns":5}],"seed_played":"9042555677970414084","potions_obtained":[{"floor":5.0,"key":"SteroidPotion"},{"floor":8.0,"key":"Swift Potion"},{"floor":10.0,"key":"FairyPotion"},{"floor":12.0,"key":"Energy Potion"},{"floor":15.0,"key":"ColorlessPotion"},{"floor":16.0,"key":"GamblersBrew"},{"floor":23.0,"key":"LiquidBronze"},{"floor":26,"key":"EssenceOfSteel"}],"is_trial":false,"path_per_floor":["R","M","MIM","M","M","$","MIM","M","$","M","$","?","M","$","M","B",null,"R","M","M","?","M","M","MIM","?","E","R","MIM","M","R","?","M","B",null,"R","M","M","M","?","E","T","?","?","M","T","M","R","E","M","B"],"character_chosen":"THE_AUTOMATON","items_purchased":["bronze:Break","bronze:ClassDefault","Toy Ornithopter","bronze:Shield","bronze:OilSpill","bronze:ItsAFeature"],"campfire_rested":0,"item_purchase_floors":[6,6,6,6,9,14],"current_hp_per_floor":[49,47,35,36,42,48,51,51,43,53,65,40,38,42,42,52,70,70,64,64,64,49,49,70,75,75,75,68,68,78,78,77,17,85,85,67,62,68,68,79,79,79,79,77,77,59,85,84,43,0,0,0],"gold":1492,"neow_bonus":"TWO_FIFTY_GOLD","is_daily":false,"chose_seed":false,"campfire_upgraded":5,"win_rate":0.0,"timestamp":1611623104,"path_taken":["R","M","?","?","?","?","MIM","M","$","M","?","?","?","$","M","BOSS","R","M","M","?","?","M","MIM","?","E","R","?","M","R","?","M","BOSS","R","M","M","M","?","E","T","?","?","?","?","M","R","E","M","BOSS"],"items_purchased_type":["Card","Card","Relic","Card","Card","Card"],"build_version":"2020-12-22","purchased_purges":0,"victory":false,"max_hp_per_floor":[70,70,70,70,70,70,70,70,70,70,70,70,70,70,70,70,70,70,70,70,70,70,70,70,75,75,75,75,75,85,85,85,85,85,85,85,85,85,85,85,85,85,85,85,85,85,85,85,85,85,85,85],"card_choices":[{"not_picked":["bronze:Shield","bronze:Constructor"],"picked":"bronze:Separator","floor":2.0},{"not_picked":["bronze:NullPointer","bronze:OilSpill"],"picked":"bronze:Repair","floor":3.0},{"not_picked":["bronze:DelayedGuard","bronze:Shell"],"picked":"bronze:WhirlingStrike","floor":4.0},{"not_picked":["bronze:Constructor","bronze:Frontload"],"picked":"bronze:ChildClass","floor":5.0},{"not_picked":["bronze:Safeguard","bronze:BitShift"],"picked":"bronze:Repair","floor":6.0},{"not_picked":["bronze:Terminator","bronze:BronzeOrb"],"picked":"bronze:ItsAFeature","floor":7.0},{"not_picked":["bronze:ForceShield","bronze:BitShift"],"picked":"bronze:Repair","floor":8.0},{"not_picked":["bronze:CloningBeam","bronze:Frontload"],"picked":"bronze:HyperBeam","floor":9.0},{"not_picked":["bronze:GetLatest","bronze:Branch"],"picked":"bronze:WildBeam","floor":10.0},{"not_picked":["bronze:WhirlingStrike","bronze:DelayedGuard"],"picked":"bronze:OilSpill","floor":11.0},{"not_picked":["bronze:OilSpill","bronze:BuggyMess"],"picked":"bronze:Terminator","floor":13.0},{"not_picked":["bronze:Repair","bronze:WildBeam"],"picked":"bronze:MaxOutput","floor":14.0},{"not_picked":["bronze:Constructor","bronze:FineTuning"],"picked":"bronze:BugBarrage","floor":15.0},{"not_picked":["bronze:Virus","bronze:RecursiveStrike"],"picked":"bronze:Library","floor":16.0},{"not_picked":["bronze:WhirlingStrike+1","bronze:ChildClass"],"picked":"bronze:BronzeOrb","floor":19.0},{"not_picked":["bronze:Fortify","bronze:Separator"],"picked":"bronze:Refactor","floor":20.0},{"not_picked":["bronze:Philosophize","bronze:Frontload"],"picked":"bronze:Allocate","floor":22.0},{"not_picked":["bronze:WhirlingStrike","bronze:Constructor"],"picked":"bronze:BugBarrage","floor":23.0},{"not_picked":["bronze:NullPointer","bronze:Separator"],"picked":"bronze:Terminator","floor":24.0},{"not_picked":["bronze:BugBarrage","bronze:Frontload+1"],"picked":"bronze:HardenedForm","floor":26},{"not_picked":["bronze:ChildClass","bronze:Branch"],"picked":"bronze:Allocate+1","floor":28},{"not_picked":["bronze:DelayedGuard+1","bronze:FineTuning+1"],"picked":"bronze:Overload+1","floor":29},{"not_picked":["bronze:Separator+1","bronze:FineTuning"],"picked":"bronze:BugBarrage","floor":32},{"not_picked":["bronze:ThunderWave","bronze:Format"],"picked":"bronze:Mutator","floor":33},{"not_picked":["bronze:Fortify","bronze:CutThrough+1"],"picked":"bronze:BuggyMess+1","floor":36},{"not_picked":["bronze:Shell+1","bronze:FollowUp+1"],"picked":"bronze:DigitalCarnage+1","floor":37},{"not_picked":["bronze:GetLatest+1","bronze:Shield+1"],"picked":"bronze:InfiniteBeams","floor":38},{"not_picked":["bronze:Backtrace+1","bronze:WildBeam"],"picked":"bronze:BuggyMess","floor":40},{"not_picked":["bronze:Fortify","bronze:Flail"],"picked":"bronze:RecursiveStrike","floor":44},{"not_picked":["bronze:Branch","bronze:Shell"],"picked":"bronze:WhirlingStrike+1","floor":46},{"not_picked":["bronze:WhirlingStrike","bronze:Separator"],"picked":"bronze:Safeguard+1","floor":48},{"not_picked":["bronze:Iterate+1","bronze:Separator"],"picked":"bronze:Repulsor+1","floor":49}],"player_experience":460087,"relics_obtained":[{"floor":3.0,"key":"Bag of Marbles"},{"floor":7.0,"key":"Anchor"},{"floor":12.0,"key":"downfall:GremlinWheel"},{"floor":17.0,"key":"Happy Flower"},{"floor":17.0,"key":"Blue Candle"},{"floor":17.0,"key":"Dead Branch"},{"floor":24.0,"key":"Kunai"},{"floor":26,"key":"Omamori"},{"floor":40,"key":"PreservedInsect"},{"floor":40,"key":"bronze:SilverBullet"},{"floor":41,"key":"Eternal Feather"},{"floor":45,"key":"Juzu Bracelet"},{"floor":48,"key":"Boot"},{"floor":48,"key":"Lantern"}],"event_choices":[{"damage_healed":0,"gold_gain":0,"player_choice":"Ignored","damage_taken":0,"max_hp_gain":0,"max_hp_loss":0,"event_name":"Ghosts","floor":31,"gold_loss":0},{"cards_removed":["bronze:Strike"],"damage_healed":0,"gold_gain":0,"player_choice":"Removed Attack","damage_taken":0,"max_hp_gain":0,"max_hp_loss":0,"event_name":"Falling","floor":42,"gold_loss":0}],"is_beta":false,"boss_relics":[{"not_picked":["Velvet Choker","Astrolabe"],"picked":"Calling Bell"},{"not_picked":["Fusion Hammer","Sozu"],"picked":"Black Star"}],"items_purged_floors":[],"is_endless":false,"potions_floor_spawned":[5,8,10,12,13,15,16,23,26,29,32,36,37,44,48],"killed_by":"DF_ARCHETYPE_ORBS","ascension_level":1}}