{"host":"qbvxbacgnxuisbbe","time":1611660890,"event":{"mods":["Alarm Clock","BaseMod","Humility","Minty Spire (QoL Compilation)","StSLib"],"gold_per_floor":[113,113,133,133,55,94,94,127,127,127,127],"floor_reached":10,"language":"ENG","playtime":335,"items_purged":[],"score":148,"play_id":"18760f2e-43be-4561-a555-759da94fb269","local_time":"20210126113450","is_ascension_mode":true,"campfire_choices":[],"circlet_count":0,"master_deck":["AscendersBane","Strike_R","Strike_R","Strike_R","Strike_R","Defend_R","Defend_R","Defend_R","Bash","Pummel","Inflame+1","Hemokinesis","Inflame","Seeing Red"],"relics":["Burning Blood","Golden Idol","Pantograph","Art of War","Meat on the Bone"],"acts_visited":["Exordium"],"potions_floor_usage":[6,10],"damage_taken":[{"damage":5.0,"enemies":"2 Louse","floor":1.0,"turns":3.0},{"damage":19.0,"enemies":"Jaw Worm","floor":3.0,"turns":3.0},{"damage":15,"enemies":"Gremlin Nob","floor":6,"turns":3},{"damage":46,"enemies":"3 Sentries","floor":8,"turns":8},{"damage":22,"enemies":"Lagavulin","floor":10,"turns":3}],"seed_played":"8136805651394867834","potions_obtained":[{"floor":1.0,"key":"FairyPotion"},{"floor":3.0,"key":"Strength Potion"},{"floor":8,"key":"DuplicationPotion"}],"is_trial":false,"path_per_floor":["M","?","M","?","$","E","?","E","T","E"],"character_chosen":"IRONCLAD","items_purchased":["Inflame"],"campfire_rested":0,"item_purchase_floors":[5],"current_hp_per_floor":[69,68,55,55,55,46,39,24,24,2,2],"gold":127,"neow_bonus":"TRANSFORM_CARD","is_daily":false,"chose_seed":false,"campfire_upgraded":0,"win_rate":0.0,"timestamp":1611660890,"path_taken":["M","?","M","?","$","E","?","E","T","E"],"items_purchased_type":["Card"],"build_version":"2020-12-22","purchased_purges":0,"victory":false,"max_hp_per_floor":[75,68,68,68,68,68,68,68,68,68,68],"card_choices":[{"not_picked":["Entrench","Cleave"],"picked":"Inflame","floor":1.0},{"not_picked":["Warcry","Armaments"],"picked":"Hemokinesis","floor":3.0},{"not_picked":["Intimidate","Dark Embrace"],"picked":"Seeing Red","floor":6},{"not_picked":["Whirlwind","Warcry","Intimidate"],"picked":"SKIP","floor":8}],"player_experience":130476,"relics_obtained":[{"floor":6,"key":"Pantograph"},{"floor":8,"key":"Art of War"},{"floor":9,"key":"Meat on the Bone"}],"event_choices":[{"damage_healed":0.0,"max_hp_gain":0.0,"max_hp_loss":7.0,"gold_gain":0.0,"event_name":"Golden Idol","player_choice":"Lose Max HP","floor":2.0,"gold_loss":0.0,"damage_taken":0.0,"relics_obtained":["Golden Idol"]},{"damage_healed":0.0,"max_hp_gain":0.0,"max_hp_loss":0.0,"gold_gain":0.0,"event_name":"Living Wall","player_choice":"Grow","floor":4.0,"gold_loss":0.0,"damage_taken":0.0,"cards_upgraded":["Inflame"]},{"cards_removed":["Defend_R"],"damage_healed":0,"gold_gain":0,"player_choice":"Card Removal","damage_taken":7,"max_hp_gain":0,"max_hp_loss":0,"event_name":"Golden Wing","floor":7,"gold_loss":0}],"is_beta":false,"boss_relics":[],"items_purged_floors":[],"is_endless":false,"potions_floor_spawned":[1,3,8],"killed_by":"Lagavulin","ascension_level":20,"is_humility":true}}