{"host":"ojezjkpqju62j8xy","time":1611634277,"event":{"mods":["ATMod(°¢èªMod)","Act Like it!","Aspiration","BaseMod","Conspire","Minty Spire (QoL Compilation)","Pale of the Ancients","Replay The Spire","Spicy Shops","StSLib","[GremlinLeader]The Maniac","¡¾ÒÅÎï¿¨ÅÆ¡¿REMEMod"],"gold_per_floor":[117,97,116,116,116,147,147,172,172,202,14,48,68,84,84,84,84],"floor_reached":16,"language":"ZHS","playtime":379,"items_purged":[],"score":198,"play_id":"7bd95026-b511-41c9-88a9-1e0c09e234fa","local_time":"20210126121117","is_ascension_mode":true,"campfire_choices":[{"floor":7.0,"key":"REST"}],"circlet_count":0,"master_deck":["AscendersBane","Strike_B","Strike_B","Strike_B","Strike_B","Defend_B","Defend_B","Defend_B","Defend_B","Zap","Dualcast","AT_EmpoweredMortalDraw","AT_ChampionKick","Regret","Conserve Battery","Cold Snap","Rebound","Beam Cell","Sweeping Beam","Tempest","AT_ThunderBolt+1","Chaos","FTL"],"relics":["Cracked Core","AT_ATBox","REME_ComplimentaryCards","aspiration:ChemicalBlood","conspire:DeflatedDodgeball","Replay:Mystery Machine","Cables","Frozen Egg 2","AT_ArchangelStaff","Art of War"],"acts_visited":["Exordium"],"potions_floor_usage":[12,13,16,16],"damage_taken":[{"damage":0.0,"enemies":"2 Louse","floor":1.0,"turns":1.0},{"damage":0.0,"enemies":"Cultist","floor":3.0,"turns":2.0},{"damage":23.0,"enemies":"3 Sentries","floor":6.0,"turns":5.0},{"damage":27.0,"enemies":"Gremlin Nob","floor":8.0,"turns":4.0},{"damage":5.0,"enemies":"3 Sentries","floor":10.0,"turns":4.0},{"damage":23,"enemies":"Gremlin Nob","floor":12,"turns":3},{"damage":0,"enemies":"Jaw Worm","floor":13,"turns":2},{"damage":10,"enemies":"Blue Slaver","floor":14,"turns":3},{"damage":4,"enemies":"Slime Boss","floor":16,"turns":4}],"seed_played":"-5890418624212189071","potions_obtained":[{"floor":1.0,"key":"DuplicationPotion"},{"floor":2.0,"key":"Weak Potion"},{"floor":12,"key":"SkillPotion"},{"floor":14,"key":"FearPotion"}],"is_trial":false,"path_per_floor":["M","?","M","?","?","E","R","E","T","E","$","E","M","M","R","B"],"character_chosen":"DEFECT","items_purchased":["AT_ArchangelStaff","Tempest"],"campfire_rested":1,"item_purchase_floors":[11,11],"current_hp_per_floor":[68,68,68,68,68,45,67,40,40,35,35,12,12,2,2,0,0],"gold":84,"neow_bonus":"RANDOM_EVENT","is_daily":false,"chose_seed":false,"campfire_upgraded":0,"win_rate":0.0,"timestamp":1611634277,"path_taken":["M","?","?","?","?","E","R","E","T","E","?","E","M","M","R","BOSS"],"items_purchased_type":["Relic","Card"],"build_version":"2020-12-22","purchased_purges":0,"victory":false,"max_hp_per_floor":[75,75,75,75,75,75,75,75,75,75,75,75,75,75,75,75,75],"card_choices":[{"not_picked":["Stack","FTL"],"picked":"Conserve Battery","floor":1.0},{"not_picked":["Stack","Steam"],"picked":"Cold Snap","floor":3.0},{"not_picked":["Crystallizer","AT_RobotInSpace"],"picked":"Rebound","floor":6.0},{"not_picked":["ReplaySolidLightProjector","Barrage"],"picked":"Beam Cell","floor":8.0},{"not_picked":["Compile Driver","Hologram"],"picked":"Sweeping Beam","floor":10.0},{"not_picked":["Ball Lightning","AT_HeatAcrobatics"],"picked":"AT_ThunderBolt+1","floor":12},{"not_picked":["AT_ThreeBodyProblem+1","Leap"],"picked":"Chaos","floor":13},{"not_picked":["Barrage","Time Bomb"],"picked":"FTL","floor":14}],"player_experience":1375875,"relics_obtained":[{"floor":6.0,"key":"conspire:DeflatedDodgeball"},{"floor":8.0,"key":"Replay:Mystery Machine"},{"floor":9.0,"key":"Cables"},{"floor":10.0,"key":"Frozen Egg 2"},{"floor":12,"key":"Art of War"}],"event_choices":[{"damage_healed":0.0,"max_hp_gain":0.0,"max_hp_loss":0.0,"gold_gain":0.0,"event_name":"Big Fish","player_choice":"Box","floor":0.0,"gold_loss":0.0,"damage_taken":0.0,"relics_obtained":["aspiration:ChemicalBlood"],"cards_obtained":["Regret"]},{"damage_healed":0.0,"max_hp_gain":0.0,"max_hp_loss":0.0,"gold_gain":0.0,"event_name":"The Woman in Blue","player_choice":"Bought 1 Potion","floor":2.0,"gold_loss":0.0,"damage_taken":0.0},{"damage_healed":0.0,"max_hp_gain":0.0,"max_hp_loss":0.0,"gold_gain":0.0,"event_name":"Scrap Ooze","player_choice":"Fled","floor":4.0,"gold_loss":0.0,"damage_taken":0.0},{"damage_healed":0.0,"max_hp_gain":0.0,"max_hp_loss":0.0,"gold_gain":0.0,"event_name":"conspire:Investor","player_choice":"Leave","floor":5.0,"gold_loss":0.0,"damage_taken":0.0}],"is_beta":false,"boss_relics":[],"items_purged_floors":[],"is_endless":false,"potions_floor_spawned":[1,6,12,14],"killed_by":"Slime Boss","ascension_level":11}}