{"host":"dyudzmz1c60osjjw","time":1611622051,"event":{"mods":["AchievementEnabler","BaseMod","BetterRewards","Colored Map","Conspire","Downfall","Duelist Mod","Friendly Minions","Hermit","Hubris","Infinite Spire","Koishi","Marisa????????","Minty Spire (QoL Compilation)","StSLib","The Administrix","The Animator","The Cursed","The Disciple","The Mystic","The Runesmith","The Servant 0.9.4"],"gold_per_floor":[122,154,54,72,72,105,149,171,171,171,198,229,292,314,314,330,330],"floor_reached":16,"language":"ENG","playtime":1988,"items_purged":[],"score":116,"play_id":"e7c4d632-a170-4cb5-ab1c-bbec72013a29","local_time":"20210126114731","is_ascension_mode":false,"campfire_choices":[{"floor":15,"key":"REST"}],"circlet_count":0,"master_deck":["animator:Strike_Konosuba","animator:Defend_Konosuba","animator:Strike","animator:Strike","animator:Strike","animator:Defend","animator:Defend","animator:Defend","animator:Kazuma","animator:Aqua","animator:EmiyaShirou","animator:Mitsurugi","Ghostly","animator:Chris","animator:Aqua","animator:Megumin+6","animator:DolaStephanie","animator:Tet"],"relics":["animator:LivingPicture","animator:TheMissingPiece","NeowsBlessing","hubris:MysteriousPyramids","Gremlin Horn","MealTicket"],"acts_visited":["Exordium"],"potions_floor_usage":[13,13,13],"damage_taken":[{"damage":0,"enemies":"Small Slimes","floor":1,"turns":1},{"damage":0,"enemies":"Jaw Worm","floor":2,"turns":1},{"damage":0,"enemies":"2 Louse","floor":4,"turns":2},{"damage":11,"enemies":"3 Sentries","floor":6,"turns":11},{"damage":9,"enemies":"Large Slime","floor":7,"turns":8},{"damage":2,"enemies":"Exordium Wildlife","floor":8,"turns":6},{"damage":11,"enemies":"Red Slaver","floor":11,"turns":5},{"damage":0,"enemies":"Large Slime","floor":12,"turns":7},{"damage":11,"enemies":"Lagavulin","floor":13,"turns":12},{"damage":11,"enemies":"Exordium Thugs","floor":14,"turns":5},{"damage":71,"enemies":"Slime Boss","floor":16,"turns":10}],"seed_played":"6426452675113010448","potions_obtained":[{"floor":6,"key":"EssenceOfSteel"},{"floor":7,"key":"SkillPotion"},{"floor":12,"key":"Weak Potion"}],"is_trial":false,"path_per_floor":["M","M","?","M","?","E","M","M","T","?","M","M","E","M","R","B"],"character_chosen":"THE_ANIMATOR","items_purchased":[],"campfire_rested":1,"item_purchase_floors":[],"current_hp_per_floor":[66,66,66,67,67,56,52,54,54,59,52,56,50,44,65,0,0],"gold":330,"neow_bonus":"THREE_ENEMY_KILL","is_daily":false,"chose_seed":false,"campfire_upgraded":0,"win_rate":0.0,"timestamp":1611622051,"path_taken":["M","M","?","M","?","E","M","?","T","?","M","M","E","M","R","BOSS"],"items_purchased_type":[],"build_version":"2020-12-22","purchased_purges":0,"victory":false,"max_hp_per_floor":[66,66,66,67,67,67,67,67,67,72,72,72,72,73,73,73,73],"card_choices":[{"not_picked":["animator:SakuraMatou","animator:MumenRider"],"picked":"animator:EmiyaShirou","floor":1},{"not_picked":["animator:Alexander","animator:Assassin"],"picked":"animator:Mitsurugi","floor":2},{"not_picked":["animator:DolaCouronne","animator:Yuuichirou"],"picked":"animator:Chris","floor":4},{"not_picked":["animator:Mitsurugi","animator:Vanir"],"picked":"animator:Aqua","floor":6},{"not_picked":["animator:Vanir","animator:Cocytus"],"picked":"animator:Megumin","floor":7},{"not_picked":["animator:Cocytus","animator:Fredrika","animator:DolaCouronne"],"picked":"SKIP","floor":8},{"not_picked":["animator:Assassin","animator:Tatsumaki","animator:DolaSchwi"],"picked":"SKIP","floor":11},{"not_picked":["animator:Kazuma","animator:FeridBathory"],"picked":"animator:DolaStephanie","floor":13},{"not_picked":["animator:Genos","animator:SilverFang"],"picked":"animator:Tet","floor":14}],"player_experience":193275,"relics_obtained":[{"floor":6,"key":"hubris:MysteriousPyramids"},{"floor":9,"key":"Gremlin Horn"},{"floor":13,"key":"MealTicket"}],"event_choices":[{"damage_healed":0,"gold_gain":0,"player_choice":"Argue","damage_taken":0,"max_hp_gain":0,"max_hp_loss":0,"event_name":"conspire:LoneGhost","floor":3,"gold_loss":0},{"damage_healed":0,"gold_gain":0,"player_choice":"Ignored","damage_taken":0,"max_hp_gain":0,"max_hp_loss":0,"event_name":"Golden Idol","floor":5,"gold_loss":0},{"damage_healed":0,"gold_gain":0,"player_choice":"Donut","damage_taken":0,"max_hp_gain":5,"max_hp_loss":0,"event_name":"Big Fish","floor":10,"gold_loss":0}],"is_beta":false,"boss_relics":[],"items_purged_floors":[],"is_endless":false,"potions_floor_spawned":[6,7,12],"killed_by":"Slime Boss","ascension_level":0}}