{"host":"vrsxkkch9ccrec7k","time":1611626432,"event":{"mods":["Act Like it!","BaseMod","Bestiary","Better Altar","Better Match","Better Note","Better Sensory Stone","Better Skull","Better Third Choice","Better Vampires","Downfall","Minty Spire (QoL Compilation)","Permanent Neow","Relic Stats","Spicy Shops","StSLib"],"gold_per_floor":[199,218,218,368,368,368,368,18,18,48,48,82,82,21,38,141,141,141,154,154,168,168,168,168,10,10,22,37,68,68,9,22,119,119,119,138,155,155,169,69,69,97,109,125,25,42,62,93,104,104],"floor_reached":51,"language":"ENG","playtime":6967,"items_purged":[],"score":1069,"play_id":"42b1d85e-f964-4eff-818c-b4f2fba52d0f","local_time":"20210125210032","is_ascension_mode":true,"campfire_choices":[{"data":"Guardian:TwinSlam","floor":1,"key":"SMITH"},{"data":"Guardian:RefractedBeam","floor":9,"key":"SMITH"},{"data":"Guardian:RefractedBeam+1","floor":11,"key":"SMITH"},{"data":"Guardian:RefractedBeam+2","floor":13,"key":"SMITH"},{"floor":18,"key":"RECALL"},{"data":"Guardian:GuardianWhirl","floor":23,"key":"SMITH"},{"data":"expansioncontent:Chronoboost","floor":26,"key":"SMITH"},{"data":"Guardian:EvasiveProtocol","floor":30,"key":"SMITH"},{"data":"Guardian:BaubleBeam","floor":35,"key":"SMITH"},{"data":"Guardian:TimeCapacitor","floor":40,"key":"SMITH"},{"data":"Guardian:CurlUp","floor":45,"key":"SMITH"}],"circlet_count":0,"master_deck":["Guardian:Strike_Guardian+1","Guardian:Defend_Guardian+1","Guardian:Defend_Guardian+1","Guardian:Defend_Guardian+1","Guardian:Defend_Guardian+1","Guardian:CurlUp+1","Guardian:TwinSlam+1","Guardian:SentryBeam+1","Guardian:RefractedBeam+3","Guardian:EvasiveProtocol+1","Guardian:ExploitGems","Guardian:ShieldSpikes+1","Guardian:ExploitGems+1","Guardian:TimeSifter+1","Guardian:GuardianWhirl+1","Guardian:Planning+1","expansioncontent:Chronoboost+1","Guardian:ShieldSpikes+1","Guardian:TimeCapacitor+1","Guardian:BodySlam+1","Guardian:BaubleBeam+1","Guardian:FloatingOrbs+1","expansioncontent:Chronoboost+1","Guardian:BodySlam+1","Guardian:FloatingOrbs+1","Guardian:Gem_Green","Guardian:Clone+1"],"relics":["Guardian:ModeShifter","Ornamental Fan","Incense Burner","Unceasing Top","hexamod:BolsterEngine","Astrolabe","Gremlin Horn","bronze:DecasWashers","Kunai","TheAbacus","Busted Crown","downfall:HeartBlessingGreen","Happy Flower","downfall:HeartBlessingRed","Thread and Needle"],"acts_visited":["Exordium","TheCity","TheBeyond"],"potions_floor_usage":[16,25,28,29,42,47,48,50],"damage_taken":[{"damage":1,"enemies":"Cultist","floor":2,"turns":4},{"damage":0,"enemies":"downfall:FleeingMerchant","floor":8,"turns":4},{"damage":8,"enemies":"3 Sentries","floor":10,"turns":8},{"damage":10,"enemies":"Lagavulin","floor":12,"turns":7},{"damage":0,"enemies":"downfall:FleeingMerchant","floor":14,"turns":4},{"damage":2,"enemies":"Jaw Worm","floor":15,"turns":3},{"damage":17,"enemies":"DF_ARCHETYPE_STREAMLINE","floor":16,"turns":11},{"damage":4,"enemies":"Shell Parasite","floor":19,"turns":3},{"damage":0,"enemies":"Spheric Guardian","floor":21,"turns":3},{"damage":5,"enemies":"downfall:FleeingMerchant","floor":25,"turns":4},{"damage":0,"enemies":"Centurion and Healer","floor":27,"turns":10},{"damage":0,"enemies":"Chosen and Byrds","floor":28,"turns":5},{"damage":0,"enemies":"Gremlin Leader","floor":29,"turns":4},{"damage":0,"enemies":"downfall:FleeingMerchant","floor":31,"turns":2},{"damage":0,"enemies":"Sentry and Sphere","floor":32,"turns":6},{"damage":0,"enemies":"SI_MIRROR_ARCHETYPE","floor":33,"turns":9},{"damage":0,"enemies":"3 Darklings","floor":36,"turns":4},{"damage":0,"enemies":"3 Shapes","floor":37,"turns":6},{"damage":0,"enemies":"Maw","floor":39,"turns":6},{"damage":4,"enemies":"Giant Head","floor":42,"turns":6},{"damage":0,"enemies":"Spire Growth","floor":43,"turns":5},{"damage":19,"enemies":"Transient","floor":44,"turns":5},{"damage":0,"enemies":"4 Shapes","floor":46,"turns":8},{"damage":14,"enemies":"Spire Growth","floor":47,"turns":4},{"damage":0,"enemies":"Reptomancer","floor":48,"turns":7},{"damage":0,"enemies":"Maw","floor":49,"turns":6},{"damage":0,"enemies":"IC_BLOCK_ARCHETYPE","floor":50,"turns":7}],"seed_played":"1868968580056200815","potions_obtained":[{"floor":10,"key":"SkillPotion"},{"floor":12,"key":"AttackPotion"},{"floor":19,"key":"Fire Potion"},{"floor":27,"key":"Strength Potion"},{"floor":32,"key":"DuplicationPotion"},{"floor":36,"key":"Guardian:DefensiveModePotion"},{"floor":44,"key":"SkillPotion"},{"floor":47,"key":"SkillPotion"},{"floor":48,"key":"FearPotion"}],"is_trial":false,"path_per_floor":["R","M","?","?","?","?","T","$","R","E","R","E","R","$","M","B",null,"R","M","?","M","?","R","T","$","R","M","M","E","R","$","M","B",null,"R","M","M","?","M","R","T","E","M","M","R","M","M","E","M","B",null],"character_chosen":"GUARDIAN","items_purchased":["Incense Burner","Fire Potion","Guardian:Gem_Green","expansioncontent:Chronoboost","SkillPotion","Kunai","TheAbacus"],"campfire_rested":0,"item_purchase_floors":[8,8,14,25,25,31,31],"current_hp_per_floor":[80,79,79,79,79,79,79,79,79,71,71,61,61,61,59,42,71,71,67,67,67,67,67,67,62,62,62,62,62,62,62,62,62,76,76,76,76,76,76,76,76,72,72,53,53,53,39,39,39,39],"gold":104,"neow_bonus":"HUNDRED_GOLD","is_daily":false,"chose_seed":false,"campfire_upgraded":10,"win_rate":0.0,"timestamp":1611626432,"path_taken":["R","M","?","?","?","?","T","$","R","E","R","E","R","?","M","BOSS","R","M","?","M","?","R","T","$","R","M","M","E","R","$","M","BOSS","R","M","M","?","M","R","T","E","M","?","R","?","M","E","M","BOSS"],"items_purchased_type":["Relic","Potion","Card","Card","Potion","Relic","Relic"],"build_version":"2020-12-22","purchased_purges":0,"victory":true,"max_hp_per_floor":[80,80,80,80,80,80,80,80,80,80,80,80,80,80,80,80,80,80,80,80,80,80,80,80,80,80,80,80,80,80,80,80,80,80,80,80,80,80,80,80,80,80,80,80,80,80,80,80,80,80],"relic_stats":{"TheAbacus":[168],"Busted Crown":20,"Gremlin Horn":[26,26],"Happy Flower":[14],"counters":[27,151],"Ornamental Fan":[248],"Astrolabe":["Guardian:ShieldSpikes","Guardian:ExploitGems","Guardian:TimeSifter"],"Kunai":[40],"obtain_stats":[{"Gremlin Horn":24,"Happy Flower":42,"downfall:HeartBlessingRed":45,"Astrolabe":17,"bronze:DecasWashers":29,"Guardian:ModeShifter":0,"downfall:HeartBlessingGreen":40,"Thread and Needle":48,"Incense Burner":8,"TheAbacus":31,"Busted Crown":34,"Ornamental Fan":7,"Kunai":31,"hexamod:BolsterEngine":12,"Unceasing Top":10},{"Gremlin Horn":9,"Happy Flower":20,"downfall:HeartBlessingRed":22,"Astrolabe":7,"bronze:DecasWashers":13,"Guardian:ModeShifter":0,"downfall:HeartBlessingGreen":19,"Thread and Needle":25,"Incense Burner":2,"TheAbacus":14,"Busted Crown":16,"Ornamental Fan":1,"Kunai":14,"hexamod:BolsterEngine":4,"Unceasing Top":3},{"Gremlin Horn":47,"Happy Flower":109,"downfall:HeartBlessingRed":119,"Astrolabe":41,"bronze:DecasWashers":70,"Guardian:ModeShifter":0,"downfall:HeartBlessingGreen":103,"Thread and Needle":138,"Incense Burner":8,"TheAbacus":72,"Busted Crown":87,"Ornamental Fan":4,"Kunai":72,"hexamod:BolsterEngine":23,"Unceasing Top":16}],"Unceasing Top":[16]},"card_choices":[{"not_picked":["Guardian:Incinerate","Guardian:PrimingBeam"],"picked":"Guardian:SentryBeam","floor":2},{"not_picked":["Guardian:SpikerProtocol","Guardian:Suspension"],"picked":"Guardian:RefractedBeam","floor":8},{"not_picked":["Guardian:Harden","Guardian:ShieldCharger"],"picked":"Guardian:Gem_Blue","floor":10},{"not_picked":["Guardian:Repulse","Guardian:SpikerProtocol"],"picked":"Guardian:EvasiveProtocol","floor":12},{"not_picked":["Guardian:Gem_Crimson","Guardian:Gem_Cyan"],"picked":"Guardian:Gem_White","floor":14},{"not_picked":["Guardian:Recover","Guardian:TemporalStrike"],"picked":"Guardian:Gem_Red","floor":15},{"not_picked":["Guardian:SphericShield","Guardian:StasisField"],"picked":"Guardian:ExploitGems","floor":16},{"not_picked":["Guardian:ShieldCharger+1","Guardian:EvasiveProtocol"],"picked":"Guardian:Gem_White","floor":19},{"not_picked":["Guardian:ShieldCharger","Guardian:Gem_Lightblue"],"picked":"Guardian:GuardianWhirl","floor":21},{"not_picked":["Guardian:MultiBeam","Guardian:PrimingBeam"],"picked":"Guardian:Planning+1","floor":25},{"not_picked":["Guardian:Gem_Lightblue","Guardian:MultiBeam","Guardian:Gem_Cyan"],"picked":"SKIP","floor":27},{"not_picked":["Guardian:PrismaticBarrier","Guardian:ChargeUp+1","Guardian:GuardianWhirl"],"picked":"SKIP","floor":28},{"not_picked":["Guardian:PrismaticBarrier","Guardian:ChargeUp+1","Guardian:GuardianWhirl"],"picked":"SKIP","floor":28},{"not_picked":["Guardian:VentSteam","Guardian:Gem_Lightblue"],"picked":"Guardian:ShieldSpikes+1","floor":29},{"not_picked":["Guardian:TemporalStrike","Guardian:RollAttack"],"picked":"Guardian:TimeCapacitor","floor":31},{"not_picked":["Guardian:TemporalShield+1","Guardian:ShieldSpikes"],"picked":"Guardian:BodySlam+1","floor":32},{"not_picked":["Guardian:GemFire","Guardian:FierceBash"],"picked":"Guardian:BaubleBeam","floor":33},{"not_picked":[],"picked":"Guardian:Gem_Lightblue","floor":36},{"not_picked":[],"picked":"Guardian:FloatingOrbs+1","floor":37},{"not_picked":["Guardian:VentSteam+1"],"picked":"SKIP","floor":39},{"not_picked":[],"picked":"Guardian:BodySlam+1","floor":42},{"not_picked":[],"picked":"Guardian:Gem_Fragmented","floor":43},{"not_picked":[],"picked":"Guardian:Gem_Lightblue","floor":44},{"not_picked":[],"picked":"Guardian:FloatingOrbs+1","floor":46},{"not_picked":[],"picked":"Guardian:Gem_Green","floor":47},{"not_picked":["Guardian:ShieldCharger+1"],"picked":"SKIP","floor":48},{"not_picked":[],"picked":"Guardian:Clone+1","floor":49}],"player_experience":1734566,"relics_obtained":[{"floor":7,"key":"Ornamental Fan"},{"floor":10,"key":"Unceasing Top"},{"floor":12,"key":"hexamod:BolsterEngine"},{"floor":24,"key":"Gremlin Horn"},{"floor":29,"key":"bronze:DecasWashers"},{"floor":42,"key":"Happy Flower"},{"floor":48,"key":"Thread and Needle"}],"event_choices":[{"damage_healed":0,"gold_gain":0,"player_choice":"Grow","damage_taken":0,"max_hp_gain":0,"max_hp_loss":0,"event_name":"Living Wall","floor":6,"gold_loss":0,"cards_upgraded":["Guardian:SentryBeam"]}],"is_beta":false,"boss_relics":[{"not_picked":["Fusion Hammer","Philosopher\u0027s Stone"],"picked":"Astrolabe"},{"not_picked":["expansioncontent:StudyCardRelic","sneckomod:SneckoTalon"],"picked":"Busted Crown"}],"items_purged_floors":[],"is_endless":false,"potions_floor_spawned":[10,12,19,27,32,36,37,44,47,48],"ascension_level":5}}