{"host":"qbvxbacgnxuisbbe","time":1611694162,"event":{"mods":["Alarm Clock","BaseMod","Humility","Minty Spire (QoL Compilation)","StSLib"],"gold_per_floor":[119,129,1,1,0,0,0,0],"floor_reached":7,"language":"ENG","playtime":246,"items_purged":[],"score":78,"play_id":"e23c09a4-bd9f-44ee-a471-ce7f1744f458","local_time":"20210126204922","is_ascension_mode":true,"campfire_choices":[{"data":"Dash","floor":6,"key":"SMITH"}],"circlet_count":0,"master_deck":["AscendersBane","Strike_G","Strike_G","Strike_G","Strike_G","Strike_G","Defend_G","Defend_G","Defend_G","Defend_G","Defend_G","Survivor","Neutralize","Dash+1","Bane","Crippling Poison","Acrobatics","Tools of the Trade","Acrobatics"],"relics":["Ring of the Snake","Prayer Wheel"],"acts_visited":["Exordium"],"potions_floor_usage":[7],"damage_taken":[{"damage":30,"enemies":"Jaw Worm","floor":1,"turns":7},{"damage":1,"enemies":"Cultist","floor":2,"turns":4},{"damage":15,"enemies":"Lagavulin","floor":7,"turns":5}],"seed_played":"-5516407915933550309","potions_obtained":[{"floor":1,"key":"EssenceOfSteel"}],"is_trial":false,"path_per_floor":["M","M","$","?","?","R","E"],"character_chosen":"THE_SILENT","items_purchased":["Tools of the Trade","Acrobatics"],"campfire_rested":0,"item_purchase_floors":[3,3],"current_hp_per_floor":[29,28,28,28,28,28,13,13],"gold":0,"neow_bonus":"ONE_RARE_RELIC","is_daily":false,"chose_seed":false,"campfire_upgraded":1,"win_rate":0.0,"timestamp":1611694162,"path_taken":["M","M","$","?","?","R","E"],"items_purchased_type":["Card","Card"],"build_version":"2020-12-22","purchased_purges":0,"victory":false,"max_hp_per_floor":[60,60,60,60,60,60,60,60],"card_choices":[{"not_picked":["Outmaneuver","Prepared"],"picked":"Dash","floor":1},{"not_picked":["Dodge and Roll","Infinite Blades"],"picked":"Bane","floor":1},{"not_picked":["Bane","Outmaneuver"],"picked":"Crippling Poison","floor":2},{"not_picked":["Dodge and Roll","Choke"],"picked":"Acrobatics","floor":2}],"player_experience":142275,"relics_obtained":[],"event_choices":[{"damage_healed":0,"gold_gain":0,"player_choice":"Ignored","damage_taken":0,"max_hp_gain":0,"max_hp_loss":0,"event_name":"Liars Game","floor":4,"gold_loss":0},{"damage_healed":0,"gold_gain":0,"player_choice":"Left Gold","damage_taken":0,"max_hp_gain":0,"max_hp_loss":0,"event_name":"World of Goop","floor":5,"gold_loss":1}],"is_beta":false,"boss_relics":[],"items_purged_floors":[],"is_endless":false,"potions_floor_spawned":[1],"killed_by":"Lagavulin","ascension_level":20,"is_humility":true}}