{"host":"k2mw1od0xoi9pcfj","time":1611623131,"event":{"mods":["AchievementEnabler","BaseMod","Hermit","Highlight Path","Minty Spire (QoL Compilation)","Permanent Neow","Relic Stats","StSLib"],"gold_per_floor":[219,219,232,46,57,89,89,89,112,112,145,110,128,140,140,140,140],"floor_reached":16,"language":"ENG","playtime":830,"items_purged":[],"score":116,"play_id":"f405468c-9d63-496e-aa4d-701cd88fe1fb","local_time":"20210125190531","is_ascension_mode":true,"campfire_choices":[{"floor":7,"key":"RECALL"},{"data":"hermit:CursedWeapon","floor":10,"key":"SMITH"},{"floor":15,"key":"REST"}],"circlet_count":0,"master_deck":["hermit:Strike_Hermit","hermit:Strike_Hermit","hermit:Strike_Hermit","hermit:Strike_Hermit","hermit:Defend_Hermit","hermit:Defend_Hermit","hermit:Defend_Hermit","hermit:Defend_Hermit","hermit:Snapshot+1","hermit:Covet","hermit:BigShot","hermit:Headshot","hermit:TakeAim","hermit:CalledShot","hermit:CursedWeapon+1","hermit:Dive","hermit:LoneWolf","hermit:FlashPowder"],"relics":["hermit:Momento","Membership Card","Bronze Scales","Dream Catcher"],"acts_visited":["Exordium"],"potions_floor_usage":[13],"damage_taken":[{"damage":0,"enemies":"2 Louse","floor":1,"turns":3},{"damage":1,"enemies":"Jaw Worm","floor":3,"turns":3},{"damage":0,"enemies":"Small Slimes","floor":5,"turns":3},{"damage":15,"enemies":"Lagavulin","floor":6,"turns":5},{"damage":36,"enemies":"3 Sentries","floor":11,"turns":9},{"damage":9,"enemies":"Gremlin Gang","floor":13,"turns":3},{"damage":10,"enemies":"2 Fungi Beasts","floor":14,"turns":3},{"damage":45,"enemies":"Slime Boss","floor":16,"turns":7}],"seed_played":"-953148294379196393","potions_obtained":[{"floor":3,"key":"Energy Potion"},{"floor":5,"key":"PowerPotion"},{"floor":11,"key":"PowerPotion"}],"is_trial":false,"path_per_floor":["M","?","M","$","M","E","R","$","T","R","E","?","M","M","R","B"],"character_chosen":"HERMIT","items_purchased":["Membership Card","hermit:TakeAim"],"campfire_rested":1,"item_purchase_floors":[4,4],"current_hp_per_floor":[75,75,74,74,74,59,59,59,59,59,23,41,32,22,44,0,0],"gold":140,"neow_bonus":"HUNDRED_GOLD","is_daily":false,"chose_seed":false,"campfire_upgraded":1,"win_rate":0.0,"timestamp":1611623131,"path_taken":["M","?","M","$","M","E","R","$","T","R","E","?","M","M","R","BOSS"],"items_purchased_type":["Relic","Card"],"build_version":"2020-12-22","purchased_purges":0,"victory":false,"max_hp_per_floor":[75,75,75,75,75,75,75,75,75,75,75,75,75,75,75,75,75],"relic_stats":{"Dream Catcher":1,"counters":[8,36],"Bronze Scales":[56],"obtain_stats":[{"Dream Catcher":11,"Bronze Scales":6,"Membership Card":4,"hermit:Momento":0},{"Dream Catcher":5,"Bronze Scales":4,"Membership Card":2,"hermit:Momento":0},{"Dream Catcher":23,"Bronze Scales":14,"Membership Card":6,"hermit:Momento":0}]},"card_choices":[{"not_picked":["hermit:Headshot","hermit:Ricochet"],"picked":"hermit:BigShot","floor":1},{"not_picked":["hermit:Spite","hermit:Feint"],"picked":"hermit:Headshot","floor":3},{"not_picked":["hermit:Feint","hermit:Desperado"],"picked":"hermit:CalledShot","floor":5},{"not_picked":["hermit:OverwhelmingPower","hermit:Vantage"],"picked":"hermit:CursedWeapon","floor":6},{"not_picked":["hermit:Purgatory","hermit:Gestalt"],"picked":"hermit:Dive","floor":11},{"not_picked":["hermit:CalledShot","hermit:Glare"],"picked":"hermit:LoneWolf","floor":13},{"not_picked":["hermit:Headshot","hermit:Vantage"],"picked":"hermit:FlashPowder","floor":14}],"player_experience":678491,"relics_obtained":[{"floor":6,"key":"Bronze Scales"},{"floor":11,"key":"Dream Catcher"}],"event_choices":[{"damage_healed":0,"gold_gain":0,"player_choice":"Grow","damage_taken":0,"max_hp_gain":0,"max_hp_loss":0,"event_name":"Living Wall","floor":2,"gold_loss":0,"cards_upgraded":["hermit:Snapshot"]},{"damage_healed":18,"gold_gain":0,"player_choice":"Healed","damage_taken":0,"max_hp_gain":0,"max_hp_loss":0,"event_name":"The Cleric","floor":12,"gold_loss":35}],"is_beta":false,"boss_relics":[],"items_purged_floors":[],"is_endless":false,"potions_floor_spawned":[3,5,11],"killed_by":"Slime Boss","ascension_level":1}}