{"host":"qsusua7l529r8z9k","time":1611643067,"event":{"mods":["BaseMod","Minty Spire (QoL Compilation)","StSLib","[IsaacMod]ÒÔÈö¼âËþ"],"gold_per_floor":[117,42,42,52,64,91,91,123,123,123,123],"floor_reached":10,"language":"ZHS","playtime":235,"items_purged":[],"score":152,"play_id":"c1684b3a-5ac0-4c32-b421-ffc3da71d640","local_time":"20210126143747","is_ascension_mode":true,"campfire_choices":[{"data":"Armaments","floor":7.0,"key":"SMITH"}],"circlet_count":0,"master_deck":["AscendersBane","Strike_R","Strike_R","Strike_R","Strike_R","Defend_R","Defend_R","Defend_R","Defend_R","Bash","BloodyBrimstone","Armaments+1","Shockwave","Seeing Red","Pommel Strike"],"relics":["Burning Blood","HushsDoor","Damocles","NeowsBlessing","Art of War","YumHeart","BelialBook","Blood Vial","Sundial","Pen Nib","Pantograph","Gremlin Horn"],"acts_visited":["Exordium"],"potions_floor_usage":[],"damage_taken":[{"damage":0.0,"enemies":"Jaw Worm","floor":1.0,"turns":1.0},{"damage":0.0,"enemies":"Cultist","floor":4.0,"turns":1.0},{"damage":0.0,"enemies":"2 Louse","floor":5.0,"turns":1.0},{"damage":24.0,"enemies":"Gremlin Nob","floor":6.0,"turns":4.0},{"damage":15,"enemies":"Lagavulin","floor":8,"turns":5},{"damage":29,"enemies":"Gremlin Nob","floor":10,"turns":3}],"seed_played":"953399494264193604","potions_obtained":[{"floor":4.0,"key":"DistilledChaos"},{"floor":5.0,"key":"Weak Potion"},{"floor":8,"key":"ElixirPotion"}],"is_trial":false,"path_per_floor":["M","?","$","M","M","E","R","E","T","E"],"character_chosen":"IRONCLAD","items_purchased":[],"campfire_rested":0,"item_purchase_floors":[],"current_hp_per_floor":[74,74,74,75,75,72,72,60,60,0,0],"gold":123,"neow_bonus":"THREE_ENEMY_KILL","is_daily":false,"chose_seed":false,"campfire_upgraded":1,"win_rate":0.0,"timestamp":1611643067,"path_taken":["M","?","?","?","?","E","R","E","T","E"],"items_purchased_type":[],"build_version":"2020-12-22","purchased_purges":0,"victory":false,"max_hp_per_floor":[75,75,75,75,75,72,72,69,69,66,66],"card_choices":[{"not_picked":[],"picked":"BloodyBrimstone","floor":0.0},{"not_picked":["Warcry","Combust"],"picked":"Armaments","floor":1.0},{"not_picked":["Flex","Spot Weakness"],"picked":"Shockwave","floor":4.0},{"not_picked":["Evolve","Headbutt","Armaments"],"picked":"SKIP","floor":5.0},{"not_picked":["Evolve","Headbutt","Armaments"],"picked":"SKIP","floor":5.0},{"not_picked":["Headbutt","Bludgeon"],"picked":"Seeing Red","floor":6.0},{"not_picked":["Havoc","Anger"],"picked":"Pommel Strike","floor":8}],"player_experience":490265,"relics_obtained":[{"floor":1.0,"key":"Art of War"},{"floor":4.0,"key":"YumHeart"},{"floor":5.0,"key":"BelialBook"},{"floor":6.0,"key":"Blood Vial"},{"floor":6.0,"key":"Sundial"},{"floor":8,"key":"Pen Nib"},{"floor":8,"key":"Pantograph"},{"floor":9,"key":"Gremlin Horn"}],"event_choices":[{"cards_removed":["Strike_R"],"damage_healed":0.0,"max_hp_gain":0.0,"max_hp_loss":0.0,"gold_gain":0.0,"event_name":"The Cleric","player_choice":"Card Removal","floor":2.0,"gold_loss":75.0,"damage_taken":0.0}],"is_beta":false,"boss_relics":[],"items_purged_floors":[],"is_endless":false,"potions_floor_spawned":[4,5,8],"killed_by":"Gremlin Nob","ascension_level":20}}