{"host":"9zznonz1olisd4fd","time":1611643691,"event":{"mods":["BaseMod","Keyboard Shortcuts","Minty Spire (QoL Compilation)","StSLib","SuperFastMode"],"gold_per_floor":[114,114,39,59,59,89,89,116,140,140,65,100,115,127,127,203,203,215,265,128,128,140,173,191,191,215,215,215],"floor_reached":27,"language":"KOR","playtime":1033,"items_purged":["Defend_P","Strike_P"],"score":624,"play_id":"4904efaa-87a4-43f2-a4ac-90d282e5a455","local_time":"20210126154811","is_ascension_mode":true,"campfire_choices":[{"data":"Eruption","floor":7.0,"key":"SMITH"},{"floor":10.0,"key":"REST"},{"floor":15,"key":"REST"},{"data":"Adaptation","floor":25,"key":"SMITH"}],"circlet_count":0,"master_deck":["AscendersBane","Defend_P+1","Defend_P+1","Defend_P","Eruption+1","Vigilance+1","EmptyMind","LessonLearned","Tantrum+1","CrushJoints+1","DeusExMachina","Adaptation+1","Bite","Bite","Bite","Bite","Bite"],"relics":["PureWater","NeowsBlessing","Tiny Chest","War Paint","Regal Pillow","Potion Belt","Black Star","Bag of Marbles","MealTicket","Blood Vial"],"acts_visited":["Exordium","TheCity"],"potions_floor_usage":[12,22,23,27,27],"damage_taken":[{"damage":0.0,"enemies":"Small Slimes","floor":1.0,"turns":1.0},{"damage":0.0,"enemies":"2 Louse","floor":4.0,"turns":1.0},{"damage":0.0,"enemies":"Lagavulin","floor":6.0,"turns":1.0},{"damage":37.0,"enemies":"3 Sentries","floor":8.0,"turns":10.0},{"damage":32,"enemies":"Gremlin Nob","floor":12,"turns":5},{"damage":0,"enemies":"Cultist","floor":13,"turns":4},{"damage":1,"enemies":"2 Fungi Beasts","floor":14,"turns":4},{"damage":0,"enemies":"Slime Boss","floor":16,"turns":5},{"damage":16,"enemies":"Spheric Guardian","floor":18,"turns":4},{"damage":9,"enemies":"Shell Parasite","floor":22,"turns":2},{"damage":7,"enemies":"Gremlin Leader","floor":23,"turns":5},{"damage":18,"enemies":"Centurion and Healer","floor":24,"turns":5},{"damage":55,"enemies":"Book of Stabbing","floor":27,"turns":5}],"seed_played":"3651719899796868576","potions_obtained":[{"floor":4.0,"key":"Block Potion"},{"floor":6.0,"key":"FearPotion"},{"floor":13,"key":"Fire Potion"},{"floor":14,"key":"SkillPotion"},{"floor":18,"key":"ColorlessPotion"},{"floor":24,"key":"SpeedPotion"}],"is_trial":false,"path_per_floor":["M","?","?","M","$","E","R","E","T","R","$","E","M","M","R","B",null,"M","?","$","?","M","E","M","R","T","E"],"character_chosen":"WATCHER","items_purchased":["Adaptation"],"campfire_rested":2,"item_purchase_floors":[20],"current_hp_per_floor":[61,66,66,66,66,66,66,29,29,65,65,33,33,32,68,68,72,56,56,56,51,46,51,39,39,39,0,0],"gold":215,"neow_bonus":"THREE_ENEMY_KILL","is_daily":false,"chose_seed":false,"campfire_upgraded":2,"win_rate":0.0,"timestamp":1611643691,"path_taken":["M","?","?","M","$","E","R","E","T","R","$","E","M","M","R","BOSS","M","?","?","?","M","E","M","R","T","E"],"items_purchased_type":["Card"],"build_version":"2020-12-22","purchased_purges":2,"victory":false,"max_hp_per_floor":[68,73,73,73,73,73,73,73,73,73,73,73,73,73,73,73,73,73,73,73,51,51,51,51,51,51,51,51],"card_choices":[{"not_picked":["JustLucky","FollowUp","WreathOfFlame"],"picked":"SKIP","floor":1.0},{"not_picked":["Weave","Conclude","ThirdEye"],"picked":"SKIP","floor":4.0},{"not_picked":["BowlingBash","JustLucky","Conclude"],"picked":"SKIP","floor":6.0},{"not_picked":["Halt","SashWhip"],"picked":"EmptyMind","floor":8.0},{"not_picked":["Crescendo","FlyingSleeves"],"picked":"LessonLearned","floor":12},{"not_picked":["Conclude","Weave"],"picked":"Tantrum","floor":13},{"not_picked":["TalkToTheHand","Consecrate"],"picked":"CrushJoints","floor":14},{"not_picked":["Blasphemy","MasterReality"],"picked":"DeusExMachina","floor":16},{"not_picked":["JustLucky","ThirdEye","Protect"],"picked":"SKIP","floor":18},{"not_picked":["Evaluate","JustLucky","Nirvana"],"picked":"SKIP","floor":22},{"not_picked":["Evaluate","ForeignInfluence","Pray"],"picked":"SKIP","floor":23},{"not_picked":["Protect+1","SashWhip","ClearTheMind"],"picked":"SKIP","floor":24}],"player_experience":528338,"relics_obtained":[{"floor":6.0,"key":"Tiny Chest"},{"floor":8.0,"key":"War Paint"},{"floor":9.0,"key":"Regal Pillow"},{"floor":12,"key":"Potion Belt"},{"floor":23,"key":"Bag of Marbles"},{"floor":23,"key":"MealTicket"},{"floor":26,"key":"Blood Vial"}],"event_choices":[{"damage_healed":0.0,"max_hp_gain":5.0,"max_hp_loss":0.0,"gold_gain":0.0,"event_name":"Big Fish","player_choice":"Donut","floor":2.0,"gold_loss":0.0,"damage_taken":0.0},{"cards_removed":["Strike_P"],"damage_healed":0.0,"max_hp_gain":0.0,"max_hp_loss":0.0,"gold_gain":0.0,"event_name":"The Cleric","player_choice":"Card Removal","floor":3.0,"gold_loss":75.0,"damage_taken":0.0},{"damage_healed":0,"gold_gain":50,"player_choice":"Pray","damage_taken":0,"max_hp_gain":0,"max_hp_loss":0,"event_name":"Golden Shrine","floor":19,"gold_loss":0},{"damage_healed":0,"gold_gain":0,"player_choice":"Became a vampire","damage_taken":0,"max_hp_gain":0,"max_hp_loss":22,"event_name":"Vampires","floor":21,"gold_loss":0,"cards_obtained":["Bite","Bite","Bite","Bite","Bite"]}],"is_beta":false,"boss_relics":[{"not_picked":["Busted Crown","Runic Dome"],"picked":"Black Star"}],"items_purged_floors":[11,20],"is_endless":false,"potions_floor_spawned":[4,6,13,14,18,24],"killed_by":"Book of Stabbing","ascension_level":17}}