{"host":"FirstDane","time":1611639805,"event":{"mods":["BaseMod","Bestiary","Highlight Path","Minty Spire (QoL Compilation)","Relic Stats","Slay the Relics Exporter"],"gold_per_floor":[40,73,128,128,13,13,58,4,56,68,122,209,266,331,343,432,444,470,0,37,37,37,37,70,70,70,112,150,150,150,3,3,79,79,94,119,134,183,183,183,225,225,225,280,324,416,451,467,467,467,467,467,467,39,71,71,71],"floor_reached":56,"language":"ENG","playtime":5599,"items_purged":["Defend_G","Terror","Survivor"],"score":2099,"play_id":"b33117ab-413d-43d3-bda6-9cee2f3b9f8d","local_time":"20210125234325","is_ascension_mode":true,"campfire_choices":[{"data":"HandOfGreed","floor":6,"key":"SMITH"},{"floor":15,"key":"REST"},{"data":"Wraith Form v2","floor":23,"key":"SMITH"},{"data":"Night Terror","floor":25,"key":"SMITH"},{"floor":29,"key":"REST"},{"data":"Blade Dance","floor":32,"key":"SMITH"},{"floor":40,"key":"RECALL"},{"floor":49,"key":"REST"},{"data":"Bane","floor":53,"key":"SMITH"}],"circlet_count":0,"master_deck":["AscendersBane","Neutralize+1","HandOfGreed+1","Terror","Flying Knee","Sucker Punch","Footwork","Dagger Spray","Masterful Stab","Backflip","Wraith Form v2+1","Night Terror+1","Bane+1","Concentrate","Expertise","Sucker Punch","Blade Dance+1","PiercingWail","All Out Attack","Leg Sweep","Corpse Explosion","Leg Sweep","Backflip","Outmaneuver"],"relics":["Ring of the Snake","Toy Ornithopter","MawBank","Whetstone","Nunchaku","Pandora\u0027s Box","Shuriken","Letter Opener","Lizard Tail","Snecko Eye","Pocketwatch","TungstenRod","Dream Catcher","Mercury Hourglass","Centennial Puzzle","Happy Flower"],"acts_visited":["Exordium","TheCity","TheBeyond","TheEnding"],"potions_floor_usage":[7,12,13,16,20,24,28,33,48,50,50,50,55,56],"damage_taken":[{"damage":7,"enemies":"Jaw Worm","floor":1,"turns":8},{"damage":0,"enemies":"Cultist","floor":2,"turns":3},{"damage":0,"enemies":"Small Slimes","floor":3,"turns":4},{"damage":26,"enemies":"Exordium Thugs","floor":7,"turns":6},{"damage":14,"enemies":"Blue Slaver","floor":11,"turns":3},{"damage":5,"enemies":"3 Sentries","floor":12,"turns":7},{"damage":0,"enemies":"Red Slaver","floor":13,"turns":1},{"damage":9,"enemies":"Lagavulin","floor":14,"turns":6},{"damage":0,"enemies":"Slime Boss","floor":16,"turns":6},{"damage":3,"enemies":"Spheric Guardian","floor":18,"turns":3},{"damage":20,"enemies":"3 Byrds","floor":20,"turns":4},{"damage":19,"enemies":"Book of Stabbing","floor":24,"turns":6},{"damage":12,"enemies":"3 Cultists","floor":27,"turns":3},{"damage":11,"enemies":"Centurion and Healer","floor":28,"turns":5},{"damage":23,"enemies":"Automaton","floor":33,"turns":9},{"damage":4,"enemies":"3 Shapes","floor":35,"turns":4},{"damage":11,"enemies":"Mind Bloom Boss Battle","floor":36,"turns":10},{"damage":0,"enemies":"3 Darklings","floor":37,"turns":3},{"damage":2,"enemies":"2 Orb Walkers","floor":38,"turns":3},{"damage":0,"enemies":"Maw","floor":41,"turns":11},{"damage":0,"enemies":"Nemesis","floor":44,"turns":11},{"damage":0,"enemies":"Spire Growth","floor":45,"turns":6},{"damage":8,"enemies":"4 Shapes","floor":46,"turns":8},{"damage":0,"enemies":"Giant Head","floor":47,"turns":11},{"damage":0,"enemies":"Sphere and 2 Shapes","floor":48,"turns":6},{"damage":75,"enemies":"Time Eater","floor":50,"turns":21},{"damage":13,"enemies":"Awakened One","floor":51,"turns":13},{"damage":55,"enemies":"Shield and Spear","floor":55,"turns":6},{"damage":50,"enemies":"The Heart","floor":56,"turns":3}],"seed_played":"3742796145229433728","potions_obtained":[{"floor":1,"key":"LiquidBronze"},{"floor":3,"key":"Fire Potion"},{"floor":11,"key":"BlessingOfTheForge"},{"floor":12,"key":"ColorlessPotion"},{"floor":16,"key":"AttackPotion"},{"floor":18,"key":"SmokeBomb"},{"floor":27,"key":"Energy Potion"},{"floor":33,"key":"ColorlessPotion"},{"floor":36,"key":"EntropicBrew"},{"floor":41,"key":"Dexterity Potion"},{"floor":42,"key":"Block Potion"},{"floor":48,"key":"FairyPotion"}],"is_trial":false,"path_per_floor":["M","M","M","?","$","R","M","$","T","?","M","E","M","E","R","B",null,"M","$","M","$","?","R","E","R","T","M","M","R","?","$","R","B",null,"M","?","M","?","?","R","M","?","T","E","M","M","E","M","R","B","B",null,"R","$","E","B"],"character_chosen":"THE_SILENT","items_purchased":["Footwork","Energy Potion","Shuriken","GhostInAJar","SkillPotion","Leg Sweep","Ancient Potion","Poison Potion","Centennial Puzzle"],"campfire_rested":3,"item_purchase_floors":[5,8,19,19,31,31,54,54,54],"current_hp_per_floor":[52,52,52,52,52,52,31,31,31,31,17,17,22,13,32,37,59,56,56,41,41,41,41,27,27,27,15,9,28,28,28,28,10,52,48,37,37,35,35,35,35,35,35,35,35,27,27,32,51,34,21,55,55,55,5,0,0],"gold":71,"neow_bonus":"RANDOM_COLORLESS_2","is_daily":false,"chose_seed":false,"campfire_upgraded":5,"win_rate":0.0,"timestamp":1611639805,"path_taken":["M","M","M","?","$","R","M","?","T","?","M","E","?","E","R","BOSS","M","$","M","$","?","R","E","R","T","M","?","R","?","$","R","BOSS","M","?","M","?","?","R","?","?","T","E","M","M","E","M","R","BOSS","BOSS","R","$","E","BOSS"],"items_purchased_type":["Card","Potion","Relic","Potion","Potion","Card","Potion","Potion","Relic"],"build_version":"2020-12-18","purchased_purges":3,"victory":false,"max_hp_per_floor":[66,66,66,66,66,66,66,66,66,66,66,66,66,66,66,66,66,66,66,66,66,66,66,66,66,66,66,66,66,66,66,66,66,66,66,66,66,66,66,66,66,66,66,66,66,66,66,66,66,66,66,66,66,66,66,66,66],"relic_stats":{"Happy Flower":[1],"counters":[29,190],"Whetstone":["Neutralize","Strike_G"],"Letter Opener":[110],"MawBank":120,"Mercury Hourglass":[162],"Nunchaku":[36],"Lizard Tail":33,"Dream Catcher":1,"Centennial Puzzle":[6],"Shuriken":[71],"Snecko Eye":[232,254,243,265],"Pandora\u0027s Box":["Night Terror","Bane","Masterful Stab","Concentrate","Expertise","Sucker Punch","Terror","Blade Dance"],"obtain_stats":[{"Happy Flower":55,"Whetstone":12,"Letter Opener":24,"MawBank":9,"Mercury Hourglass":47,"Nunchaku":14,"Lizard Tail":26,"Dream Catcher":44,"Centennial Puzzle":54,"Shuriken":19,"Snecko Eye":34,"Pandora\u0027s Box":17,"Toy Ornithopter":4,"TungstenRod":38,"Ring of the Snake":0,"Pocketwatch":36},{"Happy Flower":28,"Whetstone":6,"Letter Opener":12,"MawBank":4,"Mercury Hourglass":24,"Nunchaku":8,"Lizard Tail":12,"Dream Catcher":21,"Centennial Puzzle":27,"Shuriken":10,"Snecko Eye":15,"Pandora\u0027s Box":9,"Toy Ornithopter":3,"TungstenRod":19,"Ring of the Snake":0,"Pocketwatch":17},{"Happy Flower":187,"Whetstone":31,"Letter Opener":57,"MawBank":21,"Mercury Hourglass":141,"Nunchaku":38,"Lizard Tail":57,"Dream Catcher":116,"Centennial Puzzle":181,"Shuriken":47,"Snecko Eye":74,"Pandora\u0027s Box":44,"Toy Ornithopter":15,"TungstenRod":94,"Ring of the Snake":0,"Pocketwatch":88}],"Toy Ornithopter":70,"TungstenRod":129,"Ring of the Snake":[58],"Pocketwatch":[186]},"card_choices":[{"not_picked":["Mayhem","The Bomb"],"picked":"HandOfGreed","floor":0},{"not_picked":["Prepared","Crippling Poison"],"picked":"Terror","floor":1},{"not_picked":["Distraction","Dagger Spray"],"picked":"Flying Knee","floor":2},{"not_picked":["Dagger Spray","Eviscerate"],"picked":"Sucker Punch","floor":3},{"not_picked":["Finisher","Deadly Poison"],"picked":"Dagger Spray","floor":7},{"not_picked":["Poisoned Stab","Flechettes","Outmaneuver"],"picked":"SKIP","floor":11},{"not_picked":["Escape Plan","A Thousand Cuts"],"picked":"Masterful Stab","floor":12},{"not_picked":["Deadly Poison","Flying Knee","Poisoned Stab"],"picked":"SKIP","floor":13},{"not_picked":["Setup","Flying Knee"],"picked":"Backflip","floor":14},{"not_picked":["Doppelganger","Phantasmal Killer"],"picked":"Wraith Form v2","floor":16},{"not_picked":["Finisher","Masterful Stab"],"picked":"PiercingWail","floor":18},{"not_picked":["Dagger Throw","Dagger Spray","Blur"],"picked":"SKIP","floor":20},{"not_picked":["Infinite Blades","Poisoned Stab","Predator"],"picked":"SKIP","floor":24},{"not_picked":["Terror","Underhanded Strike","Poisoned Stab"],"picked":"SKIP","floor":27},{"not_picked":["Bane+1","Grand Finale","Setup"],"picked":"SKIP","floor":28},{"not_picked":["Doppelganger","Storm of Steel"],"picked":"Corpse Explosion","floor":33},{"not_picked":["Blur","Dash"],"picked":"Leg Sweep","floor":35},{"not_picked":["Cloak And Dagger","Sucker Punch+1"],"picked":"Backflip","floor":36},{"not_picked":["Expertise","Bane","Deadly Poison"],"picked":"SKIP","floor":37},{"not_picked":["Choke","PiercingWail"],"picked":"Outmaneuver","floor":38},{"not_picked":["Slice","Reflex","Underhanded Strike"],"picked":"SKIP","floor":41},{"not_picked":["Flying Knee","Dodge and Roll","Quick Slash"],"picked":"SKIP","floor":44},{"not_picked":["Slice","Deflect","Backflip"],"picked":"SKIP","floor":45},{"not_picked":["Terror+1","Cloak And Dagger","Bane"],"picked":"SKIP","floor":46},{"not_picked":["Tactician","Underhanded Strike+1","Grand Finale"],"picked":"SKIP","floor":47},{"not_picked":["Concentrate+1","Calculated Gamble","Dagger Spray"],"picked":"SKIP","floor":48},{"not_picked":["Riddle With Holes","Blur","Footwork"],"picked":"SKIP","floor":55}],"player_experience":3991126,"relics_obtained":[{"floor":4,"key":"Toy Ornithopter"},{"floor":9,"key":"MawBank"},{"floor":12,"key":"Whetstone"},{"floor":14,"key":"Nunchaku"},{"floor":24,"key":"Letter Opener"},{"floor":26,"key":"Lizard Tail"},{"floor":36,"key":"Pocketwatch"},{"floor":38,"key":"TungstenRod"},{"floor":44,"key":"Dream Catcher"},{"floor":47,"key":"Mercury Hourglass"},{"floor":55,"key":"Happy Flower"}],"event_choices":[{"damage_healed":0,"gold_gain":0,"player_choice":"Relic","damage_taken":0,"max_hp_gain":0,"max_hp_loss":0,"event_name":"Wheel of Change","floor":4,"gold_loss":0},{"cards_removed":["Strike_G"],"damage_healed":0,"gold_gain":0,"player_choice":"Purged","damage_taken":0,"max_hp_gain":0,"max_hp_loss":0,"event_name":"Purifier","floor":10,"gold_loss":0},{"damage_healed":0,"gold_gain":0,"cards_transformed":["Masterful Stab"],"player_choice":"Transformed","damage_taken":0,"max_hp_gain":0,"max_hp_loss":0,"event_name":"Transmorgrifier","floor":22,"gold_loss":0,"cards_obtained":["All Out Attack"]},{"damage_healed":0,"gold_gain":0,"player_choice":"Ignored","damage_taken":0,"max_hp_gain":0,"max_hp_loss":0,"event_name":"Beggar","floor":30,"gold_loss":0},{"damage_healed":0,"gold_gain":0,"player_choice":"Fight","damage_taken":0,"max_hp_gain":0,"max_hp_loss":0,"event_name":"MindBloom","floor":36,"gold_loss":0},{"damage_healed":0,"gold_gain":0,"player_choice":"Fight","damage_taken":0,"max_hp_gain":0,"max_hp_loss":0,"event_name":"Mysterious Sphere","floor":38,"gold_loss":0},{"damage_healed":0,"gold_gain":0,"player_choice":"Memory 1","damage_taken":0,"max_hp_gain":0,"max_hp_loss":0,"event_name":"SensoryStone","floor":39,"gold_loss":0},{"damage_healed":0,"gold_gain":0,"player_choice":"Got Potions","damage_taken":0,"max_hp_gain":0,"max_hp_loss":0,"event_name":"Lab","floor":42,"gold_loss":0}],"is_beta":true,"boss_relics":[{"not_picked":["HoveringKite","SacredBark"],"picked":"Pandora\u0027s Box"},{"not_picked":["Empty Cage","Runic Dome"],"picked":"Snecko Eye"}],"items_purged_floors":[5,19,54],"is_endless":false,"potions_floor_spawned":[1,3,11,12,16,18,27,33,36,38,41,46,48],"killed_by":"The Heart","ascension_level":20}}