{"host":"kg61lsvem4dxoat8","time":1611671760,"event":{"mods":["BaseMod","Colored Powertips","Minty Spire (QoL Compilation)","Quick Restart","Rare Cards Sparkle","Relic Stats","slay the spire mod where everything is the same but ironclad has a cowboy hat"],"gold_per_floor":[119,67,85,85,102,133,152,152,175,205,228,228,1,15,15,90,90,103,103,128,147,164,164,180,130,206,219,219,246,17,17,17,94,94,112,112,62,82,32,32,32,63,142,153,153,169,169,181,181,181],"floor_reached":51,"language":"ENG","playtime":2232,"items_purged":["Strike_G","Strike_G","Strike_G","Strike_G","Strike_G"],"score":1342,"play_id":"f0e158ce-567d-43ac-b52b-30aa0b41fcaf","local_time":"20210126223600","is_ascension_mode":true,"campfire_choices":[{"data":"Cloak And Dagger","floor":8,"key":"SMITH"},{"data":"Cloak And Dagger","floor":12,"key":"SMITH"},{"data":"Envenom","floor":15,"key":"SMITH"},{"data":"After Image","floor":23,"key":"SMITH"},{"floor":28,"key":"REST"},{"data":"Footwork","floor":32,"key":"SMITH"},{"floor":40,"key":"REST"},{"floor":45,"key":"REST"},{"floor":47,"key":"REST"},{"data":"Footwork","floor":49,"key":"SMITH"}],"circlet_count":0,"master_deck":["AscendersBane","Defend_G","Defend_G","Defend_G","Defend_G","Defend_G","Survivor","Neutralize","Cloak And Dagger+1","Blade Dance+1","Cloak And Dagger+1","Footwork+1","Backflip","Envenom+1","Footwork+1","After Image+1","Blade Dance+1","Panache+1","Phantasmal Killer","Blur+1","Impatience","Infinite Blades+1","Pain"],"relics":["Ring of the Snake","NeowsBlessing","Oddly Smooth Stone","Strawberry","Smiling Mask","Pen Nib","Philosopher\u0027s Stone","PreservedInsect","Frozen Egg 2","Blue Candle","Cursed Key","Pantograph"],"acts_visited":["Exordium","TheCity","TheBeyond"],"potions_floor_usage":[6,6,14,16,22,24,27,29,44,50],"damage_taken":[{"damage":0,"enemies":"Small Slimes","floor":1,"turns":1},{"damage":0,"enemies":"Cultist","floor":3,"turns":1},{"damage":0,"enemies":"Jaw Worm","floor":5,"turns":1},{"damage":8,"enemies":"Gremlin Nob","floor":6,"turns":3},{"damage":10,"enemies":"Exordium Wildlife","floor":7,"turns":4},{"damage":15,"enemies":"3 Sentries","floor":10,"turns":10},{"damage":2,"enemies":"Exordium Thugs","floor":14,"turns":6},{"damage":20,"enemies":"The Guardian","floor":16,"turns":8},{"damage":13,"enemies":"Shell Parasite","floor":18,"turns":5},{"damage":10,"enemies":"3 Byrds","floor":21,"turns":6},{"damage":0,"enemies":"3 Cultists","floor":22,"turns":6},{"damage":0,"enemies":"Snecko","floor":24,"turns":7},{"damage":4,"enemies":"Centurion and Healer","floor":27,"turns":7},{"damage":0,"enemies":"Gremlin Leader","floor":29,"turns":6},{"damage":14,"enemies":"Automaton","floor":33,"turns":10},{"damage":12,"enemies":"Orb Walker","floor":35,"turns":4},{"damage":28,"enemies":"3 Darklings","floor":38,"turns":4},{"damage":28,"enemies":"Nemesis","floor":42,"turns":7},{"damage":24,"enemies":"4 Shapes","floor":44,"turns":8},{"damage":4,"enemies":"Spire Growth","floor":46,"turns":5},{"damage":2,"enemies":"Maw","floor":48,"turns":7},{"damage":63,"enemies":"Awakened One","floor":50,"turns":13}],"seed_played":"1070393481619706310","potions_obtained":[{"floor":1,"key":"Fire Potion"},{"floor":5,"key":"PowerPotion"},{"floor":6,"key":"Swift Potion"},{"floor":14,"key":"AttackPotion"},{"floor":16,"key":"GamblersBrew"},{"floor":21,"key":"AttackPotion"},{"floor":24,"key":"Swift Potion"},{"floor":27,"key":"PowerPotion"},{"floor":42,"key":"Poison Potion"},{"floor":44,"key":"SteroidPotion"},{"floor":46,"key":"SkillPotion"}],"is_trial":false,"path_per_floor":["M","$","M","?","M","E","M","R","T","E","T","R","$","M","R","B",null,"M","?","T","M","M","R","M","$","T","M","R","E","$","?","R","B",null,"M","?","$","M","$","R","?","E","T","M","R","M","R","M","R","B",null],"character_chosen":"THE_SILENT","items_purchased":["Blade Dance","Envenom","Panache+1"],"campfire_rested":4,"item_purchase_floors":[2,13,30],"current_hp_per_floor":[59,59,59,59,59,51,41,41,48,33,33,33,33,31,31,11,58,45,60,60,50,50,50,50,50,50,46,67,67,67,67,67,53,68,56,56,56,28,28,49,73,45,45,21,42,38,59,57,57,10],"gold":181,"neow_bonus":"THREE_ENEMY_KILL","is_daily":false,"chose_seed":false,"campfire_upgraded":6,"win_rate":0.0,"timestamp":1611671760,"path_taken":["M","$","M","?","?","E","M","R","T","E","?","R","?","M","R","BOSS","M","?","?","M","?","R","M","?","T","M","R","E","$","?","R","BOSS","M","?","$","M","$","R","?","E","T","M","R","M","R","M","R","BOSS"],"items_purchased_type":["Card","Card","Card"],"build_version":"2020-12-22","purchased_purges":5,"victory":true,"max_hp_per_floor":[66,66,66,66,66,66,66,66,73,73,73,73,73,73,73,73,73,73,73,73,73,73,73,73,73,73,73,73,73,73,73,73,73,73,73,73,73,73,73,73,73,73,73,73,73,73,73,73,73,73],"relic_stats":{"counters":[22,129],"Blue Candle":[3],"Pantograph":16,"Pen Nib":[44],"PreservedInsect":98,"Smiling Mask":375,"Cursed Key":1,"obtain_stats":[{"NeowsBlessing":0,"Strawberry":9,"Blue Candle":29,"Pantograph":43,"Oddly Smooth Stone":6,"Philosopher\u0027s Stone":17,"Pen Nib":11,"PreservedInsect":20,"Frozen Egg 2":26,"Smiling Mask":10,"Cursed Key":34,"Ring of the Snake":0},{"NeowsBlessing":0,"Strawberry":5,"Blue Candle":14,"Pantograph":18,"Oddly Smooth Stone":4,"Philosopher\u0027s Stone":8,"Pen Nib":6,"PreservedInsect":9,"Frozen Egg 2":12,"Smiling Mask":6,"Cursed Key":15,"Ring of the Snake":0},{"NeowsBlessing":0,"Strawberry":10,"Blue Candle":71,"Pantograph":96,"Oddly Smooth Stone":6,"Philosopher\u0027s Stone":34,"Pen Nib":20,"PreservedInsect":39,"Frozen Egg 2":58,"Smiling Mask":20,"Cursed Key":81,"Ring of the Snake":0}],"Ring of the Snake":[44]},"card_choices":[{"not_picked":["Setup","Accuracy"],"picked":"Cloak And Dagger","floor":1},{"not_picked":["Underhanded Strike","Eviscerate"],"picked":"Cloak And Dagger","floor":3},{"not_picked":["Prepared","Catalyst","Masterful Stab"],"picked":"SKIP","floor":5},{"not_picked":["Dodge and Roll","Flying Knee"],"picked":"Footwork","floor":6},{"not_picked":["Endless Agony","Dagger Throw"],"picked":"Backflip","floor":7},{"not_picked":["Expertise","Cloak And Dagger"],"picked":"Terror","floor":10},{"not_picked":["Corpse Explosion","Poisoned Stab"],"picked":"Footwork","floor":14},{"not_picked":["Malaise","Tools of the Trade"],"picked":"After Image","floor":16},{"not_picked":["Dagger Throw","Acrobatics","Bouncing Flask"],"picked":"SKIP","floor":18},{"not_picked":["Eviscerate","Dagger Throw+1","Slice"],"picked":"SKIP","floor":21},{"not_picked":["Poisoned Stab","Dagger Spray","Underhanded Strike"],"picked":"SKIP","floor":22},{"not_picked":["Slice","PiercingWail","Masterful Stab"],"picked":"SKIP","floor":24},{"not_picked":["Deadly Poison","Slice","Dash"],"picked":"SKIP","floor":27},{"not_picked":["Backflip","Prepared"],"picked":"Blade Dance","floor":29},{"not_picked":["Die Die Die","Grand Finale"],"picked":"Phantasmal Killer","floor":33},{"not_picked":["Backstab","Heel Hook"],"picked":"Blur+1","floor":35},{"not_picked":["Dark Shackles","Bandage Up"],"picked":"Impatience","floor":36},{"not_picked":["Bane","Quick Slash"],"picked":"Infinite Blades+1","floor":38},{"not_picked":["Outmaneuver","Choke+1","Finisher+1"],"picked":"SKIP","floor":42},{"not_picked":["Deadly Poison","Endless Agony","Quick Slash"],"picked":"SKIP","floor":44},{"not_picked":["Eviscerate","Masterful Stab","All Out Attack"],"picked":"SKIP","floor":46},{"not_picked":["Backflip","Masterful Stab","Distraction"],"picked":"SKIP","floor":48}],"player_experience":1398653,"relics_obtained":[{"floor":6,"key":"Oddly Smooth Stone"},{"floor":9,"key":"Strawberry"},{"floor":10,"key":"Smiling Mask"},{"floor":11,"key":"Pen Nib"},{"floor":20,"key":"PreservedInsect"},{"floor":26,"key":"Frozen Egg 2"},{"floor":29,"key":"Blue Candle"},{"floor":43,"key":"Pantograph"}],"event_choices":[{"damage_healed":0,"gold_gain":0,"player_choice":"Upgraded","damage_taken":0,"max_hp_gain":0,"max_hp_loss":0,"event_name":"Upgrade Shrine","floor":4,"gold_loss":0,"cards_upgraded":["Blade Dance"]},{"damage_healed":15,"gold_gain":0,"player_choice":"Heal","damage_taken":0,"max_hp_gain":0,"max_hp_loss":0,"event_name":"The Library","floor":19,"gold_loss":0},{"damage_healed":0,"gold_gain":0,"player_choice":"Upgraded","damage_taken":0,"max_hp_gain":0,"max_hp_loss":0,"event_name":"Upgrade Shrine","floor":31,"gold_loss":0,"cards_upgraded":["Blade Dance"]},{"damage_healed":0,"gold_gain":0,"player_choice":"Memory 1","damage_taken":0,"max_hp_gain":0,"max_hp_loss":0,"event_name":"SensoryStone","floor":36,"gold_loss":0},{"cards_removed":["Terror"],"damage_healed":24,"gold_gain":0,"player_choice":"Offered Uncommon","damage_taken":0,"max_hp_gain":0,"max_hp_loss":0,"event_name":"Bonfire Elementals","floor":41,"gold_loss":0}],"is_beta":false,"boss_relics":[{"not_picked":["Fusion Hammer","Ring of the Serpent"],"picked":"Philosopher\u0027s Stone"},{"not_picked":["Velvet Choker","Pandora\u0027s Box"],"picked":"Cursed Key"}],"items_purged_floors":[13,25,30,37,39],"is_endless":false,"potions_floor_spawned":[1,5,6,14,16,21,24,27,42,44,46],"ascension_level":18}}