{"host":"htz0vj76zckzolyr","time":1611664857,"event":{"mods":["Act Like it!","Arknights The Spire","BaseMod","CapriCore","Colored Map","Colored Powertips","Downfall","Friendly Minions","Gensokyo","KinomotoSakuraMod(Ä¾Ö®±¾Ó£)","Lobotomy","LobotomyExtend","Marisa£¨ìFÓê¡¡Ä§ÀíÉ³£©","Minty Spire (QoL Compilation)","Quick Restart","Relic Stats","Shop Mod","StSLib","The Administrix","The Animator"],"gold_per_floor":[113,131,142,162,6,6,6,6],"floor_reached":7,"language":"ZHS","playtime":934,"items_purged":[],"score":47,"play_id":"4b788bee-8324-46b5-9689-dbb7dbbffd4b","local_time":"20210126204057","is_ascension_mode":true,"campfire_choices":[],"circlet_count":0,"master_deck":["SpecialBullet","SpecialBullet","SpecialBullet","SpecialBullet","SpecialBullet","SpecialBullet","SpecialBullet","SpecialBullet","SecurityCode","ExtractionCode","CentralCode","Finesse","FrostShard","SomewhereSpear","MeatLantern","Laetitia_ego","FieryBird","Mimicry","Gensokyo:ExoticEgg","Gensokyo:TarnishedGold"],"relics":["CogitoBucket","LetterFromLob"],"acts_visited":["Gensokyo:Gensokyo"],"potions_floor_usage":[],"damage_taken":[{"damage":0.0,"enemies":"Gensokyo:3_Fairies","floor":1.0,"turns":3.0},{"damage":3.0,"enemies":"Gensokyo:2_Kodama","floor":2.0,"turns":3.0},{"damage":1.0,"enemies":"Gensokyo:Python","floor":3.0,"turns":3.0},{"damage":2.0,"enemies":"Gensokyo:Kitsune","floor":4.0,"turns":4.0},{"damage":56,"enemies":"Gensokyo:Aya","floor":7,"turns":6}],"seed_played":"3024558556921408283","potions_obtained":[{"floor":2.0,"key":"SneckoOil"},{"floor":4.0,"key":"ColorlessPotion"}],"is_trial":false,"path_per_floor":["M","M","M","M","COS","R","E"],"character_chosen":"Angela","items_purchased":[],"campfire_rested":0,"item_purchase_floors":[],"current_hp_per_floor":[70,70,70,70,70,70,14,14],"gold":6,"neow_bonus":"RANDOM_COLORLESS","is_daily":false,"chose_seed":false,"campfire_upgraded":0,"win_rate":0.0,"timestamp":1611664857,"path_taken":["M","M","M","M","COS","R","E"],"items_purchased_type":[],"build_version":"2020-12-22","purchased_purges":0,"victory":false,"max_hp_per_floor":[70,70,70,70,70,70,70,70],"relic_stats":{"counters":[5,19],"obtain_stats":[{"CogitoBucket":0,"LetterFromLob":1},{"CogitoBucket":0,"LetterFromLob":1},{"CogitoBucket":0,"LetterFromLob":3}]},"card_choices":[{"not_picked":["Blind","Jack Of All Trades"],"picked":"Finesse","floor":0.0},{"not_picked":["RapturousDream"],"picked":"FrostShard","floor":1.0},{"not_picked":["Spore"],"picked":"SomewhereSpear","floor":1.0},{"not_picked":["Scarecrow","NothingThere"],"picked":"MeatLantern","floor":1.0},{"not_picked":["TodaysExpression","WristCuter"],"picked":"SKIP","floor":2.0},{"not_picked":["RedEyes","Beak"],"picked":"SKIP","floor":2.0},{"not_picked":["TodaysExpression","WristCuter"],"picked":"SKIP","floor":2.0},{"not_picked":["RedEyes","Beak"],"picked":"SKIP","floor":2.0},{"not_picked":["SomewhereSpear"],"picked":"Laetitia_ego","floor":3.0},{"not_picked":["Loneliness","CherryBlossom"],"picked":"SKIP","floor":3.0},{"not_picked":["Wellcheers","LongBird"],"picked":"FieryBird","floor":4.0},{"not_picked":["Hornet"],"picked":"Mimicry","floor":4.0},{"not_picked":["Pinks","TodaysExpression"],"picked":"SKIP","floor":4.0}],"player_experience":660283,"relics_obtained":[{"floor":1.0,"key":"LetterFromLob"}],"event_choices":[],"is_beta":false,"boss_relics":[],"items_purged_floors":[],"is_endless":false,"potions_floor_spawned":[2,4],"killed_by":"Gensokyo:Aya","ascension_level":2}}