{"host":"c3lc60y5x60jlt1y","time":1611686176,"event":{"mods":["AchievementEnabler","BaseMod","Bestiary","Colored Map","Minty Spire (QoL Compilation)","Quick Restart","StSLib","ojb\u0027s Info Mod"],"gold_per_floor":[114,264,81,81,24,59,134,134,158,179,192,242,270,270,270,349,349,362,287,287,38,57,57,57],"floor_reached":23,"language":"ENG","playtime":1356,"items_purged":["Doubt"],"score":436,"play_id":"d65c2af7-6e40-4f46-8a26-2f46d26d9882","local_time":"20210126203616","is_ascension_mode":true,"campfire_choices":[{"data":"Body Slam","floor":8.0,"key":"SMITH"},{"data":"Armaments","floor":15.0,"key":"SMITH"}],"circlet_count":0,"master_deck":["AscendersBane","Strike_R","Strike_R","Strike_R","Defend_R","Defend_R","Defend_R","Bash","Ghostly Armor","Inflame","Flex","Power Through","Body Slam+1","Thunderclap","Armaments+1","Reckless Charge","Offering","Evolve","Pummel","Bandage Up","Combust"],"relics":["Burning Blood","NeowsBlessing","MealTicket","Toy Ornithopter","Odd Mushroom","Happy Flower","Pantograph","Black Star","Membership Card"],"acts_visited":["Exordium","TheCity"],"potions_floor_usage":[16,16],"damage_taken":[{"damage":0.0,"enemies":"Jaw Worm","floor":1.0,"turns":1.0},{"damage":0.0,"enemies":"Lagavulin","floor":6.0,"turns":1.0},{"damage":0.0,"enemies":"The Mushroom Lair","floor":10.0,"turns":2.0},{"damage":11.0,"enemies":"Small Slimes","floor":11.0,"turns":4.0},{"damage":10.0,"enemies":"Gremlin Nob","floor":13.0,"turns":4.0},{"damage":55,"enemies":"Slime Boss","floor":16,"turns":12},{"damage":6,"enemies":"Spheric Guardian","floor":18,"turns":3},{"damage":37,"enemies":"Shell Parasite","floor":22,"turns":6},{"damage":57,"enemies":"Book of Stabbing","floor":23,"turns":4}],"seed_played":"-9106136945455109243","potions_obtained":[{"floor":6.0,"key":"Ancient Potion"},{"floor":11.0,"key":"PowerPotion"},{"floor":13.0,"key":"BlessingOfTheForge"},{"floor":18,"key":"Fire Potion"}],"is_trial":false,"path_per_floor":["M","?","$","?","$","E","?","R","T","?","M","T","E","?","R","B",null,"M","?","?","$","M","E"],"character_chosen":"IRONCLAD","items_purchased":["Inflame","Flex","Fire Potion","Membership Card","Bandage Up","Combust"],"campfire_rested":0,"item_purchase_floors":[3,3,5,21,21,21],"current_hp_per_floor":[74,74,74,74,74,75,64,64,64,70,65,65,66,71,71,31,68,68,68,68,80,53,0,0],"gold":57,"neow_bonus":"THREE_ENEMY_KILL","is_daily":false,"chose_seed":false,"campfire_upgraded":2,"win_rate":0.0,"timestamp":1611686176,"path_taken":["M","?","$","?","$","E","?","R","T","?","?","?","E","?","R","BOSS","M","?","?","$","?","E"],"items_purchased_type":["Card","Card","Potion","Relic","Card","Card"],"build_version":"2020-12-22","purchased_purges":1,"victory":false,"max_hp_per_floor":[75,75,75,75,75,75,75,75,75,75,75,75,75,80,80,80,80,80,80,80,80,80,80,80],"card_choices":[{"not_picked":["Clash","Heavy Blade"],"picked":"Ghostly Armor","floor":1.0},{"not_picked":["Exhume","Wild Strike"],"picked":"Body Slam","floor":6.0},{"not_picked":["Clash","Flex"],"picked":"Thunderclap","floor":10.0},{"not_picked":["Rupture","Twin Strike"],"picked":"Armaments","floor":11.0},{"not_picked":["Dark Embrace","Headbutt"],"picked":"Reckless Charge","floor":13.0},{"not_picked":["Corruption","Double Tap"],"picked":"Offering","floor":16},{"not_picked":["Power Through","Pommel Strike"],"picked":"Evolve","floor":18},{"not_picked":["Rampage","Anger","Thunderclap"],"picked":"SKIP","floor":22}],"player_experience":8596616,"relics_obtained":[{"floor":6.0,"key":"MealTicket"},{"floor":9.0,"key":"Toy Ornithopter"},{"floor":10.0,"key":"Odd Mushroom"},{"floor":12.0,"key":"Happy Flower"},{"floor":13.0,"key":"Pantograph"}],"event_choices":[{"damage_healed":0.0,"max_hp_gain":0.0,"max_hp_loss":0.0,"gold_gain":150.0,"event_name":"Liars Game","player_choice":"AGREE","floor":2.0,"gold_loss":0.0,"damage_taken":0.0,"cards_obtained":["Doubt"]},{"damage_healed":0.0,"max_hp_gain":0.0,"max_hp_loss":0.0,"gold_gain":0.0,"cards_transformed":["Strike_R"],"event_name":"Living Wall","player_choice":"Change","floor":4.0,"gold_loss":0.0,"damage_taken":0.0,"cards_obtained":["Power Through"]},{"damage_healed":0.0,"max_hp_gain":0.0,"max_hp_loss":0.0,"gold_gain":75.0,"event_name":"World of Goop","player_choice":"Gather Gold","floor":7.0,"gold_loss":0.0,"damage_taken":11.0},{"damage_healed":0.0,"max_hp_gain":0.0,"max_hp_loss":0.0,"gold_gain":0.0,"event_name":"Mushrooms","player_choice":"Fought Mushrooms","floor":10.0,"gold_loss":0.0,"damage_taken":0.0},{"damage_healed":0.0,"max_hp_gain":5.0,"max_hp_loss":0.0,"gold_gain":0.0,"event_name":"Big Fish","player_choice":"Donut","floor":14.0,"gold_loss":0.0,"damage_taken":0.0},{"cards_removed":["Strike_R"],"damage_healed":0,"gold_gain":0,"player_choice":"Gave Gold","damage_taken":0,"max_hp_gain":0,"max_hp_loss":0,"event_name":"Beggar","floor":19,"gold_loss":75},{"damage_healed":0,"gold_gain":0,"cards_transformed":["Defend_R"],"player_choice":"Transformed","damage_taken":0,"max_hp_gain":0,"max_hp_loss":0,"event_name":"Transmorgrifier","floor":20,"gold_loss":0,"cards_obtained":["Pummel"]}],"is_beta":false,"boss_relics":[{"not_picked":["Runic Cube","Runic Dome"],"picked":"Black Star"}],"items_purged_floors":[3],"is_endless":false,"potions_floor_spawned":[6,11,13,18],"killed_by":"Book of Stabbing","ascension_level":20}}