{"host":"oe6yjh9x9s1jtd6c","time":1611674088,"event":{"mods":["Act Like it!","BaseMod","Downfall","Jorbs\u0027s Wanderer Trilogy","Minty Spire (QoL Compilation)","Permanent Neow","Relic Stats","StSLib","The Jungle"],"gold_per_floor":[117,292,306,231,243,193,154,185,239,84,34,65,15,35,35,136,136,149,64,79,79,79,29,29,29,29,128,154,104,104,186,136,231,231,242,242,242,254,106,56,106,138,138,172,203,153,153,78,28,28,28,28,28,63,63,63,63],"floor_reached":55,"language":"ENG","playtime":2848,"items_purged":["Doubt"],"score":998,"play_id":"d946c4f4-85d0-4c54-898d-ec2350390175","local_time":"20210126151448","is_ascension_mode":true,"campfire_choices":[{"data":"Slimebound:Overexert","floor":6.0,"key":"SMITH"},{"data":"Slimebound:MegaLick","floor":11.0,"key":"SMITH"},{"data":"Slimebound:SamplingLick","floor":13.0,"key":"SMITH"},{"floor":15.0,"key":"REST"},{"data":"Slimebound:RallyTheTroops","floor":23.0,"key":"SMITH"},{"data":"Slimebound:HauntingLick","floor":25.0,"key":"SMITH"},{"data":"Slimebound:Darklings","floor":29.0,"key":"SMITH"},{"data":"Slimebound:ForwardTackle","floor":30.0,"key":"SMITH"},{"floor":32.0,"key":"REST"},{"floor":40,"key":"REST"},{"floor":46,"key":"REST"},{"floor":49,"key":"RECALL"},{"floor":52,"key":"REST"}],"circlet_count":0,"master_deck":["Slimebound:Defend_Slimebound","Slimebound:Defend_Slimebound","Slimebound:Defend_Slimebound","Slimebound:Split+1","Slimebound:CorrosiveSpit","Slimebound:ForwardTackle+1","Slimebound:HauntingLick+1","Slimebound:Overexert+1","Slimebound:MegaLick+1","Slimebound:SamplingLick+1","Slimebound:SplitLeeching","Slimebound:DivideAndConquer","Slimebound:Repurpose","Slimebound:Repurpose+1","Slimebound:RallyTheTroops+1","Slimebound:SlimeBarrage+1","Slimebound:ForwardTackle+1","Slimebound:Tackle+1","Slimebound:Tackle+1","Slimebound:Chomp","Slimebound:Nibble","Slimebound:Darklings+1","Slimebound:Schlurp+1","Slimebound:Darklings+1","Master of Strategy","Slimebound:Replication+1","Slimebound:ComboTackle+1","Slimebound:HauntingLick+1","Slimebound:Recollect","Slimebound:Nibble+1"],"relics":["Slimebound:AbsorbEndCombat","Slimebound:GreedOozeRelic","Strawberry","Potion Belt","Orrery","sneckomod:BlankCard","SlaversCollar","Dream Catcher","WingedGreaves","hexamod:Sixitude","Mummified Hand","Busted Crown","Bag of Preparation","Mango","War Paint","StrikeDummy","Slimebound:SlimedTailRelic","Thread and Needle"],"acts_visited":["Exordium","TheCity","TheBeyond","TheEnding"],"potions_floor_usage":[55,55,55,55,55],"damage_taken":[{"damage":11.0,"enemies":"2 Louse","floor":1.0,"turns":3.0},{"damage":10.0,"enemies":"Jaw Worm","floor":3.0,"turns":3.0},{"damage":6.0,"enemies":"Small Slimes","floor":5.0,"turns":3.0},{"damage":17.0,"enemies":"3 Sentries","floor":8.0,"turns":5.0},{"damage":23.0,"enemies":"Gremlin Nob","floor":12.0,"turns":4.0},{"damage":0.0,"enemies":"2 Fungi Beasts","floor":14.0,"turns":2.0},{"damage":26.0,"enemies":"The Guardian","floor":16.0,"turns":7.0},{"damage":6.0,"enemies":"Chosen","floor":18.0,"turns":2.0},{"damage":28.0,"enemies":"3 Byrds","floor":20.0,"turns":4.0},{"damage":21.0,"enemies":"Slavers","floor":28.0,"turns":4.0},{"damage":27.0,"enemies":"Automaton","floor":33.0,"turns":4.0},{"damage":6.0,"enemies":"3 Shapes","floor":35.0,"turns":3.0},{"damage":15.0,"enemies":"3 Shapes","floor":37.0,"turns":2.0},{"damage":10.0,"enemies":"Orb Walker","floor":38.0,"turns":2.0},{"damage":0,"enemies":"Mind Bloom Boss Battle","floor":41,"turns":2},{"damage":31,"enemies":"Reptomancer","floor":42,"turns":3},{"damage":16,"enemies":"Nemesis","floor":44,"turns":3},{"damage":12,"enemies":"Giant Head","floor":45,"turns":5},{"damage":43,"enemies":"Time Eater","floor":50,"turns":5},{"damage":4,"enemies":"Shield and Spear","floor":54,"turns":2},{"damage":104,"enemies":"The Heart","floor":55,"turns":3}],"seed_played":"-8428932097590470037","potions_obtained":[{"floor":3.0,"key":"Slimebound:SlimyTonguePotion"},{"floor":5.0,"key":"LiquidMemories"},{"floor":8.0,"key":"Explosive Potion"},{"floor":16.0,"key":"hexamod:SoulburnPotion"},{"floor":33.0,"key":"SpeedPotion"},{"floor":38.0,"key":"Swift Potion"},{"floor":41,"key":"Explosive Potion"},{"floor":42,"key":"EssenceOfSteel"},{"floor":44,"key":"Dexterity Potion"},{"floor":54,"key":"LiquidMemories"}],"is_trial":false,"path_per_floor":["M","?","M","?","M","R","$","E","T","$","R","E","R","M","R","B",null,"M","?","M","?","?","R","?","R","T","?","E","R","R","T","R","B",null,"M","?","?","M","$","R","?","E","T","E","E","R","?","$","R","B",null,"R","$","E","B"],"character_chosen":"SLIMEBOUND","items_purchased":["Slimebound:MegaLick","Orrery","Bag of Preparation"],"campfire_rested":5,"item_purchase_floors":[7,10,39],"current_hp_per_floor":[50,50,44,44,42,42,42,40,40,40,40,19,19,19,40,20,59,55,55,35,35,35,35,35,35,35,35,20,20,20,20,41,18,59,55,45,38,30,30,51,67,42,42,30,26,51,51,51,51,16,69,86,86,86,0,0,0],"gold":63,"neow_bonus":"UPGRADE_CARD","is_daily":false,"chose_seed":false,"campfire_upgraded":7,"win_rate":0.0,"timestamp":1611674088,"path_taken":["M","?","M","?","M","R","$","E","T","$","R","E","R","M","R","BOSS","M","?","M","?","?","R","?","R","T","?","E","R","R","?","R","BOSS","M","?","?","M","?","R","?","E","T","E","E","R","?","$","R","BOSS","R","$","E","BOSS"],"items_purchased_type":["Card","Relic","Relic"],"build_version":"2020-12-22","purchased_purges":1,"victory":false,"max_hp_per_floor":[65,65,65,65,65,65,65,72,72,72,72,72,72,72,72,72,72,72,72,72,72,72,72,72,72,72,72,72,72,72,72,72,72,72,72,72,72,72,72,72,86,86,86,86,86,86,86,86,86,86,86,86,86,86,86,86,86],"relic_stats":{"Dream Catcher":4,"Busted Crown":28,"counters":[21,66],"Mummified Hand":[11],"Bag of Preparation":[14],"War Paint":["Slimebound:Repurpose","Slimebound:Darklings"],"obtain_stats":[{"Potion Belt":9,"sneckomod:BlankCard":12,"hexamod:Sixitude":28,"Mango":41,"Thread and Needle":54,"Bag of Preparation":39,"War Paint":42,"Slimebound:GreedOozeRelic":4,"SlaversCollar":17,"Dream Catcher":19,"Busted Crown":34,"Mummified Hand":31,"Strawberry":8,"Orrery":10,"WingedGreaves":26,"Slimebound:AbsorbEndCombat":0,"StrikeDummy":44,"Slimebound:SlimedTailRelic":45},{"Potion Belt":4,"sneckomod:BlankCard":5,"hexamod:Sixitude":10,"Mango":15,"Thread and Needle":20,"Bag of Preparation":14,"War Paint":16,"Slimebound:GreedOozeRelic":2,"SlaversCollar":7,"Dream Catcher":8,"Busted Crown":11,"Mummified Hand":10,"Strawberry":4,"Orrery":4,"WingedGreaves":9,"Slimebound:AbsorbEndCombat":0,"StrikeDummy":17,"Slimebound:SlimedTailRelic":18},{"Potion Belt":13,"sneckomod:BlankCard":16,"hexamod:Sixitude":34,"Mango":46,"Thread and Needle":63,"Bag of Preparation":44,"War Paint":48,"Slimebound:GreedOozeRelic":5,"SlaversCollar":25,"Dream Catcher":27,"Busted Crown":38,"Mummified Hand":34,"Strawberry":13,"Orrery":13,"WingedGreaves":31,"Slimebound:AbsorbEndCombat":0,"StrikeDummy":51,"Slimebound:SlimedTailRelic":56}]},"card_choices":[{"not_picked":["Slimebound:GoopSpray","Slimebound:FinishingTackle"],"picked":"Slimebound:ForwardTackle","floor":1.0},{"not_picked":["Slimebound:SplitAcid","Slimebound:PressTheAttack"],"picked":"Slimebound:HauntingLick","floor":3.0},{"not_picked":["Slimebound:GoopTackle","Slimebound:LeechEnergy"],"picked":"Slimebound:Overexert","floor":5.0},{"not_picked":["Slimebound:FlameTackle","Slimebound:SpikyOuterGoop"],"picked":"Slimebound:SamplingLick","floor":8.0},{"not_picked":["Slimebound:LeechingTouch","Slimebound:SplitBruiser"],"picked":"Slimebound:SplitLeeching","floor":10.0},{"not_picked":["Slimebound:SamplingLick","Slimebound:GoopSpray"],"picked":"Slimebound:DivideAndConquer","floor":10.0},{"not_picked":["Slimebound:SlimeSpikes","Slimebound:SlimeBrawl"],"picked":"Slimebound:Repurpose","floor":10.0},{"not_picked":["Slimebound:GrowthPunch","Slimebound:HungryTackle"],"picked":"Slimebound:Repurpose","floor":10.0},{"not_picked":["Slimebound:Dissolve","Slimebound:ItLooksTasty","Slimebound:Chomp"],"picked":"SKIP","floor":12.0},{"not_picked":["Slimebound:LeechEnergy","Slimebound:Prepare","Slimebound:SplitAcid"],"picked":"SKIP","floor":14.0},{"not_picked":["Slimebound:WasteNot","Slimebound:Overexert"],"picked":"Slimebound:RallyTheTroops","floor":16.0},{"not_picked":["Slimebound:ComboTackle","Slimebound:SlimeSpikes"],"picked":"Slimebound:SlimeBarrage+1","floor":18.0},{"not_picked":["Slimebound:SplitBruiser","Slimebound:Gluttony+1"],"picked":"Slimebound:ForwardTackle+1","floor":20.0},{"not_picked":["Slimebound:SplitMire","Slimebound:LeechingTouch"],"picked":"Slimebound:Darklings","floor":28.0},{"not_picked":["Slimebound:DisruptingSlam","Slimebound:FinishingTackle"],"picked":"Slimebound:Schlurp+1","floor":32.0},{"not_picked":["Slimebound:WasteNot","Slimebound:CheckThePlaybook"],"picked":"Slimebound:Darklings","floor":33.0},{"not_picked":["Slimebound:LeechingTouch"],"picked":"SKIP","floor":35.0},{"not_picked":[],"picked":"Master of Strategy","floor":36.0},{"not_picked":[],"picked":"Slimebound:Replication+1","floor":37.0},{"not_picked":["Slimebound:FinishingTackle"],"picked":"SKIP","floor":38.0},{"not_picked":[],"picked":"Slimebound:ComboTackle+1","floor":41},{"not_picked":["Slimebound:ViciousTackle+1"],"picked":"SKIP","floor":42},{"not_picked":[],"picked":"Slimebound:HauntingLick+1","floor":44},{"not_picked":["Slimebound:Recollect"],"picked":"SKIP","floor":45},{"not_picked":[],"picked":"Slimebound:Recollect","floor":45},{"not_picked":[],"picked":"Slimebound:Nibble+1","floor":46},{"not_picked":["Slimebound:HungryTackle+1"],"picked":"SKIP","floor":54}],"player_experience":629101,"relics_obtained":[{"floor":8.0,"key":"Strawberry"},{"floor":9.0,"key":"Potion Belt"},{"floor":12.0,"key":"sneckomod:BlankCard"},{"floor":26.0,"key":"WingedGreaves"},{"floor":28.0,"key":"hexamod:Sixitude"},{"floor":31.0,"key":"Mummified Hand"},{"floor":41,"key":"Mango"},{"floor":42,"key":"War Paint"},{"floor":44,"key":"StrikeDummy"},{"floor":45,"key":"Slimebound:SlimedTailRelic"},{"floor":54,"key":"Thread and Needle"}],"event_choices":[{"damage_healed":0.0,"max_hp_gain":0.0,"max_hp_loss":0.0,"gold_gain":175.0,"event_name":"Liars Game","player_choice":"AGREE","floor":2.0,"gold_loss":0.0,"damage_taken":0.0,"cards_obtained":["Doubt"]},{"damage_healed":0.0,"max_hp_gain":0.0,"max_hp_loss":0.0,"gold_gain":0.0,"event_name":"Addict","player_choice":"Obtained Relic","floor":19.0,"gold_loss":85.0,"damage_taken":0.0,"relics_obtained":["Dream Catcher"]},{"damage_healed":0.0,"max_hp_gain":0.0,"max_hp_loss":0.0,"gold_gain":0.0,"cards_transformed":["Slimebound:Tackle","Slimebound:Defend_Slimebound"],"event_name":"Drug Dealer","player_choice":"Became Test Subject","floor":22.0,"gold_loss":0.0,"damage_taken":0.0,"cards_obtained":["Slimebound:Chomp","Slimebound:Nibble"]},{"damage_healed":0.0,"max_hp_gain":0.0,"max_hp_loss":0.0,"gold_gain":0.0,"event_name":"Vampires","player_choice":"Ignored","floor":24.0,"gold_loss":0.0,"damage_taken":0.0},{"damage_healed":0.0,"max_hp_gain":0.0,"max_hp_loss":0.0,"gold_gain":99.0,"event_name":"Nest","player_choice":"Stole From Cult","floor":27.0,"gold_loss":0.0,"damage_taken":0.0},{"damage_healed":0.0,"max_hp_gain":0.0,"max_hp_loss":0.0,"gold_gain":0.0,"event_name":"SensoryStone","player_choice":"Memory 3","floor":36.0,"gold_loss":0.0,"damage_taken":10.0},{"damage_healed":0,"gold_gain":0,"player_choice":"Fight","damage_taken":0,"max_hp_gain":0,"max_hp_loss":0,"event_name":"MindBloom","floor":41,"gold_loss":0},{"cards_removed":["Slimebound:Tackle"],"damage_healed":0,"gold_gain":0,"player_choice":"Removed Attack","damage_taken":0,"max_hp_gain":0,"max_hp_loss":0,"event_name":"Falling","floor":47,"gold_loss":0}],"is_beta":false,"boss_relics":[{"not_picked":["sneckomod:SneckoTalon","Tiny House"],"picked":"SlaversCollar"},{"not_picked":["Sozu","Pandora\u0027s Box"],"picked":"Busted Crown"}],"items_purged_floors":[48],"is_endless":false,"potions_floor_spawned":[3,5,8,16,33,38,41,42,44,54],"killed_by":"The Heart","ascension_level":7}}