{"host":"1tl36azeqm6yhdgj","time":1611667028,"event":{"mods":["AchievementEnabler","BaseMod","Minty Spire (QoL Compilation)","StSLib","The IronCluck","everything is the same but u backflip on backflip"],"gold_per_floor":[115,115,115,126,138,163,163,163,163],"floor_reached":8,"language":"ENG","playtime":168,"items_purged":[],"score":112,"play_id":"3b0b74e9-8fec-4d5c-bea7-ba57447d523f","local_time":"20210126081708","is_ascension_mode":true,"campfire_choices":[{"data":"Pommel Strike","floor":7.0,"key":"SMITH"}],"circlet_count":0,"master_deck":["AscendersBane","Strike_R","Strike_R","Strike_R","Strike_R","Strike_R","Defend_R","Defend_R","Defend_R","Defend_R","Bash","Clothesline","Regret","Dark Embrace","Pommel Strike+1"],"relics":["Burning Blood","NeowsBlessing","Letter Opener","Boot","Pen Nib"],"acts_visited":["Exordium"],"potions_floor_usage":[8,8],"damage_taken":[{"damage":0.0,"enemies":"2 Louse","floor":1.0,"turns":1.0},{"damage":0.0,"enemies":"Jaw Worm","floor":4.0,"turns":1.0},{"damage":0.0,"enemies":"Small Slimes","floor":5.0,"turns":1.0},{"damage":48.0,"enemies":"Gremlin Nob","floor":6.0,"turns":5.0},{"damage":59,"enemies":"3 Sentries","floor":8,"turns":6}],"seed_played":"-9518718208110572","potions_obtained":[{"floor":4.0,"key":"BloodPotion"},{"floor":5.0,"key":"Dexterity Potion"},{"floor":6.0,"key":"AttackPotion"}],"is_trial":false,"path_per_floor":["M","?","T","M","M","E","R","E"],"character_chosen":"IRONCLAD","items_purchased":[],"campfire_rested":0,"item_purchase_floors":[],"current_hp_per_floor":[74,74,74,75,75,48,48,0,0],"gold":163,"neow_bonus":"THREE_ENEMY_KILL","is_daily":false,"chose_seed":false,"campfire_upgraded":1,"win_rate":0.0,"timestamp":1611667028,"path_taken":["M","?","?","M","M","E","R","E"],"items_purchased_type":[],"build_version":"2020-12-22","purchased_purges":0,"victory":false,"max_hp_per_floor":[75,75,75,75,75,75,75,75,75],"card_choices":[{"not_picked":["Iron Wave","True Grit"],"picked":"Clothesline","floor":1.0},{"not_picked":["Searing Blow","Power Through"],"picked":"Dark Embrace","floor":4.0},{"not_picked":["Rupture","Iron Wave"],"picked":"Pommel Strike","floor":5.0},{"not_picked":["Heavy Blade","True Grit","Havoc"],"picked":"SKIP","floor":6.0}],"player_experience":2059154,"relics_obtained":[{"floor":3.0,"key":"Boot"},{"floor":6.0,"key":"Pen Nib"}],"event_choices":[{"damage_healed":0.0,"max_hp_gain":0.0,"max_hp_loss":0.0,"gold_gain":0.0,"event_name":"Big Fish","player_choice":"Box","floor":2.0,"gold_loss":0.0,"damage_taken":0.0,"relics_obtained":["Letter Opener"],"cards_obtained":["Regret"]}],"is_beta":false,"boss_relics":[],"items_purged_floors":[],"is_endless":false,"potions_floor_spawned":[4,5,6],"killed_by":"3 Sentries","ascension_level":20}}