{"host":"df48i9djcn92c5sx","time":1611667344,"event":{"mods":["Act Like it!","Arknights The Spire","BaseMod","Decade(王小明)","Downfall","Gensokyo","Marisa（F雨　魔理沙）","Minty Spire (QoL Compilation)","READ ME - Guardian Mod","READ ME - Snecko Mod","Reimu（博丽灵梦）","Remilia（蕾米莉亚）","Shop Mod","StSLib","The Jungle","The Servant 0.9.4"],"gold_per_floor":[109,109,7,25,41,41,76,76,76,94,94,94,94,94,94,398,398,411,422,441,441,455,455,455,455,455],"floor_reached":25,"language":"ZHS","playtime":835,"items_purged":[],"score":258,"play_id":"0a21a535-42e2-47fa-ad58-d25001645f7c","local_time":"20210126212224","is_ascension_mode":true,"campfire_choices":[{"data":"KidneyShot","floor":6,"key":"SMITH"},{"data":"SilverBlades","floor":8,"key":"SMITH"},{"data":"Moonlight","floor":12,"key":"SMITH"},{"floor":15,"key":"REST"},{"data":"Barrier","floor":23,"key":"SMITH"}],"circlet_count":0,"master_deck":["Strike_S","Defend_S","Defend_S","Defend_S","Defend_S","KidneyShot+1","Exchange","SilverBlades+1","Manipulate","Moonlight+1","Rearm","Gensokyo:CrescentMoonSlash","Orbit+1","Dilation","Solidify+1","Shuttle+1","Ricochet+1","DancingSilver","Barrier+1","Sunlight"],"relics":["Uniform","NeowsBlessing","PocketWatch","Astrolabe","Frozen Eye"],"acts_visited":["Exordium","Gensokyo:Gensokyo"],"potions_floor_usage":[7,16,16,19,25],"damage_taken":[{"damage":0,"enemies":"Gensokyo:3_Fairies","floor":1,"turns":1},{"damage":0,"enemies":"Gensokyo:2_Kodama","floor":4,"turns":1},{"damage":0,"enemies":"Gensokyo:Python","floor":5,"turns":1},{"damage":5,"enemies":"Gensokyo:Mamizou","floor":7,"turns":8},{"damage":16,"enemies":"Gensokyo:3_Kodama","floor":10,"turns":4},{"damage":28,"enemies":"Gensokyo:Yukari","floor":16,"turns":10},{"damage":7,"enemies":"Gensokyo:CosmicMonolith","floor":18,"turns":4},{"damage":36,"enemies":"Gensokyo:3_Dogs","floor":19,"turns":5},{"damage":43,"enemies":"Gensokyo:Slime_Group","floor":20,"turns":4},{"damage":21,"enemies":"Gensokyo:Swordslinger","floor":22,"turns":4},{"damage":5,"enemies":"Gensokyo:Koishi","floor":25,"turns":2}],"seed_played":"-629637571187164002","potions_obtained":[{"floor":1,"key":"GrandPatriotsElixir:ReiMu"},{"floor":5,"key":"GamblersBrew"},{"floor":10,"key":"Weak Potion"},{"floor":16,"key":"ColorlessPotion"},{"floor":22,"key":"ColorlessPotion"}],"is_trial":false,"path_per_floor":["M","?","COS","M","M","R","E","R","T","M","$","R","?","?","R","B",null,"M","M","M","?","M","R","?","E"],"character_chosen":"THE_SERVANT","items_purchased":[],"campfire_rested":1,"item_purchase_floors":[],"current_hp_per_floor":[59,53,53,53,53,53,48,48,48,32,32,32,23,23,42,14,52,45,65,22,22,1,1,1,0,0],"gold":455,"neow_bonus":"THREE_ENEMY_KILL","is_daily":false,"chose_seed":false,"campfire_upgraded":4,"win_rate":0.0,"timestamp":1611667344,"path_taken":["M","?","COS","M","M","R","E","R","T","M","$","R","?","?","R","BOSS","M","M","M","?","M","R","?","E"],"items_purchased_type":[],"build_version":"2020-12-22","purchased_purges":0,"victory":false,"max_hp_per_floor":[65,65,65,65,65,65,65,65,65,65,65,65,65,65,65,65,65,65,65,65,65,65,65,65,65,65],"card_choices":[{"not_picked":["Gouge","Luminosity"],"picked":"SilverBlades","floor":1},{"not_picked":["Potential","Revamp","ShiftingGears"],"picked":"SKIP","floor":4},{"not_picked":["FastForward","Spin"],"picked":"Manipulate","floor":5},{"not_picked":["TimeWarp","Sabotage"],"picked":"Moonlight","floor":7},{"not_picked":["TimeWarp","DoubleEdge"],"picked":"Rearm","floor":10},{"not_picked":["SoulSculpture","FloweringNight"],"picked":"Dilation","floor":16},{"not_picked":["DoubleEdge","FastForward","RealityMarble"],"picked":"SKIP","floor":18},{"not_picked":["Alleviate","FastForward"],"picked":"DancingSilver","floor":19},{"not_picked":["TimeWarp","Starlight+1","Rewind"],"picked":"SKIP","floor":20},{"not_picked":["Rewind","ShiftingGears+1"],"picked":"Sunlight","floor":22}],"player_experience":1491116,"relics_obtained":[{"floor":7,"key":"PocketWatch"}],"event_choices":[],"is_beta":false,"boss_relics":[{"not_picked":["Pandora\u0027s Box","Runic Pyramid"],"picked":"Astrolabe"}],"items_purged_floors":[],"is_endless":false,"potions_floor_spawned":[1,5,10,16,22],"killed_by":"Gensokyo:Koishi","ascension_level":6}}