{"host":"gn96mxb33x5p409u","time":1611620000,"event":{"mods":["2.2 Compatiblity","AchievementEnabler","Act Like it!","BaseMod","Colored Powertips","Downfall","Hubris","Infinite Spire","Minty Spire (QoL Compilation)","Replay The Spire","StSLib"],"gold_per_floor":[99,113,113,136,136,152,152,279,291,466,491,291,256,288,308,308,308,308],"floor_reached":16,"language":"ENG","playtime":1245,"items_purged":[],"score":120,"play_id":"e7058615-b690-414e-a205-91b3c7c31e37","local_time":"20210126021320","is_ascension_mode":false,"campfire_choices":[{"floor":12,"key":"REST"}],"circlet_count":0,"master_deck":["bronze:Allocate","Slimebound:Strike_Slimebound","Slimebound:Strike_Slimebound","Slimebound:Strike_Slimebound","Slimebound:Tackle","Slimebound:Defend_Slimebound","Slimebound:Defend_Slimebound","Slimebound:Defend_Slimebound","Slimebound:Defend_Slimebound","Slimebound:Split+1","Slimebound:CorrosiveSpit","Slimebound:HauntingLick","Slimebound:Equalize","Slimebound:SplitSpecialist","Slimebound:LeechingTouch","Doubt","Slimebound:LeechEnergy","Slimebound:SlimeSpikes","Slimebound:Nibble"],"relics":["Slimebound:AbsorbEndCombat","Juzu Bracelet","hubris:Icosahedron","hubris:OldNail","Eternal Feather","Bottled Flame","downfall:HeartBlessingGreen","downfall:HeartBlessingBlue","infinitespire:PuzzleCube"],"acts_visited":["Exordium"],"potions_floor_usage":[11,14,14,16],"damage_taken":[{"damage":2,"enemies":"Jaw Worm","floor":2,"turns":4},{"damage":8,"enemies":"Small Slimes","floor":6,"turns":3},{"damage":21,"enemies":"3 Sentries","floor":8,"turns":8},{"damage":8,"enemies":"infinitespire:Voidling","floor":9,"turns":3},{"damage":56,"enemies":"Gremlin Nob","floor":11,"turns":6},{"damage":13,"enemies":"Red Slaver","floor":13,"turns":4},{"damage":10,"enemies":"Lagavulin","floor":14,"turns":5},{"damage":9,"enemies":"2 Fungi Beasts","floor":15,"turns":4},{"damage":94,"enemies":"IC_STATUS_ARCHETYPE","floor":16,"turns":13}],"seed_played":"-1787389167182787993","potions_obtained":[{"floor":2,"key":"hexamod:SoulburnPotion"},{"floor":8,"key":"BlessingOfTheForge"},{"floor":13,"key":"DuplicationPotion"},{"floor":14,"key":"hexamod:SoulburnPotion"}],"is_trial":false,"path_per_floor":["R","M","?","T","?","M","T","E","M","?","E","R","M","E","M","B"],"character_chosen":"SLIMEBOUND","items_purchased":[],"campfire_rested":1,"item_purchase_floors":[],"current_hp_per_floor":[65,65,65,65,65,61,61,54,59,59,11,52,41,47,50,0,0,0],"gold":308,"neow_bonus":"RANDOM_COMMON_RELIC","is_daily":false,"chose_seed":false,"campfire_upgraded":0,"win_rate":0.0,"timestamp":1611620000,"path_taken":["R","M","?","?","?","M","T","E","M","?","E","R","M","E","M","BOSS"],"items_purchased_type":[],"build_version":"2020-12-22","purchased_purges":0,"victory":false,"max_hp_per_floor":[65,65,65,65,65,65,65,65,65,65,65,75,75,75,75,75,75,75],"card_choices":[{"not_picked":["Slimebound:RollThrough","Slimebound:SplitBruiser"],"picked":"Slimebound:HauntingLick","floor":2},{"not_picked":["Slimebound:GoopSpray","Slimebound:SlimeSpikes"],"picked":"Slimebound:Equalize","floor":6},{"not_picked":["Slimebound:SlimeTap","Slimebound:TongueLash"],"picked":"Slimebound:SplitSpecialist","floor":8},{"not_picked":["Slimebound:ComboTackle","Slimebound:SplitAcid"],"picked":"Slimebound:LeechingTouch","floor":9},{"not_picked":["Slimebound:SlimeBarrage","Slimebound:AcidTongue"],"picked":"Slimebound:LeechEnergy","floor":11},{"not_picked":["Slimebound:SplitMire","Slimebound:LeechingTouch"],"picked":"Slimebound:SlimeSpikes","floor":13},{"not_picked":["Slimebound:Prepare","Slimebound:DouseInSlime"],"picked":"Slimebound:Nibble","floor":14},{"not_picked":["Slimebound:SplitAcid","Slimebound:SpikyOuterGoop","Slimebound:Chomp"],"picked":"SKIP","floor":15}],"player_experience":452471,"relics_obtained":[{"floor":7,"key":"hubris:OldNail"},{"floor":8,"key":"Eternal Feather"},{"floor":11,"key":"Bottled Flame"},{"floor":14,"key":"infinitespire:PuzzleCube"}],"event_choices":[{"damage_healed":0,"gold_gain":0,"player_choice":"Grow","damage_taken":0,"max_hp_gain":0,"max_hp_loss":0,"event_name":"Living Wall","floor":1,"gold_loss":0,"cards_upgraded":["Slimebound:Split"]}],"is_beta":false,"boss_relics":[],"items_purged_floors":[],"is_endless":false,"potions_floor_spawned":[2,8,13,14],"killed_by":"IC_STATUS_ARCHETYPE","ascension_level":0}}