{"host":"5dk97cf2ubw2v967","time":1611677214,"event":{"mods":["AlwaysNeverKeys","BaseMod","Better Altar","Better Vampires","Block Reminder","Colored Powertips","Downfall","Googly Eyes","Highlight Path","Minty Spire (QoL Compilation)","Permanent Neow","Potion Indicator Mod","Quick Restart","Relic Filter","Relic Stats","Say the Spire","Spicy Shops","StSLib","Waifu the Spire","everything is the same but u backflip on backflip"],"gold_per_floor":[0,15,15,34,54,54,54,73,99,99,109,9,27,56,72,146,146,46,64,81,66,166,28,28,28,55,65,65,75,75,75,75],"floor_reached":30,"language":"ENG","playtime":1592,"items_purged":["downfall:Bewildered"],"score":432,"play_id":"3a51fc81-d6cb-4954-b320-82fc2a0d47b2","local_time":"20210126160654","is_ascension_mode":true,"campfire_choices":[{"data":"Guardian:TwinSlam","floor":1,"key":"SMITH"},{"data":"Guardian:StasisField","floor":6,"key":"SMITH"},{"floor":10,"key":"RECALL"},{"data":"Guardian:ShieldCharger","floor":12,"key":"SMITH"},{"data":"Guardian:TimeSifter","floor":18,"key":"SMITH"},{"data":"Guardian:CompilePackage","floor":25,"key":"SMITH"},{"data":"Guardian:FloatingOrbs","floor":28,"key":"SMITH"}],"circlet_count":0,"master_deck":["AscendersBane","Guardian:Strike_Guardian","Guardian:Strike_Guardian","Guardian:Strike_Guardian","Guardian:Defend_Guardian","Guardian:Defend_Guardian","Guardian:CurlUp","Guardian:TwinSlam+1","Guardian:StasisField+1","Guardian:Incinerate","Guardian:HyperBeam_Guardian","Guardian:HyperBeam_Guardian","Guardian:Recover","Guardian:Incinerate","Guardian:ShieldCharger+1","Guardian:Reroute","Guardian:EvasiveProtocol","Guardian:TimeSifter+1","Guardian:FloatingOrbs+1","Guardian:CompilePackage+1","Guardian:ShieldCharger","Guardian:AncientConstruct","Guardian:Clone","Guardian:ExploitGems"],"relics":["Guardian:ModeShifter","Meat on the Bone","Shuriken","downfall:HeartBlessingRed","MealTicket","Philosopher\u0027s Stone","downfall:HeartBlessingGreen","StoneCalendar"],"acts_visited":["Exordium","TheCity"],"potions_floor_usage":[9,16,20,29,30],"damage_taken":[{"damage":2,"enemies":"Jaw Worm","floor":2,"turns":4},{"damage":6,"enemies":"Cultist","floor":4,"turns":3},{"damage":0,"enemies":"2 Louse","floor":5,"turns":1},{"damage":10,"enemies":"Gremlin Gang","floor":8,"turns":2},{"damage":16,"enemies":"Gremlin Nob","floor":9,"turns":3},{"damage":0,"enemies":"Large Slime","floor":11,"turns":2},{"damage":22,"enemies":"Exordium Thugs","floor":13,"turns":3},{"damage":11,"enemies":"3 Sentries","floor":14,"turns":4},{"damage":13,"enemies":"3 Louse","floor":15,"turns":2},{"damage":34,"enemies":"IC_STATUS_ARCHETYPE","floor":16,"turns":12},{"damage":17,"enemies":"Spheric Guardian","floor":19,"turns":5},{"damage":13,"enemies":"3 Byrds","floor":20,"turns":3},{"damage":11,"enemies":"downfall:FleeingMerchant","floor":21,"turns":4},{"damage":0,"enemies":"downfall:FleeingMerchant","floor":23,"turns":4},{"damage":27,"enemies":"Slavers","floor":26,"turns":3},{"damage":0,"enemies":"Sentry and Sphere","floor":27,"turns":3},{"damage":26,"enemies":"Shelled Parasite and Fungi","floor":29,"turns":4},{"damage":10,"enemies":"Book of Stabbing","floor":30,"turns":4}],"seed_played":"-8476509096987919274","potions_obtained":[{"floor":4,"key":"Explosive Potion"},{"floor":5,"key":"BlessingOfTheForge"},{"floor":8,"key":"AttackPotion"},{"floor":16,"key":"Weak Potion"},{"floor":26,"key":"Ancient Potion"},{"floor":27,"key":"Strength Potion"},{"floor":29,"key":"bronze:BurnAndBuffPotion"}],"is_trial":false,"path_per_floor":["R","M","?","M","M","R","T","M","E","R","M","R","M","E","M","B",null,"R","M","M","$","?","$","T","R","E","M","R","M","E"],"character_chosen":"GUARDIAN","items_purchased":["Guardian:ShieldCharger"],"campfire_rested":0,"item_purchase_floors":[23],"current_hp_per_floor":[72,70,70,64,64,64,64,54,50,50,50,50,40,41,40,18,65,65,48,47,51,51,66,66,66,51,51,51,37,27,27,27],"gold":75,"neow_bonus":"THREE_RARE_CARDS","is_daily":false,"chose_seed":false,"campfire_upgraded":6,"win_rate":0.0,"timestamp":1611677214,"path_taken":["R","M","?","?","M","R","T","M","E","R","M","R","M","E","M","BOSS","R","M","M","$","?","$","T","R","E","M","R","M","E"],"items_purchased_type":["Card"],"build_version":"2020-12-22","purchased_purges":1,"victory":false,"max_hp_per_floor":[80,80,80,80,80,80,80,80,80,80,80,80,80,80,80,80,80,80,80,80,80,80,80,80,80,80,80,80,80,80,80,80],"relic_stats":{"counters":[18,66],"Shuriken":[15],"MealTicket":30,"StoneCalendar":[0],"obtain_stats":[{"downfall:HeartBlessingRed":12,"Shuriken":9,"Guardian:ModeShifter":0,"MealTicket":14,"Philosopher\u0027s Stone":17,"downfall:HeartBlessingGreen":18,"StoneCalendar":26,"Meat on the Bone":7},{"downfall:HeartBlessingRed":6,"Shuriken":5,"Guardian:ModeShifter":0,"MealTicket":8,"Philosopher\u0027s Stone":10,"downfall:HeartBlessingGreen":10,"StoneCalendar":15,"Meat on the Bone":3},{"downfall:HeartBlessingRed":15,"Shuriken":13,"Guardian:ModeShifter":0,"MealTicket":22,"Philosopher\u0027s Stone":36,"downfall:HeartBlessingGreen":36,"StoneCalendar":55,"Meat on the Bone":8}],"Meat on the Bone":96},"card_choices":[{"not_picked":["Guardian:TimeSifter","Guardian:SphericShield"],"picked":"Guardian:StasisField","floor":0},{"not_picked":["Guardian:ShieldCharger","Guardian:Gem_Cyan"],"picked":"Guardian:Incinerate","floor":2},{"not_picked":["Guardian:RollAttack","Guardian:TemporalShield"],"picked":"Guardian:Recover","floor":4},{"not_picked":["Guardian:Recover","Guardian:TemporalStrike"],"picked":"Guardian:Incinerate","floor":5},{"not_picked":["Guardian:PrimingBeam","Guardian:Gem_Green"],"picked":"Guardian:Gem_Cyan","floor":8},{"not_picked":["Guardian:Repulse","Guardian:PrismaticBeam"],"picked":"Guardian:Gem_Cyan","floor":9},{"not_picked":["Guardian:RollAttack","Guardian:HyperBeam_Guardian"],"picked":"Guardian:ShieldCharger","floor":11},{"not_picked":["Guardian:Orbwalk","Guardian:ShieldSpikes"],"picked":"Guardian:Gem_Red","floor":13},{"not_picked":["Guardian:PrimingBeam","Guardian:CrystalBeam"],"picked":"Guardian:Reroute","floor":14},{"not_picked":["Guardian:Gem_Green","Guardian:PiercingHide"],"picked":"Guardian:EvasiveProtocol","floor":15},{"not_picked":["Guardian:GemFinder","Guardian:BaubleBeam"],"picked":"Guardian:TimeSifter","floor":16},{"not_picked":["Guardian:PrismaticBeam","Guardian:ChargeCore","Guardian:Gem_Lightblue"],"picked":"SKIP","floor":19},{"not_picked":["Guardian:GuardianWhirl","Guardian:RefractedBeam+1"],"picked":"Guardian:FloatingOrbs","floor":20},{"not_picked":["Guardian:Gem_Cyan","Guardian:RollAttack"],"picked":"Guardian:CompilePackage","floor":21},{"not_picked":["Guardian:PiercingHide","Guardian:DecasProtection"],"picked":"Guardian:Gem_Fragmented","floor":23},{"not_picked":["Guardian:BronzeOrb","Guardian:CrystalBeam"],"picked":"Guardian:AncientConstruct","floor":26},{"not_picked":["Guardian:Reroute","Guardian:CrystalBeam"],"picked":"Guardian:Clone","floor":27},{"not_picked":["Guardian:VentSteam","Guardian:TemporalShield"],"picked":"Guardian:ExploitGems","floor":29}],"player_experience":1263423,"relics_obtained":[{"floor":7,"key":"Meat on the Bone"},{"floor":9,"key":"Shuriken"},{"floor":14,"key":"MealTicket"},{"floor":26,"key":"StoneCalendar"}],"event_choices":[],"is_beta":false,"boss_relics":[{"not_picked":["Coffee Dripper","Fusion Hammer"],"picked":"Philosopher\u0027s Stone"}],"items_purged_floors":[23],"is_endless":false,"potions_floor_spawned":[4,5,8,16,26,27,29],"killed_by":"Book of Stabbing","ascension_level":13}}