{"host":"t7mx8yfj1no5p62f","time":1611626130,"event":{"mods":["BaseMod","Bestiary","Colored Map","Colored Powertips","Minty Spire (QoL Compilation)","Relic Stats","StSLib","ojb\u0027s Info Mod"],"gold_per_floor":[118,132,146,156,156,156,189,189,243,271,288,304,337,15,15,91,91,102,102,121,121,131,163,163,194,221,237,49,65,65,96,96,170,170,181,181,194,194,194,223,235,247,247],"floor_reached":42,"language":"ENG","playtime":5064,"items_purged":["Strike_R","Strike_R"],"score":1262,"play_id":"70992578-17dc-4537-b5e5-bc4433e5f935","local_time":"20210125205530","is_ascension_mode":true,"campfire_choices":[{"data":"Pommel Strike","floor":6.0,"key":"SMITH"},{"data":"Bash","floor":8.0,"key":"SMITH"},{"data":"Fire Breathing","floor":15.0,"key":"SMITH"},{"data":"Berserk","floor":24.0,"key":"SMITH"},{"data":"Evolve","floor":32.0,"key":"SMITH"},{"data":"Dark Embrace","floor":41.0,"key":"SMITH"}],"circlet_count":0,"master_deck":["AscendersBane","Strike_R","Strike_R","Strike_R","Defend_R","Defend_R","Defend_R","Defend_R","Bash+1","Battle Trance","Pommel Strike+1","Cleave","Bloodletting","Offering+1","Flame Barrier+1","Anger","Armaments+1","Fire Breathing+1","True Grit+1","Offering+1","Second Wind+1","Power Through+1","Evolve+1","Berserk+1","Rampage","Disarm+1","Impervious+1","Dual Wield+1","Shrug It Off+1","Ghostly+1","Ghostly+1","Ghostly+1","Disarm+1","Exhume+1","Dark Embrace+1","Madness+1","Madness+1","Secret Technique+1","Dark Shackles+1","Ghostly+1","True Grit+1"],"relics":["Black Blood","NeowsBlessing","Toxic Egg 2","Potion Belt","Akabeko","Regal Pillow","Lantern","Du-Vu Doll","Bag of Marbles","Vajra","The Courier","Mark of Pain","MawBank"],"acts_visited":["Exordium","TheCity","TheBeyond"],"potions_floor_usage":[42],"damage_taken":[{"damage":0.0,"enemies":"Cultist","floor":1.0,"turns":1.0},{"damage":0.0,"enemies":"Jaw Worm","floor":2.0,"turns":1.0},{"damage":0.0,"enemies":"2 Louse","floor":3.0,"turns":1.0},{"damage":4.0,"enemies":"Large Slime","floor":4.0,"turns":6.0},{"damage":28.0,"enemies":"3 Sentries","floor":7.0,"turns":7.0},{"damage":9.0,"enemies":"Gremlin Nob","floor":10.0,"turns":2.0},{"damage":0.0,"enemies":"3 Louse","floor":11.0,"turns":3.0},{"damage":0.0,"enemies":"2 Fungi Beasts","floor":12.0,"turns":2.0},{"damage":16.0,"enemies":"Lagavulin","floor":13.0,"turns":5.0},{"damage":9.0,"enemies":"Slime Boss","floor":16.0,"turns":5.0},{"damage":14.0,"enemies":"2 Thieves","floor":18.0,"turns":3.0},{"damage":6.0,"enemies":"Chosen","floor":20.0,"turns":3.0},{"damage":22.0,"enemies":"Snecko","floor":22.0,"turns":6.0},{"damage":37.0,"enemies":"Book of Stabbing","floor":23.0,"turns":5.0},{"damage":25.0,"enemies":"Gremlin Leader","floor":25.0,"turns":7.0},{"damage":6.0,"enemies":"Centurion and Healer","floor":27.0,"turns":5.0},{"damage":6.0,"enemies":"Snake Plant","floor":29.0,"turns":4.0},{"damage":9.0,"enemies":"Book of Stabbing","floor":31.0,"turns":6.0},{"damage":10.0,"enemies":"Champ","floor":33.0,"turns":17.0},{"damage":13.0,"enemies":"3 Shapes","floor":35.0,"turns":6.0},{"damage":5.0,"enemies":"3 Darklings","floor":37.0,"turns":4.0},{"damage":6.0,"enemies":"Reptomancer","floor":40.0,"turns":9.0},{"damage":49,"enemies":"Giant Head","floor":42,"turns":4}],"seed_played":"4785913303419332131","potions_obtained":[{"floor":2.0,"key":"BlessingOfTheForge"},{"floor":3.0,"key":"Fire Potion"},{"floor":10.0,"key":"Explosive Potion"},{"floor":11.0,"key":"Block Potion"},{"floor":13.0,"key":"ColorlessPotion"},{"floor":16.0,"key":"LiquidMemories"},{"floor":20.0,"key":"Fire Potion"},{"floor":25.0,"key":"DistilledChaos"},{"floor":27.0,"key":"ColorlessPotion"},{"floor":33.0,"key":"Energy Potion"}],"is_trial":false,"path_per_floor":["M","M","M","M","?","R","E","R","T","E","M","M","E","$","R","B",null,"M","?","M","?","M","E","R","E","T","M","$","M","?","E","R","B",null,"M","?","M","?","?","E","R","E"],"character_chosen":"IRONCLAD","items_purchased":["Fire Breathing","True Grit+1","AttackPotion","Energy Potion","Dual Wield+1"],"campfire_rested":0,"item_purchase_floors":[14,14,14,14,28],"current_hp_per_floor":[74,75,75,75,49,49,27,27,27,24,30,36,26,26,26,23,62,60,60,66,66,56,31,31,18,18,24,24,30,30,33,33,35,37,36,29,36,26,26,32,32,0,0],"gold":247,"neow_bonus":"THREE_ENEMY_KILL","is_daily":false,"chose_seed":false,"campfire_upgraded":6,"win_rate":0.0,"timestamp":1611626130,"path_taken":["M","M","?","M","?","R","E","R","T","E","M","M","E","$","R","BOSS","M","?","M","?","M","E","R","E","T","M","$","M","?","E","R","BOSS","M","?","M","?","?","E","R","E"],"items_purchased_type":["Card","Card","Potion","Potion","Card"],"build_version":"2020-12-22","purchased_purges":2,"victory":false,"max_hp_per_floor":[75,75,75,75,75,75,75,75,75,75,75,75,75,75,75,75,75,75,75,75,75,75,75,75,75,75,75,75,75,37,37,37,37,37,37,37,37,37,37,37,37,37,37],"relic_stats":{"Regal Pillow":0,"counters":[23,112],"Black Blood":191,"MawBank":24,"obtain_stats":[{"Potion Belt":7,"Regal Pillow":10,"Lantern":13,"NeowsBlessing":0,"Black Blood":17,"Vajra":26,"The Courier":31,"MawBank":40,"Burning Blood":0,"Akabeko":9,"Du-Vu Doll":23,"Mark of Pain":34,"Bag of Marbles":25,"Toxic Egg 2":5},{"Potion Belt":5,"Regal Pillow":6,"Lantern":9,"NeowsBlessing":0,"Black Blood":10,"Vajra":15,"The Courier":18,"MawBank":22,"Burning Blood":0,"Akabeko":5,"Du-Vu Doll":14,"Mark of Pain":19,"Bag of Marbles":15,"Toxic Egg 2":4},{"Potion Belt":16,"Regal Pillow":18,"Lantern":28,"NeowsBlessing":0,"Black Blood":33,"Vajra":57,"The Courier":72,"MawBank":108,"Burning Blood":0,"Akabeko":16,"Du-Vu Doll":50,"Mark of Pain":89,"Bag of Marbles":57,"Toxic Egg 2":9}]},"card_choices":[{"not_picked":["Havoc","True Grit"],"picked":"Battle Trance","floor":1.0},{"not_picked":["Flex","Havoc"],"picked":"Pommel Strike","floor":2.0},{"not_picked":["Twin Strike","Rampage"],"picked":"Cleave","floor":3.0},{"not_picked":["Limit Break","Armaments"],"picked":"Bloodletting","floor":4.0},{"not_picked":["Barricade","Sword Boomerang"],"picked":"Offering+1","floor":7.0},{"not_picked":["Clothesline","Pommel Strike"],"picked":"Flame Barrier+1","floor":10.0},{"not_picked":["Dropkick","Hemokinesis"],"picked":"Anger","floor":11.0},{"not_picked":["Metallicize","Cleave","Sword Boomerang"],"picked":"SKIP","floor":12.0},{"not_picked":["Clothesline","Infernal Blade+1"],"picked":"Armaments+1","floor":13.0},{"not_picked":["Exhume+1","Limit Break+1"],"picked":"Offering+1","floor":16.0},{"not_picked":["Rampage","Body Slam"],"picked":"Second Wind+1","floor":18.0},{"not_picked":["Twin Strike","Sword Boomerang"],"picked":"Evolve","floor":20.0},{"not_picked":["Body Slam","Havoc+1"],"picked":"Berserk","floor":22.0},{"not_picked":["Warcry+1","Havoc+1"],"picked":"Rampage","floor":23.0},{"not_picked":["Headbutt","Wild Strike"],"picked":"Disarm+1","floor":25.0},{"not_picked":["Shockwave+1","Iron Wave"],"picked":"Impervious+1","floor":27.0},{"not_picked":["Dual Wield+1","Warcry+1"],"picked":"Shrug It Off+1","floor":29.0},{"not_picked":["Body Slam","Wild Strike"],"picked":"Disarm+1","floor":31.0},{"not_picked":["Offering+1","Demon Form"],"picked":"Exhume+1","floor":33.0},{"not_picked":["Battle Trance+1","Reckless Charge+1"],"picked":"Dark Embrace","floor":35.0},{"not_picked":["Bloodletting+1","Infernal Blade+1","Wild Strike"],"picked":"SKIP","floor":37.0},{"not_picked":["The Bomb+1","Forethought+1"],"picked":"Secret Technique+1","floor":38.0},{"not_picked":["Transmutation+1","Purity+1"],"picked":"Dark Shackles+1","floor":38.0},{"not_picked":["Havoc+1","Thunderclap"],"picked":"True Grit+1","floor":40.0}],"player_experience":1858946,"relics_obtained":[{"floor":7.0,"key":"Potion Belt"},{"floor":9.0,"key":"Akabeko"},{"floor":10.0,"key":"Regal Pillow"},{"floor":13.0,"key":"Lantern"},{"floor":23.0,"key":"Du-Vu Doll"},{"floor":25.0,"key":"Bag of Marbles"},{"floor":26.0,"key":"Vajra"},{"floor":31.0,"key":"The Courier"},{"floor":40.0,"key":"MawBank"}],"event_choices":[{"damage_healed":0.0,"max_hp_gain":0.0,"max_hp_loss":0.0,"gold_gain":0.0,"event_name":"Scrap Ooze","player_choice":"Success","floor":5.0,"gold_loss":0.0,"damage_taken":26.0,"relics_obtained":["Toxic Egg 2"]},{"damage_healed":0.0,"max_hp_gain":0.0,"max_hp_loss":0.0,"gold_gain":0.0,"event_name":"The Library","player_choice":"Read","floor":19.0,"gold_loss":0.0,"damage_taken":0.0,"cards_obtained":["Power Through"]},{"damage_healed":0.0,"max_hp_gain":0.0,"max_hp_loss":0.0,"gold_gain":0.0,"event_name":"The Mausoleum","player_choice":"Ignored","floor":21.0,"gold_loss":0.0,"damage_taken":0.0},{"damage_healed":0.0,"max_hp_gain":0.0,"max_hp_loss":38.0,"gold_gain":0.0,"event_name":"Ghosts","player_choice":"Became a Ghost","floor":30.0,"gold_loss":0.0,"damage_taken":0.0,"cards_obtained":["Ghostly","Ghostly","Ghostly"]},{"damage_healed":0.0,"max_hp_gain":0.0,"max_hp_loss":0.0,"gold_gain":0.0,"event_name":"Winding Halls","player_choice":"Embrace Madness","floor":36.0,"gold_loss":0.0,"damage_taken":7.0,"cards_obtained":["Madness","Madness"]},{"damage_healed":0.0,"max_hp_gain":0.0,"max_hp_loss":0.0,"gold_gain":0.0,"event_name":"SensoryStone","player_choice":"Memory 3","floor":38.0,"gold_loss":0.0,"damage_taken":10.0},{"damage_healed":0.0,"max_hp_gain":0.0,"max_hp_loss":0.0,"gold_gain":0.0,"event_name":"Duplicator","player_choice":"Copied","floor":39.0,"gold_loss":0.0,"damage_taken":0.0,"cards_obtained":["Ghostly"]}],"is_beta":false,"boss_relics":[{"not_picked":["Tiny House","Runic Pyramid"],"picked":"Black Blood"},{"not_picked":["Runic Dome","Snecko Eye"],"picked":"Mark of Pain"}],"items_purged_floors":[14,28],"is_endless":false,"potions_floor_spawned":[2,3,10,11,13,16,20,25,27,33],"killed_by":"Giant Head","ascension_level":20}}