{"host":"1ekl8hlbnopmdapi","time":1611632855,"event":{"mods":["AchievementEnabler","BaseMod","Colored Map","Colored Powertips","DeckTracker","Googly Eyes","Highlight Path","Minty Spire (QoL Compilation)","Relic Sorter","StSLib","Synergy Search"],"gold_per_floor":[119,119,119,142,142,167,167,192,192,211,234,234,234],"floor_reached":12,"language":"ENG","playtime":266,"items_purged":[],"score":108,"play_id":"a8029fbb-5044-4634-b2e6-993da5830ae3","local_time":"20210125224735","is_ascension_mode":true,"campfire_choices":[{"floor":7,"key":"REST"}],"circlet_count":0,"master_deck":["AscendersBane","Strike_B","Strike_B","Strike_B","Strike_B","Defend_B","Defend_B","Defend_B","Defend_B","Zap","Dualcast","Gash+1","Gash","Conserve Battery","Defragment"],"relics":["Cracked Core","Golden Idol","Singing Bowl"],"acts_visited":["Exordium"],"potions_floor_usage":[12,12,12],"damage_taken":[{"damage":6,"enemies":"Cultist","floor":1,"turns":4},{"damage":8,"enemies":"Small Slimes","floor":4,"turns":3},{"damage":7,"enemies":"Jaw Worm","floor":6,"turns":3},{"damage":28,"enemies":"Exordium Wildlife","floor":8,"turns":6},{"damage":11,"enemies":"2 Fungi Beasts","floor":10,"turns":4},{"damage":7,"enemies":"Large Slime","floor":11,"turns":5},{"damage":35,"enemies":"3 Sentries","floor":12,"turns":6}],"seed_played":"5371810160666735730","potions_obtained":[{"floor":6,"key":"SteroidPotion"},{"floor":10,"key":"PowerPotion"},{"floor":11,"key":"EssenceOfSteel"}],"is_trial":false,"path_per_floor":["M","?","?","M","?","M","R","M","T","M","M","E"],"character_chosen":"DEFECT","items_purchased":[],"campfire_rested":1,"item_purchase_floors":[],"current_hp_per_floor":[69,69,69,61,61,54,78,50,50,41,36,1,1],"gold":234,"neow_bonus":"TEN_PERCENT_HP_BONUS","is_daily":false,"chose_seed":false,"campfire_upgraded":0,"win_rate":0.0,"timestamp":1611632855,"path_taken":["M","?","?","?","?","M","R","M","T","M","M","E"],"items_purchased_type":[],"build_version":"2020-12-22","purchased_purges":0,"victory":false,"max_hp_per_floor":[82,82,82,82,82,82,82,82,82,84,86,86,86],"card_choices":[{"not_picked":["Compile Driver","Heatsinks"],"picked":"Gash","floor":1},{"not_picked":["Undo","Compile Driver"],"picked":"Gash","floor":4},{"not_picked":["Compile Driver","Leap"],"picked":"Conserve Battery","floor":6},{"not_picked":["Aggregate","Compile Driver"],"picked":"Defragment","floor":8},{"not_picked":["Recycle","Streamline","Defragment"],"picked":"Singing Bowl","floor":10},{"not_picked":["Force Field","Sweeping Beam","Blizzard"],"picked":"Singing Bowl","floor":11}],"player_experience":497480,"relics_obtained":[{"floor":9,"key":"Singing Bowl"}],"event_choices":[{"damage_healed":0,"gold_gain":0,"player_choice":"Take Wound","damage_taken":0,"relics_obtained":["Golden Idol"],"max_hp_gain":0,"max_hp_loss":0,"event_name":"Golden Idol","floor":2,"gold_loss":0,"cards_obtained":["Injury"]},{"cards_removed":["Injury"],"damage_healed":0,"gold_gain":0,"player_choice":"Removed Curses","damage_taken":0,"max_hp_gain":0,"max_hp_loss":0,"event_name":"Fountain of Cleansing","floor":3,"gold_loss":0},{"damage_healed":0,"gold_gain":0,"player_choice":"Grow","damage_taken":0,"max_hp_gain":0,"max_hp_loss":0,"event_name":"Living Wall","floor":5,"gold_loss":0,"cards_upgraded":["Gash"]}],"is_beta":false,"boss_relics":[],"items_purged_floors":[],"is_endless":false,"potions_floor_spawned":[6,10,11],"killed_by":"3 Sentries","ascension_level":10}}