{"host":"5853c1oyph9xmrns","time":1611619868,"event":{"mods":["BaseMod","Colored Powertips","Downfall","Googly Eyes","Hermit","Mimic Mod","Minty Spire (QoL Compilation)","Quick Restart","Rare Cards Sparkle","StSLib","The IronCluck","Wide Potions"],"gold_per_floor":[99,99,99,99,115,115,165,180,180,197,197,297,197,197,211,211,211,211],"floor_reached":16,"language":"ENG","playtime":835,"items_purged":[],"score":88,"play_id":"09d8ac38-7e97-4105-9c67-63c3f63d0bae","local_time":"20210125201108","is_ascension_mode":false,"campfire_choices":[{"floor":1,"key":"RECALL"},{"floor":13,"key":"REST"}],"circlet_count":0,"master_deck":["sneckomod:Strike","sneckomod:Strike","sneckomod:Strike","sneckomod:Defend","sneckomod:Defend","sneckomod:Defend","sneckomod:TailWhip","sneckomod:SnekBite","sneckomod:Unknown","sneckomod:Unknown","sneckomod:SoulDraw","sneckomod:PureSnecko","sneckomod:UnknownCommonAttack","sneckomod:UnendingSupply+1","Regret","sneckomod:CheapStock+1","sneckomod:UnknownUncommonAttack","downfall:Aged","sneckomod:Nope","sneckomod:PureSnecko"],"relics":["sneckomod:SneckoSoul","downfall:HeartsMalice","Nunchaku","Regal Pillow","sneckomod:UnknownEgg","downfall:HeartBlessingRed","Shuriken"],"acts_visited":["Exordium"],"potions_floor_usage":[16,16],"damage_taken":[{"damage":0,"enemies":"Small Slimes","floor":2,"turns":1},{"damage":0,"enemies":"2 Louse","floor":3,"turns":1},{"damage":0,"enemies":"Cultist","floor":4,"turns":1},{"damage":15,"enemies":"Blue Slaver","floor":5,"turns":4},{"damage":26,"enemies":"2 Fungi Beasts","floor":7,"turns":12},{"damage":18,"enemies":"2 Fungi Beasts","floor":8,"turns":3},{"damage":4,"enemies":"Large Slime","floor":10,"turns":5},{"damage":11,"enemies":"Blue Slaver","floor":15,"turns":4},{"damage":60,"enemies":"WA_ARCHETYPE_RETAIN","floor":16,"turns":11}],"seed_played":"112352093764940707","potions_obtained":[{"floor":5,"key":"DuplicationPotion"},{"floor":15,"key":"Block Potion"}],"is_trial":false,"path_per_floor":["R","M","M","M","M","?","MIM","M","?","M","?","?","R","T","M","B"],"character_chosen":"THE_SNECKO","items_purchased":[],"campfire_rested":1,"item_purchase_floors":[],"current_hp_per_floor":[90,90,90,90,75,75,54,36,36,32,25,25,67,67,56,0,0,0],"gold":211,"neow_bonus":"THREE_ENEMY_KILL","is_daily":false,"chose_seed":false,"campfire_upgraded":0,"win_rate":0.0,"timestamp":1611619868,"path_taken":["R","M","M","M","M","?","MIM","M","?","?","?","?","R","?","M","BOSS"],"items_purchased_type":[],"build_version":"2020-12-22","purchased_purges":0,"victory":false,"max_hp_per_floor":[90,90,90,90,90,90,90,90,90,90,90,90,90,90,90,90,90,90],"card_choices":[{"not_picked":["sneckomod:SoulRoll","sneckomod:UnknownBlock"],"picked":"sneckomod:SoulDraw","floor":2},{"not_picked":["sneckomod:Unknown1Cost","sneckomod:WideSting"],"picked":"sneckomod:PureSnecko","floor":3},{"not_picked":["sneckomod:DefensiveFlair","sneckomod:Unknown1Cost"],"picked":"sneckomod:UnknownCommonAttack","floor":4},{"not_picked":["sneckomod:DiceCrush","sneckomod:SnakeSap"],"picked":"sneckomod:UnendingSupply","floor":5},{"not_picked":["sneckomod:UnknownCommonSkill","sneckomod:SoulRoll"],"picked":"sneckomod:CheapStock","floor":7},{"not_picked":["sneckomod:UnknownDraw","sneckomod:UnknownX"],"picked":"sneckomod:UnknownUncommonAttack","floor":8},{"not_picked":["sneckomod:QuickMove","sneckomod:RainOfDice"],"picked":"sneckomod:Nope","floor":10},{"not_picked":["sneckomod:DefensiveFlair","sneckomod:UnknownDraw+1"],"picked":"sneckomod:PureSnecko","floor":15}],"player_experience":457506,"relics_obtained":[{"floor":7,"key":"Regal Pillow"},{"floor":14,"key":"Shuriken"}],"event_choices":[{"damage_healed":0,"gold_gain":0,"player_choice":"Box","damage_taken":0,"relics_obtained":["Nunchaku"],"max_hp_gain":0,"max_hp_loss":0,"event_name":"Big Fish","floor":6,"gold_loss":0,"cards_obtained":["Regret"]},{"damage_healed":0,"gold_gain":0,"player_choice":"Success","damage_taken":7,"relics_obtained":["sneckomod:UnknownEgg"],"max_hp_gain":0,"max_hp_loss":0,"event_name":"Scrap Ooze","floor":11,"gold_loss":0}],"is_beta":false,"boss_relics":[],"items_purged_floors":[],"is_endless":false,"potions_floor_spawned":[5,15],"killed_by":"WA_ARCHETYPE_RETAIN","ascension_level":0}}