{"host":"jumrmhf584hajrnz","time":1611661045,"event":{"mods":["BaseMod","Duelist Mod","GifTheSpireLib","Minty Spire (QoL Compilation)","Quick Restart","Replay The Spire","StSLib"],"gold_per_floor":[138,138,156,175,195,224,242,242,269,172,137,166,184,184,184,261,261,279,279,279,114,129,129,129,129,129,129,129],"floor_reached":27,"language":"ENG","playtime":1786,"items_purged":["Doubt"],"score":442,"play_id":"0316976a-5824-4216-a673-9e1794ce43ba","local_time":"20210126123725","is_ascension_mode":true,"campfire_choices":[{"floor":8,"key":"RECALL"},{"data":"theDuelist:RainbowDarkDragon","floor":15,"key":"SMITH"},{"data":"Mind Blast","floor":23,"key":"SMITH"}],"circlet_count":0,"master_deck":["theDuelist:Sparks","theDuelist:SangaEarth","theDuelist:MysticalElf","theDuelist:CastleWalls","theDuelist:RainbowDarkDragon","theDuelist:Sparks","theDuelist:NeoMagic","theDuelist:FrontierWiseman","theDuelist:NeoMagic","theDuelist:MysticalElf","theDuelist:DarkMagician","theDuelist:MudGolem","theDuelist:LightningDarts","AscendersBane","theDuelist:CastleWalls","theDuelist:InjectionFairy","theDuelist:ShardGreed","theDuelist:Sparks","theDuelist:BadReaction","theDuelist:RainbowDarkDragon+1","theDuelist:IrisEarthMother","theDuelist:MudGolem","Mind Blast+1","theDuelist:MudGolem"],"relics":["theDuelist:MillenniumPuzzle","theDuelist:CardPoolRelic","theDuelist:CardPoolBasicRelic","theDuelist:BoosterPackPoolRelic","theDuelist:CardPoolAddRelic","theDuelist:CardPoolMinusRelic","theDuelist:CardPoolSaveRelic","theDuelist:CardPoolOptionsRelic","Turnip","ReplayTheSpireMod:Spearhead","Ring of Misfortune","Ring of Fangs","Ooze Armor","theDuelist:BoosterPackMonsterEgg"],"acts_visited":["Exordium","TheCity"],"potions_floor_usage":[6,16,27,27],"damage_taken":[{"damage":0,"enemies":"Jaw Worm","floor":1,"turns":3},{"damage":0,"enemies":"Cultist","floor":3,"turns":2},{"damage":0,"enemies":"Small Slimes","floor":4,"turns":5},{"damage":0,"enemies":"Exordium Wildlife","floor":5,"turns":4},{"damage":30,"enemies":"Gremlin Nob","floor":6,"turns":5},{"damage":0,"enemies":"3 Louse","floor":7,"turns":3},{"damage":17,"enemies":"3 Sentries","floor":12,"turns":7},{"damage":0,"enemies":"Blue Slaver","floor":13,"turns":4},{"damage":50,"enemies":"Fading Forest","floor":16,"turns":13},{"damage":3,"enemies":"Shell Parasite","floor":18,"turns":5},{"damage":8,"enemies":"Spheric Guardian","floor":22,"turns":5},{"damage":48,"enemies":"Spheric Guardian","floor":27,"turns":8}],"seed_played":"1769802657514444398","potions_obtained":[{"floor":3,"key":"theDuelist:WaterBottle"},{"floor":5,"key":"theDuelist:TokenPotionB"},{"floor":13,"key":"CultistPotion"},{"floor":16,"key":"Strength Potion"},{"floor":22,"key":"AttackPotion"}],"is_trial":false,"path_per_floor":["M","?","M","M","M","E","M","R","T","$","?","E","M","?","R","B",null,"M","?","?","$","M","R","?","?","T","?"],"character_chosen":"THE_DUELIST","items_purchased":["theDuelist:ShardGreed","Mind Blast"],"campfire_rested":0,"item_purchase_floors":[10,21],"current_hp_per_floor":[70,70,70,70,70,40,40,40,40,40,59,54,58,58,58,16,62,63,63,63,63,59,59,59,59,59,15,15],"gold":129,"neow_bonus":"TEN_PERCENT_HP_BONUS","is_daily":false,"chose_seed":false,"campfire_upgraded":2,"win_rate":0.0,"timestamp":1611661045,"path_taken":["M","?","M","M","M","E","M","R","T","?","?","E","?","?","R","BOSS","M","?","?","$","M","R","?","?","T","?"],"items_purchased_type":["Card","Card"],"build_version":"2020-12-22","purchased_purges":1,"victory":false,"max_hp_per_floor":[77,77,77,77,77,77,77,77,77,77,77,77,77,77,77,77,77,77,77,77,77,77,77,77,77,77,77,77],"card_choices":[{"not_picked":["theDuelist:FlyingSaucer","theDuelist:VoidVanishment","theDuelist:DoomShaman","theDuelist:BadReaction"],"picked":"theDuelist:SangaEarth","floor":1},{"not_picked":["theDuelist:BlizzardWarrior","theDuelist:AncientElf","theDuelist:GeminiElf","theDuelist:SangaThunder"],"picked":"theDuelist:FrontierWiseman","floor":3},{"not_picked":["theDuelist:CharcoalInpachi","theDuelist:ApprenticeIllusionMagician","theDuelist:ClearKuriboh","theDuelist:Wiretap"],"picked":"theDuelist:LightningDarts","floor":4},{"not_picked":["theDuelist:Mudballman","theDuelist:VoidExpansion","theDuelist:DoomShaman","theDuelist:MysticalElf"],"picked":"theDuelist:RainbowDarkDragon","floor":5},{"not_picked":["theDuelist:BattleOx","theDuelist:EvilswarmHeliotrope","theDuelist:WormWarlord","theDuelist:PowerGiant"],"picked":"theDuelist:MudGolem","floor":6},{"not_picked":["theDuelist:SpellShatteringArrow","theDuelist:BlizzardWarrior","theDuelist:DarkMagician","theDuelist:CosmicHorrorGangiel"],"picked":"theDuelist:InjectionFairy","floor":7},{"not_picked":["theDuelist:WhiteHowling","theDuelist:DarkHorizon","theDuelist:StatueAnguishPattern","theDuelist:Graverobber"],"picked":"theDuelist:BadReaction","floor":12},{"not_picked":["theDuelist:IrisEarthMother","theDuelist:IceQueen"],"picked":"theDuelist:RainbowDarkDragon","floor":13},{"not_picked":["theDuelist:RainbowDarkDragon","theDuelist:RainbowMagician","theDuelist:RainbowKuriboh","theDuelist:RainbowOverdragon"],"picked":"theDuelist:IrisEarthMother","floor":16},{"not_picked":["theDuelist:AttackTheMoon","theDuelist:GaiaMidNightSun","theDuelist:RainbowOverdragon","theDuelist:BattleguardKing"],"picked":"theDuelist:MudGolem","floor":18},{"not_picked":["theDuelist:RainbowDarkDragon","theDuelist:TimeWizard","theDuelist:AncientElf"],"picked":"theDuelist:MudGolem","floor":22}],"player_experience":1540443,"relics_obtained":[{"floor":6,"key":"Turnip"},{"floor":12,"key":"ReplayTheSpireMod:Spearhead"},{"floor":14,"key":"Ring of Misfortune"},{"floor":14,"key":"Ring of Fangs"},{"floor":26,"key":"theDuelist:BoosterPackMonsterEgg"}],"event_choices":[{"damage_healed":0,"gold_gain":0,"player_choice":"Ignored","damage_taken":0,"max_hp_gain":0,"max_hp_loss":0,"event_name":"Purifier","floor":2,"gold_loss":0},{"damage_healed":19,"gold_gain":0,"player_choice":"Healed","damage_taken":0,"max_hp_gain":0,"max_hp_loss":0,"event_name":"The Cleric","floor":11,"gold_loss":35},{"damage_healed":0,"gold_gain":0,"player_choice":"Leave","duelist":true,"damage_taken":0,"max_hp_gain":0,"max_hp_loss":0,"event_name":"Card Trader","floor":19,"gold_loss":0},{"damage_healed":0,"gold_gain":0,"player_choice":"Ignored","damage_taken":0,"max_hp_gain":0,"max_hp_loss":0,"event_name":"Vampires","floor":20,"gold_loss":0},{"damage_healed":0,"gold_gain":0,"player_choice":"Leave","duelist":true,"damage_taken":0,"max_hp_gain":0,"max_hp_loss":0,"event_name":"Relic Duplicator","floor":25,"gold_loss":0},{"damage_healed":0,"gold_gain":0,"player_choice":"Fight","duelist":true,"damage_taken":0,"max_hp_gain":0,"max_hp_loss":0,"event_name":"Battle City","floor":27,"gold_loss":0}],"is_beta":false,"boss_relics":[{"not_picked":["Runic Cube","Snecko Scales"],"picked":"Ooze Armor"}],"items_purged_floors":[21],"is_endless":false,"potions_floor_spawned":[3,5,13,16,22],"killed_by":"Spheric Guardian","ascension_level":20}}