{"host":"tq99ucv8ezzqzioe","time":1611691848,"event":{"mods":["BaseMod","Colored Map","Downfall","Highlight Path","Minty Spire (QoL Compilation)","StSLib"],"gold_per_floor":[109,109,119,134,148,178,197,226,226,251,8,35,55,66,66,66,66],"floor_reached":16,"language":"ENG","playtime":15774,"items_purged":[],"score":161,"play_id":"ad7b122a-418c-4990-bc30-baf31ca39ffb","local_time":"20210126151048","is_ascension_mode":true,"campfire_choices":[{"floor":15,"key":"RECALL"}],"circlet_count":0,"master_deck":["Strike_G","Strike_G","Strike_G","Strike_G","Strike_G","Defend_G+1","Defend_G","Defend_G","Defend_G","Defend_G","Survivor","Neutralize+1","Dagger Spray","Footwork","Dagger Throw","Backflip+1","Die Die Die","Backflip","Terror","Dagger Throw","Dodge and Roll+1","Leg Sweep+1","Bouncing Flask+1"],"relics":["Sozu","War Paint","Ancient Tea Set","CaptainsWheel","Toxic Egg 2","Odd Mushroom"],"acts_visited":["Exordium"],"potions_floor_usage":[],"damage_taken":[{"damage":2,"enemies":"2 Louse","floor":1,"turns":3},{"damage":0,"enemies":"Cultist","floor":3,"turns":3},{"damage":0,"enemies":"Small Slimes","floor":4,"turns":3},{"damage":0,"enemies":"3 Louse","floor":5,"turns":2},{"damage":6,"enemies":"3 Sentries","floor":6,"turns":9},{"damage":0,"enemies":"Gremlin Gang","floor":7,"turns":1},{"damage":21,"enemies":"Lagavulin","floor":8,"turns":9},{"damage":9,"enemies":"3 Sentries","floor":10,"turns":8},{"damage":0,"enemies":"The Mushroom Lair","floor":12,"turns":3},{"damage":0,"enemies":"2 Fungi Beasts","floor":13,"turns":3},{"damage":7,"enemies":"3 Louse","floor":14,"turns":2},{"damage":22,"enemies":"Slime Boss","floor":16,"turns":8}],"seed_played":"2832008604821936980","potions_obtained":[],"is_trial":false,"path_per_floor":["M","?","M","M","M","E","M","E","T","E","$","?","M","M","R","B"],"character_chosen":"THE_SILENT","items_purchased":["Toxic Egg 2"],"campfire_rested":0,"item_purchase_floors":[11],"current_hp_per_floor":[61,61,61,61,61,55,55,34,34,25,25,25,25,18,18,0,0],"gold":66,"neow_bonus":"BOSS_RELIC","is_daily":false,"chose_seed":false,"campfire_upgraded":0,"win_rate":0.0,"timestamp":1611691848,"path_taken":["M","?","M","M","M","E","M","E","T","E","?","?","M","M","R","BOSS"],"items_purchased_type":["Relic"],"build_version":"2020-12-22","purchased_purges":0,"victory":false,"max_hp_per_floor":[70,70,70,70,70,70,70,70,70,70,70,70,70,70,70,70,70],"card_choices":[{"not_picked":["Slice","Dodge and Roll"],"picked":"Dagger Spray","floor":1},{"not_picked":["Blur","Concentrate"],"picked":"Footwork","floor":3},{"not_picked":["Quick Slash","Dodge and Roll"],"picked":"Dagger Throw","floor":4},{"not_picked":["Dodge and Roll","Poisoned Stab"],"picked":"Backflip","floor":5},{"not_picked":["Well Laid Plans","Dagger Throw"],"picked":"Die Die Die","floor":6},{"not_picked":["Blade Dance","Underhanded Strike"],"picked":"Backflip","floor":7},{"not_picked":["Heel Hook","Catalyst"],"picked":"Terror","floor":8},{"not_picked":["Quick Slash","Blade Dance"],"picked":"Dagger Throw","floor":10},{"not_picked":["Masterful Stab","Eviscerate"],"picked":"Dodge and Roll+1","floor":12},{"not_picked":["Backstab","PiercingWail+1"],"picked":"Leg Sweep+1","floor":13},{"not_picked":["Bane","Poisoned Stab"],"picked":"Bouncing Flask+1","floor":14}],"player_experience":765754,"relics_obtained":[{"floor":6,"key":"War Paint"},{"floor":8,"key":"Ancient Tea Set"},{"floor":10,"key":"CaptainsWheel"},{"floor":12,"key":"Odd Mushroom"}],"event_choices":[{"damage_healed":0,"gold_gain":0,"player_choice":"Forge","damage_taken":0,"max_hp_gain":0,"max_hp_loss":0,"event_name":"Accursed Blacksmith","floor":2,"gold_loss":0,"cards_upgraded":["Neutralize"]},{"damage_healed":0,"gold_gain":0,"player_choice":"Fought Mushrooms","damage_taken":0,"max_hp_gain":0,"max_hp_loss":0,"event_name":"Mushrooms","floor":12,"gold_loss":0}],"is_beta":false,"boss_relics":[],"items_purged_floors":[],"is_endless":false,"potions_floor_spawned":[4,5,7,8,12,13,14],"killed_by":"Slime Boss","ascension_level":6}}