{"host":"sav7uxregyirlf69","time":1611635822,"event":{"mods":["AchievementEnabler","BaseMod","Colored Map","DeckTracker","Keyboard Shortcuts","Minty Spire (QoL Compilation)","READ ME - Guardian Mod","StSLib","SuperFastMode"],"gold_per_floor":[110,110,126,145,155,155,189,114,114,147,161,187,187,203,203,279,279,299,312,312,312],"floor_reached":20,"language":"KOR","playtime":446,"items_purged":["Strike_R"],"score":392,"play_id":"409c8051-b421-4405-bddd-e67cbda3b3c3","local_time":"20210126133702","is_ascension_mode":true,"campfire_choices":[{"data":"Whirlwind","floor":6,"key":"SMITH"},{"floor":15,"key":"REST"}],"circlet_count":0,"master_deck":["AscendersBane","Bash+1","Second Wind","Whirlwind+1","Hemokinesis","Fire Breathing","Impervious","Battle Trance","Bludgeon","Dark Embrace","Entrench","Dual Wield","Evolve","Perfected Strike","Spot Weakness","Uppercut","Sever Soul","Feel No Pain+1","Wild Strike"],"relics":["Burning Blood","Blood Vial","Mummified Hand","Pocketwatch","Incense Burner","Strawberry","Question Card","Pandora\u0027s Box"],"acts_visited":["Exordium","TheCity"],"potions_floor_usage":[10,14,16],"damage_taken":[{"damage":7,"enemies":"Small Slimes","floor":1,"turns":4},{"damage":1,"enemies":"Cultist","floor":3,"turns":3},{"damage":0,"enemies":"2 Louse","floor":4,"turns":1},{"damage":49,"enemies":"Large Slime","floor":5,"turns":8},{"damage":10,"enemies":"Gremlin Nob","floor":7,"turns":3},{"damage":22,"enemies":"3 Sentries","floor":10,"turns":4},{"damage":3,"enemies":"Looter","floor":11,"turns":3},{"damage":25,"enemies":"Lagavulin","floor":12,"turns":6},{"damage":8,"enemies":"Exordium Thugs","floor":14,"turns":3},{"damage":31,"enemies":"The Guardian","floor":16,"turns":13},{"damage":39,"enemies":"Shell Parasite","floor":18,"turns":6},{"damage":8,"enemies":"Spheric Guardian","floor":19,"turns":6},{"damage":40,"enemies":"Centurion and Healer","floor":20,"turns":3}],"seed_played":"7531917257480440319","potions_obtained":[{"floor":1,"key":"BloodPotion"},{"floor":3,"key":"Swift Potion"},{"floor":10,"key":"Energy Potion"},{"floor":14,"key":"HeartOfIron"},{"floor":16,"key":"Swift Potion"}],"is_trial":false,"path_per_floor":["M","?","M","M","M","R","E","$","T","E","M","E","?","M","R","B",null,"M","M","M"],"character_chosen":"IRONCLAD","items_purchased":[],"campfire_rested":1,"item_purchase_floors":[],"current_hp_per_floor":[69,69,75,75,32,32,30,30,30,31,36,26,8,8,32,9,64,33,33,0,0],"gold":312,"neow_bonus":"RANDOM_COMMON_RELIC","is_daily":false,"chose_seed":false,"campfire_upgraded":1,"win_rate":0.0,"timestamp":1611635822,"path_taken":["M","?","M","M","M","R","E","?","T","E","M","E","?","M","R","BOSS","M","M","M"],"items_purchased_type":[],"build_version":"2020-12-22","purchased_purges":1,"victory":false,"max_hp_per_floor":[75,75,75,75,75,75,75,75,75,75,75,82,82,82,82,82,82,82,82,82,82],"card_choices":[{"not_picked":["True Grit","Blood for Blood"],"picked":"Second Wind","floor":1},{"not_picked":["Pommel Strike","Clothesline"],"picked":"Whirlwind","floor":3},{"not_picked":["Whirlwind","Searing Blow","Clash"],"picked":"SKIP","floor":4},{"not_picked":["Cleave","Clash"],"picked":"Hemokinesis","floor":5},{"not_picked":["Sentinel","Warcry"],"picked":"Fire Breathing","floor":7},{"not_picked":["Perfected Strike","Cleave","Seeing Red"],"picked":"SKIP","floor":10},{"not_picked":["Sword Boomerang","Uppercut"],"picked":"Impervious","floor":11},{"not_picked":["Inflame","True Grit"],"picked":"Battle Trance","floor":12},{"not_picked":["Clothesline","Perfected Strike","Rampage","Infernal Blade"],"picked":"SKIP","floor":14},{"not_picked":["Juggernaut","Brutality","Limit Break"],"picked":"Bludgeon","floor":16},{"not_picked":["Ghostly Armor","Warcry","Shrug It Off"],"picked":"Feel No Pain+1","floor":18},{"not_picked":["Havoc","Armaments","Pummel"],"picked":"Wild Strike","floor":19}],"player_experience":1388231,"relics_obtained":[{"floor":7,"key":"Mummified Hand"},{"floor":9,"key":"Pocketwatch"},{"floor":10,"key":"Incense Burner"},{"floor":12,"key":"Strawberry"}],"event_choices":[{"damage_healed":0,"gold_gain":0,"player_choice":"Upgraded","damage_taken":0,"max_hp_gain":0,"max_hp_loss":0,"event_name":"Upgrade Shrine","floor":2,"gold_loss":0,"cards_upgraded":["Bash"]},{"damage_healed":0,"gold_gain":0,"player_choice":"Success","damage_taken":18,"relics_obtained":["Question Card"],"max_hp_gain":0,"max_hp_loss":0,"event_name":"Scrap Ooze","floor":13,"gold_loss":0}],"is_beta":false,"boss_relics":[{"not_picked":["Runic Dome","Tiny House"],"picked":"Pandora\u0027s Box"}],"items_purged_floors":[8],"is_endless":false,"potions_floor_spawned":[1,3,10,12,14,16,18],"killed_by":"Centurion and Healer","ascension_level":20}}