{"host":"8c7ixdz8x9d2d2wv","time":1611689720,"event":{"mods":["AYAYA","BaseMod","Better Altar","Better Sensory Stone","Better Third Choice","Better-Laid Plans","BetterRewards","Card Forge","Colored Map","Colored Powertips","Curses Come First","Dark Map","Defuse TimeMaze Blight","Emptier Cage","Highlight Path","Minty Spire (QoL Compilation)","Quick Restart","Rare Cards Sparkle","Relic Sorter","Remove Card Discount Mod","Reorder Act Four","Shop Mod","StSLib","Transform Curses","Uncapped","everything is the same but u backflip on backflip"],"gold_per_floor":[119,6,6,25,43,43,74,90,90,124,124,154,154,154,154,250,250,266,7,39,39,50,50,84,84,84,107,137,137,137,162,162,257,257,273,273,286,286,286,286,136,164,164,164,214,3,53,68,68,68,68,50,50,82,82],"floor_reached":56,"language":"ENG","playtime":3079,"items_purged":["Strike_G","Survivor","Defend_G"],"score":1668,"play_id":"aa6b8091-efdb-4abd-96b6-7417ca30b794","local_time":"20210126203520","is_ascension_mode":false,"campfire_choices":[{"data":"Noxious Fumes","floor":6,"key":"SMITH"},{"floor":13,"key":"RECALL"},{"data":"Dodge and Roll","floor":15,"key":"SMITH"},{"floor":23,"key":"REST"},{"floor":25,"key":"REST"},{"floor":29,"key":"REST"},{"floor":32,"key":"REST"},{"floor":40,"key":"REST"},{"floor":49,"key":"REST"},{"data":"Caltrops","floor":53,"key":"SMITH"}],"circlet_count":0,"master_deck":["Neutralize+1","Noxious Fumes+1","Bouncing Flask+1","Cloak And Dagger+1","After Image+1","Reinforced Body+1","Cloak And Dagger+1","Burst+1","Catalyst+1","Dodge and Roll+1","Barricade+1","Good Instincts+1","Good Instincts+1","Dodge and Roll+1","Bite+1","Bite+1","Noxious Fumes+1","Caltrops+1"],"relics":["Ring of the Serpent","The Specimen","Juzu Bracelet","Pen Nib","Pantograph","Anvil of the Gods","Hammer of Thor","Seething Fire","NeowsBlessing","Mummified Hand","Shuriken","Snake Skull","Singing Bowl","Anchor","Black Star","MerchantsRug","Chemical X","Bottled Flame","PreservedInsect","Pocketwatch","Membership Card","Meat on the Bone","Gambling Chip","Letter Opener","Blue Candle"],"acts_visited":["Exordium","TheCity","TheBeyond","TheEnding"],"potions_floor_usage":[20,31,32,33,33,47,50,50,55,55],"damage_taken":[{"damage":0,"enemies":"Cultist","floor":1,"turns":1},{"damage":0,"enemies":"Jaw Worm","floor":4,"turns":1},{"damage":0,"enemies":"Small Slimes","floor":5,"turns":1},{"damage":20,"enemies":"Gremlin Nob","floor":7,"turns":4},{"damage":3,"enemies":"Red Slaver","floor":8,"turns":4},{"damage":24,"enemies":"3 Sentries","floor":10,"turns":8},{"damage":0,"enemies":"Lagavulin","floor":12,"turns":3},{"damage":0,"enemies":"The Guardian","floor":16,"turns":6},{"damage":0,"enemies":"Spheric Guardian","floor":18,"turns":3},{"damage":11,"enemies":"Masked Bandits","floor":20,"turns":5},{"damage":0,"enemies":"2 Thieves","floor":22,"turns":4},{"damage":0,"enemies":"Book of Stabbing","floor":24,"turns":4},{"damage":0,"enemies":"Slavers","floor":28,"turns":5},{"damage":0,"enemies":"Gremlin Leader","floor":31,"turns":6},{"damage":0,"enemies":"Automaton","floor":33,"turns":9},{"damage":0,"enemies":"3 Shapes","floor":35,"turns":5},{"damage":0,"enemies":"Orb Walker","floor":37,"turns":5},{"damage":0,"enemies":"Nemesis","floor":42,"turns":7},{"damage":0,"enemies":"Mind Bloom Boss Battle","floor":45,"turns":6},{"damage":51,"enemies":"2 Orb Walkers","floor":47,"turns":7},{"damage":0,"enemies":"Sphere and 2 Shapes","floor":48,"turns":4},{"damage":0,"enemies":"Awakened One","floor":50,"turns":13},{"damage":0,"enemies":"Shield and Spear","floor":54,"turns":5},{"damage":58,"enemies":"The Heart","floor":55,"turns":8}],"seed_played":"1645142511994800566","potions_obtained":[{"floor":5,"key":"Dexterity Potion"},{"floor":10,"key":"SmokeBomb"},{"floor":12,"key":"Weak Potion"},{"floor":28,"key":"EntropicBrew"},{"floor":33,"key":"Explosive Potion"},{"floor":42,"key":"BlessingOfTheForge"},{"floor":47,"key":"GhostInAJar"},{"floor":48,"key":"SteroidPotion"},{"floor":54,"key":"GhostInAJar"}],"is_trial":false,"path_per_floor":["M","$","$","M","M","R","E","M","T","E","T","E","R","?","R","B",null,"M","$","?","$","M","R","E","R","T","T","E","R","$","E","R","B",null,"M","?","M","?","?","R","$","E","T","?","?","$","?","M","R","B",null,"$","R","E","B",null],"character_chosen":"THE_SILENT","items_purchased":["Noxious Fumes","Bouncing Flask","Mummified Hand","MerchantsRug","Chemical X","Membership Card","Meat on the Bone","Caltrops"],"campfire_rested":6,"item_purchase_floors":[2,2,19,41,41,46,46,52],"current_hp_per_floor":[70,70,70,70,70,70,50,47,47,23,23,23,23,80,80,80,80,80,80,75,75,80,80,80,80,80,80,82,82,82,84,84,86,86,88,88,90,94,94,94,94,96,96,96,98,98,55,66,96,102,102,102,102,104,61],"gold":82,"neow_bonus":"THREE_ENEMY_KILL","is_daily":false,"chose_seed":false,"campfire_upgraded":3,"win_rate":0.0,"timestamp":1611689720,"path_taken":["M","?","$","?","M","R","E","M","T","E","?","E","R","?","R","BOSS","M","$","?","$","M","R","E","R","T","?","E","R","?","E","R","BOSS","M","?","M","?","?","R","?","E","T","?","?","$","?","M","R","BOSS","$","R","E","BOSS"],"items_purchased_type":["Card","Card","Relic","Relic","Relic","Relic","Relic","Card"],"build_version":"2020-12-22","purchased_purges":3,"victory":true,"max_hp_per_floor":[70,70,70,70,70,70,70,70,70,70,70,70,70,80,80,80,80,80,80,80,80,80,80,80,80,80,80,82,82,82,84,84,86,86,88,88,90,94,94,94,94,96,96,96,98,98,100,102,102,102,102,102,102,104,104],"card_choices":[{"not_picked":["Underhanded Strike","Accuracy","Skewer"],"picked":"SKIP","floor":1},{"not_picked":["Bane","Acrobatics","Flying Knee"],"picked":"SKIP","floor":4},{"not_picked":["Skewer","Dagger Throw","Bane"],"picked":"SKIP","floor":5},{"not_picked":["Outmaneuver","Acrobatics","Night Terror"],"picked":"SKIP","floor":7},{"not_picked":["Underhanded Strike","Riddle With Holes"],"picked":"Cloak And Dagger","floor":8},{"not_picked":["Outmaneuver","Tactician","PiercingWail"],"picked":"SKIP","floor":10},{"not_picked":["Bane","Calculated Gamble"],"picked":"Dodge and Roll","floor":12},{"not_picked":["Heel Hook","Accuracy","Dodge and Roll"],"picked":"SKIP","floor":18},{"not_picked":["Quick Slash","Deadly Poison"],"picked":"Noxious Fumes+1","floor":22},{"not_picked":["Slice","Blur+1","Predator"],"picked":"SKIP","floor":24},{"not_picked":["Noxious Fumes","Heel Hook","Outmaneuver"],"picked":"Singing Bowl","floor":28},{"not_picked":["Backstab","Slice","Acrobatics"],"picked":"Singing Bowl","floor":31},{"not_picked":["Adrenaline","Burst","Corpse Explosion"],"picked":"Singing Bowl","floor":33},{"not_picked":["Slice+1","Tactician+1","PiercingWail"],"picked":"Singing Bowl","floor":35},{"not_picked":["Infinite Blades","Dagger Throw+1","Setup+1"],"picked":"Singing Bowl","floor":37},{"not_picked":["Blind","Thinking Ahead","Jack Of All Trades"],"picked":"Singing Bowl","floor":38},{"not_picked":["Swift Strike","Discovery","Good Instincts"],"picked":"Singing Bowl","floor":38},{"not_picked":["Underhanded Strike+1","Flying Knee+1","Outmaneuver+1"],"picked":"Singing Bowl","floor":42},{"not_picked":["Flechettes+1","Deadly Poison+1","Bouncing Flask"],"picked":"Singing Bowl","floor":45},{"not_picked":["Flying Knee+1","Dash+1","Wraith Form v2"],"picked":"Singing Bowl","floor":47},{"not_picked":["Dagger Spray+1","Acrobatics+1","Noxious Fumes"],"picked":"Singing Bowl","floor":48},{"not_picked":["Choke+1","Slice","Deflect"],"picked":"Singing Bowl","floor":54}],"player_experience":697938,"relics_obtained":[{"floor":7,"key":"Juzu Bracelet"},{"floor":10,"key":"The Specimen"},{"floor":11,"key":"Pantograph"},{"floor":12,"key":"Pen Nib"},{"floor":20,"key":"Red Mask"},{"floor":24,"key":"Eternal Feather"},{"floor":26,"key":"Shuriken"},{"floor":27,"key":"Snake Skull"},{"floor":28,"key":"Singing Bowl"},{"floor":31,"key":"Anchor"},{"floor":42,"key":"Bottled Flame"},{"floor":42,"key":"Molten Egg 2"},{"floor":43,"key":"PreservedInsect"},{"floor":45,"key":"Pocketwatch"},{"floor":47,"key":"Gambling Chip"},{"floor":54,"key":"Letter Opener"},{"floor":54,"key":"Blue Candle"}],"event_choices":[{"cards_removed":["Barricade"],"damage_healed":47,"gold_gain":0,"player_choice":"Offered Rare","damage_taken":0,"max_hp_gain":10,"max_hp_loss":0,"event_name":"Bonfire Elementals","floor":14,"gold_loss":0},{"damage_healed":0,"gold_gain":0,"player_choice":"Fought Bandits","damage_taken":0,"max_hp_gain":0,"max_hp_loss":0,"event_name":"Masked Bandits","floor":20,"gold_loss":0},{"damage_healed":0,"gold_gain":0,"player_choice":"Ignored","damage_taken":0,"max_hp_gain":0,"max_hp_loss":0,"event_name":"Transmorgrifier","floor":36,"gold_loss":0},{"damage_healed":0,"gold_gain":3,"player_choice":"1","damage_taken":0,"max_hp_gain":0,"max_hp_loss":0,"event_name":"betterStone:BetterStone","floor":38,"gold_loss":0},{"damage_healed":0,"gold_gain":0,"player_choice":"Gave Potion","damage_taken":0,"relics_obtained":["Nunchaku"],"max_hp_gain":0,"max_hp_loss":0,"event_name":"WeMeetAgain","floor":39,"gold_loss":0},{"damage_healed":0,"gold_gain":0,"player_choice":"Ignored","damage_taken":0,"max_hp_gain":0,"max_hp_loss":0,"event_name":"Purifier","floor":44,"gold_loss":0},{"damage_healed":0,"gold_gain":0,"player_choice":"Fight","damage_taken":0,"max_hp_gain":0,"max_hp_loss":0,"event_name":"MindBloom","floor":45,"gold_loss":0},{"damage_healed":0,"gold_gain":0,"player_choice":"Fight","damage_taken":0,"max_hp_gain":0,"max_hp_loss":0,"event_name":"Mysterious Sphere","floor":47,"gold_loss":0}],"is_beta":false,"boss_relics":[{"not_picked":["WristBlade","Tiny House"],"picked":"Ring of the Serpent"},{"not_picked":["Velvet Choker","SacredBark"],"picked":"Black Star"}],"items_purged_floors":[2,2,2],"is_endless":false,"potions_floor_spawned":[5,10,12,28,33,42,47,48,54],"ascension_level":0}}