{"host":"nzq3d31h1j2g5t95","time":1611655801,"event":{"mods":["BaseMod","Hubris","Minty Spire (QoL Compilation)","Replay The Spire","StSLib","[IsaacMod]ÒÔÈö¼âËþ","¡¾ÒÅÎï¿¨ÅÆ¡¿REMEMod"],"gold_per_floor":[117,117,117,194,204,337,337,356,383,414,429,429,455,467,467,541,541,558,558,571,571,587,612,612,638,661,710,710,277,311,331,331,405,405,421,432,432,109,0,30,44,71,143,63,260,277,277,289,323,323],"floor_reached":51,"language":"ZHS","playtime":2595,"items_purged":["hubris:Gluttony","Strike_R"],"score":1873,"play_id":"86b17a51-ff4d-45e4-8f25-4b745e10cf57","local_time":"20210126181001","is_ascension_mode":true,"campfire_choices":[{"floor":7.0,"key":"REST"},{"data":"Adrenaline","floor":12.0,"key":"SMITH"},{"data":"RitualDagger","floor":24.0,"key":"SMITH"},{"floor":32.0,"key":"REST"},{"floor":47,"key":"REST"},{"floor":49,"key":"REST"}],"circlet_count":0,"master_deck":["AscendersBane","REME_EyeOfCthun+1","Strike_R","Strike_R","Strike_R","Strike_R","Defend_R","Defend_R","Defend_R","Defend_R","Bash","Adrenaline+1","ReplayReversal","Intimidate","Rampage","ReplayTheSpireMod:Muscle Training","Flame Barrier","Corruption","CurseOfTheBell","Feed","RitualDagger+1","Exhume","Demon Form","Barricade","Dark Embrace","Inflame","REME_FearOfPain","ReplayTheSpireMod:Splinters","Demon Form","Ghostly Armor","Abandon+1"],"relics":["HushsDoor","Ooze Armor","D6","hubris:Towel","hubris:Icosahedron","Regal Pillow","Bronze Scales","ReplayTheSpireMod:TigerMarble","hubris:TenFootPole","Calling Bell","Bag of Preparation","REME_HourglassOfDeath","Void","WingedGreaves","REME_HandOfSuture","Charon\u0027s Ashes","Boot","Replay:Mystery Machine","Nunchaku","Ancient Tea Set","Chemical X","Red Mask","hubris:SphereOfDissonance","Happy Flower","HornCleat","BloodDonationBag"],"acts_visited":["Exordium","TheCity","TheBeyond"],"potions_floor_usage":[33,33,41,50,50],"damage_taken":[{"damage":8.0,"enemies":"Jaw Worm","floor":1.0,"turns":4.0},{"damage":0.0,"enemies":"Small Slimes","floor":5.0,"turns":2.0},{"damage":9.0,"enemies":"Replay:BlueRogue","floor":6.0,"turns":2.0},{"damage":0.0,"enemies":"2 Louse","floor":8.0,"turns":1.0},{"damage":0.0,"enemies":"Lagavulin","floor":10.0,"turns":3.0},{"damage":0.0,"enemies":"2 Fungi Beasts","floor":11.0,"turns":2.0},{"damage":0.0,"enemies":"Gremlin Nob","floor":13.0,"turns":2.0},{"damage":2.0,"enemies":"Gremlin Gang","floor":14.0,"turns":2.0},{"damage":1.0,"enemies":"Slime Boss","floor":16.0,"turns":5.0},{"damage":2.0,"enemies":"3 Byrds","floor":18.0,"turns":3.0},{"damage":7.0,"enemies":"2 Thieves","floor":20.0,"turns":2.0},{"damage":3.0,"enemies":"3 Cultists","floor":22.0,"turns":6.0},{"damage":10.0,"enemies":"Replay:Snechameleon","floor":23.0,"turns":5.0},{"damage":35.0,"enemies":"REME_1_Revenger","floor":25.0,"turns":3.0},{"damage":2.0,"enemies":"Colosseum Slavers","floor":28.0,"turns":2.0},{"damage":0.0,"enemies":"Gremlin Leader","floor":30.0,"turns":2.0},{"damage":6.0,"enemies":"Snecko","floor":31.0,"turns":4.0},{"damage":48,"enemies":"Automaton","floor":33,"turns":8},{"damage":6,"enemies":"3 Shapes","floor":35,"turns":6},{"damage":9,"enemies":"Orb Walker","floor":36,"turns":2},{"damage":21,"enemies":"Giant Head","floor":40,"turns":5},{"damage":22,"enemies":"Spire Growth","floor":41,"turns":3},{"damage":16,"enemies":"3 Darklings","floor":46,"turns":2},{"damage":1,"enemies":"Maw","floor":48,"turns":5},{"damage":43,"enemies":"Awakened One","floor":50,"turns":8}],"seed_played":"-5465612912587012957","potions_obtained":[{"floor":6.0,"key":"Adrenaline Potion"},{"floor":13.0,"key":"ColorlessPotion"},{"floor":23.0,"key":"Explosive Potion"},{"floor":36,"key":"LiquidBronze"},{"floor":41,"key":"AttackPotion"}],"is_trial":false,"path_per_floor":["M","?","?","?","M","E","R","M","T","E","M","R","E","M","R","B",null,"M","?","M","?","M","E","R","E","T","T","?","$","E","M","R","B",null,"M","M","?","$","?","E","M","T","T","$","?","M","R","M","R","B",null],"character_chosen":"IRONCLAD","items_purchased":["PowerPotion","Languid Potion","Nunchaku","Bomb","Chemical X","Regen Potion","REME_FearOfPain"],"campfire_rested":4,"item_purchase_floors":[29,29,29,29,38,38,44],"current_hp_per_floor":[60,60,60,45,45,36,73,73,73,73,73,73,73,73,73,72,76,76,76,69,66,63,53,53,18,18,18,19,19,19,13,52,4,63,57,48,48,48,48,30,17,17,17,17,17,1,41,40,72,29],"gold":323,"neow_bonus":"BOSS_RELIC","is_daily":false,"chose_seed":false,"campfire_upgraded":2,"win_rate":0.0,"timestamp":1611655801,"path_taken":["M","?","?","?","M","E","R","M","T","E","?","R","E","M","R","BOSS","M","?","?","?","M","E","R","E","T","?","?","$","E","M","R","BOSS","M","M","?","$","?","E","?","?","T","$","?","M","R","M","R","BOSS"],"items_purchased_type":["Potion","Potion","Relic","Card","Relic","Potion","Card"],"build_version":"2020-12-22","purchased_purges":2,"victory":true,"max_hp_per_floor":[75,75,75,75,75,75,75,75,75,75,75,75,75,77,77,77,77,79,79,79,79,79,79,79,79,79,79,82,82,82,82,82,82,82,82,82,82,82,82,85,85,85,85,85,85,85,85,85,85,85],"card_choices":[{"not_picked":["Shockwave","Havoc"],"picked":"ReplayReversal","floor":1.0},{"not_picked":["Cleave","Body Slam"],"picked":"Intimidate","floor":5.0},{"not_picked":["Warcry","ReplayTheSpireMod:LeadingStrike"],"picked":"Rampage","floor":6.0},{"not_picked":["Body Slam","True Grit","Twin Strike"],"picked":"SKIP","floor":8.0},{"not_picked":["Clothesline","REME_SingleHolding","Rupture"],"picked":"SKIP","floor":10.0},{"not_picked":["Flex","ReplayTheSpireMod:Strike From Hell","Replay:Undeath\u0027s Touch"],"picked":"SKIP","floor":11.0},{"not_picked":["Evolve","Disarm","ReplayTheSpireMod:Muscle Training"],"picked":"SKIP","floor":13.0},{"not_picked":["Brutality","Body Slam"],"picked":"ReplayTheSpireMod:Muscle Training","floor":14.0},{"not_picked":["Brutality","Feed"],"picked":"Corruption","floor":16.0},{"not_picked":["Wild Strike","Anger+1","Pommel Strike"],"picked":"SKIP","floor":18.0},{"not_picked":["Clash+1","ReplayTheSpireMod:Limb From Limb"],"picked":"Feed","floor":20.0},{"not_picked":["ReplayTheSpireMod:Strike From Hell","Run Through","Cleave"],"picked":"SKIP","floor":22.0},{"not_picked":["Body Slam","Headbutt+1","hubris:SharpeningStone"],"picked":"SKIP","floor":23.0},{"not_picked":["Metallicize","Shrug It Off"],"picked":"Exhume","floor":25.0},{"not_picked":["Metallicize","hubris:CleavingFinish","Massacre"],"picked":"SKIP","floor":30.0},{"not_picked":["Clash+1","Pommel Strike","ReplayTheSpireMod:Strike From Hell"],"picked":"SKIP","floor":31.0},{"not_picked":["Berserk","Hemogenesis"],"picked":"Demon Form","floor":33},{"not_picked":["Wild Strike","Anger+1","Thunderclap"],"picked":"SKIP","floor":35},{"not_picked":["Armaments","Shrug It Off"],"picked":"Barricade","floor":36},{"not_picked":["Warcry","hubris:CleavingFinish","Twin Strike"],"picked":"SKIP","floor":40},{"not_picked":["Clash","Rage"],"picked":"Inflame","floor":41},{"not_picked":["Flex","Searing Blow"],"picked":"Demon Form","floor":45},{"not_picked":["Armaments","ReplayTheSpireMod:Strike From Hell"],"picked":"Ghostly Armor","floor":46},{"not_picked":["Spot Weakness+1","Uppercut"],"picked":"Abandon+1","floor":48}],"player_experience":178045,"relics_obtained":[{"floor":6.0,"key":"Regal Pillow"},{"floor":9.0,"key":"Bronze Scales"},{"floor":10.0,"key":"ReplayTheSpireMod:TigerMarble"},{"floor":13.0,"key":"hubris:TenFootPole"},{"floor":17.0,"key":"Bag of Preparation"},{"floor":17.0,"key":"REME_HourglassOfDeath"},{"floor":17.0,"key":"Void"},{"floor":23.0,"key":"REME_HandOfSuture"},{"floor":25.0,"key":"Charon\u0027s Ashes"},{"floor":26.0,"key":"Boot"},{"floor":27.0,"key":"Replay:Mystery Machine"},{"floor":30.0,"key":"Ancient Tea Set"},{"floor":40,"key":"hubris:SphereOfDissonance"},{"floor":42,"key":"Happy Flower"},{"floor":43,"key":"HornCleat"}],"event_choices":[{"damage_healed":0.0,"max_hp_gain":0.0,"max_hp_loss":0.0,"gold_gain":0.0,"event_name":"Nest","player_choice":"Joined the Cult","floor":21.0,"gold_loss":0.0,"damage_taken":6.0,"cards_obtained":["RitualDagger"]},{"damage_healed":0.0,"max_hp_gain":0.0,"max_hp_loss":0.0,"gold_gain":0.0,"event_name":"Colosseum","player_choice":"Fight","floor":28.0,"gold_loss":0.0,"damage_taken":0.0},{"damage_healed":0.0,"max_hp_gain":0.0,"max_hp_loss":0.0,"gold_gain":0.0,"event_name":"Colosseum","player_choice":"Fled From Nobs","floor":28.0,"gold_loss":0.0,"damage_taken":0.0},{"damage_healed":0,"gold_gain":0,"player_choice":"Paid","damage_taken":0,"relics_obtained":["Red Mask"],"max_hp_gain":0,"max_hp_loss":0,"event_name":"Tomb of Lord Red Mask","floor":39,"gold_loss":109}],"is_beta":false,"boss_relics":[{"not_picked":["Sozu","hubris:GrandSneckoEye"],"picked":"Calling Bell"},{"not_picked":[]},{"not_picked":["hubris:CrackedHourglass","ChampionBelt"],"picked":"hubris:Backtick"},{"not_picked":[]}],"items_purged_floors":[29,38],"is_endless":false,"potions_floor_spawned":[6,13,16,20,22,23,28,30,36,41,48],"ascension_level":14}}