{"host":"xmr2g8b7eju0288o","time":1611687135,"event":{"mods":["AchievementEnabler","BaseMod","Colored Map","Colored Powertips","Infinite Spire","KOR Keyword Fix","Minty Spire (QoL Compilation)","Quick Restart","Spicy Shops","StSLib","SuperFastMode"],"gold_per_floor":[144,144,180,228,32,32,89,179,248,248,248,398,398,428,428,428,428],"floor_reached":16,"language":"KOR","playtime":336,"items_purged":[],"score":200,"play_id":"44642b4f-2d51-4542-8e59-5b597858212b","local_time":"20210127035215","daily_mods":["Heirloom","Midas"],"is_ascension_mode":true,"campfire_choices":[{"floor":6.0,"key":"DIG"},{"floor":10.0,"key":"DIG"},{"floor":13.0,"key":"DIG"},{"floor":15,"key":"DIG"}],"circlet_count":0,"master_deck":["AscendersBane","Strike_R","Strike_R","Strike_R","Strike_R","Strike_R","Defend_R","Defend_R","Defend_R","Bash","Sword Boomerang","Sever Soul","Shrug It Off","Pummel","Flex","Whirlwind","Doubt","Heavy Blade+1"],"relics":["Burning Blood","Shovel","Chemical X","Bird Faced Urn","Tiny Chest","Paper Frog","Molten Egg 2","infinitespire:WardingShard","Gremlin Horn"],"acts_visited":["Exordium"],"potions_floor_usage":[14],"damage_taken":[{"damage":6.0,"enemies":"Cultist","floor":1.0,"turns":3.0},{"damage":7.0,"enemies":"Small Slimes","floor":3.0,"turns":3.0},{"damage":12.0,"enemies":"Jaw Worm","floor":4.0,"turns":2.0},{"damage":12.0,"enemies":"Lots of Slimes","floor":7.0,"turns":5.0},{"damage":42.0,"enemies":"3 Sentries","floor":8.0,"turns":7.0},{"damage":4,"enemies":"Large Slime","floor":14,"turns":4},{"damage":24,"enemies":"Hexaghost","floor":16,"turns":5}],"seed_played":"-4317649077373431089","potions_obtained":[{"floor":3.0,"key":"HeartOfIron"},{"floor":7.0,"key":"Fire Potion"},{"floor":8.0,"key":"PowerPotion"}],"is_trial":true,"path_per_floor":["M","?","M","M","$","R","M","E","T","R","?","?","R","M","R","B"],"character_chosen":"IRONCLAD","items_purchased":["Chemical X","Fruit Juice"],"campfire_rested":0,"item_purchase_floors":[5,5],"current_hp_per_floor":[68,68,67,61,61,61,60,24,24,24,29,29,29,33,33,9,9],"gold":428,"neow_bonus":"","is_daily":false,"chose_seed":false,"campfire_upgraded":0,"win_rate":0.0,"timestamp":1611687135,"path_taken":["M","?","?","M","$","R","M","E","T","R","?","?","R","M","R","BOSS"],"items_purchased_type":["Relic","Potion"],"build_version":"2020-12-22","purchased_purges":0,"victory":false,"max_hp_per_floor":[75,75,75,75,75,75,80,80,80,80,85,85,85,85,85,85,85],"card_choices":[{"not_picked":["Flame Barrier","Uppercut"],"picked":"Sword Boomerang","floor":1.0},{"not_picked":["Rupture","True Grit"],"picked":"Shrug It Off","floor":3.0},{"not_picked":["Cleave","Shrug It Off"],"picked":"Pummel","floor":4.0},{"not_picked":["Clothesline","Rampage"],"picked":"Flex","floor":7.0},{"not_picked":["Havoc","Pummel"],"picked":"Whirlwind","floor":8.0},{"not_picked":["Rupture","Thunderclap+1"],"picked":"Heavy Blade+1","floor":14}],"player_experience":83142,"relics_obtained":[{"floor":6.0,"key":"Bird Faced Urn"},{"floor":8.0,"key":"Tiny Chest"},{"floor":9.0,"key":"Paper Frog"},{"floor":10.0,"key":"Molten Egg 2"},{"floor":13.0,"key":"infinitespire:WardingShard"},{"floor":15,"key":"Gremlin Horn"}],"event_choices":[{"damage_healed":0.0,"max_hp_gain":0.0,"max_hp_loss":0.0,"gold_gain":0.0,"cards_transformed":["Defend_R"],"event_name":"Transmorgrifier","player_choice":"Transformed","floor":2.0,"gold_loss":0.0,"damage_taken":0.0,"cards_obtained":["Sever Soul"]},{"damage_healed":0.0,"max_hp_gain":5.0,"max_hp_loss":0.0,"gold_gain":0.0,"event_name":"Big Fish","player_choice":"Donut","floor":11.0,"gold_loss":0.0,"damage_taken":0.0},{"damage_healed":0.0,"max_hp_gain":0.0,"max_hp_loss":0.0,"gold_gain":150.0,"event_name":"Liars Game","player_choice":"AGREE","floor":12.0,"gold_loss":0.0,"damage_taken":0.0,"cards_obtained":["Doubt"]}],"is_beta":false,"boss_relics":[],"items_purged_floors":[],"is_endless":false,"potions_floor_spawned":[3,7,8],"killed_by":"Hexaghost","ascension_level":20}}