{"host":"rl3s470f8onwqc1s","time":1611673541,"event":{"mods":["BaseMod","Gold Saver","Minty Spire (QoL Compilation)","MostiFishMod","Shop Mod","Spicy Shops","StSLib","TestMod"],"gold_per_floor":[1220,1220,1232,1242,441,1085,1085,1121,1121,1160,1173,1194,1258,1558,1558,1649,1649,1679,1731,1770,513,543,595,623,672,672,733,772,772,772,772,772,871,871,889,918,945,985,1007,1063,1063,1113,1113,1154,1201,1273,510,510,510,523,544,544,544,139,179,246],"floor_reached":57,"language":"ZHS","playtime":2980,"items_purged":["Regret","Strike_B","Strike_B","Strike_B"],"score":3873,"play_id":"06764266-2d1d-4bbb-80cf-f508306f6487","local_time":"20210126230541","is_ascension_mode":true,"campfire_choices":[{"data":"Darkness","floor":7.0,"key":"SMITH"},{"data":"MostiFishMod:LinkProtocol","floor":15.0,"key":"SMITH"},{"floor":29.0,"key":"RECALL"},{"data":"Storm","floor":32.0,"key":"SMITH"},{"data":"Storm","floor":41,"key":"SMITH"},{"data":"Heatsinks","floor":49,"key":"SMITH"},{"data":"MostiFishMod:Nova","floor":53,"key":"SMITH"}],"circlet_count":0,"master_deck":["AscendersBane","Defend_B","Defend_B","Defend_B","Defend_B","Zap","Dualcast","MostiFishMod:PushDownKick","Darkness+1","Turbo","Gash","Consume","Glacier","MostiFishMod:LinkProtocol+1","MostiFishMod:IntelligentEquipment","Meteor Strike","Gash","Storm+1","White Noise","Coolheaded","Buffer","MostiFishMod:GatherIntelligence","MostiFishMod:ActiveDefenseSystem","Reprogram+1","Writhe","MostiFishMod:Overload+1","CurseOfTheBell","Coolheaded+1","Storm+1","MostiFishMod:Nova+1","Heatsinks+1","BootSequence+1","Double Energy+1","MostiFishMod:IceShield+1","testmod-Bloodthirsty+1"],"relics":["DaveBox","testmod-TestBox","testmod-ChristmasGift","RhineCircuit","JellyFishMachine","SynthV:TestCard","testmod-TurbochargingSystem","Mummified Hand","testmod-Acrobat","OrangePellets","Kunai","testmod-DragonStarHat","Ornamental Fan","testmod-Antiphasic","FeatherPendant","ArrowTower","Bag of Preparation","Lantern","Mercury Hourglass","Akabeko","Blood Vial","Toxic Egg 2","Calling Bell","Toy Ornithopter","Gremlin Horn","Du-Vu Doll","Pantograph","Blue Candle","testmod-ObsoleteBoomerang","MawBank","testmod-CasingShield","Potion Belt","Dodecahedron","Pear","Cauldron","Bottled Tornado","testmod-LifeArmor"],"acts_visited":["Exordium","TheCity","TheBeyond","TheEnding"],"potions_floor_usage":[42,42,42,42,50,50,50,50,55,56,56,56,56,56,56,56],"damage_taken":[{"damage":2.0,"enemies":"Jaw Worm","floor":1.0,"turns":3.0},{"damage":2.0,"enemies":"Cultist","floor":3.0,"turns":3.0},{"damage":5.0,"enemies":"Small Slimes","floor":4.0,"turns":3.0},{"damage":25.0,"enemies":"3 Sentries","floor":6.0,"turns":7.0},{"damage":0.0,"enemies":"Gremlin Nob","floor":8.0,"turns":2.0},{"damage":0.0,"enemies":"Lagavulin","floor":10.0,"turns":6.0},{"damage":13.0,"enemies":"Blue Slaver","floor":11.0,"turns":4.0},{"damage":0.0,"enemies":"Large Slime","floor":12.0,"turns":4.0},{"damage":0.0,"enemies":"Gremlin Nob","floor":13.0,"turns":2.0},{"damage":0.0,"enemies":"Slime Boss","floor":16.0,"turns":7.0},{"damage":0.0,"enemies":"Spheric Guardian","floor":18.0,"turns":3.0},{"damage":0.0,"enemies":"3 Byrds","floor":19.0,"turns":3.0},{"damage":0.0,"enemies":"Centurion and Healer","floor":20.0,"turns":3.0},{"damage":0.0,"enemies":"Snecko","floor":22.0,"turns":2.0},{"damage":0.0,"enemies":"Book of Stabbing","floor":23.0,"turns":3.0},{"damage":0.0,"enemies":"Snake Plant","floor":24.0,"turns":2.0},{"damage":0.0,"enemies":"Slavers","floor":25.0,"turns":2.0},{"damage":0.0,"enemies":"Gremlin Leader","floor":27.0,"turns":3.0},{"damage":0.0,"enemies":"3 Cultists","floor":28.0,"turns":4.0},{"damage":0.0,"enemies":"Champ","floor":33.0,"turns":3.0},{"damage":0.0,"enemies":"3 Shapes","floor":35.0,"turns":3.0},{"damage":0.0,"enemies":"Orb Walker","floor":36.0,"turns":2.0},{"damage":0,"enemies":"Writhing Mass","floor":37,"turns":1},{"damage":0,"enemies":"3 Darklings","floor":38,"turns":2},{"damage":0,"enemies":"Sphere and 2 Shapes","floor":39,"turns":1},{"damage":0,"enemies":"Giant Head","floor":40,"turns":3},{"damage":0,"enemies":"Reptomancer","floor":42,"turns":1},{"damage":0,"enemies":"Nemesis","floor":44,"turns":1},{"damage":2,"enemies":"Maw","floor":45,"turns":2},{"damage":0,"enemies":"2 Orb Walkers","floor":46,"turns":2},{"damage":15,"enemies":"Time Eater","floor":50,"turns":3},{"damage":0,"enemies":"Donu and Deca","floor":51,"turns":2},{"damage":0,"enemies":"Shield and Spear","floor":55,"turns":1},{"damage":0,"enemies":"The Heart","floor":56,"turns":5}],"seed_played":"-7365800011765491194","potions_obtained":[{"floor":4.0,"key":"AttackPotion"},{"floor":6.0,"key":"testmod-EscapePotion"},{"floor":8.0,"key":"Regen Potion"},{"floor":18.0,"key":"Swift Potion"},{"floor":19.0,"key":"GamblersBrew"},{"floor":25.0,"key":"SteroidPotion"},{"floor":35.0,"key":"ColorlessPotion"},{"floor":38,"key":"Dexterity Potion"},{"floor":44,"key":"GamblersBrew"},{"floor":47,"key":"testmod-TestPotion"},{"floor":47,"key":"testmod-EscapePotion"},{"floor":55,"key":"Explosive Potion"}],"is_trial":false,"path_per_floor":["M","?","M","M","$","E","R","E","T","E","M","M","?","?","R","B",null,"M","M","M","$","M","E","M","E","T","E","M","R","?","?","R","B",null,"M","M","M","M","M","E","R","E","T","E","M","?","$","?","R","B","B",null,"R","$","E","B",null],"character_chosen":"DEFECT","items_purchased":["Mummified Hand","testmod-Acrobat","Gash","OrangePellets","ArrowTower","testmod-SpacePotion","Bag of Preparation","Lantern","Coolheaded","PotionOfCapacity","Potion Belt","Dodecahedron","Pear","Cauldron","Bottled Tornado","testmod-Bloodthirsty+1"],"campfire_rested":0,"item_purchase_floors":[5,5,5,5,21,21,21,21,21,21,47,47,47,47,54,54],"current_hp_per_floor":[66,66,64,60,60,56,56,56,56,71,58,61,76,76,76,85,85,85,85,85,85,85,85,85,85,85,85,85,85,85,85,85,85,85,85,85,85,85,85,85,85,85,85,85,85,85,95,95,95,95,95,95,95,95,95,95],"gold":246,"neow_bonus":"BOSS_RELIC","is_daily":false,"chose_seed":false,"campfire_upgraded":6,"win_rate":0.0,"timestamp":1611673541,"path_taken":["M","?","M","M","?","E","R","E","T","E","?","M","?","?","R","BOSS","M","M","M","$","M","E","M","E","T","E","M","R","?","?","R","BOSS","M","M","M","M","M","E","R","E","T","E","M","?","$","?","R","BOSS","BOSS","R","$","E","BOSS"],"items_purchased_type":["Relic","Relic","Card","Relic","Relic","Potion","Relic","Relic","Card","Potion","Relic","Relic","Relic","Relic","Relic","Card"],"build_version":"2020-12-22","purchased_purges":4,"victory":true,"max_hp_per_floor":[71,71,71,71,71,71,71,71,71,71,71,71,85,85,85,85,85,85,85,85,85,85,85,85,85,85,85,85,85,85,85,85,85,85,85,85,85,85,85,85,85,85,85,85,85,85,95,95,95,95,95,95,95,95,95,95],"card_choices":[{"not_picked":["Redo","Capacitor"],"picked":"MostiFishMod:PushDownKick","floor":1.0},{"not_picked":["Rebound","Streamline","Leap","Redo"],"picked":"Darkness","floor":3.0},{"not_picked":["Conserve Battery","Hologram","Force Field","Double Energy"],"picked":"Turbo","floor":4.0},{"not_picked":["Hologram","MostiFishMod:Impulse","MostiFishMod:StrandedSiren","Barrage"],"picked":"Consume","floor":6.0},{"not_picked":["Chill","Blizzard","Conserve Battery","White Noise"],"picked":"Glacier","floor":8.0},{"not_picked":["Reprogram","Darkness","MostiFishMod:Impulse","Cold Snap"],"picked":"MostiFishMod:LinkProtocol","floor":10.0},{"not_picked":["Ball Lightning","MostiFishMod:PushDownKick","Leap","Streamline"],"picked":"MostiFishMod:IntelligentEquipment","floor":11.0},{"not_picked":["Stack","Go for the Eyes","Redo","Sweeping Beam","Streamline"],"picked":"SKIP","floor":12.0},{"not_picked":["Amplify","MostiFishMod:SeaWaves","Hyperbeam","MostiFishMod:GoodWordForIt"],"picked":"Meteor Strike","floor":16.0},{"not_picked":["Barrage","Blizzard","Steam","Chill"],"picked":"Gash","floor":18.0},{"not_picked":["Coolheaded","Cold Snap+1","Double Energy","Turbo"],"picked":"Storm","floor":19.0},{"not_picked":["MostiFishMod:GoodWordForIt","Hello World","Sunder+1","Go for the Eyes"],"picked":"White Noise","floor":20.0},{"not_picked":["Barrage","Gash","Redo","Static Discharge+1"],"picked":"Buffer","floor":22.0},{"not_picked":["Stack+1","Tempest","Barrage","Cold Snap"],"picked":"MostiFishMod:GatherIntelligence","floor":23.0},{"not_picked":["Streamline","Coolheaded","MostiFishMod:PushDownKick+1","Sweeping Beam"],"picked":"MostiFishMod:ActiveDefenseSystem","floor":24.0},{"not_picked":["Steam","Stack","MostiFishMod:FluxCapactior","Ball Lightning","Turbo"],"picked":"SKIP","floor":25.0},{"not_picked":["Go for the Eyes","Scrape","Turbo","Streamline"],"picked":"Reprogram+1","floor":27.0},{"not_picked":["Gash","Turbo","Tempest","FTL+1","Aggregate"],"picked":"SKIP","floor":28.0},{"not_picked":["MostiFishMod:IceShield+1","MostiFishMod:DawningShadow","Seek+1","Fission+1"],"picked":"MostiFishMod:Overload+1","floor":33.0},{"not_picked":["Go for the Eyes+1","Aggregate+1","Ball Lightning","Blizzard"],"picked":"Coolheaded+1","floor":35.0},{"not_picked":["Undo+1","Rebound","Sunder","Streamline+1"],"picked":"Storm","floor":36},{"not_picked":["Auto Shields+1","Ball Lightning","Sweeping Beam","Steam+1"],"picked":"MostiFishMod:Nova","floor":37},{"not_picked":["Fusion+1","MostiFishMod:PushDownKick+1","MostiFishMod:Impulse+1","Consume+1","Turbo+1"],"picked":"SKIP","floor":38},{"not_picked":["FTL","Steam+1","Rebound","MostiFishMod:ReprogramOld+1","Rip and Tear"],"picked":"SKIP","floor":39},{"not_picked":["Static Discharge","Hologram+1","Chaos+1","Aggregate+1","Stack+1"],"picked":"SKIP","floor":40},{"not_picked":["Leap+1","Rip and Tear","Streamline","Chill+1"],"picked":"Heatsinks","floor":42},{"not_picked":["Turbo+1","Conserve Battery+1","Compile Driver","Rebound"],"picked":"BootSequence+1","floor":44},{"not_picked":["Scrape","FTL","MostiFishMod:PushDownKick","Streamline"],"picked":"Double Energy+1","floor":45},{"not_picked":["Steam+1","Storm","Doom and Gloom","Genetic Algorithm+1"],"picked":"MostiFishMod:IceShield+1","floor":46},{"not_picked":["Storm+1","Leap+1","Redo+1","Hello World","Meteor Strike"],"picked":"SKIP","floor":55}],"player_experience":1334783,"relics_obtained":[{"floor":1.0,"key":"SynthV:TestCard"},{"floor":6.0,"key":"Kunai"},{"floor":8.0,"key":"testmod-DragonStarHat"},{"floor":9.0,"key":"Ornamental Fan"},{"floor":10.0,"key":"testmod-Antiphasic"},{"floor":13.0,"key":"Mango"},{"floor":23.0,"key":"Mercury Hourglass"},{"floor":25.0,"key":"Akabeko"},{"floor":27.0,"key":"Blood Vial"},{"floor":34.0,"key":"Toy Ornithopter"},{"floor":34.0,"key":"Gremlin Horn"},{"floor":34.0,"key":"Du-Vu Doll"},{"floor":40,"key":"Pantograph"},{"floor":42,"key":"Blue Candle"},{"floor":43,"key":"testmod-ObsoleteBoomerang"},{"floor":44,"key":"MawBank"},{"floor":46,"key":"testmod-CasingShield"},{"floor":55,"key":"testmod-LifeArmor"}],"event_choices":[{"damage_healed":0.0,"max_hp_gain":0.0,"max_hp_loss":0.0,"gold_gain":0.0,"event_name":"Big Fish","player_choice":"Box","floor":2.0,"gold_loss":0.0,"damage_taken":0.0,"relics_obtained":["testmod-TurbochargingSystem"],"cards_obtained":["Regret"]},{"damage_healed":0.0,"max_hp_gain":0.0,"max_hp_loss":0.0,"gold_gain":30.0,"event_name":"Dead Adventurer","player_choice":"Searched \u00272\u0027 times","floor":13.0,"gold_loss":0.0,"damage_taken":0.0},{"damage_healed":0.0,"max_hp_gain":0.0,"max_hp_loss":0.0,"gold_gain":300.0,"event_name":"¶÷ÂåË¹µÄÅÌ×Ó","player_choice":"Sell","floor":14.0,"relics_lost":["Mango"],"gold_loss":0.0,"damage_taken":0.0},{"cards_removed":["Strike_B"],"damage_healed":0.0,"max_hp_gain":0.0,"max_hp_loss":0.0,"gold_gain":0.0,"event_name":"Back to Basics","player_choice":"Elegance","floor":30.0,"gold_loss":0.0,"damage_taken":0.0},{"damage_healed":0.0,"max_hp_gain":0.0,"max_hp_loss":0.0,"gold_gain":0.0,"event_name":"The Mausoleum","player_choice":"Opened","floor":31.0,"gold_loss":0.0,"damage_taken":0.0,"relics_obtained":["Toxic Egg 2"],"cards_obtained":["Writhe"]},{"damage_healed":0,"gold_gain":0,"player_choice":"Fight","damage_taken":0,"max_hp_gain":0,"max_hp_loss":0,"event_name":"Mysterious Sphere","floor":46,"gold_loss":0},{"damage_healed":0,"gold_gain":0,"player_choice":"Ignored","damage_taken":0,"max_hp_gain":0,"max_hp_loss":0,"event_name":"Tomb of Lord Red Mask","floor":48,"gold_loss":0}],"is_beta":false,"boss_relics":[{"not_picked":["Busted Crown","Snecko Eye"],"picked":"FeatherPendant"},{"not_picked":["Tiny House","Transparent"],"picked":"Calling Bell"}],"items_purged_floors":[5,5,21,21],"is_endless":false,"potions_floor_spawned":[4,6,8,10,16,18,19,25,35,38,40,44,55],"ascension_level":20}}