{"host":"8ef2eyqaps3igadt","time":1611657166,"event":{"mods":["AchievementEnabler","Act Like it!","Aspiration","BaseMod","Better Altar","Better Match","Better Skull","Better Third Choice","Better Vampires","BetterRewards","Conspire","Curses Come First","Defuse TimeMaze Blight","Disable Question Mark Monsters","Displayed Cursed Tome","Energized Spire","Fox Events","GifTheSpireLib","Hallownest","Highlight Path","Hubris","Infinite Spire","Marked Mod","Mimic Mod","Minty Spire (QoL Compilation)","Quick Restart","Replay The Spire","Shop Mod","Spicy Shops","Spikes Relics","StS++","StSLib","Stuff the Spire","SuperFastMode","The Marked","Trackpad","Unceasing Turn Reminder","Virulent Crown","Wandering Minibosses"],"gold_per_floor":[116,116,130,130,177,177,177,177,215,250,267,296,322,349,349,450,450,470,470,503,520,520,552,552,565,613,625,625,654,654,38,38,139,139,150,176,176,189,85,103,154,154,187,203,203,229,239,249,249,350,350,356,356,356,335,390,390,22,22,69,69,50,50,50,28,28],"floor_reached":65,"language":"ENG","playtime":1467,"items_purged":["Regret"],"score":947,"play_id":"aaa0ec11-1df2-4cec-8685-5ca2ac4f0542","local_time":"20210126113246","is_ascension_mode":true,"campfire_choices":[{"data":"Bash","floor":6,"key":"SMITH"},{"data":"Inflame","floor":8,"key":"SMITH"},{"floor":15,"key":"REST"},{"floor":24,"key":"REST"},{"floor":30,"key":"REST"},{"data":"Barricade","floor":32,"key":"SMITH"},{"floor":42,"key":"REST"},{"data":"infinitespire:Execution","floor":45,"key":"SMITH"},{"data":"Juggernaut","floor":49,"key":"SMITH"},{"data":"Demon Form","floor":57,"key":"SMITH"},{"data":"Spot Weakness","floor":59,"key":"SMITH"},{"data":"Metallicize","floor":61,"key":"SMITH"},{"data":"Feel No Pain","floor":64,"key":"SMITH"}],"circlet_count":0,"master_deck":["Strike_R","Strike_R","Strike_R","Strike_R","Strike_R","Defend_R","Defend_R","Defend_R","Defend_R","Bash+1","Clash","Inflame+1","Heavy Blade","Carnage","Clash+1","Clash+1","Clash+1","Clash+1","Barricade+1","infinitespire:Execution+1","Clash+1","Metallicize+1","Feel No Pain+1","Shockwave+1","Life Link+1","Iron Wave+1","Rage+1","Juggernaut+1","Metallicize+1","Spot Weakness+1","Demon Form+1","Injury"],"relics":["Burning Blood","NeowsBlessing","RetroEgg","trackpad:WritersBlock","WarpedTongs","Replay:Wax Seal","Replay:Mystery Machine","Oddly Smooth Stone","Odd Mushroom","Anchor","Sozu","StuffTheSpire:Tea","hubris:Metronome","Centennial Puzzle","Unceasing Top","hubris:FunFungus","Replay:Bronze Core","trackpad:Mousetrap","ReplayTheSpireMod:Spearhead","wanderingMiniBosses:CarrionFlame","MerchantsRug","Sling","Magic Flower","conspire:GlowingRock","infinitespire:Beetle Shell","betterThird:SlimedRelic","Regal Pillow","SuspiciousGoo","Replay:Baseball","ClockworkSouvenir"],"acts_visited":["Exordium","TheCity","TheBeyond","Exordium"],"potions_floor_usage":[16,23],"damage_taken":[{"damage":0,"enemies":"Cultist","floor":1,"turns":1},{"damage":0,"enemies":"Jaw Worm","floor":3,"turns":1},{"damage":1,"enemies":"2 Louse","floor":9,"turns":2},{"damage":30,"enemies":"3 Sentries","floor":10,"turns":7},{"damage":7,"enemies":"2 Louse","floor":11,"turns":3},{"damage":11,"enemies":"Gremlin Nob","floor":12,"turns":3},{"damage":4,"enemies":"The Mushroom Lair","floor":13,"turns":3},{"damage":11,"enemies":"3 Sentries","floor":14,"turns":4},{"damage":13,"enemies":"Slime Boss","floor":16,"turns":6},{"damage":26,"enemies":"2 Thieves","floor":18,"turns":4},{"damage":22,"enemies":"conspire:MimicChest","floor":20,"turns":6},{"damage":8,"enemies":"Shell Parasite","floor":21,"turns":3},{"damage":24,"enemies":"Gremlin Leader","floor":23,"turns":5},{"damage":28,"enemies":"Shelled Parasite and Fungi","floor":25,"turns":6},{"damage":11,"enemies":"Snake Plant","floor":27,"turns":2},{"damage":3,"enemies":"Nightmare","floor":29,"turns":6},{"damage":49,"enemies":"Automaton","floor":33,"turns":7},{"damage":18,"enemies":"3 Darklings","floor":35,"turns":3},{"damage":0,"enemies":"3 Shapes","floor":38,"turns":11},{"damage":28,"enemies":"Writhing Mass","floor":40,"turns":5},{"damage":30,"enemies":"2 Orb Walkers","floor":41,"turns":4},{"damage":0,"enemies":"Jaw Worm Horde","floor":43,"turns":4},{"damage":0,"enemies":"Jaw Worm Horde","floor":44,"turns":2},{"damage":37,"enemies":"R_Hoarder","floor":46,"turns":5},{"damage":0,"enemies":"3 Darklings","floor":47,"turns":2},{"damage":0,"enemies":"4 Shapes","floor":48,"turns":3},{"damage":14,"enemies":"infinitespire:MassOfShapes","floor":50,"turns":6},{"damage":0,"enemies":"Cultist","floor":52,"turns":2},{"damage":2,"enemies":"Small Slimes","floor":54,"turns":2},{"damage":6,"enemies":"Jaw Worm","floor":63,"turns":2},{"damage":66,"enemies":"Nightmare","floor":65,"turns":4}],"seed_played":"-7795952029920922979","potions_obtained":[{"floor":10,"key":"FearPotion"},{"floor":11,"key":"ColorlessPotion"},{"floor":12,"key":"BlessingOfTheForge"},{"floor":16,"key":"Strength Potion"}],"is_trial":false,"path_per_floor":["M","?","M","?","T","R","?","R","MIM","E","M","E","?","E","R","B",null,"M","AVR","?","M","?","E","R","M","T","M","?","NM","R","$","R","B",null,"M","T","AVR","M","$","M","?","R","MIM","M","R","E","M","M","R","B",null,"M","AVR","M","?","?","R","$","R","T","R","$","M","R","NM"],"character_chosen":"IRONCLAD","items_purchased":["Unceasing Top","hubris:FunFungus","MerchantsRug","Sling","SuspiciousGoo","StSpp:Dice","ClockworkSouvenir"],"campfire_rested":4,"item_purchase_floors":[31,31,39,39,58,58,62],"current_hp_per_floor":[80,80,80,80,80,80,80,80,80,56,55,50,52,47,71,64,80,60,70,54,52,52,34,61,39,39,34,34,39,66,66,66,26,92,80,80,80,92,92,70,47,74,91,92,92,67,76,85,85,82,92,92,92,92,81,58,58,58,58,58,58,58,61,61,0,0],"gold":28,"neow_bonus":"THREE_ENEMY_KILL","is_daily":false,"chose_seed":false,"campfire_upgraded":9,"win_rate":0.0,"timestamp":1611657166,"path_taken":["M","?","M","?","?","R","?","R","MIM","E","M","E","?","E","R","BOSS","M","AVR","?","M","?","E","R","M","T","M","?","NM","R","$","R","BOSS","M","?","AVR","M","$","M","?","R","MIM","M","R","E","M","?","R","BOSS","M","AVR","M","?","?","R","$","R","T","R","$","M","R","NM"],"items_purchased_type":["Relic","Relic","Relic","Relic","Relic","Relic","Relic"],"build_version":"2020-12-22","purchased_purges":1,"victory":false,"max_hp_per_floor":[80,80,80,80,80,80,80,80,80,80,80,80,80,80,80,80,80,80,90,90,90,90,90,90,90,90,90,90,92,92,92,92,92,92,92,92,92,92,92,92,92,92,92,92,92,92,92,92,92,92,92,92,92,92,92,92,92,92,92,92,92,92,92,92,92,92],"card_choices":[{"not_picked":["Armaments","Massacre"],"picked":"Clash","floor":1},{"not_picked":["StSpp:TheBiggerTheyAre","Entrench"],"picked":"Inflame","floor":3},{"not_picked":["Second Wind","Disarm"],"picked":"Heavy Blade","floor":9},{"not_picked":["Demonic Infusion","StuffTheSpire:Incineration"],"picked":"Carnage","floor":10},{"not_picked":["conspire:ExplosiveBarrier","Searing Blow"],"picked":"Clash","floor":11},{"not_picked":["Combust","StuffTheSpire:TitanForm"],"picked":"Clash","floor":12},{"not_picked":["Metallicize","StSpp:CounterStrike"],"picked":"Clash","floor":13},{"not_picked":["ReplayTheSpireMod:Strike From Hell","StuffTheSpire:Slingshot"],"picked":"Clash","floor":14},{"not_picked":["conspire:HitWhereItHurts","StSpp:Turnabout"],"picked":"Barricade","floor":16},{"not_picked":["Twin Strike+1","Warcry+1","Second Wind"],"picked":"SKIP","floor":18},{"not_picked":["Run Through+1","Rampage+1"],"picked":"Clash","floor":20},{"not_picked":["Replay:Undeath\u0027s Touch","conspire:ExplosiveBarrier+1"],"picked":"Metallicize+1","floor":21},{"not_picked":["Warcry+1","ReplayTheSpireMod:Strike From Hell","StuffTheSpire:Pyroclast"],"picked":"SKIP","floor":23},{"not_picked":["Ghostly Armor","Carnage"],"picked":"Feel No Pain","floor":25},{"not_picked":["hubris:ReadiedAction+1","Replay:Undeath\u0027s Touch"],"picked":"Shockwave+1","floor":27},{"not_picked":["Bludgeon","StuffTheSpire:Incineration"],"picked":"Life Link+1","floor":29},{"not_picked":["StuffTheSpire:BloodClot+1","Rampage","StuffTheSpire:Pyroclast"],"picked":"SKIP","floor":35},{"not_picked":["Armaments","StuffTheSpire:BloodClot+1","Shrug It Off"],"picked":"SKIP","floor":38},{"not_picked":["Thunderclap+1","hubris:CleavingFinish+1"],"picked":"Iron Wave+1","floor":40},{"not_picked":["Replay:Undeath\u0027s Touch+1","Shrug It Off"],"picked":"Rage","floor":44},{"not_picked":["Warcry","Dropkick+1","Anger"],"picked":"SKIP","floor":46},{"not_picked":["Seeing Red","Clothesline+1"],"picked":"Juggernaut","floor":47},{"not_picked":["Twin Strike+1","StuffTheSpire:Slingshot"],"picked":"Metallicize","floor":48},{"not_picked":["Clothesline","Headbutt"],"picked":"Spot Weakness","floor":52},{"not_picked":["ReplayTheSpireMod:Stacked","Replay:Undeath\u0027s Touch","Body Slam"],"picked":"SKIP","floor":54},{"not_picked":["Body Slam","Dropkick"],"picked":"Demon Form","floor":56},{"not_picked":["Metallicize","StSpp:Sprint","Flex"],"picked":"SKIP","floor":63}],"player_experience":3132,"relics_obtained":[{"floor":5,"key":"trackpad:WritersBlock"},{"floor":9,"key":"Replay:Wax Seal"},{"floor":10,"key":"Replay:Mystery Machine"},{"floor":12,"key":"Oddly Smooth Stone"},{"floor":13,"key":"Odd Mushroom"},{"floor":14,"key":"Anchor"},{"floor":20,"key":"StuffTheSpire:Tea"},{"floor":23,"key":"hubris:Metronome"},{"floor":26,"key":"Centennial Puzzle"},{"floor":29,"key":"StuffTheSpire:Rhapsscallions"},{"floor":36,"key":"trackpad:Mousetrap"},{"floor":38,"key":"wanderingMiniBosses:CarrionFlame"},{"floor":41,"key":"Magic Flower"},{"floor":43,"key":"conspire:GlowingRock"},{"floor":56,"key":"Regal Pillow"},{"floor":60,"key":"Replay:Baseball"}],"event_choices":[{"damage_healed":0,"gold_gain":0,"player_choice":"Box","damage_taken":0,"relics_obtained":["RetroEgg"],"max_hp_gain":0,"max_hp_loss":0,"event_name":"Big Fish","floor":2,"gold_loss":0,"cards_obtained":["Regret"]},{"damage_healed":0,"gold_gain":0,"player_choice":"Rummage","damage_taken":0,"relics_obtained":["WarpedTongs"],"max_hp_gain":0,"max_hp_loss":0,"event_name":"Accursed Blacksmith","floor":7,"gold_loss":0,"cards_obtained":["Pain"]},{"damage_healed":0,"gold_gain":0,"player_choice":"Fought Mushrooms","damage_taken":0,"max_hp_gain":0,"max_hp_loss":0,"event_name":"Mushrooms","floor":13,"gold_loss":0},{"damage_healed":0,"gold_gain":0,"player_choice":"Got Potions","damage_taken":0,"max_hp_gain":0,"max_hp_loss":0,"event_name":"Lab","floor":28,"gold_loss":0},{"damage_healed":0,"gold_gain":0,"player_choice":"Fight","damage_taken":0,"max_hp_gain":0,"max_hp_loss":0,"event_name":"Mysterious Sphere","floor":41,"gold_loss":0},{"damage_healed":0,"gold_gain":0,"player_choice":"Slimed","damage_taken":11,"max_hp_gain":0,"max_hp_loss":0,"event_name":"betterThird:BetterGoop","floor":55,"gold_loss":21}],"is_beta":false,"boss_relics":[{"not_picked":["aspiration:RitualDagger","StuffTheSpire:RunicConfusion"],"picked":"Sozu"},{"not_picked":["hubris:BlackHole","energizedSpire:HugeHouse"],"picked":"Replay:Bronze Core"},{"not_picked":["StuffTheSpire:ModemDavis","ReplayTheSpireMod:SealedPack","Snecko Eye"]}],"items_purged_floors":[19],"is_endless":true,"potions_floor_spawned":[10,11,12,14,16,20,21,23,29,33,38,40,44,46,48,52,54],"killed_by":"Nightmare","ascension_level":1}}