{"host":"zybdh2ue20qfjbiz","time":1611661128,"event":{"mods":["AchievementEnabler","BaseMod","Better Altar","Better Skull","BetterRewards","Friendly Minions","Kiyohime（清?）","Koishi","Lobotomy","LobotomyExtend","Marisa（霧雨　魔理沙）","Minty Spire (QoL Compilation)","Remilia（蕾米莉?）","StSLib"],"gold_per_floor":[112,126,201,201,215,215,246,257,280,280,306,306,306,370,370,467,467,487,503,548,615,216,301,301,340,365,365,402,434,446,446,471,620,620,662,700,700,367,367,396,396,446,446,456,507,524,542,552,577,577],"floor_reached":51,"language":"ENG","playtime":5799,"items_purged":["SpecialBullet","Horn","Penitence"],"score":1245,"play_id":"76f64b7e-6fe3-45d9-a69a-b0b8074ceef2","local_time":"20210126143848","is_ascension_mode":true,"campfire_choices":[{"data":"SecurityCode","floor":49,"key":"PURGE"}],"circlet_count":0,"master_deck":["WhiteNight","LongBird","DisciplinaryCode","ExtractionCode","CherryBlossom","SoundOfStar+1","FourthMatchFlame","Purity","Galaxy","VoidDream","MagicBullet+1","Moonlight+1","Moonlight+1","UniverseFragment","ScreamingWedge","Twilight+1","Parasite","CrumblingArmor","Adoration+1","SoundOfStar+1","Moonlight+1","SpiderBud","SoundOfStar+1","GreenStem+1","Logging+1","Diffraction+1","Regret_ego+1","InformationCode","Moonlight+1","WallGazer","Variant","HereticApostle","Adoration+1","Adoration+1","BigBird","Moonlight+1","Diffraction+1","Mimicry+1","BodiesMountain"],"relics":["CogitoBucket","RabbitCall","Orrery","Molten Egg 2","LetterFromLob","Bag of Marbles","Blood Vial","Smiling Mask","Heaven_r","ShedSkin_r","Omamori","Fusion Hammer","Theresia","Chemical X","Happy Flower","Toy Ornithopter","Oddly Smooth Stone","Red Mask","SlaversCollar","Justitia_r","BehaviorAdjustment","DeathAngel","Frozen Eye","Nunchaku","Lantern","Pen Nib","Mercury Hourglass","Peace Pipe"],"acts_visited":["Exordium","TheCity","TheBeyond"],"potions_floor_usage":[],"damage_taken":[{"damage":6.0,"enemies":"Cultist","floor":1.0,"turns":3.0},{"damage":0.0,"enemies":"Small Slimes","floor":2.0,"turns":2.0},{"damage":1.0,"enemies":"Jaw Worm","floor":5.0,"turns":2.0},{"damage":8.0,"enemies":"Gremlin Nob","floor":7.0,"turns":3.0},{"damage":0.0,"enemies":"Lots of Slimes","floor":8.0,"turns":3.0},{"damage":23.0,"enemies":"Lagavulin","floor":11.0,"turns":4.0},{"damage":5.0,"enemies":"Gremlin Gang","floor":13.0,"turns":8.0},{"damage":34.0,"enemies":"Gremlin Gang","floor":13.0,"turns":4.0},{"damage":7.0,"enemies":"3 Sentries","floor":14.0,"turns":21.0},{"damage":5.0,"enemies":"The Guardian","floor":16.0,"turns":7.0},{"damage":18.0,"enemies":"2 Thieves","floor":18.0,"turns":5.0},{"damage":9.0,"enemies":"Shell Parasite","floor":19.0,"turns":4.0},{"damage":0.0,"enemies":"Snake Plant","floor":20.0,"turns":2.0},{"damage":0.0,"enemies":"Centurion and Healer","floor":21.0,"turns":1.0},{"damage":0.0,"enemies":"Slavers","floor":23.0,"turns":1.0},{"damage":18.0,"enemies":"Shelled Parasite and Fungi","floor":25.0,"turns":6.0},{"damage":5.0,"enemies":"Snake Plant","floor":28.0,"turns":1.0},{"damage":5.0,"enemies":"Masked Bandits","floor":29.0,"turns":1.0},{"damage":0.0,"enemies":"3 Cultists","floor":30.0,"turns":1.0},{"damage":18.0,"enemies":"Champ","floor":33.0,"turns":6.0},{"damage":10.0,"enemies":"Orb Walker","floor":35.0,"turns":3.0},{"damage":8.0,"enemies":"3 Shapes","floor":36.0,"turns":1.0},{"damage":18,"enemies":"Transient","floor":37,"turns":9},{"damage":2,"enemies":"Reptomancer","floor":40,"turns":3},{"damage":6,"enemies":"Giant Head","floor":42,"turns":6},{"damage":23,"enemies":"Transient","floor":44,"turns":5},{"damage":13,"enemies":"Nemesis","floor":45,"turns":3},{"damage":2,"enemies":"3 Darklings","floor":46,"turns":1},{"damage":0,"enemies":"Jaw Worm Horde","floor":47,"turns":1},{"damage":3,"enemies":"Transient","floor":48,"turns":5},{"damage":56,"enemies":"FixerMidnight","floor":50,"turns":4},{"damage":6,"enemies":"Malkuth","floor":51,"turns":4},{"damage":7,"enemies":"Hod","floor":51,"turns":4},{"damage":34,"enemies":"Geburah","floor":51,"turns":15},{"damage":35,"enemies":"Binah","floor":51,"turns":18},{"damage":25,"enemies":"Angela","floor":51,"turns":9}],"seed_played":"-8155265201899928092","potions_obtained":[{"floor":1.0,"key":"AttackPotion"},{"floor":2.0,"key":"DistilledChaos"},{"floor":7.0,"key":"ColorlessPotion"},{"floor":33.0,"key":"Strength Potion"},{"floor":40,"key":"Swift Potion"},{"floor":45,"key":"Fire Potion"}],"is_trial":false,"path_per_floor":["M","M","?","?","M","R","E","M","T","R","E","R","M","?","R","B",null,"M","M","M","M","$","E","R","M","T","R","M","?","M","?","R","B",null,"M","M","M","$","?","E","R","E","T","M","E","M","M","M","R","B",null],"character_chosen":"Angela","items_purchased":["Horn","Penitence","Orrery","SoundOfStar","FourthMatchFlame","Molten Egg 2","Chemical X","Logging+1","Diffraction+1","Regret_ego+1","Happy Flower","Frozen Eye","Moonlight+1","Nunchaku"],"campfire_rested":0,"item_purchase_floors":[0,0,0,0,0,0,22,22,22,22,22,38,38,38],"current_hp_per_floor":[34,42,31,36,43,43,35,46,46,46,39,39,35,44,44,41,75,57,50,66,75,75,75,75,60,60,60,71,75,75,75,75,71,75,79,83,65,65,65,83,83,83,83,60,75,99,103,169,169,132],"gold":577,"neow_bonus":"","is_daily":false,"chose_seed":false,"campfire_upgraded":0,"win_rate":0.0,"timestamp":1611661128,"path_taken":["M","M","?","?","M","R","E","M","T","R","E","R","M","?","R","BOSS","M","M","M","M","$","E","R","M","T","R","M","?","M","?","R","BOSS","M","?","?","?","?","E","R","E","T","M","E","M","M","M","R","BOSS"],"items_purchased_type":["Card","Card","Relic","Card","Card","Relic","Relic","Card","Card","Card","Relic","Relic","Card","Relic"],"build_version":"2020-12-22","purchased_purges":3,"victory":true,"max_hp_per_floor":[70,70,70,75,75,75,75,75,75,75,75,75,75,75,75,75,75,75,75,75,75,75,75,75,75,75,75,75,75,75,75,75,75,75,79,83,83,83,83,83,83,83,83,83,170,170,170,170,170,170],"card_choices":[{"not_picked":["SolemnVow"],"picked":"CherryBlossom","floor":0.0},{"not_picked":["Laetitia_ego"],"picked":"Galaxy","floor":1.0},{"not_picked":["ShyLook","BeautyBeast"],"picked":"VoidDream","floor":1.0},{"not_picked":["BlackSwan_ego"],"picked":"MagicBullet+1","floor":1.0},{"not_picked":["Soda","Hypocrisy"],"picked":"SKIP","floor":2.0},{"not_picked":["Penitence"],"picked":"Moonlight+1","floor":5.0},{"not_picked":["Laetitia_ego","Lantern+1"],"picked":"SKIP","floor":5.0},{"not_picked":["DaCapo","WristCuter+1"],"picked":"Moonlight+1","floor":7.0},{"not_picked":["Wellcheers","WallGazer"],"picked":"UniverseFragment","floor":7.0},{"not_picked":["Soda","Loneliness","BlackSwan_ego"],"picked":"SKIP","floor":7.0},{"not_picked":["Soda","Loneliness","BlackSwan_ego"],"picked":"SKIP","floor":7.0},{"not_picked":["Discord","Loneliness","SomewhereSpear"],"picked":"SKIP","floor":8.0},{"not_picked":["TheSmile","Loneliness"],"picked":"ScreamingWedge","floor":11.0},{"not_picked":["CherryBlossom","Soda"],"picked":"Twilight+1","floor":11.0},{"not_picked":["BeautyBeast","HappyTeddy","FairyFestival"],"picked":"Singing Bowl","floor":14.0},{"not_picked":["Scorched","MHz"],"picked":"CrumblingArmor","floor":14.0},{"not_picked":["Justitia+1","CENSORED_ego+1"],"picked":"Adoration+1","floor":16.0},{"not_picked":["TheSmile+1","Mimicry+1"],"picked":"SoundOfStar+1","floor":16.0},{"not_picked":["Loneliness+1","FeatherOfHonor+1","Tough+1"],"picked":"SKIP","floor":18.0},{"not_picked":["Tough+1","SomewhereSpear+1","Gaze+1"],"picked":"SKIP","floor":18.0},{"not_picked":["Hornet+1","WristCuter+1"],"picked":"Moonlight+1","floor":19.0},{"not_picked":["GalaxyChild","GreedKing"],"picked":"SpiderBud","floor":19.0},{"not_picked":["Christmas+1","BlueScar+1","SolemnVow+1"],"picked":"SKIP","floor":19.0},{"not_picked":["SwordSharpenedByTears+1","Tough+1","Amita+1"],"picked":"SKIP","floor":19.0},{"not_picked":["Horn+1","Heaven+1","Penitence+1"],"picked":"SKIP","floor":19.0},{"not_picked":["Christmas+1","BlueScar+1","SolemnVow+1"],"picked":"SKIP","floor":19.0},{"not_picked":["SwordSharpenedByTears+1","Tough+1","Amita+1"],"picked":"SKIP","floor":19.0},{"not_picked":["Horn+1","Heaven+1","Penitence+1"],"picked":"SKIP","floor":19.0},{"not_picked":["MeatLantern","HeroicMonk","QueenOfHatred"],"picked":"Singing Bowl","floor":20.0},{"not_picked":["Beak+1","RapturousDream+1"],"picked":"SoundOfStar+1","floor":20.0},{"not_picked":["SnowQueen","NakedNest"],"picked":"LongBird","floor":21.0},{"not_picked":["Ecstasy+1","Gaze+1"],"picked":"GreenStem+1","floor":21.0},{"not_picked":["BlueScar+1","Wingbeat+1"],"picked":"Moonlight+1","floor":23.0},{"not_picked":["FieryBird","SnowQueen","BeautyBeast"],"picked":"Singing Bowl","floor":23.0},{"not_picked":["Scarecrow","RedShoes","Porccubus"],"picked":"Singing Bowl","floor":25.0},{"not_picked":["OldLady","FairyFestival"],"picked":"WallGazer","floor":25.0},{"not_picked":["CherryBlossom+1","SomewhereSpear+1","BlueScar+1"],"picked":"SKIP","floor":25.0},{"not_picked":["FourthMatchFlame+1","TodaysExpression+1","Lantern+1"],"picked":"SKIP","floor":25.0},{"not_picked":["OSAHOGD","Bloodbath"],"picked":"Variant","floor":28.0},{"not_picked":["Penitence+1","BloodyDesire+1","MagicBullet+1"],"picked":"SKIP","floor":28.0},{"not_picked":["OSAHOGD","SnowQueen","OldLady"],"picked":"Singing Bowl","floor":29.0},{"not_picked":["DespairKnight","Alriune","NakedNest"],"picked":"Singing Bowl","floor":30.0},{"not_picked":["Regret_ego+1","RedEyes+1","SwordSharpenedByTears+1"],"picked":"SKIP","floor":30.0},{"not_picked":["BearPaw+1","SomewhereSpear+1","FourthMatchFlame+1"],"picked":"SKIP","floor":30.0},{"not_picked":["SoundOfStar+1","ParadiseLost+1"],"picked":"Adoration+1","floor":33.0},{"not_picked":["Bloodbath","Wellcheers","LittleHelper"],"picked":"Singing Bowl","floor":33.0},{"not_picked":["SoundOfStar+1","CENSORED_ego+1"],"picked":"Adoration+1","floor":33.0},{"not_picked":["QueenOfHatred","Bloodbath"],"picked":"BigBird","floor":35.0},{"not_picked":["RapturousDream+1","Hypocrisy+1","ParadiseLost+1"],"picked":"SKIP","floor":35.0},{"not_picked":["Beak+1","Noise+1","Christmas+1"],"picked":"SKIP","floor":35.0},{"not_picked":["RapturousDream+1","Hypocrisy+1","ParadiseLost+1"],"picked":"SKIP","floor":35.0},{"not_picked":["Beak+1","Noise+1","Christmas+1"],"picked":"SKIP","floor":35.0},{"not_picked":["Scorched","GalaxyChild","SnowQueen"],"picked":"Singing Bowl","floor":36.0},{"not_picked":["WhitesApple","Mercenary"],"picked":"WhiteNight","floor":36.0},{"not_picked":["SomewhereSpear+1","CherryBlossom+1","Tough+1"],"picked":"SKIP","floor":36.0},{"not_picked":["SomewhereSpear+1","CherryBlossom+1","Tough+1"],"picked":"SKIP","floor":36.0},{"not_picked":["LittlePrince","LittleHelper","SilentOrchestra"],"picked":"Singing Bowl","floor":37},{"not_picked":["MagicBullet+1","Pleasure+1","Discord+1"],"picked":"SKIP","floor":40},{"not_picked":["Loneliness+1","InTheNameOfLoveAndHate+1","Regret_ego+1"],"picked":"SKIP","floor":40},{"not_picked":["MeatLantern","Freischutz","Porccubus"],"picked":"Singing Bowl","floor":40},{"not_picked":["MagicBullet+1","Pleasure+1","Discord+1"],"picked":"SKIP","floor":40},{"not_picked":["Loneliness+1","InTheNameOfLoveAndHate+1","Regret_ego+1"],"picked":"SKIP","floor":40},{"not_picked":["Woodsman","RedShoes","GreedKing"],"picked":"Singing Bowl","floor":42},{"not_picked":["BloodyDesire+1","TodaysExpression+1"],"picked":"Diffraction+1","floor":42},{"not_picked":["Reverberation+1","RapturousDream+1"],"picked":"Mimicry+1","floor":42},{"not_picked":["Regret_ego+1","Soda+1","TodaysExpression+1"],"picked":"SKIP","floor":42},{"not_picked":["Lantern+1","ScreamingWedge+1","WristCuter+1"],"picked":"SKIP","floor":42},{"not_picked":["Wingbeat+1","FourthMatchFlame+1","TodaysExpression+1"],"picked":"SKIP","floor":42},{"not_picked":["GreedKing","MeatLantern","BigBadWolf"],"picked":"Singing Bowl","floor":44},{"not_picked":["WristCuter+1","CherryBlossom+1","SolemnVow+1"],"picked":"SKIP","floor":44},{"not_picked":["Harmony+1","Soda+1","Wingbeat+1"],"picked":"SKIP","floor":44},{"not_picked":["BigBadWolf","OSAHOGD","CENSORED"],"picked":"Singing Bowl","floor":45},{"not_picked":["FieryBird","CENSORED"],"picked":"BodiesMountain","floor":45},{"not_picked":["FourthMatchFlame+1","Penitence+1","RedEyes+1"],"picked":"SKIP","floor":45},{"not_picked":["FeatherOfHonor+1","BlackSwan_ego+1","Beak+1"],"picked":"SKIP","floor":45},{"not_picked":["RedShoes","Alriune","GalaxyChild"],"picked":"Singing Bowl","floor":46},{"not_picked":["Regret_ego+1","RedEyes+1","RapturousDream+1"],"picked":"SKIP","floor":46},{"not_picked":["Penitence+1","Lamp+1","GoldRush+1"],"picked":"SKIP","floor":46},{"not_picked":["CENSORED","FairyFestival","BlackSwan"],"picked":"Singing Bowl","floor":47},{"not_picked":["FeatherOfHonor+1","Discord+1","Penitence+1"],"picked":"SKIP","floor":47},{"not_picked":["Beak+1","SomewhereSpear+1","Reverberation+1"],"picked":"SKIP","floor":47},{"not_picked":["HeroicMonk","BlackArmy","QueenOfHatred"],"picked":"Singing Bowl","floor":48},{"not_picked":["Wingbeat+1","RapturousDream+1","SomewhereSpear+1"],"picked":"SKIP","floor":48},{"not_picked":["FourthMatchFlame+1","RapturousDream+1","Horn+1"],"picked":"SKIP","floor":48}],"player_experience":421254,"relics_obtained":[{"floor":1.0,"key":"LetterFromLob"},{"floor":7.0,"key":"Bag of Marbles"},{"floor":9.0,"key":"Blood Vial"},{"floor":11.0,"key":"Smiling Mask"},{"floor":14.0,"key":"Omamori"},{"floor":23.0,"key":"Toy Ornithopter"},{"floor":26.0,"key":"Oddly Smooth Stone"},{"floor":29.0,"key":"Red Mask"},{"floor":37,"key":"DeathAngel"},{"floor":40,"key":"Lantern"},{"floor":42,"key":"Pen Nib"},{"floor":43,"key":"Mercury Hourglass"},{"floor":45,"key":"Peace Pipe"}],"event_choices":[{"damage_healed":0.0,"max_hp_gain":0.0,"max_hp_loss":0.0,"gold_gain":75.0,"event_name":"World of Goop","player_choice":"Gather Gold","floor":3.0,"gold_loss":0.0,"damage_taken":11.0},{"damage_healed":0.0,"max_hp_gain":5.0,"max_hp_loss":0.0,"gold_gain":0.0,"event_name":"Big Fish","player_choice":"Donut","floor":4.0,"gold_loss":0.0,"damage_taken":0.0},{"damage_healed":0.0,"max_hp_gain":0.0,"max_hp_loss":0.0,"gold_gain":0.0,"event_name":"Dead Adventurer","player_choice":"Searched \u00271\u0027 times","floor":14.0,"gold_loss":0.0,"damage_taken":0.0},{"damage_healed":0.0,"max_hp_gain":0.0,"max_hp_loss":0.0,"gold_gain":0.0,"event_name":"Masked Bandits","player_choice":"Fought Bandits","floor":29.0,"gold_loss":0.0,"damage_taken":0.0},{"damage_healed":0.0,"max_hp_gain":0.0,"max_hp_loss":0.0,"gold_gain":0.0,"event_name":"Upgrade Shrine","player_choice":"Upgraded","floor":31.0,"gold_loss":0.0,"damage_taken":0.0,"cards_upgraded":["SoundOfStar"]}],"is_beta":false,"boss_relics":[{"not_picked":["Empty Cage","Velvet Choker"],"picked":"Fusion Hammer"},{"not_picked":["Sozu","Tiny House"],"picked":"SlaversCollar"}],"items_purged_floors":[0,22,38],"is_endless":false,"potions_floor_spawned":[1,2,7,11,13,25,28,29,30,33,37,40,44,45,47],"ascension_level":1}}