{"host":"f5gffvlv6a66yqkd","time":1611624453,"event":{"mods":["2.2 Compatiblity","BaseMod","Colored Map","Custom Start","DeckTracker","Keyboard Shortcuts","Minty Spire (QoL Compilation)","Permanent Neow","Quick Restart","Relic Stats","StSLib","SuperFastMode"],"gold_per_floor":[210,228,228,238,238,238,163,163,216,232,232,232,255,286,286,286,286],"floor_reached":16,"language":"KOR","playtime":275,"items_purged":["Strike_B"],"score":200,"play_id":"e2527e8d-3356-43b0-8ac7-a27f90765c50","local_time":"20210126102733","is_ascension_mode":true,"campfire_choices":[{"floor":6,"key":"REST"},{"data":"Zap","floor":8,"key":"SMITH"},{"floor":12,"key":"REST"},{"floor":15,"key":"REST"}],"circlet_count":0,"master_deck":["AscendersBane","Strike_B","Strike_B","Defend_B","Defend_B","Defend_B","Defend_B","Zap+1","Dualcast","Rebound","Conserve Battery","Compile Driver","Gash","Beam Cell","BootSequence"],"relics":["Cracked Core","Golden Idol","Bag of Preparation","Shovel","FossilizedHelix"],"acts_visited":["Exordium"],"potions_floor_usage":[16,16],"damage_taken":[{"damage":7,"enemies":"2 Louse","floor":1,"turns":3},{"damage":16,"enemies":"Small Slimes","floor":2,"turns":3},{"damage":7,"enemies":"Jaw Worm","floor":4,"turns":3},{"damage":15,"enemies":"Lots of Slimes","floor":10,"turns":4},{"damage":5,"enemies":"Exordium Wildlife","floor":13,"turns":3},{"damage":23,"enemies":"Lagavulin","floor":14,"turns":6},{"damage":9,"enemies":"Hexaghost","floor":16,"turns":9}],"seed_played":"453068381843273014","potions_obtained":[{"floor":4,"key":"GamblersBrew"},{"floor":13,"key":"Swift Potion"},{"floor":14,"key":"Strength Potion"}],"is_trial":false,"path_per_floor":["M","M","?","M","?","R","$","R","T","M","T","R","M","E","R","B"],"character_chosen":"DEFECT","items_purchased":[],"campfire_rested":3,"item_purchase_floors":[],"current_hp_per_floor":[57,41,34,27,3,24,24,24,24,9,9,30,25,2,23,14,14],"gold":286,"neow_bonus":"HUNDRED_GOLD","is_daily":false,"chose_seed":false,"campfire_upgraded":1,"win_rate":0.0,"timestamp":1611624453,"path_taken":["M","M","?","M","?","R","$","R","T","M","?","R","?","E","R","BOSS"],"items_purchased_type":[],"build_version":"2020-12-22","purchased_purges":1,"victory":false,"max_hp_per_floor":[71,71,71,71,71,71,71,71,71,71,71,71,71,71,71,71,71],"relic_stats":{"Shovel":0,"counters":[7,31],"Golden Idol":14,"Bag of Preparation":[8],"obtain_stats":[{"Shovel":11,"Golden Idol":5,"Bag of Preparation":9,"Cracked Core":0,"FossilizedHelix":14},{"Shovel":4,"Golden Idol":3,"Bag of Preparation":3,"Cracked Core":0,"FossilizedHelix":6},{"Shovel":13,"Golden Idol":9,"Bag of Preparation":9,"Cracked Core":0,"FossilizedHelix":22}]},"card_choices":[{"not_picked":["Tempest","Reprogram"],"picked":"Rebound","floor":1},{"not_picked":["Steam","Capacitor"],"picked":"Conserve Battery","floor":2},{"not_picked":["Barrage","Genetic Algorithm"],"picked":"Compile Driver","floor":4},{"not_picked":["Hologram","Stack"],"picked":"Gash","floor":10},{"not_picked":["Coolheaded","Heatsinks"],"picked":"Beam Cell","floor":13},{"not_picked":["Meteor Strike","Steam Power"],"picked":"BootSequence","floor":14}],"player_experience":1623017,"relics_obtained":[{"floor":9,"key":"Bag of Preparation"},{"floor":11,"key":"Shovel"},{"floor":14,"key":"FossilizedHelix"}],"event_choices":[{"cards_removed":["Strike_B"],"damage_healed":0,"gold_gain":0,"player_choice":"Card Removal","damage_taken":7,"max_hp_gain":0,"max_hp_loss":0,"event_name":"Golden Wing","floor":3,"gold_loss":0},{"damage_healed":0,"gold_gain":0,"player_choice":"Take Damage","damage_taken":24,"relics_obtained":["Golden Idol"],"max_hp_gain":0,"max_hp_loss":0,"event_name":"Golden Idol","floor":5,"gold_loss":0}],"is_beta":false,"boss_relics":[],"items_purged_floors":[7],"is_endless":false,"potions_floor_spawned":[4,13,14],"killed_by":"Hexaghost","ascension_level":20}}