{"host":"a76kj1hq3s7111r2","time":1611704237,"event":{"mods":["Alarm Clock","BaseMod","GifTheSpireLib","Gold Saver","Hermit","Koishi","Marisa????????","Marked Mod","Minty Spire (QoL Compilation)","Potionbrewer","Rare Cards Sparkle","Shop Mod","StSLib","The Cursed","The Marked","The Servant 0.9.4"],"gold_per_floor":[519,533,533,533,553,582,757,20,20,20,37,57,67,95,107,221,283,305,327,339,371,395,407,20,40,87,166,166,196,0,0,0,0,0],"floor_reached":33,"language":"ENG","playtime":3164,"items_purged":["Doubt","Pain"],"score":277,"play_id":"4673fa79-ef93-4150-bc74-bab1e38ef6b8","local_time":"20210126183717","is_ascension_mode":false,"campfire_choices":[{"floor":10,"key":"RECALL"},{"floor":15,"key":"REST"},{"floor":23,"key":"REST"},{"floor":32,"key":"REST"}],"circlet_count":0,"master_deck":["Strike_R","Strike_R","Strike_R","Strike_R","Strike_R","Defend_R","Defend_R","Defend_R","Defend_R","Bash","Rampage","Flame Barrier","Armaments","Juggernaut","Entrench+1","Juggernaut","Iron Wave","Metallicize","Anger+1","Shrug It Off+1"],"relics":["Burning Blood","potionbrewer:ToyAutogyro","potionbrewer:WarMedal","Strawberry","CaptainsWheel","Chemical X","potionbrewer:BottledElixir","MawBank","Tiny House","WarpedTongs","Orrery","Happy Flower","Omamori","Toxic Egg 2","Dead Branch"],"acts_visited":["Exordium","TheCity"],"potions_floor_usage":[6,14,18,21,21,22,22,25,29],"damage_taken":[{"damage":6,"enemies":"2 Louse","floor":1,"turns":3},{"damage":5,"enemies":"Jaw Worm","floor":2,"turns":4},{"damage":7,"enemies":"Small Slimes","floor":5,"turns":4},{"damage":3,"enemies":"Gremlin Nob","floor":6,"turns":3},{"damage":4,"enemies":"Exordium Wildlife","floor":11,"turns":4},{"damage":9,"enemies":"Blue Slaver","floor":12,"turns":4},{"damage":6,"enemies":"Red Slaver","floor":13,"turns":5},{"damage":23,"enemies":"Lagavulin","floor":14,"turns":10},{"damage":74,"enemies":"Slime Boss","floor":16,"turns":18},{"damage":17,"enemies":"Shell Parasite","floor":18,"turns":7},{"damage":9,"enemies":"3 Byrds","floor":19,"turns":5},{"damage":40,"enemies":"Sentry and Sphere","floor":21,"turns":8},{"damage":31,"enemies":"Centurion and Healer","floor":22,"turns":12},{"damage":7,"enemies":"Cultist and Chosen","floor":25,"turns":7},{"damage":34,"enemies":"Gremlin Leader","floor":29,"turns":8},{"damage":38,"enemies":"Champ","floor":33,"turns":10}],"seed_played":"-6382425059933655968","potions_obtained":[{"floor":2,"key":"potionbrewer:ToxicPotion"},{"floor":6,"key":"SmokeBomb"},{"floor":12,"key":"potionbrewer:CleansingPotion"},{"floor":13,"key":"potionbrewer:BoundlessPotion"},{"floor":16,"key":"AttackPotion"},{"floor":17,"key":"Explosive Potion"},{"floor":18,"key":"potionbrewer:SplittingPotion"},{"floor":22,"key":"Strength Potion"},{"floor":25,"key":"Dexterity Potion"}],"is_trial":false,"path_per_floor":["M","M","?","T","M","E","?","$","T","R","M","M","M","E","R","B",null,"M","M","?","M","M","R","$","M","T","T","?","E","?","?","R","B"],"character_chosen":"IRONCLAD","items_purchased":["Armaments","Strawberry","CaptainsWheel","Chemical X","Orrery","Happy Flower"],"campfire_rested":3,"item_purchase_floors":[8,8,8,8,24,24],"current_hp_per_floor":[80,80,80,80,79,80,80,87,87,87,87,84,84,67,87,19,92,81,78,78,44,19,46,46,45,45,45,45,17,17,11,38,0,0],"gold":0,"neow_bonus":"RANDOM_COMMON_RELIC","is_daily":false,"chose_seed":false,"campfire_upgraded":0,"win_rate":0.0,"timestamp":1611704237,"path_taken":["M","M","?","?","M","E","?","$","T","R","M","M","?","E","R","BOSS","M","M","?","M","?","R","$","M","T","?","?","E","?","?","R","BOSS"],"items_purchased_type":["Card","Relic","Relic","Relic","Relic","Relic"],"build_version":"2020-12-22","purchased_purges":2,"victory":false,"max_hp_per_floor":[80,80,80,80,80,80,80,87,87,87,87,87,87,87,87,87,92,92,92,92,92,92,92,92,92,92,92,92,92,92,92,92,92,92],"card_choices":[{"not_picked":["Clothesline","Sword Boomerang","Cleave"],"picked":"SKIP","floor":1},{"not_picked":["Clothesline","Cleave"],"picked":"Rampage","floor":2},{"not_picked":["Pommel Strike","Havoc","Pummel"],"picked":"SKIP","floor":5},{"not_picked":["Disarm","Searing Blow"],"picked":"Flame Barrier","floor":6},{"not_picked":["Cleave","Warcry"],"picked":"Juggernaut","floor":11},{"not_picked":["Flex","Bloodletting"],"picked":"Entrench","floor":12},{"not_picked":["Whirlwind","Sentinel","Thunderclap"],"picked":"SKIP","floor":13},{"not_picked":["Whirlwind","Clash","Pummel"],"picked":"SKIP","floor":14},{"not_picked":["Bludgeon","Brutality"],"picked":"Juggernaut","floor":16},{"not_picked":["True Grit","Dropkick"],"picked":"Iron Wave","floor":17},{"not_picked":["Twin Strike+1","Havoc+1","Headbutt"],"picked":"SKIP","floor":18},{"not_picked":["Clash","Flex+1","Pommel Strike+1"],"picked":"SKIP","floor":19},{"not_picked":["Headbutt+1","Havoc+1","Iron Wave+1"],"picked":"SKIP","floor":21},{"not_picked":["Searing Blow+1","Clash","Rupture"],"picked":"SKIP","floor":22},{"not_picked":["Limit Break","Flex"],"picked":"Metallicize","floor":24},{"not_picked":["Spot Weakness+1","Iron Wave"],"picked":"Anger+1","floor":25},{"not_picked":["Warcry+1","Spot Weakness+1"],"picked":"Shrug It Off+1","floor":29}],"player_experience":421968,"relics_obtained":[{"floor":6,"key":"potionbrewer:WarMedal"},{"floor":9,"key":"potionbrewer:BottledElixir"},{"floor":14,"key":"MawBank"},{"floor":26,"key":"Omamori"},{"floor":27,"key":"Toxic Egg 2"},{"floor":29,"key":"Dead Branch"}],"event_choices":[{"damage_healed":0,"gold_gain":0,"player_choice":"Leave","damage_taken":0,"max_hp_gain":0,"max_hp_loss":0,"event_name":"The Cleric","floor":3,"gold_loss":0},{"damage_healed":0,"gold_gain":175,"player_choice":"AGREE","damage_taken":0,"max_hp_gain":0,"max_hp_loss":0,"event_name":"Liars Game","floor":7,"gold_loss":0,"cards_obtained":["Doubt"]},{"damage_healed":0,"gold_gain":0,"player_choice":"Rummage","damage_taken":0,"relics_obtained":["WarpedTongs"],"max_hp_gain":0,"max_hp_loss":0,"event_name":"Accursed Blacksmith","floor":20,"gold_loss":0,"cards_obtained":["Pain"]},{"damage_healed":0,"gold_gain":0,"player_choice":"Ignored","damage_taken":0,"max_hp_gain":0,"max_hp_loss":0,"event_name":"Vampires","floor":28,"gold_loss":0},{"damage_healed":0,"gold_gain":0,"player_choice":"Paid Fearfully","damage_taken":0,"max_hp_gain":0,"max_hp_loss":0,"event_name":"Masked Bandits","floor":30,"gold_loss":196},{"damage_healed":0,"gold_gain":0,"player_choice":"","damage_taken":6,"max_hp_gain":0,"max_hp_loss":0,"event_name":"Knowing Skull","floor":31,"potions_obtained":[],"gold_loss":0,"cards_obtained":[]}],"is_beta":false,"boss_relics":[{"not_picked":["Philosopher\u0027s Stone","Velvet Choker"],"picked":"Tiny House"}],"items_purged_floors":[8,24],"is_endless":false,"potions_floor_spawned":[2,6,12,13,16,18,22,25],"killed_by":"Champ","ascension_level":0}}