{"host":"cimxalwyqyblhb3d","time":1611693700,"event":{"mods":["AchievementEnabler","BaseMod","Colored Powertips","Evolution","Minty Spire (QoL Compilation)","Quick Restart","Relic Stats","StSLib"],"gold_per_floor":[115,126,89,109,109,109,141,141,141,141,141,171,181,201,201,300,300,319,319,319,331,188,188,199,199,199,199,299,299,317,232,232,332,332,349,323,323,323],"floor_reached":37,"language":"FRA","playtime":1126,"items_purged":[],"score":494,"play_id":"b0ac5fc1-e930-4d4a-a5fd-536bfdb73149","local_time":"20210126214140","is_ascension_mode":true,"campfire_choices":[{"data":"Armaments","floor":6,"key":"SMITH"},{"data":"Reckless Charge","floor":8,"key":"SMITH"},{"data":"Bash","floor":11,"key":"SMITH"},{"data":"Wild Strike","floor":15,"key":"SMITH"},{"floor":23,"key":"REST"},{"floor":25,"key":"REST"},{"data":"Wild Strike","floor":29,"key":"SMITH"},{"floor":32,"key":"REST"}],"circlet_count":0,"master_deck":["Wild Strike+1","Wild Strike","Wild Strike","Wild Strike+1","Shrug It Off","Shrug It Off","Defend_R","Defend_R","Bash+1","Armaments+1","Reckless Charge+1","Evolve"],"relics":["Burning Blood","EVO:Axolotl","NeowsBlessing","Calipers","Charon\u0027s Ashes","WingedGreaves","Mark of Pain","Membership Card","Letter Opener","Turnip"],"acts_visited":["Exordium","TheCity","TheBeyond"],"potions_floor_usage":[12,12,16,16,33,33],"damage_taken":[{"damage":0,"enemies":"Jaw Worm","floor":1,"turns":1},{"damage":0,"enemies":"2 Louse","floor":2,"turns":1},{"damage":0,"enemies":"Small Slimes","floor":4,"turns":1},{"damage":16,"enemies":"Gremlin Nob","floor":7,"turns":3},{"damage":5,"enemies":"3 Sentries","floor":12,"turns":4},{"damage":6,"enemies":"Red Slaver","floor":13,"turns":2},{"damage":3,"enemies":"Exordium Wildlife","floor":14,"turns":3},{"damage":40,"enemies":"Hexaghost","floor":16,"turns":7},{"damage":7,"enemies":"Chosen","floor":18,"turns":3},{"damage":38,"enemies":"3 Byrds","floor":21,"turns":6},{"damage":9,"enemies":"3 Cultists","floor":24,"turns":5},{"damage":27,"enemies":"Snake Plant","floor":30,"turns":4},{"damage":59,"enemies":"Collector","floor":33,"turns":6},{"damage":18,"enemies":"3 Shapes","floor":35,"turns":3},{"damage":56,"enemies":"3 Darklings","floor":37,"turns":3}],"seed_played":"5124736821456046885","potions_obtained":[{"floor":1,"key":"LiquidBronze"},{"floor":7,"key":"Explosive Potion"},{"floor":12,"key":"ColorlessPotion"},{"floor":14,"key":"LiquidMemories"},{"floor":21,"key":"GamblersBrew"},{"floor":24,"key":"EssenceOfSteel"}],"is_trial":false,"path_per_floor":["M","M","$","M","?","R","E","R","T","$","R","E","M","M","R","B",null,"M","?","$","M","$","R","M","R","T","?","?","R","M","?","R","B",null,"M","$","M"],"character_chosen":"IRONCLAD","items_purchased":["Reckless Charge","Membership Card","PowerPotion"],"campfire_rested":3,"item_purchase_floors":[3,22,36],"current_hp_per_floor":[80,80,80,80,80,80,70,70,70,70,70,71,71,74,74,40,70,69,69,69,37,37,61,58,80,80,80,80,80,59,59,80,27,67,55,55,0,0],"gold":323,"neow_bonus":"THREE_ENEMY_KILL","is_daily":false,"chose_seed":false,"campfire_upgraded":5,"win_rate":0.0,"timestamp":1611693700,"path_taken":["M","M","$","M","?","R","E","R","T","$","R","E","M","M","R","BOSS","M","?","$","M","$","R","M","R","T","?","?","R","?","?","R","BOSS","M","$","M"],"items_purchased_type":["Card","Relic","Potion"],"build_version":"2020-12-22","purchased_purges":0,"victory":false,"max_hp_per_floor":[80,80,80,80,80,80,80,80,80,80,80,80,80,80,80,80,80,80,80,80,80,80,80,80,80,80,80,80,80,80,80,80,80,80,80,80,80,80],"relic_stats":{"counters":[15,52],"Charon\u0027s Ashes":[51],"Turnip":[3],"Letter Opener":[0],"obtain_stats":[{"Calipers":7,"NeowsBlessing":0,"Charon\u0027s Ashes":9,"WingedGreaves":12,"Mark of Pain":17,"Turnip":31,"EVO:Axolotl":0,"Membership Card":22,"Letter Opener":26,"Burning Blood":0},{"Calipers":4,"NeowsBlessing":0,"Charon\u0027s Ashes":4,"WingedGreaves":5,"Mark of Pain":8,"Turnip":12,"EVO:Axolotl":0,"Membership Card":10,"Letter Opener":11,"Burning Blood":0},{"Calipers":6,"NeowsBlessing":0,"Charon\u0027s Ashes":6,"WingedGreaves":10,"Mark of Pain":22,"Turnip":40,"EVO:Axolotl":0,"Membership Card":31,"Letter Opener":36,"Burning Blood":0}],"Burning Blood":66},"card_choices":[{"not_picked":["Shockwave","Battle Trance","Body Slam"],"picked":"SKIP","floor":1},{"not_picked":["Twin Strike","Anger"],"picked":"Armaments","floor":2},{"not_picked":["Dropkick","Spot Weakness","Ghostly Armor"],"picked":"SKIP","floor":4},{"not_picked":["Cleave","Perfected Strike"],"picked":"Evolve","floor":7},{"not_picked":["Shrug It Off","Demon Form","Perfected Strike"],"picked":"SKIP","floor":12},{"not_picked":["Anger","Cleave","Disarm"],"picked":"SKIP","floor":13},{"not_picked":["Carnage","Searing Blow","True Grit"],"picked":"SKIP","floor":14},{"not_picked":["Thunderclap","Metallicize","Wild Strike"],"picked":"SKIP","floor":18},{"not_picked":["Pommel Strike+1","Iron Wave+1","Shrug It Off"],"picked":"SKIP","floor":21},{"not_picked":["Twin Strike","Dropkick","True Grit"],"picked":"SKIP","floor":24},{"not_picked":["Body Slam","Clothesline+1","Inflame+1"],"picked":"SKIP","floor":30},{"not_picked":["Iron Wave","Wild Strike+1","Perfected Strike+1"],"picked":"SKIP","floor":35}],"player_experience":535268,"relics_obtained":[{"floor":7,"key":"Calipers"},{"floor":9,"key":"Charon\u0027s Ashes"},{"floor":12,"key":"WingedGreaves"},{"floor":26,"key":"Letter Opener"}],"event_choices":[{"damage_healed":0,"gold_gain":0,"player_choice":"Ignored","damage_taken":0,"max_hp_gain":0,"max_hp_loss":0,"event_name":"Liars Game","floor":5,"gold_loss":0},{"cards_removed":["Wild Strike"],"damage_healed":0,"gold_gain":0,"player_choice":"Elegance","damage_taken":0,"max_hp_gain":0,"max_hp_loss":0,"event_name":"Back to Basics","floor":19,"gold_loss":0},{"damage_healed":0,"gold_gain":0,"player_choice":"Ignored","damage_taken":0,"max_hp_gain":0,"max_hp_loss":0,"event_name":"Ghosts","floor":27,"gold_loss":0},{"damage_healed":0,"gold_gain":100,"player_choice":"Pray","damage_taken":0,"max_hp_gain":0,"max_hp_loss":0,"event_name":"Golden Shrine","floor":28,"gold_loss":0},{"damage_healed":0,"gold_gain":0,"player_choice":"Obtained Relic","damage_taken":0,"relics_obtained":["Turnip"],"max_hp_gain":0,"max_hp_loss":0,"event_name":"Addict","floor":31,"gold_loss":85}],"is_beta":false,"boss_relics":[{"not_picked":["Sozu","Velvet Choker"],"picked":"Mark of Pain"},{"not_picked":["Runic Dome","Pandora\u0027s Box","Runic Pyramid"]}],"items_purged_floors":[],"is_endless":false,"potions_floor_spawned":[1,7,12,14,21,24],"killed_by":"3 Darklings","ascension_level":5}}