{"host":"e1pm3b7xpcm97e5w","time":1611693441,"event":{"mods":["BaseMod","Better Skull","Googly Eyes","Minty Spire (QoL Compilation)","Relic Stats","Shop Mod","Spicy Shops","StSLib"],"gold_per_floor":[164,39,57,69,86,86,118,131,156,188,188,188,188,211,211,211,211],"floor_reached":16,"language":"ENG","playtime":1098,"items_purged":[],"score":267,"play_id":"668521bb-8b3d-4eb0-accc-9cfbed455367","local_time":"20210126153721","is_ascension_mode":true,"campfire_choices":[{"data":"True Grit","floor":6,"key":"SMITH"},{"data":"Entrench","floor":11,"key":"SMITH"},{"data":"Feel No Pain","floor":13,"key":"SMITH"},{"data":"Second Wind","floor":15,"key":"SMITH"}],"circlet_count":0,"master_deck":["AscendersBane","Strike_R","Strike_R","Strike_R+1","Strike_R","Strike_R","Defend_R","Defend_R","Defend_R","Defend_R","Bash","Iron Wave","Feel No Pain+1","True Grit+1","Second Wind+1","Reckless Charge","Exhume","Entrench+1","Sever Soul","Sentinel"],"relics":["Tiny House","Strawberry","Frozen Egg 2","CeramicFish","Akabeko"],"acts_visited":["Exordium"],"potions_floor_usage":[5,7,10,10],"damage_taken":[{"damage":8,"enemies":"Small Slimes","floor":1,"turns":4},{"damage":4,"enemies":"Cultist","floor":3,"turns":4},{"damage":7,"enemies":"Jaw Worm","floor":4,"turns":4},{"damage":1,"enemies":"2 Fungi Beasts","floor":5,"turns":3},{"damage":24,"enemies":"Gremlin Nob","floor":7,"turns":6},{"damage":9,"enemies":"Blue Slaver","floor":8,"turns":5},{"damage":0,"enemies":"3 Sentries","floor":10,"turns":9},{"damage":9,"enemies":"Red Slaver","floor":14,"turns":5},{"damage":81,"enemies":"Slime Boss","floor":16,"turns":12}],"seed_played":"-2276976073035682336","potions_obtained":[{"floor":0,"key":"HeartOfIron"},{"floor":1,"key":"Fire Potion"},{"floor":3,"key":"Weak Potion"},{"floor":7,"key":"Block Potion"},{"floor":8,"key":"AttackPotion"},{"floor":14,"key":"Strength Potion"}],"is_trial":false,"path_per_floor":["M","$","M","M","M","R","E","M","T","E","R","?","R","M","R","B"],"character_chosen":"IRONCLAD","items_purchased":["True Grit","Strawberry"],"campfire_rested":0,"item_purchase_floors":[2,2],"current_hp_per_floor":[65,72,68,61,60,60,36,27,27,27,27,87,87,78,78,0,0],"gold":211,"neow_bonus":"BOSS_RELIC","is_daily":false,"chose_seed":false,"campfire_upgraded":4,"win_rate":0.0,"timestamp":1611693441,"path_taken":["M","$","M","M","M","R","E","M","T","E","R","?","R","M","R","BOSS"],"items_purchased_type":["Card","Relic"],"build_version":"2020-12-22","purchased_purges":0,"victory":false,"max_hp_per_floor":[80,87,87,87,87,87,87,87,87,87,87,87,87,87,87,87,87],"relic_stats":{"counters":[9,52],"CeramicFish":9,"obtain_stats":[{"Tiny House":0,"Strawberry":2,"CeramicFish":9,"Frozen Egg 2":7,"Burning Blood":0,"Akabeko":10},{"Tiny House":0,"Strawberry":1,"CeramicFish":6,"Frozen Egg 2":5,"Burning Blood":0,"Akabeko":7},{"Tiny House":0,"Strawberry":4,"CeramicFish":26,"Frozen Egg 2":21,"Burning Blood":0,"Akabeko":35}]},"card_choices":[{"not_picked":["Metallicize","Warcry"],"picked":"Iron Wave","floor":0},{"not_picked":["Rampage","Armaments"],"picked":"Feel No Pain","floor":1},{"not_picked":["Twin Strike","Iron Wave"],"picked":"Second Wind","floor":3},{"not_picked":["Sword Boomerang","Clash"],"picked":"Reckless Charge","floor":4},{"not_picked":["Blood for Blood","True Grit"],"picked":"Exhume","floor":5},{"not_picked":["Dropkick","Havoc"],"picked":"Entrench","floor":7},{"not_picked":["Perfected Strike","Shrug It Off"],"picked":"Sever Soul","floor":8},{"not_picked":["Twin Strike","Iron Wave","Warcry"],"picked":"SKIP","floor":10},{"not_picked":["Pommel Strike","Twin Strike"],"picked":"Sentinel","floor":14}],"player_experience":552542,"relics_obtained":[{"floor":7,"key":"Frozen Egg 2"},{"floor":9,"key":"CeramicFish"},{"floor":10,"key":"Akabeko"}],"event_choices":[{"damage_healed":60,"gold_gain":0,"player_choice":"Full Heal","damage_taken":0,"max_hp_gain":0,"max_hp_loss":0,"event_name":"Wheel of Change","floor":12,"gold_loss":0}],"is_beta":false,"boss_relics":[],"items_purged_floors":[],"is_endless":false,"potions_floor_spawned":[1,3,7,8,14],"killed_by":"Slime Boss","ascension_level":19}}