{"host":"kgfs5ebhusfk1t4t","time":1611682808,"event":{"mods":["BaseMod","Colored Map","DeckTracker","Highlight Path","KOR Keyword Fix","Keyboard Shortcuts","Minty Spire (QoL Compilation)","Permanent Neow","Quick Restart","StSLib","SuperFastMode","everything is the same but u backflip on backflip"],"gold_per_floor":[110,126,76,88,88,88,127,145,172,172,172,210,135,178,178,309,309,309,129,129,129,129,129,129,129,129,129,129,129,129,129,129,129,129,129],"floor_reached":34,"language":"KOR","playtime":1608,"items_purged":["Injury","Bash"],"score":610,"play_id":"67e8540e-9cd2-40c8-97d9-87957fe6bdea","local_time":"20210127024008","is_ascension_mode":false,"campfire_choices":[{"data":"Offering","floor":6.0,"key":"SMITH"},{"floor":15.0,"key":"REST"},{"data":"Pommel Strike","floor":25.0,"key":"SMITH"},{"data":"Pommel Strike","floor":29.0,"key":"SMITH"},{"data":"Double Tap","floor":32.0,"key":"SMITH"}],"circlet_count":0,"master_deck":["Carnage","Immolate","Dark Embrace","Offering+1","Rampage","Bloodletting+1","Sentinel","Rage+1","Blood for Blood","Pommel Strike+1","Burning Pact","Fiend Fire","Double Tap+1","Sentinel","Pommel Strike+1","Rupture","Feel No Pain","Dropkick+1"],"relics":["Burning Blood","Pandora\u0027s Box","Golden Idol","War Paint","Sundial","Red Skull","Nunchaku","Lizard Tail","Ectoplasm","Anchor","Blood Vial","Matryoshka"],"acts_visited":["Exordium","TheCity"],"potions_floor_usage":[],"damage_taken":[{"damage":0.0,"enemies":"2 Louse","floor":1.0,"turns":1.0},{"damage":6.0,"enemies":"Small Slimes","floor":2.0,"turns":1.0},{"damage":9.0,"enemies":"Cultist","floor":4.0,"turns":2.0},{"damage":34.0,"enemies":"Lagavulin","floor":7.0,"turns":5.0},{"damage":6.0,"enemies":"2 Fungi Beasts","floor":8.0,"turns":1.0},{"damage":6.0,"enemies":"Gremlin Nob","floor":12.0,"turns":2.0},{"damage":13.0,"enemies":"3 Sentries","floor":14.0,"turns":2.0},{"damage":15.0,"enemies":"The Guardian","floor":16.0,"turns":3.0},{"damage":3.0,"enemies":"3 Byrds","floor":18.0,"turns":3.0},{"damage":3.0,"enemies":"Spheric Guardian","floor":21.0,"turns":3.0},{"damage":9.0,"enemies":"Gremlin Leader","floor":23.0,"turns":3.0},{"damage":5.0,"enemies":"Chosen and Byrds","floor":24.0,"turns":4.0},{"damage":9.0,"enemies":"Slavers","floor":27.0,"turns":2.0},{"damage":9.0,"enemies":"Shelled Parasite and Fungi","floor":28.0,"turns":1.0},{"damage":10.0,"enemies":"Snake Plant","floor":30.0,"turns":2.0},{"damage":6.0,"enemies":"Cultist and Chosen","floor":31.0,"turns":2.0},{"damage":12.0,"enemies":"Collector","floor":33.0,"turns":2.0}],"seed_played":"7105079099901387189","potions_obtained":[{"floor":1.0,"key":"LiquidMemories"},{"floor":2.0,"key":"SteroidPotion"},{"floor":4.0,"key":"FearPotion"},{"floor":14.0,"key":"PowerPotion"},{"floor":21.0,"key":"Regen Potion"},{"floor":28.0,"key":"FearPotion"},{"floor":30.0,"key":"Dexterity Potion"},{"floor":33.0,"key":"Energy Potion"}],"is_trial":false,"path_per_floor":["M","M","?","M","?","R","E","M","T","?","?","E","$","E","R","B",null,"M","$","?","M","?","E","M","R","T","E","M","R","M","M","R","B",null],"character_chosen":"IRONCLAD","items_purchased":["Rupture"],"campfire_rested":1,"item_purchase_floors":[19],"current_hp_per_floor":[80,80,80,77,77,77,49,49,49,49,16,16,16,9,33,24,80,80,80,80,80,80,77,78,78,78,77,76,76,74,76,76,72,72,72],"gold":129,"neow_bonus":"ONE_RANDOM_RARE_CARD","is_daily":false,"chose_seed":false,"campfire_upgraded":4,"win_rate":0.0,"timestamp":1611682808,"path_taken":["M","M","?","M","?","R","E","M","T","?","?","E","$","E","R","BOSS","M","$","?","M","?","E","M","R","T","E","M","R","M","?","R","BOSS"],"items_purchased_type":["Card"],"build_version":"2020-12-22","purchased_purges":2,"victory":false,"max_hp_per_floor":[80,80,80,80,80,80,80,80,80,80,80,80,80,80,80,80,80,80,80,80,80,80,80,80,80,80,80,80,80,80,80,80,80,80,80],"card_choices":[{"not_picked":["Searing Blow","Uppercut"],"picked":"Reckless Charge","floor":1.0},{"not_picked":["Bloodletting","Cleave"],"picked":"Rage","floor":2.0},{"not_picked":["Armaments","Rampage"],"picked":"Blood for Blood","floor":4.0},{"not_picked":["Combust","Whirlwind"],"picked":"Pommel Strike","floor":7.0},{"not_picked":["Warcry","Spot Weakness"],"picked":"Burning Pact","floor":8.0},{"not_picked":["Anger","Cleave","Headbutt"],"picked":"SKIP","floor":12.0},{"not_picked":["Twin Strike","Feed","True Grit"],"picked":"SKIP","floor":14.0},{"not_picked":["Brutality","Corruption"],"picked":"Double Tap","floor":16.0},{"not_picked":["Warcry","Sever Soul"],"picked":"Sentinel","floor":18.0},{"not_picked":["True Grit","Clothesline","Havoc"],"picked":"SKIP","floor":21.0},{"not_picked":["Perfected Strike","Entrench"],"picked":"Feel No Pain","floor":23.0},{"not_picked":["Headbutt","Disarm"],"picked":"Dropkick+1","floor":24.0},{"not_picked":["Feed","Clothesline","Headbutt"],"picked":"SKIP","floor":27.0},{"not_picked":["Perfected Strike+1","Dark Embrace","Headbutt"],"picked":"SKIP","floor":28.0},{"not_picked":["Warcry","Infernal Blade","Flex"],"picked":"SKIP","floor":30.0},{"not_picked":["Iron Wave+1","Body Slam","Rage"],"picked":"SKIP","floor":31.0}],"player_experience":157252,"relics_obtained":[{"floor":7.0,"key":"War Paint"},{"floor":12.0,"key":"Nunchaku"},{"floor":14.0,"key":"Lizard Tail"},{"floor":23.0,"key":"Anchor"},{"floor":26.0,"key":"Blood Vial"},{"floor":27.0,"key":"Matryoshka"}],"event_choices":[{"cards_removed":["Rampage"],"damage_healed":0.0,"max_hp_gain":0.0,"max_hp_loss":0.0,"gold_gain":0.0,"event_name":"The Cleric","player_choice":"Card Removal","floor":3.0,"gold_loss":50.0,"damage_taken":0.0},{"damage_healed":0.0,"max_hp_gain":0.0,"max_hp_loss":0.0,"gold_gain":0.0,"event_name":"Golden Idol","player_choice":"Take Wound","floor":5.0,"gold_loss":0.0,"damage_taken":0.0,"relics_obtained":["Golden Idol"],"cards_obtained":["Injury"]},{"damage_healed":0.0,"max_hp_gain":0.0,"max_hp_loss":0.0,"gold_gain":0.0,"cards_transformed":["Perfected Strike"],"event_name":"Living Wall","player_choice":"Change","floor":10.0,"gold_loss":0.0,"damage_taken":0.0,"cards_obtained":["Fiend Fire"]},{"damage_healed":0.0,"max_hp_gain":0.0,"max_hp_loss":0.0,"gold_gain":0.0,"event_name":"Scrap Ooze","player_choice":"Success","floor":11.0,"gold_loss":0.0,"damage_taken":33.0,"relics_obtained":["Red Skull"]},{"cards_removed":["Reckless Charge"],"damage_healed":0.0,"max_hp_gain":0.0,"max_hp_loss":0.0,"gold_gain":0.0,"event_name":"Back to Basics","player_choice":"Elegance","floor":20.0,"gold_loss":0.0,"damage_taken":0.0},{"damage_healed":0.0,"max_hp_gain":0.0,"max_hp_loss":0.0,"gold_gain":0.0,"event_name":"The Woman in Blue","player_choice":"Bought 0 Potions","floor":22.0,"gold_loss":0.0,"damage_taken":0.0}],"is_beta":false,"boss_relics":[{"not_picked":["Coffee Dripper","Pandora\u0027s Box"],"picked":"Ectoplasm"}],"items_purged_floors":[13,19],"is_endless":false,"potions_floor_spawned":[1,2,4,14,18,21,28,30,33],"ascension_level":0}}