{"host":"qxeepl7ydvsgmfdb","time":1611676116,"event":{"mods":["AchievementEnabler","BaseMod","Colored Powertips","Minty Spire (QoL Compilation)","Quick Restart","slay the spire mod where everything is the same but ironclad has a cowboy hat"],"gold_per_floor":[111,62,8,8,23,49,49,74,74,86,86,38,64,75,75,172,172,183,282,282,133,150,150,181,181,181,33,233,246,246,265,265,265,265],"floor_reached":33,"language":"ENG","playtime":695,"items_purged":[],"score":443,"play_id":"dd662868-caab-4d9b-8ea8-6fe3c3e04fe9","local_time":"20210126104836","is_ascension_mode":true,"campfire_choices":[{"data":"Terror","floor":7.0,"key":"SMITH"},{"data":"Poisoned Stab","floor":11.0,"key":"SMITH"},{"data":"Blade Dance","floor":15.0,"key":"SMITH"},{"floor":23.0,"key":"REST"},{"floor":25.0,"key":"REST"},{"floor":32.0,"key":"REST"}],"circlet_count":0,"master_deck":["AscendersBane","Strike_G+1","Strike_G+1","Strike_G+1","Strike_G+1","Strike_G+1","Defend_G+1","Defend_G+1","Defend_G+1","Defend_G+1","Defend_G+1","Survivor","Neutralize","Poisoned Stab+1","Blade Dance+1","Terror+1","Deflect","Accuracy","Slice","All Out Attack"],"relics":["Ring of the Snake","NeowsBlessing","Blood Vial","Omamori","Snake Skull","Nunchaku","Odd Mushroom","SacredBark","Paper Crane","Ornamental Fan","Ancient Tea Set"],"acts_visited":["Exordium","TheCity"],"potions_floor_usage":[33],"damage_taken":[{"damage":0.0,"enemies":"Jaw Worm","floor":1.0,"turns":1.0},{"damage":0.0,"enemies":"Cultist","floor":5.0,"turns":1.0},{"damage":0.0,"enemies":"Gremlin Nob","floor":6.0,"turns":1.0},{"damage":0.0,"enemies":"2 Louse","floor":10.0,"turns":1.0},{"damage":12.0,"enemies":"The Mushroom Lair","floor":13.0,"turns":4.0},{"damage":0.0,"enemies":"Exordium Wildlife","floor":14.0,"turns":3.0},{"damage":28.0,"enemies":"The Guardian","floor":16.0,"turns":9.0},{"damage":7.0,"enemies":"Chosen","floor":18.0,"turns":4.0},{"damage":13.0,"enemies":"Shell Parasite","floor":22.0,"turns":5.0},{"damage":35.0,"enemies":"Gremlin Leader","floor":24.0,"turns":4.0},{"damage":23.0,"enemies":"Centurion and Healer","floor":29.0,"turns":6.0},{"damage":24.0,"enemies":"Snake Plant","floor":31.0,"turns":4.0},{"damage":42,"enemies":"Champ","floor":33,"turns":10}],"seed_played":"-6079250482922601299","potions_obtained":[{"floor":1.0,"key":"Explosive Potion"},{"floor":29.0,"key":"DuplicationPotion"}],"is_trial":false,"path_per_floor":["M","$","?","$","M","E","R","T","T","M","R","$","?","M","R","B",null,"M","?","?","$","M","R","E","R","T","$","?","M","?","M","R","B"],"character_chosen":"THE_SILENT","items_purchased":["Poisoned Stab","Strength Potion","SteroidPotion","PowerPotion","Slice","Ancient Tea Set"],"campfire_rested":3,"item_purchase_floors":[2,12,21,21,21,27],"current_hp_per_floor":[63,63,63,63,65,67,67,67,67,69,69,69,58,60,60,34,61,56,56,56,56,45,66,33,54,54,54,54,33,33,11,32,0,0],"gold":265,"neow_bonus":"THREE_ENEMY_KILL","is_daily":false,"chose_seed":false,"campfire_upgraded":3,"win_rate":0.0,"timestamp":1611676116,"path_taken":["M","$","?","?","?","E","R","?","T","M","R","?","?","M","R","BOSS","M","?","?","$","M","R","E","R","T","$","?","?","?","M","R","BOSS"],"items_purchased_type":["Card","Potion","Potion","Potion","Card","Relic"],"build_version":"2020-12-22","purchased_purges":0,"victory":false,"max_hp_per_floor":[70,70,70,70,70,70,70,70,70,70,70,70,70,70,70,70,70,70,70,70,70,70,70,70,70,70,70,70,70,70,70,70,70,70],"card_choices":[{"not_picked":["Sucker Punch","Caltrops","Crippling Poison"],"picked":"SKIP","floor":1.0},{"not_picked":["Outmaneuver","Backflip"],"picked":"Blade Dance","floor":5.0},{"not_picked":["Flying Knee","Caltrops"],"picked":"Terror","floor":6.0},{"not_picked":["Riddle With Holes","Prepared","Underhanded Strike"],"picked":"SKIP","floor":10.0},{"not_picked":["Dash","Prepared"],"picked":"Deflect","floor":13.0},{"not_picked":["Burst","Quick Slash","Flying Knee"],"picked":"SKIP","floor":14.0},{"not_picked":["Escape Plan","Catalyst"],"picked":"Accuracy","floor":18.0},{"not_picked":["Catalyst","Heel Hook","Escape Plan"],"picked":"SKIP","floor":22.0},{"not_picked":["Quick Slash","Choke"],"picked":"All Out Attack","floor":24.0},{"not_picked":["Riddle With Holes","Blur+1","Reflex"],"picked":"SKIP","floor":29.0},{"not_picked":["Outmaneuver","Dagger Throw+1","Reflex"],"picked":"SKIP","floor":31.0}],"player_experience":220696,"relics_obtained":[{"floor":6.0,"key":"Omamori"},{"floor":8.0,"key":"Snake Skull"},{"floor":9.0,"key":"Nunchaku"},{"floor":13.0,"key":"Odd Mushroom"},{"floor":24.0,"key":"Paper Crane"},{"floor":26.0,"key":"Ornamental Fan"}],"event_choices":[{"damage_healed":0.0,"max_hp_gain":0.0,"max_hp_loss":0.0,"gold_gain":0.0,"event_name":"WeMeetAgain","player_choice":"Paid Gold","floor":3.0,"gold_loss":54.0,"damage_taken":0.0,"relics_obtained":["Blood Vial"]},{"damage_healed":0.0,"max_hp_gain":0.0,"max_hp_loss":0.0,"gold_gain":0.0,"event_name":"Mushrooms","player_choice":"Fought Mushrooms","floor":13.0,"gold_loss":0.0,"damage_taken":0.0},{"damage_healed":0.0,"max_hp_gain":0.0,"max_hp_loss":0.0,"gold_gain":99.0,"event_name":"Nest","player_choice":"Stole From Cult","floor":19.0,"gold_loss":0.0,"damage_taken":0.0},{"damage_healed":0.0,"max_hp_gain":0.0,"max_hp_loss":0.0,"gold_gain":0.0,"event_name":"Back to Basics","player_choice":"Simplicity","floor":20.0,"gold_loss":0.0,"damage_taken":0.0,"cards_upgraded":["Strike_G","Strike_G","Strike_G","Strike_G","Strike_G","Defend_G","Defend_G","Defend_G","Defend_G","Defend_G"]},{"damage_healed":0.0,"max_hp_gain":0.0,"max_hp_loss":0.0,"gold_gain":200.0,"event_name":"Wheel of Change","player_choice":"Gold","floor":28.0,"gold_loss":0.0,"damage_taken":0.0},{"damage_healed":0.0,"max_hp_gain":0.0,"max_hp_loss":0.0,"gold_gain":0.0,"event_name":"Ghosts","player_choice":"Ignored","floor":30.0,"gold_loss":0.0,"damage_taken":0.0}],"is_beta":false,"boss_relics":[{"not_picked":["Fusion Hammer","Pandora\u0027s Box"],"picked":"SacredBark"}],"items_purged_floors":[],"is_endless":false,"potions_floor_spawned":[1,22,29],"killed_by":"Champ","ascension_level":11}}