{"host":"c44ey07ufggfw2m8","time":1611657718,"event":{"mods":["2.2 Compatiblity","BaseMod","Colored Map","DeckTracker","Highlight Path","Keyboard Shortcuts","Minty Spire (QoL Compilation)","Permanent Neow","Quick Restart","StSLib","SuperFastMode","UnlockEverythingMod"],"gold_per_floor":[363,151,151,101,53,53,87,87,87,120,53,65,84,99,99,195,195,206,224,224,236,236,236,265,265,265,84,84,84],"floor_reached":28,"language":"KOR","playtime":795,"items_purged":["Writhe","Strike_G"],"score":342,"play_id":"7d347686-6bb7-4857-9670-840fe7d777a0","local_time":"20210126194158","is_ascension_mode":true,"campfire_choices":[{"data":"Blade Dance","floor":6.0,"key":"SMITH"},{"data":"Corpse Explosion","floor":8.0,"key":"SMITH"},{"floor":15,"key":"REST"},{"data":"Tactician","floor":23,"key":"SMITH"},{"data":"After Image","floor":25,"key":"SMITH"}],"circlet_count":0,"master_deck":["Strike_G","Strike_G","Defend_G","Defend_G","Defend_G","Defend_G","Defend_G","Survivor","Neutralize+1","Poisoned Stab","After Image+1","Blade Dance+1","Corpse Explosion+1","Prepared","Noxious Fumes","PiercingWail","Tactician+1","Cloak And Dagger","Wraith Form v2","Acrobatics+1","Deadly Poison+1","Poisoned Stab","Blur+1","Bouncing Flask+1"],"relics":["Ring of the Snake","Snake Skull","Boot","CaptainsWheel","Whetstone","Runic Pyramid","Toxic Egg 2","InkBottle"],"acts_visited":["Exordium","TheCity"],"potions_floor_usage":[10,16,21,24],"damage_taken":[{"damage":2.0,"enemies":"Jaw Worm","floor":1.0,"turns":6.0},{"damage":15.0,"enemies":"Lagavulin","floor":7.0,"turns":8.0},{"damage":2,"enemies":"Gremlin Nob","floor":10,"turns":4},{"damage":8,"enemies":"Small Slimes","floor":12,"turns":2},{"damage":0,"enemies":"Cultist","floor":13,"turns":4},{"damage":6,"enemies":"Exordium Wildlife","floor":14,"turns":2},{"damage":23,"enemies":"Slime Boss","floor":16,"turns":9},{"damage":1,"enemies":"Spheric Guardian","floor":18,"turns":5},{"damage":8,"enemies":"Shell Parasite","floor":19,"turns":5},{"damage":15,"enemies":"Shelled Parasite and Fungi","floor":21,"turns":5},{"damage":15,"enemies":"Slavers","floor":24,"turns":4},{"damage":0,"enemies":"Book of Stabbing","floor":28,"turns":5}],"seed_played":"-8587737872288929168","potions_obtained":[{"floor":1.0,"key":"SkillPotion"},{"floor":7.0,"key":"PowerPotion"},{"floor":13,"key":"Explosive Potion"},{"floor":18,"key":"AttackPotion"},{"floor":21,"key":"Regen Potion"}],"is_trial":false,"path_per_floor":["M","$","?","?","$","R","E","R","T","E","$","M","M","M","R","B",null,"M","M","?","M","?","R","E","R","T","$","E"],"character_chosen":"THE_SILENT","items_purchased":["After Image","Blade Dance","Noxious Fumes","Bouncing Flask+1"],"campfire_rested":1,"item_purchase_floors":[2,5,11,27],"current_hp_per_floor":[61,61,49,49,49,49,34,34,34,32,32,24,24,18,39,16,57,56,48,35,20,20,20,19,19,19,19,19,19],"gold":84,"neow_bonus":"TWO_FIFTY_GOLD","is_daily":false,"chose_seed":false,"campfire_upgraded":4,"win_rate":0.0,"timestamp":1611657718,"path_taken":["M","$","?","?","?","R","E","R","T","E","?","M","M","?","R","BOSS","M","M","?","M","?","R","E","R","T","$","E"],"items_purchased_type":["Card","Card","Card","Card"],"build_version":"2020-12-22","purchased_purges":2,"victory":false,"max_hp_per_floor":[70,70,70,70,70,70,70,70,70,70,70,70,70,70,70,70,70,70,70,75,75,75,75,75,75,75,75,75,75],"card_choices":[{"not_picked":["Dagger Throw","PiercingWail"],"picked":"Poisoned Stab","floor":1.0},{"not_picked":["Dagger Spray","Dagger Throw"],"picked":"Corpse Explosion","floor":7.0},{"not_picked":["Flying Knee","Caltrops"],"picked":"Prepared","floor":10},{"not_picked":["Poisoned Stab","Slice"],"picked":"PiercingWail","floor":12},{"not_picked":["Dagger Spray","Heel Hook"],"picked":"Tactician","floor":13},{"not_picked":["Poisoned Stab","Quick Slash"],"picked":"Cloak And Dagger","floor":14},{"not_picked":["Unload","Die Die Die"],"picked":"Wraith Form v2","floor":16},{"not_picked":["PiercingWail","Underhanded Strike"],"picked":"Acrobatics+1","floor":18},{"not_picked":["Finisher+1","Infinite Blades"],"picked":"Deadly Poison+1","floor":19},{"not_picked":["Acrobatics","Blade Dance"],"picked":"Poisoned Stab","floor":21},{"not_picked":["Masterful Stab","Deflect+1"],"picked":"Blur+1","floor":24}],"player_experience":71842,"relics_obtained":[{"floor":7.0,"key":"Boot"},{"floor":9.0,"key":"CaptainsWheel"},{"floor":10,"key":"Whetstone"},{"floor":24,"key":"Toxic Egg 2"},{"floor":26,"key":"InkBottle"}],"event_choices":[{"damage_healed":0.0,"max_hp_gain":0.0,"max_hp_loss":0.0,"gold_gain":0.0,"event_name":"Scrap Ooze","player_choice":"Success","floor":3.0,"gold_loss":0.0,"damage_taken":12.0,"relics_obtained":["Snake Skull"]},{"cards_removed":["Strike_G"],"damage_healed":0.0,"max_hp_gain":0.0,"max_hp_loss":0.0,"gold_gain":0.0,"event_name":"The Cleric","player_choice":"Card Removal","floor":4.0,"gold_loss":50.0,"damage_taken":0.0},{"damage_healed":0,"gold_gain":0,"player_choice":"Shed Blood","damage_taken":18,"max_hp_gain":5,"max_hp_loss":0,"event_name":"Forgotten Altar","floor":20,"gold_loss":0},{"cards_removed":["Strike_G"],"damage_healed":0,"gold_gain":0,"player_choice":"Elegance","damage_taken":0,"max_hp_gain":0,"max_hp_loss":0,"event_name":"Back to Basics","floor":22,"gold_loss":0}],"is_beta":false,"boss_relics":[{"not_picked":["Ectoplasm","Coffee Dripper"],"picked":"Runic Pyramid"}],"items_purged_floors":[2,27],"is_endless":false,"potions_floor_spawned":[1,7,13,18,21],"killed_by":"Book of Stabbing","ascension_level":8}}