{"host":"3xls0xm49ftugio7","time":1611689697,"event":{"mods":["2.2 Compatiblity","A Magickal Journey","AchievementEnabler","Act Like it!","BaseMod","Bestiary","Colored Powertips","Downfall","GifTheSpireLib","Minty Spire (QoL Compilation)","Quick Restart","StSLib","slay the spire mod where everything is the same but ironclad has a cowboy hat"],"gold_per_floor":[99,113,113,131,151,165,165,241,255,155,220,233,233,261,274,379,379,379,395,395,415,435,435,435,435],"floor_reached":23,"language":"ENG","playtime":1693,"items_purged":[],"score":351,"play_id":"67fe8ba8-2890-4018-b72a-e78924a51911","local_time":"20210126213457","is_ascension_mode":true,"campfire_choices":[{"data":"champ:DeathBlow","floor":1,"key":"SMITH"},{"data":"champ:PerfectedStrike","floor":10,"key":"SMITH"},{"data":"champ:Backstep","floor":13,"key":"SMITH"},{"data":"champ:IgnorePain","floor":18,"key":"SMITH"}],"circlet_count":0,"master_deck":["champ:Strike","champ:Strike","champ:Strike","champ:Defend","champ:Defend","champ:Defend","champ:Execute","champ:Taunt","champ:DeathBlow+1","champ:FlashCut","champ:PerfectedStrike+1","champ:GutPunch","champ:SkillfulDodge","champ:Backstep+1","champ:PreciseThrust","champ:AdrenalArmor","champ:PerfectedStrike","champ:SteelEdge","champ:Endure","champ:IgnorePain+1","champ:CalledShot","champ:BladeFlurry+1","champ:BringItOn+1"],"relics":["champ:ChampionCrown","Sundial","downfall:HeartBlessingBlue","HornCleat","champ:DeflectingBracers","bronze:MakeshiftBattery"],"acts_visited":["Exordium","TheCity"],"potions_floor_usage":[11,16,21,23,23],"damage_taken":[{"damage":11,"enemies":"2 Louse","floor":2,"turns":2},{"damage":10,"enemies":"Cultist","floor":4,"turns":3},{"damage":0,"enemies":"Small Slimes","floor":5,"turns":2},{"damage":32,"enemies":"Exordium Thugs","floor":6,"turns":6},{"damage":28,"enemies":"Blue Slaver","floor":9,"turns":3},{"damage":10,"enemies":"Gremlin Nob","floor":11,"turns":3},{"damage":20,"enemies":"Large Slime","floor":12,"turns":3},{"damage":25,"enemies":"Gremlin Nob","floor":14,"turns":3},{"damage":0,"enemies":"Exordium Thugs","floor":15,"turns":3},{"damage":60,"enemies":"DF_ARCHETYPE_STREAMLINE","floor":16,"turns":11},{"damage":15,"enemies":"Chosen","floor":19,"turns":4},{"damage":15,"enemies":"3 Cultists","floor":21,"turns":5},{"damage":25,"enemies":"Snake Plant","floor":22,"turns":5},{"damage":169,"enemies":"Gremlin Leader","floor":23,"turns":17}],"seed_played":"-6133589807398936765","potions_obtained":[{"floor":4,"key":"FearPotion"},{"floor":5,"key":"champ:TechniquePotion"},{"floor":12,"key":"DistilledChaos"},{"floor":15,"key":"Block Potion"},{"floor":16,"key":"Regen Potion"},{"floor":21,"key":"Weak Potion"}],"is_trial":false,"path_per_floor":["R","M","?","M","M","M","T","T","M","R","?","M","R","E","M","B",null,"R","M","?","M","M","E"],"character_chosen":"THE_CHAMP","items_purchased":[],"campfire_rested":0,"item_purchase_floors":[],"current_hp_per_floor":[81,80,80,80,80,73,73,73,70,80,80,80,80,80,80,80,95,95,95,95,95,90,0,0,0],"gold":435,"neow_bonus":"THREE_CARDS","is_daily":false,"chose_seed":false,"campfire_upgraded":4,"win_rate":0.0,"timestamp":1611689697,"path_taken":["R","M","?","M","M","?","T","?","M","R","?","M","R","E","M","BOSS","R","M","?","M","?","E"],"items_purchased_type":[],"build_version":"2020-12-22","purchased_purges":0,"victory":false,"max_hp_per_floor":[90,90,90,90,90,90,90,90,90,100,100,100,100,100,100,100,100,100,100,100,100,100,100,100,100],"card_choices":[{"not_picked":["champ:FanOfKnives","champ:EnGarde"],"picked":"champ:DeathBlow","floor":0},{"not_picked":["champ:EndlessRage","champ:DeathBlow"],"picked":"champ:FlashCut","floor":2},{"not_picked":["champ:ShieldWall","champ:Shatter"],"picked":"champ:GutPunch","floor":4},{"not_picked":["champ:StanceDance","champ:PerfectedStrike"],"picked":"champ:SkillfulDodge","floor":5},{"not_picked":["champ:FanOfKnives","champ:HeavySlash"],"picked":"champ:Backstep","floor":6},{"not_picked":["champ:Haymaker","champ:RageSigil"],"picked":"champ:PreciseThrust","floor":9},{"not_picked":["champ:ShieldSlam","champ:GutPunch"],"picked":"champ:AdrenalArmor","floor":11},{"not_picked":["champ:ArenaPreparation","champ:Haymaker"],"picked":"champ:PerfectedStrike","floor":12},{"not_picked":["champ:AdrenalArmor","champ:ShieldWall"],"picked":"champ:SteelEdge","floor":14},{"not_picked":["champ:RageSigil","champ:DefensiveShout"],"picked":"champ:Endure","floor":15},{"not_picked":["champ:HeavySlash","champ:EnchantShield"],"picked":"champ:IgnorePain","floor":16},{"not_picked":["champ:RapidStrikes","champ:ShieldSlam"],"picked":"champ:CalledShot","floor":19},{"not_picked":["champ:ShieldSigil","champ:TornadoPunch+1"],"picked":"champ:BladeFlurry+1","floor":21},{"not_picked":["champ:DefensiveShout","champ:SetATrap+1"],"picked":"champ:BringItOn+1","floor":22}],"player_experience":1004865,"relics_obtained":[{"floor":8,"key":"Sundial"},{"floor":14,"key":"champ:DeflectingBracers"}],"event_choices":[],"is_beta":false,"boss_relics":[{"not_picked":["Busted Crown","Runic Dome"],"picked":"bronze:MakeshiftBattery"}],"items_purged_floors":[],"is_endless":false,"potions_floor_spawned":[4,5,12,15,16,21],"killed_by":"Gremlin Leader","ascension_level":6}}