{"host":"7gnh07yij4i09woj","time":1611677065,"event":{"mods":["AchievementEnabler","BaseMod","Downfall","Minty Spire (QoL Compilation)","StSLib","Waifu the Spire"],"gold_per_floor":[109,284,284,284,308,308,333,333,333,13,26,51,95,119,119,119,119],"floor_reached":16,"language":"ENG","playtime":1127,"items_purged":["Pain"],"score":102,"play_id":"70fcacc0-e6a1-4a58-9987-13b7a3432c69","local_time":"20210126080425","is_ascension_mode":false,"campfire_choices":[{"data":"A Thousand Cuts","floor":6,"key":"SMITH"},{"data":"Outmaneuver","floor":8,"key":"SMITH"},{"floor":15,"key":"REST"}],"circlet_count":0,"master_deck":["Strike_G","Strike_G","Strike_G+1","Strike_G","Strike_G+1","Defend_G","Defend_G","Defend_G","Defend_G","Defend_G","Survivor","Neutralize","A Thousand Cuts+1","Outmaneuver+1","Doubt","Injury","Dagger Spray","Prepared","Corpse Explosion","Caltrops","Poisoned Stab","Terror","Endless Agony","Blade Dance+1","Cloak And Dagger+1"],"relics":["Ring of the Snake","Golden Idol","WarpedTongs","Whetstone","Toxic Egg 2"],"acts_visited":["Exordium"],"potions_floor_usage":[13,16],"damage_taken":[{"damage":0,"enemies":"2 Louse","floor":1,"turns":3},{"damage":4,"enemies":"Cultist","floor":5,"turns":4},{"damage":1,"enemies":"Small Slimes","floor":7,"turns":5},{"damage":0,"enemies":"Looter","floor":11,"turns":4},{"damage":12,"enemies":"Blue Slaver","floor":12,"turns":4},{"damage":28,"enemies":"Gremlin Nob","floor":13,"turns":5},{"damage":9,"enemies":"Red Slaver","floor":14,"turns":3},{"damage":38,"enemies":"The Guardian","floor":16,"turns":8}],"seed_played":"-6515200021640813419","potions_obtained":[{"floor":5,"key":"sneckomod:MuddlingPotion"},{"floor":11,"key":"Poison Potion"},{"floor":12,"key":"hexamod:SoulburnPotion"},{"floor":13,"key":"AttackPotion"}],"is_trial":false,"path_per_floor":["M","?","?","?","M","R","M","R","T","$","M","M","E","M","R","B"],"character_chosen":"THE_SILENT","items_purchased":["Corpse Explosion","Caltrops","Poisoned Stab"],"campfire_rested":1,"item_purchase_floors":[10,10,10],"current_hp_per_floor":[70,70,70,70,66,66,65,65,65,65,65,53,25,16,37,0,0],"gold":119,"neow_bonus":"ONE_RANDOM_RARE_CARD","is_daily":false,"chose_seed":false,"campfire_upgraded":2,"win_rate":0.0,"timestamp":1611677065,"path_taken":["M","?","?","?","?","R","M","R","T","$","M","M","E","M","R","BOSS"],"items_purchased_type":["Card","Card","Card"],"build_version":"2020-12-22","purchased_purges":1,"victory":false,"max_hp_per_floor":[70,70,70,70,70,70,70,70,70,70,70,70,70,70,70,70,70],"card_choices":[{"not_picked":["Dagger Throw","Flying Knee"],"picked":"Outmaneuver","floor":1},{"not_picked":["PiercingWail","Flechettes"],"picked":"Dagger Spray","floor":5},{"not_picked":["Quick Slash","Escape Plan"],"picked":"Prepared","floor":7},{"not_picked":["Prepared","Tactician"],"picked":"Terror","floor":11},{"not_picked":["Outmaneuver","Acrobatics"],"picked":"Endless Agony","floor":12},{"not_picked":["Reflex+1","Eviscerate"],"picked":"Blade Dance+1","floor":13},{"not_picked":["Acrobatics+1","Glass Knife"],"picked":"Cloak And Dagger+1","floor":14}],"player_experience":220557,"relics_obtained":[{"floor":9,"key":"Whetstone"},{"floor":13,"key":"Toxic Egg 2"}],"event_choices":[{"damage_healed":0,"gold_gain":175,"player_choice":"AGREE","damage_taken":0,"max_hp_gain":0,"max_hp_loss":0,"event_name":"Liars Game","floor":2,"gold_loss":0,"cards_obtained":["Doubt"]},{"damage_healed":0,"gold_gain":0,"player_choice":"Take Wound","damage_taken":0,"relics_obtained":["Golden Idol"],"max_hp_gain":0,"max_hp_loss":0,"event_name":"Golden Idol","floor":3,"gold_loss":0,"cards_obtained":["Injury"]},{"damage_healed":0,"gold_gain":0,"player_choice":"Rummage","damage_taken":0,"relics_obtained":["WarpedTongs"],"max_hp_gain":0,"max_hp_loss":0,"event_name":"Accursed Blacksmith","floor":4,"gold_loss":0,"cards_obtained":["Pain"]}],"is_beta":false,"boss_relics":[],"items_purged_floors":[10],"is_endless":false,"potions_floor_spawned":[5,11,12,13],"killed_by":"The Guardian","ascension_level":0}}