{"host":"zybdh2ue20qfjbiz","time":1611652483,"event":{"mods":["AchievementEnabler","BaseMod","Better Altar","Better Skull","BetterRewards","Friendly Minions","Kiyohime（清?）","Koishi","Lobotomy","LobotomyExtend","Marisa（霧雨　魔理沙）","Minty Spire (QoL Compilation)","Remilia（蕾米莉?）","StSLib"],"gold_per_floor":[118,135,145,145,145,145,173,236,259,288,288,305,319,319,319,393,393,406,177,195,210,210,239,250,285,285,319,349,349,394,394,394,468,468,486,486,486,46,46,78,78,106,106,131,165,184,204,224,224,224,224,224,224,26,58,58],"floor_reached":57,"language":"ENG","playtime":3240,"items_purged":["Koishi:BasicStrike","Koishi:BasicDefend","Koishi:BasicStrike","Koishi:BasicDefend","Koishi:BasicStrike","Koishi:BasicDefend","Koishi:BasicDefend+1"],"score":3161,"play_id":"f56e8dd4-ab98-498c-b39d-f6f1150f72da","local_time":"20210126121443","is_ascension_mode":true,"campfire_choices":[{"data":"Sadistic Nature","floor":6.0,"key":"SMITH"},{"data":"Koishi:PredatoryInstincts","floor":11.0,"key":"SMITH"},{"data":"Koishi:ConfinedInnocent","floor":15.0,"key":"SMITH"},{"data":"Koishi:TerrifyingSpectre","floor":32.0,"key":"SMITH"},{"data":"Koishi:PerfectMindControl","floor":41.0,"key":"SMITH"},{"floor":49.0,"key":"RECALL"},{"data":"Koishi:FormlessExistence","floor":53,"key":"SMITH"}],"circlet_count":0,"master_deck":["AscendersBane","Koishi:Provoke","Koishi:HauntingSlash","Koishi:PredatoryInstincts+1","Koishi:TremblingHands","Sadistic Nature+1","Koishi:BloodcurdlingScream+1","Koishi:MentalBreakdown+1","Koishi:DanmakuParanoia","Koishi:ParalyzingFear+1","Koishi:MindNumbingTerror+1","Koishi:YoukaiPolygraph+1","Koishi:PhilosophyOfTheDespised","Koishi:SubterraneanRose","Koishi:YoukaiPolygraph+1","Koishi:ConfinedInnocent+1","Koishi:PerfectMindControl+1","Koishi:TremblingHands+1","Koishi:MentalBreakdown+1","Koishi:IdleWhim+1","Koishi:TerrifyingSpectre+1","Koishi:Catatonia+1","Koishi:FormlessExistence+1","Koishi:DanmakuParanoia+1","Koishi:FleetingPhantom+1","Koishi:UnseenTerror+1","Koishi:RacingHeart+1","Koishi:StingingMind+1","Koishi:MindStellarRelief+1","Koishi:Catatonia+1"],"relics":["Koishi:ImaginaryFriend","Pear","Calipers","Membership Card","Gremlin Horn","Molten Egg 2","Oddly Smooth Stone","Orrery","Sling","Koishi:AHoleWhereASisterShouldBe","Singing Bowl","LetterFromLob","Bottled Lightning","Darkstone Periapt","Regal Pillow","Vajra","Juzu Bracelet","Philosopher\u0027s Stone","Shuriken","DollysMirror","Koishi:LettersToReimu","Koishi:TeethAndClaws","Toxic Egg 2","Blue Candle","Red Mask","Bag of Marbles","MutagenicStrength","Velvet Choker","TungstenRod","Kunai","CaptainsWheel","Ice Cream","Bird Faced Urn","Toy Ornithopter","OrangePellets","Centennial Puzzle"],"acts_visited":["Exordium","TheCity","TheBeyond","TheEnding"],"potions_floor_usage":[],"damage_taken":[{"damage":0.0,"enemies":"Cultist","floor":1.0,"turns":3.0},{"damage":0.0,"enemies":"Small Slimes","floor":2.0,"turns":3.0},{"damage":0.0,"enemies":"2 Louse","floor":3.0,"turns":2.0},{"damage":9.0,"enemies":"3 Sentries","floor":7.0,"turns":3.0},{"damage":0.0,"enemies":"Lagavulin Event","floor":8.0,"turns":3.0},{"damage":4.0,"enemies":"Gremlin Nob","floor":10.0,"turns":3.0},{"damage":0.0,"enemies":"2 Fungi Beasts","floor":12.0,"turns":2.0},{"damage":3.0,"enemies":"Looter","floor":13.0,"turns":2.0},{"damage":8.0,"enemies":"The Guardian","floor":16.0,"turns":6.0},{"damage":0.0,"enemies":"Chosen","floor":18.0,"turns":2.0},{"damage":12.0,"enemies":"Spheric Guardian","floor":20.0,"turns":3.0},{"damage":0.0,"enemies":"3 Cultists","floor":21.0,"turns":3.0},{"damage":0.0,"enemies":"Slavers","floor":23.0,"turns":2.0},{"damage":0.0,"enemies":"Sentry and Sphere","floor":24.0,"turns":3.0},{"damage":4.0,"enemies":"Book of Stabbing","floor":25.0,"turns":3.0},{"damage":0.0,"enemies":"Slavers","floor":27.0,"turns":3.0},{"damage":0.0,"enemies":"Masked Bandits","floor":28.0,"turns":2.0},{"damage":0.0,"enemies":"Automaton","floor":33.0,"turns":6.0},{"damage":0.0,"enemies":"Orb Walker","floor":35.0,"turns":1.0},{"damage":0.0,"enemies":"Reptomancer","floor":40.0,"turns":3.0},{"damage":0.0,"enemies":"Giant Head","floor":42.0,"turns":7.0},{"damage":0.0,"enemies":"Mind Bloom Boss Battle","floor":44.0,"turns":4.0},{"damage":0.0,"enemies":"Nemesis","floor":45.0,"turns":4.0},{"damage":0.0,"enemies":"3 Shapes","floor":46.0,"turns":1.0},{"damage":0.0,"enemies":"Sphere and 2 Shapes","floor":47.0,"turns":2.0},{"damage":0.0,"enemies":"3 Darklings","floor":48.0,"turns":3.0},{"damage":0,"enemies":"Awakened One","floor":50,"turns":10},{"damage":0,"enemies":"Shield and Spear","floor":55,"turns":4},{"damage":18,"enemies":"The Heart","floor":56,"turns":7}],"seed_played":"-8402106258699137401","potions_obtained":[{"floor":3.0,"key":"DistilledChaos"},{"floor":7.0,"key":"FairyPotion"},{"floor":28.0,"key":"Block Potion"}],"is_trial":false,"path_per_floor":["M","M","M","T","?","R","E","?","T","E","R","M","M","?","R","B",null,"M","$","M","M","?","E","M","E","T","E","?","?","T","?","R","B",null,"M","?","T","$","?","E","R","E","T","?","E","M","M","M","R","B",null,null,"R","$","E","B",null],"character_chosen":"KOISHI","items_purchased":["Pear","Calipers","Fruit Juice","Fruit Juice","Koishi:PredatoryInstincts","Koishi:TremblingHands","Membership Card","Fruit Juice","Sadistic Nature","Koishi:BloodcurdlingScream","Gremlin Horn","Molten Egg 2","Oddly Smooth Stone","Orrery","Koishi:ParalyzingFear+1","Koishi:MindNumbingTerror+1","Koishi:YoukaiPolygraph+1","Sling","Koishi:AHoleWhereASisterShouldBe","Singing Bowl","Shuriken","DollysMirror","Kunai","Koishi:FleetingPhantom+1","CaptainsWheel","OrangePellets","Koishi:MindStellarRelief+1","Koishi:Catatonia+1"],"campfire_rested":0,"item_purchase_floors":[0,0,0,0,0,0,0,0,0,0,0,0,0,0,0,0,0,0,0,0,19,19,38,38,38,54,54,54],"current_hp_per_floor":[41,48,64,64,38,38,30,34,34,37,37,49,52,45,45,44,77,83,83,71,90,90,92,94,94,94,96,96,96,96,96,96,96,96,96,96,96,96,91,93,93,93,93,93,95,95,97,99,99,99,99,99,99,99,101,83],"gold":58,"neow_bonus":"","is_daily":false,"chose_seed":false,"campfire_upgraded":6,"win_rate":0.0,"timestamp":1611652483,"path_taken":["M","M","M","?","?","R","E","?","T","E","R","M","M","?","R","BOSS","M","$","M","M","?","E","M","E","T","E","?","?","?","?","R","BOSS","M","?","?","?","?","E","R","E","T","?","E","M","M","M","R","BOSS","R","$","E","BOSS"],"items_purchased_type":["Relic","Relic","Potion","Potion","Card","Card","Relic","Potion","Card","Card","Relic","Relic","Relic","Relic","Card","Card","Card","Relic","Relic","Relic","Relic","Relic","Relic","Card","Relic","Relic","Card","Card"],"build_version":"2020-12-22","purchased_purges":7,"victory":true,"max_hp_per_floor":[77,79,86,86,86,86,86,86,86,88,88,88,88,88,88,88,88,88,88,88,90,90,92,94,94,94,96,96,96,96,96,96,96,96,96,96,96,96,91,93,93,93,93,93,95,95,97,99,99,99,99,99,99,99,101,101],"card_choices":[{"not_picked":["Koishi:IdleWhim","Koishi:EmbryosDream"],"picked":"Koishi:MentalBreakdown+1","floor":0.0},{"not_picked":["Koishi:StingingMind+1","Koishi:IdleWhim"],"picked":"Koishi:DanmakuParanoia","floor":0.0},{"not_picked":["Koishi:IdleWhim","Koishi:MassHysteria"],"picked":"Koishi:PhilosophyOfTheDespised","floor":1.0},{"not_picked":["Koishi:ParalyzingFear+1","Koishi:Jaunt+1","Koishi:RorschachInDanmaku"],"picked":"Singing Bowl","floor":2.0},{"not_picked":["Koishi:ReleaseOfTheId","Koishi:ParalyzingFear+1","Koishi:HeartAttack+1"],"picked":"Singing Bowl","floor":3.0},{"not_picked":["Koishi:CatchAndRose","Koishi:FreudianInstinct"],"picked":"Koishi:SubterraneanRose","floor":7.0},{"not_picked":["Koishi:Prune+1","Koishi:EmbryosDream"],"picked":"Koishi:YoukaiPolygraph+1","floor":8.0},{"not_picked":["Koishi:Prune+1","Koishi:DreadfulBlow+1","Koishi:BloodcurdlingScream+1"],"picked":"Singing Bowl","floor":10.0},{"not_picked":["Koishi:TremblingHands+1","Koishi:PredatoryInstincts"],"picked":"Koishi:ConfinedInnocent","floor":12.0},{"not_picked":["Koishi:HeartfeltFancy","Koishi:ApparitionsStalkTheNight"],"picked":"Koishi:SprinkleStarAndHeart","floor":13.0},{"not_picked":["Koishi:Heartbroken","Koishi:RuptureMind+1"],"picked":"Koishi:PerfectMindControl","floor":16.0},{"not_picked":["Koishi:ReflexRadar","Koishi:Possession"],"picked":"Koishi:TremblingHands+1","floor":18.0},{"not_picked":["Koishi:ReflexRadar+1","Koishi:ReleaseOfTheId"],"picked":"Koishi:IdleWhim+1","floor":20.0},{"not_picked":["Koishi:PhantomStrike+1","Koishi:IdleWhim","Koishi:CatchAndRose"],"picked":"Singing Bowl","floor":21.0},{"not_picked":["Koishi:MindNumbingTerror+1","Koishi:HeartfeltFancy","Koishi:BramblyRoseGarden"],"picked":"Singing Bowl","floor":23.0},{"not_picked":["Koishi:BramblyRoseGarden","Koishi:Prune+1","Koishi:SubconsciousSweep+1"],"picked":"Singing Bowl","floor":24.0},{"not_picked":["Koishi:ParalyzingFear+1","Koishi:StingingMind+1"],"picked":"Koishi:TerrifyingSpectre","floor":25.0},{"not_picked":["Koishi:PhantomStrike+1","Koishi:PhantomBarrier+1","Koishi:SprinkleStarAndHeart+1"],"picked":"Singing Bowl","floor":27.0},{"not_picked":["Koishi:ReflexRadar+1","Koishi:SpiritedAway+1"],"picked":"Koishi:Catatonia+1","floor":28.0},{"not_picked":["Koishi:PerfectMindControl+1","Koishi:RollingInRichesHeart+1"],"picked":"Koishi:FormlessExistence","floor":33.0},{"not_picked":["Koishi:Prune+1","Koishi:JumpScare+1"],"picked":"Koishi:DanmakuParanoia+1","floor":35.0},{"not_picked":["Koishi:PhantomStrike+1","Koishi:FleetingPhantom+1","Koishi:ParalyzingFear+1"],"picked":"Singing Bowl","floor":40.0},{"not_picked":["Koishi:HeartAttack+1","Koishi:CatchAndRose+1"],"picked":"Koishi:UnseenTerror+1","floor":42.0},{"not_picked":["Koishi:JumpScare+1","Koishi:SprinkleStarAndHeart+1"],"picked":"Koishi:RacingHeart+1","floor":44.0},{"not_picked":["Koishi:Vanish+1","Koishi:FourthEye+1","Koishi:JumpScare+1"],"picked":"Singing Bowl","floor":45.0},{"not_picked":["Koishi:Whimsy+1","Koishi:FleetingPhantom+1"],"picked":"Koishi:StingingMind+1","floor":46.0},{"not_picked":["Koishi:DreadfulBlow+1","Koishi:UnansweredLove+1","Koishi:CatchAndRose+1"],"picked":"Singing Bowl","floor":47.0},{"not_picked":["Koishi:JumpScare+1","Koishi:StingingMind+1","Koishi:FleetingPhantom+1"],"picked":"Singing Bowl","floor":48.0},{"not_picked":["Koishi:DreadfulBlow+1","Koishi:UnconsciousUprising+1","Koishi:MassHysteria+1"],"picked":"Singing Bowl","floor":55}],"player_experience":418014,"relics_obtained":[{"floor":1.0,"key":"LetterFromLob"},{"floor":4.0,"key":"Bottled Lightning"},{"floor":7.0,"key":"Darkstone Periapt"},{"floor":8.0,"key":"Regal Pillow"},{"floor":9.0,"key":"Vajra"},{"floor":10.0,"key":"Juzu Bracelet"},{"floor":23.0,"key":"Koishi:LettersToReimu"},{"floor":25.0,"key":"Koishi:TeethAndClaws"},{"floor":26.0,"key":"Toxic Egg 2"},{"floor":27.0,"key":"Blue Candle"},{"floor":28.0,"key":"Red Mask"},{"floor":30.0,"key":"Bag of Marbles"},{"floor":37.0,"key":"TungstenRod"},{"floor":40.0,"key":"Ice Cream"},{"floor":42.0,"key":"Bird Faced Urn"},{"floor":45.0,"key":"Toy Ornithopter"},{"floor":55,"key":"Centennial Puzzle"}],"event_choices":[{"damage_healed":0.0,"max_hp_gain":0.0,"max_hp_loss":0.0,"gold_gain":0.0,"event_name":"Shining Light","player_choice":"Entered Light","floor":5.0,"gold_loss":0.0,"damage_taken":26.0,"cards_upgraded":["Koishi:BloodcurdlingScream","Koishi:BasicDefend"]},{"damage_healed":0.0,"max_hp_gain":0.0,"max_hp_loss":0.0,"gold_gain":30.0,"event_name":"Dead Adventurer","player_choice":"Searched \u00273\u0027 times","floor":8.0,"gold_loss":0.0,"damage_taken":0.0},{"cards_removed":["Koishi:BasicStrike"],"damage_healed":0.0,"max_hp_gain":0.0,"max_hp_loss":0.0,"gold_gain":0.0,"event_name":"Golden Wing","player_choice":"Card Removal","floor":14.0,"gold_loss":0.0,"damage_taken":7.0},{"damage_healed":0.0,"max_hp_gain":0.0,"max_hp_loss":0.0,"gold_gain":0.0,"event_name":"Ghosts","player_choice":"Ignored","floor":22.0,"gold_loss":0.0,"damage_taken":0.0},{"damage_healed":0.0,"max_hp_gain":0.0,"max_hp_loss":0.0,"gold_gain":0.0,"event_name":"Masked Bandits","player_choice":"Fought Bandits","floor":28.0,"gold_loss":0.0,"damage_taken":0.0},{"damage_healed":0.0,"max_hp_gain":0.0,"max_hp_loss":0.0,"gold_gain":0.0,"event_name":"Drug Dealer","player_choice":"Inject Mutagens","floor":31.0,"gold_loss":0.0,"damage_taken":0.0,"relics_obtained":["MutagenicStrength"]},{"cards_removed":["Koishi:SprinkleStarAndHeart"],"damage_healed":0.0,"max_hp_gain":0.0,"max_hp_loss":0.0,"gold_gain":0.0,"event_name":"Falling","player_choice":"Removed Skill","floor":36.0,"gold_loss":0.0,"damage_taken":0.0},{"damage_healed":0.0,"max_hp_gain":0.0,"max_hp_loss":5.0,"gold_gain":0.0,"event_name":"Winding Halls","player_choice":"Max HP","floor":39.0,"gold_loss":0.0,"damage_taken":0.0},{"damage_healed":0.0,"max_hp_gain":0.0,"max_hp_loss":0.0,"gold_gain":0.0,"event_name":"MindBloom","player_choice":"Fight","floor":44.0,"gold_loss":0.0,"damage_taken":0.0}],"is_beta":false,"boss_relics":[{"not_picked":["Koishi:ColorfulDays","Calling Bell"],"picked":"Philosopher\u0027s Stone"},{"not_picked":["Tiny House","SacredBark"],"picked":"Velvet Choker"}],"items_purged_floors":[0,0,0,0,0,0,38],"is_endless":false,"potions_floor_spawned":[3,7,10,13,16,18,23,28,35,40,44,45],"ascension_level":17}}