{"host":"8a72fthmlk1o8pdb","time":1611686714,"event":{"mods":["AchievementEnabler","BaseMod","Colored Map","Colored Powertips","Downfall","Duelist Mod","GifTheSpireLib","Googly Eyes","Hermit","Jorbs\u0027s Wanderer Trilogy","Minty Spire (QoL Compilation)","Rare Cards Sparkle","StSLib","The Construct","The Cursed","The Disciple","The Hierophant","The Necromancer","The Poker Player"],"gold_per_floor":[116,126,79,99,79,79,93,125,125,135,153,182,201,212,212,309,309,325,325,339,20,30,30,30,30,30,64,76,76,76,53,53,53,53],"floor_reached":33,"language":"ENG","playtime":1835,"items_purged":[],"score":279,"play_id":"b096f5da-77e0-4b06-b33c-7bfe9d1fc24e","local_time":"20210126104514","is_ascension_mode":false,"campfire_choices":[{"data":"construct:ForceCore","floor":6,"key":"SMITH"},{"floor":15,"key":"REST"},{"floor":23,"key":"REST"},{"floor":25,"key":"REST"},{"floor":29,"key":"REST"},{"floor":32,"key":"REST"}],"circlet_count":0,"master_deck":["construct:Strike_Gold","construct:Strike_Gold","construct:Strike_Gold","construct:Strike_Gold","construct:Strike_Gold","construct:Defend_Gold","construct:Defend_Gold","construct:Defend_Gold","construct:Defend_Gold+2","construct:Defend_Gold","construct:AttackMode","construct:DefenseMode","construct:Versatility","construct:Analyze","construct:Autoturret","construct:ForceCore+1","construct:Synchronize","construct:ModeShift","construct:Autoturret+1","construct:Isolate+1","construct:Zapper","construct:Versatility"],"relics":["construct:Cogwheel","NeowsBlessing","FossilizedHelix","Shuriken","Letter Opener","Philosopher\u0027s Stone","InkBottle","Anchor","construct:MegaBattery","Question Card"],"acts_visited":["Exordium","TheCity"],"potions_floor_usage":[7,7,11,14,20,20,22,28,33],"damage_taken":[{"damage":0,"enemies":"Cultist","floor":1,"turns":1},{"damage":0,"enemies":"2 Louse","floor":2,"turns":2},{"damage":0,"enemies":"Jaw Worm","floor":4,"turns":1},{"damage":3,"enemies":"Lots of Slimes","floor":7,"turns":4},{"damage":39,"enemies":"Gremlin Nob","floor":8,"turns":6},{"damage":7,"enemies":"Blue Slaver","floor":10,"turns":4},{"damage":7,"enemies":"Exordium Wildlife","floor":11,"turns":6},{"damage":12,"enemies":"Lagavulin","floor":12,"turns":7},{"damage":0,"enemies":"3 Louse","floor":13,"turns":3},{"damage":10,"enemies":"Large Slime","floor":14,"turns":4},{"damage":6,"enemies":"Hexaghost","floor":16,"turns":7},{"damage":0,"enemies":"Shell Parasite","floor":18,"turns":5},{"damage":27,"enemies":"2 Thieves","floor":20,"turns":5},{"damage":39,"enemies":"Sentry and Sphere","floor":22,"turns":5},{"damage":38,"enemies":"Gremlin Leader","floor":27,"turns":4},{"damage":18,"enemies":"Snake Plant","floor":28,"turns":6},{"damage":75,"enemies":"Automaton","floor":33,"turns":6}],"seed_played":"-6347037679250267088","potions_obtained":[{"floor":1,"key":"Dexterity Potion"},{"floor":2,"key":"champ:CounterPotion"},{"floor":5,"key":"DistilledChaos"},{"floor":13,"key":"champ:CounterPotion"},{"floor":14,"key":"LiquidMemories"},{"floor":16,"key":"Strength Potion"},{"floor":27,"key":"Dexterity Potion"},{"floor":28,"key":"SkillPotion"}],"is_trial":false,"path_per_floor":["M","M","$","M","?","R","M","E","T","M","M","E","M","M","R","B",null,"M","?","M","$","M","R","T","R","T","E","M","R","?","$","R","B"],"character_chosen":"THE_CONSTRUCT_MOD","items_purchased":["construct:Autoturret","construct:ShiftPotion","InkBottle","construct:Versatility"],"campfire_rested":5,"item_purchase_floors":[3,21,21,31],"current_hp_per_floor":[85,85,85,85,85,85,82,43,43,36,29,17,17,7,32,26,85,85,69,42,42,3,30,30,57,57,19,1,28,28,28,55,0,0],"gold":53,"neow_bonus":"THREE_ENEMY_KILL","is_daily":false,"chose_seed":false,"campfire_upgraded":1,"win_rate":0.0,"timestamp":1611686714,"path_taken":["M","?","$","M","?","R","M","E","T","M","M","E","?","M","R","BOSS","M","?","M","$","M","R","?","R","T","E","?","R","?","?","R","BOSS"],"items_purchased_type":["Card","Potion","Relic","Card"],"build_version":"2020-12-22","purchased_purges":0,"victory":false,"max_hp_per_floor":[85,85,85,85,85,85,85,85,85,85,85,85,85,85,85,85,85,85,90,90,90,90,90,90,90,90,90,90,90,90,90,90,90,90],"card_choices":[{"not_picked":["construct:FlameCore","construct:Reinforce"],"picked":"construct:Versatility","floor":1},{"not_picked":["construct:Accumulate","construct:FierceBash"],"picked":"construct:Analyze","floor":2},{"not_picked":["construct:GuardCore","construct:Forcefield"],"picked":"construct:ForceCore","floor":4},{"not_picked":["construct:BatteryAcid","construct:FlakBarrage","construct:ClusterMines"],"picked":"SKIP","floor":7},{"not_picked":["construct:Impenetrable","construct:SweepLaser","construct:FocusedBeam"],"picked":"SKIP","floor":8},{"not_picked":["construct:Boost","construct:SaveState","construct:Analyze"],"picked":"SKIP","floor":10},{"not_picked":["construct:Hazardproof","construct:CriticalHit","construct:ClusterMines"],"picked":"SKIP","floor":11},{"not_picked":["construct:ReactiveShield","construct:MassProduction"],"picked":"construct:Synchronize","floor":12},{"not_picked":["construct:Impenetrable","construct:FocusedBeam","construct:Analyze"],"picked":"SKIP","floor":13},{"not_picked":["construct:Backfire","construct:VentSteam"],"picked":"construct:ModeShift","floor":14},{"not_picked":["construct:Boost","construct:Antimatter+1","construct:OneWayMirror"],"picked":"SKIP","floor":18},{"not_picked":["construct:HeavyBolt+1","construct:Hazardproof+1"],"picked":"construct:Autoturret+1","floor":20},{"not_picked":["construct:ClusterMines+1","construct:Reinforce"],"picked":"construct:Isolate+1","floor":22},{"not_picked":["construct:HammerDown","construct:SyphonStrike"],"picked":"construct:Zapper","floor":27},{"not_picked":["construct:SuppressiveFire","construct:SaveState","construct:BatteryAcid","construct:Synchronize"],"picked":"SKIP","floor":28}],"player_experience":1433,"relics_obtained":[{"floor":8,"key":"FossilizedHelix"},{"floor":9,"key":"Shuriken"},{"floor":12,"key":"Letter Opener"},{"floor":24,"key":"Anchor"},{"floor":26,"key":"construct:MegaBattery"},{"floor":27,"key":"Question Card"}],"event_choices":[{"damage_healed":0,"gold_gain":0,"player_choice":"Bought 1 Potion","damage_taken":0,"max_hp_gain":0,"max_hp_loss":0,"event_name":"The Woman in Blue","floor":5,"gold_loss":0},{"damage_healed":0,"gold_gain":0,"player_choice":"Shed Blood","damage_taken":21,"max_hp_gain":5,"max_hp_loss":0,"event_name":"Forgotten Altar","floor":19,"gold_loss":0},{"damage_healed":0,"gold_gain":0,"player_choice":"Ignored","damage_taken":0,"max_hp_gain":0,"max_hp_loss":0,"event_name":"Vampires","floor":30,"gold_loss":0}],"is_beta":false,"boss_relics":[{"not_picked":["SacredBark","Empty Cage"],"picked":"Philosopher\u0027s Stone"}],"items_purged_floors":[],"is_endless":false,"potions_floor_spawned":[1,2,13,14,16,27,28],"killed_by":"Automaton","ascension_level":0}}