{"host":"t75twhtg6c476ygg","time":1611685707,"event":{"mods":["AchievementEnabler","BaseMod","Colored Powertips","Minty Spire (QoL Compilation)","Quick Restart","Relic Stats","StSLib","SuperFastMode"],"gold_per_floor":[114,114,129,129,144,174,204,234,234,234,159,174,204,219,219,319,319,334,334,334,334,34,64,264,294,294,294,294,294,324,339,339,439,439,454,554,569,569,306,336,111,111,111,111,111,161,261,291,291,291],"floor_reached":51,"language":"ENG","playtime":1362,"items_purged":["Pain","Mind Blast+1","Uppercut","Armaments"],"score":1133,"play_id":"55f9ddc4-ddec-42cb-92ac-c6067f690ae5","local_time":"20210126182827","daily_mods":["SealedDeck","Flight","Night Terrors"],"is_ascension_mode":false,"campfire_choices":[{"data":"Flex","floor":10.0,"key":"SMITH"},{"data":"Spot Weakness","floor":15.0,"key":"SMITH"},{"data":"Offering","floor":29.0,"key":"SMITH"},{"data":"Whirlwind","floor":32.0,"key":"SMITH"},{"data":"Immolate","floor":42.0,"key":"SMITH"},{"data":"Sword Boomerang","floor":44.0,"key":"SMITH"},{"data":"Thunderclap","floor":45.0,"key":"SMITH"},{"data":"Battle Trance","floor":49.0,"key":"SMITH"}],"circlet_count":0,"master_deck":["Sword Boomerang+1","Anger","Anger","Armaments","Flex+1","Whirlwind+1","Cleave","Flame Barrier","Battle Trance+1","Shrug It Off","Spot Weakness+1","Shrug It Off","Offering+1","Uppercut+1","Flex+1","Headbutt+1","Thunderclap+1","Heavy Blade+1","Immolate+1","Spot Weakness+1","Flex+1","Offering+1"],"relics":["Burning Blood","WarpedTongs","Mango","Nunchaku","Pen Nib","Ornamental Fan","Regal Pillow","Astrolabe","MutagenicStrength","PreservedInsect","Lee\u0027s Waffle","White Beast Statue","Membership Card","Incense Burner","Lantern","Strawberry","SacredBark","Eternal Feather","TheAbacus","Centennial Puzzle","Juzu Bracelet","Oddly Smooth Stone","DollysMirror","Letter Opener","Ginger","Bag of Preparation","Lizard Tail","Shuriken"],"acts_visited":["Exordium","TheCity","TheBeyond"],"potions_floor_usage":[50,50,50],"damage_taken":[{"damage":3.0,"enemies":"Jaw Worm","floor":1.0,"turns":2.0},{"damage":2.0,"enemies":"Cultist","floor":3.0,"turns":2.0},{"damage":4.0,"enemies":"2 Louse","floor":5.0,"turns":1.0},{"damage":11.0,"enemies":"3 Sentries","floor":6.0,"turns":4.0},{"damage":2.0,"enemies":"Lagavulin","floor":7.0,"turns":4.0},{"damage":0.0,"enemies":"Gremlin Nob","floor":8.0,"turns":2.0},{"damage":5.0,"enemies":"Blue Slaver","floor":12.0,"turns":2.0},{"damage":0.0,"enemies":"3 Sentries","floor":13.0,"turns":4.0},{"damage":0.0,"enemies":"2 Fungi Beasts","floor":14.0,"turns":1.0},{"damage":0.0,"enemies":"Slime Boss","floor":16.0,"turns":4.0},{"damage":6.0,"enemies":"3 Byrds","floor":18.0,"turns":3.0},{"damage":12.0,"enemies":"Slavers","floor":23.0,"turns":2.0},{"damage":6.0,"enemies":"Gremlin Leader","floor":25.0,"turns":2.0},{"damage":6.0,"enemies":"Book of Stabbing","floor":30.0,"turns":2.0},{"damage":6.0,"enemies":"Shell Parasite","floor":31.0,"turns":2.0},{"damage":3.0,"enemies":"Automaton","floor":33.0,"turns":3.0},{"damage":6.0,"enemies":"3 Shapes","floor":35.0,"turns":2.0},{"damage":6.0,"enemies":"3 Darklings","floor":37.0,"turns":1.0},{"damage":5.0,"enemies":"Reptomancer","floor":40.0,"turns":2.0},{"damage":9.0,"enemies":"Mind Bloom Boss Battle","floor":46.0,"turns":2.0},{"damage":12.0,"enemies":"Nemesis","floor":48.0,"turns":1.0},{"damage":12,"enemies":"Donu and Deca","floor":50,"turns":4}],"seed_played":"-4735054310349275430","potions_obtained":[{"floor":5.0,"key":"ColorlessPotion"},{"floor":7.0,"key":"SteroidPotion"},{"floor":12.0,"key":"EntropicBrew"},{"floor":13.0,"key":"ColorlessPotion"},{"floor":14.0,"key":"DistilledChaos"},{"floor":18.0,"key":"SpeedPotion"},{"floor":25.0,"key":"ElixirPotion"},{"floor":35.0,"key":"PowerPotion"},{"floor":40.0,"key":"DistilledChaos"},{"floor":46.0,"key":"HeartOfIron"},{"floor":48.0,"key":"BlessingOfTheForge"}],"is_trial":false,"path_per_floor":["M","?","M","?","M","E","E","E","T","R","$","M","E","M","R","B",null,"M","?","?","?","$","E","$","E","T","?","?","R","E","M","R","B",null,"M","?","M","?","$","E","$","R","T","R","R","?","$","E","R","B",null],"character_chosen":"IRONCLAD","items_purchased":["PreservedInsect","Lee\u0027s Waffle","Membership Card","Eternal Feather","TheAbacus","Juzu Bracelet","Oddly Smooth Stone","DollysMirror","Fruit Juice","Fruit Juice","Bag of Preparation","Lizard Tail"],"campfire_rested":0,"item_purchase_floors":[22,22,24,39,39,41,41,41,47,47,47,47],"current_hp_per_floor":[80,80,80,80,80,89,93,94,94,94,94,94,94,94,94,94,94,94,94,94,94,101,95,95,95,95,95,95,95,102,102,102,105,108,108,108,108,103,103,103,103,103,103,103,103,100,120,114,123,117],"gold":291,"neow_bonus":"","is_daily":true,"chose_seed":false,"campfire_upgraded":8,"win_rate":0.0,"timestamp":1611685707,"path_taken":["M","?","?","?","M","E","E","E","T","R","$","?","E","M","R","BOSS","M","?","?","?","$","E","$","E","T","?","?","R","E","?","R","BOSS","M","?","?","?","$","E","$","R","T","R","R","?","$","E","R","BOSS"],"items_purchased_type":["Relic","Relic","Relic","Relic","Relic","Relic","Relic","Relic","Potion","Potion","Relic","Relic"],"build_version":"2020-12-22","purchased_purges":4,"victory":true,"max_hp_per_floor":[80,80,80,80,80,94,94,94,94,94,94,94,94,94,94,94,94,94,94,94,94,101,101,101,101,101,101,101,101,108,108,108,108,108,108,108,108,103,103,103,103,103,103,103,103,103,123,123,123,123],"relic_stats":{"Regal Pillow":0,"Lee\u0027s Waffle":7,"counters":[22,52],"Astrolabe":["Mind Blast","Dark Embrace","Uppercut"],"Eternal Feather":9,"Pen Nib":[8],"PreservedInsect":232,"Juzu Bracelet":0,"Bag of Preparation":[4],"Letter Opener":[15],"Ginger":[0],"Burning Blood":98,"WarpedTongs":[48],"Nunchaku":[8],"Centennial Puzzle":[9],"Lizard Tail":0,"TheAbacus":[6],"Ornamental Fan":[68],"Shuriken":[2],"obtain_stats":[{"Regal Pillow":13,"Lantern":26,"SacredBark":34,"Mango":6,"Incense Burner":25,"Juzu Bracelet":41,"Bag of Preparation":47,"Ginger":46,"Burning Blood":0,"Nunchaku":7,"Centennial Puzzle":40,"Lizard Tail":47,"TheAbacus":39,"DollysMirror":41,"Strawberry":30,"Lee\u0027s Waffle":22,"Astrolabe":17,"Oddly Smooth Stone":41,"Eternal Feather":39,"Pen Nib":8,"PreservedInsect":22,"Letter Opener":43,"White Beast Statue":23,"WarpedTongs":2,"Ornamental Fan":9,"Shuriken":48,"MutagenicStrength":19,"Membership Card":24},{"Regal Pillow":8,"Lantern":13,"SacredBark":16,"Mango":4,"Incense Burner":13,"Juzu Bracelet":19,"Bag of Preparation":20,"Ginger":20,"Burning Blood":0,"Nunchaku":5,"Centennial Puzzle":19,"Lizard Tail":20,"TheAbacus":18,"DollysMirror":19,"Strawberry":14,"Lee\u0027s Waffle":11,"Astrolabe":10,"Oddly Smooth Stone":19,"Eternal Feather":18,"Pen Nib":6,"PreservedInsect":11,"Letter Opener":19,"White Beast Statue":12,"WarpedTongs":1,"Ornamental Fan":6,"Shuriken":21,"MutagenicStrength":11,"Membership Card":12},{"Regal Pillow":21,"Lantern":33,"SacredBark":40,"Mango":9,"Incense Burner":33,"Juzu Bracelet":45,"Bag of Preparation":47,"Ginger":47,"Burning Blood":0,"Nunchaku":13,"Centennial Puzzle":45,"Lizard Tail":47,"TheAbacus":43,"DollysMirror":45,"Strawberry":35,"Lee\u0027s Waffle":29,"Astrolabe":26,"Oddly Smooth Stone":45,"Eternal Feather":43,"Pen Nib":15,"PreservedInsect":29,"Letter Opener":45,"White Beast Statue":31,"WarpedTongs":2,"Ornamental Fan":15,"Shuriken":48,"MutagenicStrength":29,"Membership Card":31}]},"card_choices":[{"not_picked":["Rupture","Anger"],"picked":"Cleave","floor":1.0},{"not_picked":["Rampage","Bloodletting"],"picked":"Flame Barrier","floor":3.0},{"not_picked":["Disarm","Clothesline","Second Wind"],"picked":"SKIP","floor":5.0},{"not_picked":["Seeing Red","Brutality","True Grit"],"picked":"SKIP","floor":6.0},{"not_picked":["Dropkick","Carnage"],"picked":"Battle Trance","floor":7.0},{"not_picked":["Combust","Havoc"],"picked":"Shrug It Off","floor":8.0},{"not_picked":["Inflame","Iron Wave"],"picked":"Spot Weakness","floor":12.0},{"not_picked":["Juggernaut","Havoc","Clothesline"],"picked":"SKIP","floor":13.0},{"not_picked":["Sentinel","Burning Pact"],"picked":"Shrug It Off","floor":14.0},{"not_picked":["Immolate","Juggernaut"],"picked":"Offering","floor":16.0},{"not_picked":["Body Slam+1","Thunderclap"],"picked":"Flex+1","floor":18.0},{"not_picked":["Headbutt+1","Wild Strike","True Grit"],"picked":"SKIP","floor":23.0},{"not_picked":["Wild Strike","True Grit"],"picked":"Headbutt+1","floor":23.0},{"not_picked":["Sever Soul","Clash","Feel No Pain"],"picked":"SKIP","floor":25.0},{"not_picked":["Shrug It Off","Thunderclap+1"],"picked":"Heavy Blade+1","floor":30.0},{"not_picked":["Body Slam","Iron Wave+1","Cleave"],"picked":"SKIP","floor":31.0},{"not_picked":["Exhume","Berserk"],"picked":"Immolate","floor":33.0},{"not_picked":["True Grit","Perfected Strike","Thunderclap+1"],"picked":"SKIP","floor":35.0},{"not_picked":["Anger","Inflame+1"],"picked":"Spot Weakness+1","floor":37.0},{"not_picked":["Bloodletting","Shrug It Off+1"],"picked":"Flex+1","floor":40.0},{"not_picked":["Shockwave","Spot Weakness+1","Battle Trance"],"picked":"SKIP","floor":48.0}],"player_experience":276068,"relics_obtained":[{"floor":6.0,"key":"Mango"},{"floor":7.0,"key":"Nunchaku"},{"floor":8.0,"key":"Pen Nib"},{"floor":9.0,"key":"Ornamental Fan"},{"floor":13.0,"key":"Regal Pillow"},{"floor":23.0,"key":"White Beast Statue"},{"floor":25.0,"key":"Incense Burner"},{"floor":26.0,"key":"Lantern"},{"floor":30.0,"key":"Strawberry"},{"floor":40.0,"key":"Centennial Puzzle"},{"floor":43.0,"key":"Letter Opener"},{"floor":46.0,"key":"Ginger"},{"floor":48.0,"key":"Shuriken"}],"event_choices":[{"damage_healed":0.0,"max_hp_gain":0.0,"max_hp_loss":0.0,"gold_gain":0.0,"event_name":"Accursed Blacksmith","player_choice":"Rummage","floor":2.0,"gold_loss":0.0,"damage_taken":0.0,"relics_obtained":["WarpedTongs"],"cards_obtained":["Pain"]},{"damage_healed":0.0,"max_hp_gain":0.0,"max_hp_loss":0.0,"gold_gain":0.0,"event_name":"Match and Keep!","player_choice":"1 cards matched","floor":4.0,"gold_loss":0.0,"damage_taken":0.0,"cards_obtained":["Flash of Steel"]},{"damage_healed":0.0,"max_hp_gain":0.0,"max_hp_loss":0.0,"gold_gain":0.0,"event_name":"Drug Dealer","player_choice":"Inject Mutagens","floor":19.0,"gold_loss":0.0,"damage_taken":0.0,"relics_obtained":["MutagenicStrength"]},{"damage_healed":0.0,"max_hp_gain":0.0,"max_hp_loss":0.0,"gold_gain":0.0,"event_name":"Ghosts","player_choice":"Ignored","floor":20.0,"gold_loss":0.0,"damage_taken":0.0},{"cards_removed":["Dark Embrace"],"damage_healed":0.0,"max_hp_gain":0.0,"max_hp_loss":0.0,"gold_gain":0.0,"event_name":"Back to Basics","player_choice":"Elegance","floor":21.0,"gold_loss":0.0,"damage_taken":0.0},{"damage_healed":0.0,"max_hp_gain":0.0,"max_hp_loss":0.0,"gold_gain":0.0,"event_name":"Vampires","player_choice":"Ignored","floor":27.0,"gold_loss":0.0,"damage_taken":0.0},{"damage_healed":0.0,"max_hp_gain":0.0,"max_hp_loss":0.0,"gold_gain":0.0,"event_name":"The Library","player_choice":"Read","floor":28.0,"gold_loss":0.0,"damage_taken":0.0,"cards_obtained":["Thunderclap"]},{"damage_healed":0.0,"max_hp_gain":0.0,"max_hp_loss":0.0,"gold_gain":100.0,"event_name":"Golden Shrine","player_choice":"Pray","floor":36.0,"gold_loss":0.0,"damage_taken":0.0},{"damage_healed":0.0,"max_hp_gain":0.0,"max_hp_loss":5.0,"gold_gain":0.0,"event_name":"Winding Halls","player_choice":"Max HP","floor":38.0,"gold_loss":0.0,"damage_taken":0.0},{"damage_healed":0.0,"max_hp_gain":0.0,"max_hp_loss":0.0,"gold_gain":0.0,"event_name":"MindBloom","player_choice":"Fight","floor":46.0,"gold_loss":0.0,"damage_taken":0.0}],"is_beta":false,"boss_relics":[{"not_picked":["Fusion Hammer","SlaversCollar"],"picked":"Astrolabe"},{"not_picked":["Philosopher\u0027s Stone","Black Blood"],"picked":"SacredBark"}],"items_purged_floors":[11,24,39,47],"is_endless":false,"potions_floor_spawned":[5,7,12,13,14,18,25,30,31,33,35,37,40,46,48],"ascension_level":0}}