{"host":"x1d9cj1vze2ie4yu","time":1611672181,"event":{"mods":["Act Like it!","BaseMod","Better Third Choice","Better Vampires","Conspire","Minty Spire (QoL Compilation)","Pale of the Ancients","Permanent Neow","Prisma Mod","Replay The Spire","Spicy Shops","StSLib","[IsaacMod]以撒尖塔","【功能Mod】聪明的最终Boss"],"gold_per_floor":[119,44,44,55,65,65,92,111,111,146,161,161,175,175,175,272,272,289,366,376,386,412,438,438,455,455,475,475,510,522,535,535,634,634,650,650,664,676,676,709,709,736,761,772,772,801,817,830,830,830],"floor_reached":51,"language":"ZHS","playtime":1768,"items_purged":["Defend_R"],"score":1314,"play_id":"6c74dbd7-4116-4e92-875d-00f6cd1fbd56","local_time":"20210126224301","is_ascension_mode":true,"campfire_choices":[{"data":"Bludgeon","floor":6.0,"key":"SMITH"},{"data":"Warcry","floor":12.0,"key":"SMITH"},{"data":"ReplayTheSpireMod:Stacked","floor":15.0,"key":"SMITH"},{"data":"Feed","floor":24.0,"key":"SMITH"},{"data":"Uppercut","floor":28.0,"key":"SMITH"},{"data":"Headbutt","floor":32.0,"key":"SMITH"},{"floor":49,"key":"REST"}],"circlet_count":0,"master_deck":["Strike_R","Strike_R","Strike_R","Strike_R","Strike_R","Defend_R","Defend_R","Defend_R","Bash","Warcry+1","Bludgeon+1","Uppercut+1","Headbutt+1","ReplayTheSpireMod:Stacked+1","Inflame+1","Feed+1","ReplayTheSpireMod:Stacked+1","Impervious","Warcry","Apotheosis","Iron Wave","ReplayTheSpireMod:Stacked"],"relics":["Burning Blood","HushsDoor","SatanicBible","BookOfRevelations","Iron Hammer","Painkiller Herb","ReplayTheSpireMod:TigerMarble","CaptainsWheel","Bottled Tornado","Bottled Lightning","Philosopher\u0027s Stone","conspire:InfiniteJournal","Bronze Scales","Replay:Rubber Ducky","Diplopia"],"acts_visited":["Exordium","TheCity","TheBeyond"],"potions_floor_usage":[50,50,50],"damage_taken":[{"damage":0.0,"enemies":"2 Louse","floor":1.0,"turns":4.0},{"damage":0.0,"enemies":"Cultist","floor":4.0,"turns":2.0},{"damage":7.0,"enemies":"Jaw Worm","floor":5.0,"turns":3.0},{"damage":0.0,"enemies":"3 Sentries","floor":7.0,"turns":1.0},{"damage":2.0,"enemies":"3 Louse","floor":8.0,"turns":1.0},{"damage":0.0,"enemies":"Gremlin Nob","floor":10.0,"turns":3.0},{"damage":0.0,"enemies":"Large Slime","floor":11.0,"turns":5.0},{"damage":0.0,"enemies":"Blue Slaver","floor":13.0,"turns":2.0},{"damage":4.0,"enemies":"Slime Boss","floor":16.0,"turns":9.0},{"damage":4.0,"enemies":"Chosen","floor":18.0,"turns":3.0},{"damage":0.0,"enemies":"2 Thieves","floor":20.0,"turns":2.0},{"damage":12.0,"enemies":"Chosen and Byrds","floor":21.0,"turns":4.0},{"damage":0.0,"enemies":"conspire:MimicChest","floor":22.0,"turns":3.0},{"damage":6.0,"enemies":"Gremlin Leader","floor":23.0,"turns":3.0},{"damage":0.0,"enemies":"Sentry and Sphere","floor":25.0,"turns":4.0},{"damage":0.0,"enemies":"Snake Plant","floor":27.0,"turns":2.0},{"damage":0.0,"enemies":"Book of Stabbing","floor":29.0,"turns":1.0},{"damage":0.0,"enemies":"Centurion and Healer","floor":30.0,"turns":3.0},{"damage":0.0,"enemies":"Shelled Parasite and Fungi","floor":31.0,"turns":5.0},{"damage":59.0,"enemies":"Automaton","floor":33.0,"turns":12.0},{"damage":22.0,"enemies":"3 Shapes","floor":35.0,"turns":5.0},{"damage":0.0,"enemies":"3 Darklings","floor":37.0,"turns":2.0},{"damage":0.0,"enemies":"4 Shapes","floor":38.0,"turns":2.0},{"damage":0.0,"enemies":"Reptomancer","floor":40.0,"turns":6.0},{"damage":0.0,"enemies":"Nemesis","floor":42.0,"turns":7.0},{"damage":18.0,"enemies":"Sphere and 2 Shapes","floor":44.0,"turns":4.0},{"damage":34.0,"enemies":"Reptomancer","floor":46.0,"turns":3.0},{"damage":4.0,"enemies":"Spire Growth","floor":47.0,"turns":4.0},{"damage":12,"enemies":"3 Darklings","floor":48,"turns":7},{"damage":89,"enemies":"conspire:OrnateMirror","floor":50,"turns":10}],"seed_played":"-4834417847687989731","potions_obtained":[{"floor":0.0,"key":"LiquidBronze"},{"floor":0.0,"key":"BlessingOfTheForge"},{"floor":0.0,"key":"HeartOfIron"},{"floor":5.0,"key":"Dexterity Potion"},{"floor":8.0,"key":"BloodPotion"},{"floor":16.0,"key":"SpeedPotion"},{"floor":18.0,"key":"Swift Potion"},{"floor":22.0,"key":"SkillPotion"},{"floor":25.0,"key":"SkillPotion"},{"floor":27.0,"key":"Explosive Potion"},{"floor":30.0,"key":"Block Potion"},{"floor":42.0,"key":"Toxic Potion"},{"floor":44.0,"key":"GamblersBrew"},{"floor":48,"key":"ColorlessPotion"}],"is_trial":false,"path_per_floor":["M","$","?","M","M","R","E","M","T","E","M","R","M","?","R","B",null,"?","?","?","?","?","E","T","?","T","?","T","E","?","?","T","B",null,"?","?","?","?","?","E","?","E","T","?","?","E","?","?","T","B",null],"character_chosen":"IRONCLAD","items_purchased":[],"campfire_rested":1,"item_purchase_floors":[],"current_hp_per_floor":[78,78,78,80,79,79,80,80,80,80,80,80,80,80,80,80,80,80,65,71,65,71,71,71,81,81,84,84,84,88,92,92,39,79,67,67,73,79,79,85,85,91,91,79,79,51,53,47,75,16],"gold":830,"neow_bonus":"THREE_SMALL_POTIONS","is_daily":false,"chose_seed":false,"campfire_upgraded":6,"win_rate":0.0,"timestamp":1611672181,"path_taken":["M","$","?","M","M","R","E","M","T","E","?","R","M","?","R","BOSS","?","?","?","?","?","E","T","?","T","?","T","E","?","?","T","BOSS","?","?","?","?","?","E","?","E","T","?","?","E","?","?","T","BOSS"],"items_purchased_type":[],"build_version":"2020-12-22","purchased_purges":1,"victory":true,"max_hp_per_floor":[80,80,80,80,80,80,80,80,80,80,80,80,80,80,80,80,80,80,80,80,80,80,80,80,84,84,84,84,84,88,92,92,92,92,96,96,96,96,96,96,96,96,96,96,96,96,96,96,96,99],"card_choices":[{"not_picked":[],"picked":"Bomb","floor":0.0},{"not_picked":["Dual Wield","Defy Death"],"picked":"Shrug It Off","floor":0.0},{"not_picked":["Disarm","Replay:Undeath\u0027s Touch"],"picked":"Warcry","floor":1.0},{"not_picked":["Dual Wield","Replay:Undeath\u0027s Touch"],"picked":"Bomb","floor":4.0},{"not_picked":["Armaments","Defy Death"],"picked":"Uppercut","floor":5.0},{"not_picked":["Berserk","Shockwave"],"picked":"Headbutt","floor":7.0},{"not_picked":["Havoc","Perfected Strike","Headbutt"],"picked":"SKIP","floor":8.0},{"not_picked":["Sword Boomerang","True Grit","Body Slam"],"picked":"SKIP","floor":10.0},{"not_picked":["Twin Strike","Abandon","Rage"],"picked":"SKIP","floor":11.0},{"not_picked":["Feel No Pain","Flame Barrier"],"picked":"ReplayTheSpireMod:Stacked","floor":13.0},{"not_picked":["Corruption","Hemogenesis"],"picked":"Feed","floor":16.0},{"not_picked":["Cleave","Wild Strike+1","Defy Death+1"],"picked":"SKIP","floor":18.0},{"not_picked":["Headbutt","Clash","Sword Boomerang"],"picked":"SKIP","floor":20.0},{"not_picked":["Havoc","Blood for Blood+1","Sword Boomerang"],"picked":"SKIP","floor":21.0},{"not_picked":["Sword Boomerang","Reckless Charge","Juggernaut"],"picked":"SKIP","floor":23.0},{"not_picked":["Havoc","Sword Boomerang+1","Thunderclap+1"],"picked":"SKIP","floor":25.0},{"not_picked":["Shockwave","Defy Death","ReplayTheSpireMod:Muscle Training"],"picked":"SKIP","floor":27.0},{"not_picked":["Heavy Blade","Limit Break"],"picked":"ReplayTheSpireMod:Stacked+1","floor":29.0},{"not_picked":["Body Slam","Havoc+1","Feel No Pain"],"picked":"SKIP","floor":30.0},{"not_picked":["Feel No Pain+1","Replay:Undeath\u0027s Touch","Fire Breathing"],"picked":"SKIP","floor":31.0},{"not_picked":["Replay:Many Hands","Corruption"],"picked":"Impervious","floor":33.0},{"not_picked":["Havoc","Bloodletting","Cleave+1"],"picked":"SKIP","floor":35.0},{"not_picked":["Warcry","Rupture","Thunderclap"],"picked":"SKIP","floor":37.0},{"not_picked":["Rupture","Thunderclap"],"picked":"Warcry","floor":37.0},{"not_picked":["Armaments","Replay:Undeath\u0027s Touch","Clash"],"picked":"SKIP","floor":38.0},{"not_picked":["Dramatic Entrance","Survey Options"],"picked":"Apotheosis","floor":39.0},{"not_picked":["ReplayTheSpireMod:Strike From Hell","Twin Strike+1"],"picked":"Iron Wave","floor":40.0},{"not_picked":["Entrench","Defy Death","Blood for Blood"],"picked":"SKIP","floor":42.0},{"not_picked":["ReplayTheSpireMod:Muscle Training","Flex+1","Headbutt+1"],"picked":"SKIP","floor":44.0},{"not_picked":["True Grit","Pommel Strike","Run Through+1"],"picked":"SKIP","floor":46.0},{"not_picked":["Spot Weakness","Thunderclap","True Grit"],"picked":"SKIP","floor":47.0},{"not_picked":["conspire:Purge","Heavy Blade+1"],"picked":"ReplayTheSpireMod:Stacked","floor":48}],"player_experience":71793,"relics_obtained":[{"floor":7.0,"key":"BookOfRevelations"},{"floor":10.0,"key":"Iron Hammer"},{"floor":22.0,"key":"ReplayTheSpireMod:TigerMarble"},{"floor":23.0,"key":"CaptainsWheel"},{"floor":26.0,"key":"Bottled Tornado"},{"floor":29.0,"key":"Bottled Lightning"},{"floor":40.0,"key":"conspire:InfiniteJournal"},{"floor":42.0,"key":"Bronze Scales"},{"floor":43.0,"key":"Replay:Rubber Ducky"},{"floor":46.0,"key":"Diplopia"}],"event_choices":[{"damage_healed":0.0,"max_hp_gain":0.0,"max_hp_loss":0.0,"gold_gain":0.0,"event_name":"Match and Keep!","player_choice":"1 cards matched","floor":3.0,"gold_loss":0.0,"damage_taken":0.0,"cards_obtained":["Bludgeon"]},{"damage_healed":0.0,"max_hp_gain":0.0,"max_hp_loss":0.0,"gold_gain":0.0,"event_name":"SensoryStone","player_choice":"Memory 1","floor":39.0,"gold_loss":0.0,"damage_taken":0.0},{"damage_healed":0.0,"max_hp_gain":0.0,"max_hp_loss":0.0,"gold_gain":0.0,"event_name":"conspire:Investor","player_choice":"Leave","floor":45.0,"gold_loss":0.0,"damage_taken":0.0}],"is_beta":false,"boss_relics":[{"not_picked":["Astrolabe","conspire:SeveredTorchhead"],"picked":"Painkiller Herb"},{"not_picked":[]},{"not_picked":["ChewingGum","Busted Crown"],"picked":"Philosopher\u0027s Stone"},{"not_picked":[]}],"items_purged_floors":[2],"is_endless":false,"potions_floor_spawned":[1,5,8,16,18,22,25,27,30,42,44,48],"ascension_level":7}}