{"host":"ef3ybc9bdsabvdps","time":1611662873,"event":{"mods":["BaseMod","Minty Spire (QoL Compilation)"],"gold_per_floor":[113,133,153,78,97,97,130,130,130,130,30,62,74,27,27,130,130,149,74,74,3,16,44,56,81,119,131,18,117,117,142,142,241,241,256,304,54,54,54,74,74,74,74,99,112,112,112],"floor_reached":46,"language":"KOR","playtime":2136,"items_purged":["Strike_B","Defend_B","Strike_B"],"score":620,"play_id":"ad346b3c-67fc-451a-afea-d7b1c775a51b","local_time":"20210126210753","is_ascension_mode":true,"campfire_choices":[{"data":"Zap","floor":6.0,"key":"SMITH"},{"data":"Dualcast","floor":8.0,"key":"SMITH"},{"data":"Go for the Eyes","floor":10.0,"key":"SMITH"},{"floor":15.0,"key":"REST"},{"data":"Machine Learning","floor":24.0,"key":"SMITH"},{"floor":27.0,"key":"REST"},{"floor":32.0,"key":"REST"},{"floor":41.0,"key":"REST"}],"circlet_count":0,"master_deck":["Zap+1","Dualcast+1","Tempest","Chill","Go for the Eyes+1","Gash","Scrape","Gash","Machine Learning+1","Capacitor","Blizzard","Auto Shields+1","Cold Snap","Electrodynamics","BootSequence","Madness","Madness"],"relics":["FrozenCore","Lantern","Akabeko","Bottled Flame","Empty Cage","InkBottle","MawBank","Pen Nib","Juzu Bracelet","Sundial","Turnip","Mercury Hourglass","Pantograph","Girya"],"acts_visited":["Exordium","TheCity","TheBeyond"],"potions_floor_usage":[46],"damage_taken":[{"damage":1.0,"enemies":"Cultist","floor":1.0,"turns":3.0},{"damage":0.0,"enemies":"Small Slimes","floor":2.0,"turns":3.0},{"damage":6.0,"enemies":"Jaw Worm","floor":3.0,"turns":4.0},{"damage":1.0,"enemies":"Exordium Wildlife","floor":5.0,"turns":4.0},{"damage":19.0,"enemies":"Lagavulin","floor":7.0,"turns":7.0},{"damage":15.0,"enemies":"3 Sentries","floor":12.0,"turns":6.0},{"damage":15.0,"enemies":"Gremlin Gang","floor":13.0,"turns":2.0},{"damage":12.0,"enemies":"Slime Boss","floor":16.0,"turns":7.0},{"damage":3.0,"enemies":"Chosen","floor":18.0,"turns":3.0},{"damage":12.0,"enemies":"3 Byrds","floor":22.0,"turns":3.0},{"damage":29.0,"enemies":"Slavers","floor":23.0,"turns":6.0},{"damage":20.0,"enemies":"Snake Plant","floor":25.0,"turns":4.0},{"damage":0.0,"enemies":"Gremlin Leader","floor":31.0,"turns":5.0},{"damage":49.0,"enemies":"Automaton","floor":33.0,"turns":7.0},{"damage":13.0,"enemies":"3 Darklings","floor":35.0,"turns":3.0},{"damage":42.0,"enemies":"2 Orb Walkers","floor":36.0,"turns":5.0},{"damage":1.0,"enemies":"3 Shapes","floor":40.0,"turns":5.0},{"damage":23.0,"enemies":"Nemesis","floor":44.0,"turns":7.0},{"damage":0,"enemies":"Sphere and 2 Shapes","floor":45,"turns":3},{"damage":26,"enemies":"Transient","floor":46,"turns":2}],"seed_played":"-1695601810625959383","potions_obtained":[{"floor":2.0,"key":"Strength Potion"},{"floor":3.0,"key":"Energy Potion"},{"floor":12.0,"key":"SmokeBomb"},{"floor":22.0,"key":"Regen Potion"},{"floor":25.0,"key":"Fire Potion"},{"floor":31.0,"key":"Explosive Potion"},{"floor":40.0,"key":"PowerPotion"}],"is_trial":false,"path_per_floor":["M","M","M","$","M","R","E","R","T","R","$","E","M","$","R","B",null,"M","?","T","$","M","E","R","M","T","R","$","?","?","E","R","B",null,"M","?","$","?","$","M","R","?","T","E","M","M"],"character_chosen":"DEFECT","items_purchased":["Gash","Blizzard","Mercury Hourglass"],"campfire_rested":4,"item_purchase_floors":[14,21,37],"current_hp_per_floor":[74,74,68,68,67,67,48,48,48,48,48,33,18,18,40,28,75,72,72,72,72,60,46,46,26,26,48,48,48,48,48,70,21,75,62,20,20,20,20,19,41,32,32,9,9,0,0],"gold":112,"neow_bonus":"TRANSFORM_CARD","is_daily":false,"chose_seed":false,"campfire_upgraded":4,"win_rate":0.0,"timestamp":1611662873,"path_taken":["M","?","M","$","?","R","E","R","T","R","$","E","M","$","R","BOSS","M","?","?","?","M","E","R","?","T","R","?","?","?","E","R","BOSS","M","?","$","?","?","M","R","?","T","E","M","M"],"items_purchased_type":["Card","Card","Relic"],"build_version":"2020-12-22","purchased_purges":3,"victory":false,"max_hp_per_floor":[75,75,75,75,75,75,75,75,75,75,75,75,75,75,75,75,75,75,75,75,75,75,75,75,75,75,75,75,75,75,75,75,75,75,75,75,75,75,75,75,75,75,75,75,75,75,75],"card_choices":[{"not_picked":["Rebound","Sweeping Beam"],"picked":"Chill","floor":1.0},{"not_picked":["Beam Cell","Ball Lightning"],"picked":"Go for the Eyes","floor":2.0},{"not_picked":["Skim","Redo","Streamline"],"picked":"SKIP","floor":3.0},{"not_picked":["Barrage","Beam Cell","Ball Lightning"],"picked":"SKIP","floor":5.0},{"not_picked":["Turbo","Conserve Battery"],"picked":"Gash","floor":7.0},{"not_picked":["Blizzard","Hologram","Rebound"],"picked":"SKIP","floor":12.0},{"not_picked":["Streamline","Self Repair"],"picked":"Scrape","floor":13.0},{"not_picked":["Amplify","Hyperbeam"],"picked":"Machine Learning","floor":16.0},{"not_picked":["Darkness","Cold Snap"],"picked":"Capacitor","floor":18.0},{"not_picked":["Stack+1","Ball Lightning+1"],"picked":"Auto Shields+1","floor":22.0},{"not_picked":["Recycle","Compile Driver"],"picked":"Cold Snap","floor":23.0},{"not_picked":["Steam","BootSequence","Stack"],"picked":"SKIP","floor":25.0},{"not_picked":["Rebound","Beam Cell","Sweeping Beam"],"picked":"SKIP","floor":31.0},{"not_picked":["Meteor Strike","Reboot"],"picked":"Electrodynamics","floor":33.0},{"not_picked":["Hologram","Turbo","Stack+1"],"picked":"SKIP","floor":35.0},{"not_picked":["Rip and Tear","Auto Shields"],"picked":"BootSequence","floor":36.0},{"not_picked":["Steam Power+1","Gash","Cold Snap+1"],"picked":"SKIP","floor":40.0},{"not_picked":["Compile Driver+1","Turbo","Coolheaded+1"],"picked":"SKIP","floor":44.0},{"not_picked":["Go for the Eyes+1","Cold Snap","Steam+1"],"picked":"SKIP","floor":45}],"player_experience":323924,"relics_obtained":[{"floor":7.0,"key":"Lantern"},{"floor":9.0,"key":"Akabeko"},{"floor":12.0,"key":"Bottled Flame"},{"floor":20.0,"key":"InkBottle"},{"floor":23.0,"key":"MawBank"},{"floor":26.0,"key":"Pen Nib"},{"floor":31.0,"key":"Sundial"},{"floor":36.0,"key":"Turnip"},{"floor":43.0,"key":"Pantograph"},{"floor":44.0,"key":"Girya"}],"event_choices":[{"cards_removed":["Defend_B"],"damage_healed":0.0,"max_hp_gain":0.0,"max_hp_loss":0.0,"gold_gain":0.0,"event_name":"Beggar","player_choice":"Gave Gold","floor":19.0,"gold_loss":75.0,"damage_taken":0.0},{"damage_healed":0.0,"max_hp_gain":0.0,"max_hp_loss":0.0,"gold_gain":99.0,"event_name":"Nest","player_choice":"Stole From Cult","floor":29.0,"gold_loss":0.0,"damage_taken":0.0},{"damage_healed":0.0,"max_hp_gain":0.0,"max_hp_loss":0.0,"gold_gain":0.0,"event_name":"The Mausoleum","player_choice":"Opened","floor":30.0,"gold_loss":0.0,"damage_taken":0.0,"relics_obtained":["Juzu Bracelet"]},{"damage_healed":0.0,"max_hp_gain":0.0,"max_hp_loss":0.0,"gold_gain":0.0,"event_name":"Mysterious Sphere","player_choice":"Fight","floor":36.0,"gold_loss":0.0,"damage_taken":0.0},{"cards_removed":["Defend_B"],"damage_healed":0.0,"max_hp_gain":0.0,"max_hp_loss":0.0,"gold_gain":0.0,"event_name":"Falling","player_choice":"Removed Skill","floor":38.0,"gold_loss":0.0,"damage_taken":0.0},{"damage_healed":0.0,"max_hp_gain":0.0,"max_hp_loss":0.0,"gold_gain":0.0,"event_name":"Winding Halls","player_choice":"Embrace Madness","floor":42.0,"gold_loss":0.0,"damage_taken":9.0,"cards_obtained":["Madness","Madness"]}],"is_beta":false,"boss_relics":[{"not_picked":["Ectoplasm","Fusion Hammer"],"picked":"Empty Cage"},{"not_picked":["Black Star","Velvet Choker"],"picked":"FrozenCore"}],"items_purged_floors":[4,11,28],"is_endless":false,"potions_floor_spawned":[2,3,12,22,25,31,35,40,44],"killed_by":"Transient","ascension_level":4}}