{"host":"vqgrg90fv56geajp","time":1611701542,"event":{"mods":["BaseMod","Colored Map","Colored Powertips","Minty Spire (QoL Compilation)","Quick Restart","Rare Cards Sparkle","Relic Stats"],"gold_per_floor":[111,111,124,143,108,136,136,136,136,164,179,179,198,218,218,289,289,309,46,61,61,61,61],"floor_reached":22,"language":"ENG","playtime":1200,"items_purged":["Strike_G"],"score":392,"play_id":"3a454165-4f5f-4547-97d1-e96318c1a4a0","local_time":"20210127005222","is_ascension_mode":true,"campfire_choices":[{"floor":7,"key":"REST"},{"floor":12,"key":"REST"},{"floor":15,"key":"REST"}],"circlet_count":0,"master_deck":["AscendersBane","Strike_G","Strike_G","Strike_G","Defend_G","Defend_G","Defend_G","Defend_G","Defend_G","Survivor","Neutralize","Unload","Noxious Fumes","Bane","Bane","Bane","Dodge and Roll","Well Laid Plans","Crippling Poison","Prepared","Tools of the Trade","CurseOfTheBell","PiercingWail+1","Blur","Noxious Fumes","Poisoned Stab","Cloak And Dagger"],"relics":["Ring of the Snake","StrikeDummy","Tiny Chest","Bag of Marbles","Calling Bell","Dream Catcher","Letter Opener","Shovel","Toxic Egg 2"],"acts_visited":["Exordium","TheCity"],"potions_floor_usage":[10,11,14,20,22],"damage_taken":[{"damage":4,"enemies":"Jaw Worm","floor":1,"turns":7},{"damage":0,"enemies":"2 Louse","floor":3,"turns":2},{"damage":6,"enemies":"Cultist","floor":4,"turns":4},{"damage":30,"enemies":"Gremlin Nob","floor":6,"turns":4},{"damage":17,"enemies":"Lagavulin","floor":10,"turns":6},{"damage":8,"enemies":"Looter","floor":11,"turns":3},{"damage":6,"enemies":"3 Louse","floor":13,"turns":3},{"damage":3,"enemies":"Large Slime","floor":14,"turns":8},{"damage":37,"enemies":"The Guardian","floor":16,"turns":13},{"damage":29,"enemies":"3 Byrds","floor":18,"turns":7},{"damage":48,"enemies":"Shell Parasite","floor":20,"turns":7},{"damage":7,"enemies":"Centurion and Healer","floor":22,"turns":1}],"seed_played":"-3419384497361755711","potions_obtained":[{"floor":3,"key":"Explosive Potion"},{"floor":6,"key":"LiquidBronze"},{"floor":8,"key":"EntropicBrew"},{"floor":8,"key":"CultistPotion"},{"floor":13,"key":"FairyPotion"},{"floor":16,"key":"SteroidPotion"},{"floor":20,"key":"Dexterity Potion"}],"is_trial":false,"path_per_floor":["M","?","M","M","?","E","R","?","T","E","M","R","M","M","R","B",null,"M","$","M","T","M"],"character_chosen":"THE_SILENT","items_purchased":["Blur","Noxious Fumes","Poisoned Stab"],"campfire_rested":3,"item_purchase_floors":[19,19,19],"current_hp_per_floor":[55,55,55,49,65,35,54,54,54,37,29,48,42,39,58,21,55,26,26,3,3,0,0],"gold":61,"neow_bonus":"ONE_RANDOM_RARE_CARD","is_daily":false,"chose_seed":false,"campfire_upgraded":0,"win_rate":0.0,"timestamp":1611701542,"path_taken":["M","?","M","M","?","E","R","?","T","E","M","R","M","M","R","BOSS","M","$","M","?","M"],"items_purchased_type":["Card","Card","Card"],"build_version":"2020-12-22","purchased_purges":1,"victory":false,"max_hp_per_floor":[66,66,66,66,66,66,66,66,66,66,66,66,66,66,66,66,66,66,66,66,66,66,66],"relic_stats":{"Dream Catcher":0,"Shovel":0,"counters":[12,65],"Tiny Chest":0,"Letter Opener":[0],"obtain_stats":[{"Calling Bell":17,"Dream Catcher":17,"Shovel":17,"Tiny Chest":9,"Bag of Marbles":10,"Letter Opener":17,"Toxic Egg 2":21,"StrikeDummy":6,"Ring of the Snake":0},{"Calling Bell":9,"Dream Catcher":9,"Shovel":9,"Tiny Chest":4,"Bag of Marbles":5,"Letter Opener":9,"Toxic Egg 2":11,"StrikeDummy":4,"Ring of the Snake":0},{"Calling Bell":50,"Dream Catcher":50,"Shovel":50,"Tiny Chest":17,"Bag of Marbles":23,"Letter Opener":50,"Toxic Egg 2":64,"StrikeDummy":17,"Ring of the Snake":0}],"Ring of the Snake":[24]},"card_choices":[{"not_picked":["Sucker Punch","Concentrate"],"picked":"Noxious Fumes","floor":1},{"not_picked":["Predator","Finisher","Quick Slash"],"picked":"SKIP","floor":3},{"not_picked":["Cloak And Dagger","Accuracy"],"picked":"Bane","floor":4},{"not_picked":["Underhanded Strike","Die Die Die"],"picked":"Bane","floor":6},{"not_picked":["Outmaneuver","Distraction"],"picked":"Dodge and Roll","floor":10},{"not_picked":["Acrobatics","Deadly Poison"],"picked":"Well Laid Plans","floor":11},{"not_picked":["Slice","Quick Slash"],"picked":"Crippling Poison","floor":13},{"not_picked":["Well Laid Plans","Outmaneuver"],"picked":"Prepared","floor":14},{"not_picked":["Malaise","Unload"],"picked":"Tools of the Trade","floor":16},{"not_picked":["Well Laid Plans","Backflip"],"picked":"PiercingWail+1","floor":18},{"not_picked":["Underhanded Strike","Poisoned Stab"],"picked":"Cloak And Dagger","floor":20}],"player_experience":2504600,"relics_obtained":[{"floor":6,"key":"StrikeDummy"},{"floor":9,"key":"Tiny Chest"},{"floor":10,"key":"Bag of Marbles"},{"floor":17,"key":"Dream Catcher"},{"floor":17,"key":"Letter Opener"},{"floor":17,"key":"Shovel"},{"floor":21,"key":"Toxic Egg 2"}],"event_choices":[{"damage_healed":0,"gold_gain":0,"cards_transformed":["Strike_G"],"player_choice":"Change","damage_taken":0,"max_hp_gain":0,"max_hp_loss":0,"event_name":"Living Wall","floor":2,"gold_loss":0,"cards_obtained":["Bane"]},{"damage_healed":16,"gold_gain":0,"player_choice":"Healed","damage_taken":0,"max_hp_gain":0,"max_hp_loss":0,"event_name":"The Cleric","floor":5,"gold_loss":35},{"damage_healed":0,"gold_gain":0,"player_choice":"Got Potions","damage_taken":0,"max_hp_gain":0,"max_hp_loss":0,"event_name":"Lab","floor":8,"gold_loss":0}],"is_beta":false,"boss_relics":[{"not_picked":["Black Star","Cursed Key"],"picked":"Calling Bell"}],"items_purged_floors":[19],"is_endless":false,"potions_floor_spawned":[3,6,11,13,16,20],"killed_by":"Centurion and Healer","ascension_level":20}}