{"host":"c97twqu0op5dg8i4","time":1611620028,"event":{"mods":["AchievementEnabler","BaseMod","Colored Map","Minty Spire (QoL Compilation)","Permanent Neow"],"gold_per_floor":[115,42,59,78,78,78,6,6,86,86,118,118,193,222,222,319,319,335,335,187,89,89,89,14,46,92,144,144,169,169,184,38,38,141,141,152,6,0,0,16,48,48,76,76,76,108,119,136,156,156,156,156,156,5,30,30],"floor_reached":57,"language":"ENG","playtime":6107,"items_purged":["Shame"],"score":1607,"play_id":"70d5a70a-e44c-4a12-96a6-51c3fd16fe34","local_time":"20210125191348","is_ascension_mode":true,"campfire_choices":[{"data":"Armaments","floor":6,"key":"SMITH"},{"data":"Flame Barrier","floor":10,"key":"SMITH"},{"data":"Carnage","floor":12,"key":"SMITH"},{"floor":15,"key":"REST"},{"floor":23,"key":"REST"},{"floor":28,"key":"REST"},{"floor":33,"key":"REST"},{"floor":42,"key":"RECALL"},{"floor":45,"key":"REST"},{"floor":50,"key":"REST"},{"floor":53,"key":"REST"}],"circlet_count":0,"master_deck":["Strike_R","Strike_R","Strike_R","Defend_R+1","Defend_R+1","Defend_R+1","Defend_R+1","Bash","Flame Barrier+1","Clothesline+1","Pummel","Carnage+1","Armaments+1","Fire Breathing","Inflame","Limit Break","Spot Weakness","Enlightenment","Armaments","Heavy Blade+1","Pummel","Demon Form","Heavy Blade+1","Clothesline+1","Shrug It Off","Clothesline","Barricade","Metallicize+1","Metallicize","Carnage"],"relics":["Burning Blood","Letter Opener","HornCleat","Blue Candle","War Paint","Fusion Hammer","Orichalcum","Self Forming Clay","Red Skull","Boot","Strawberry","Matryoshka","PreservedInsect","Blood Vial","MealTicket","Snecko Eye","Bag of Marbles","Red Mask","Ginger","Meat on the Bone","Pen Nib","Whetstone","Eternal Feather","Bronze Scales"],"acts_visited":["Exordium","TheCity","TheBeyond","TheEnding"],"potions_floor_usage":[29,34,34,34,34,51,55,56,56,56],"damage_taken":[{"damage":0,"enemies":"Jaw Worm","floor":1,"turns":3},{"damage":7,"enemies":"2 Louse","floor":3,"turns":3},{"damage":0,"enemies":"Cultist","floor":4,"turns":4},{"damage":6,"enemies":"Gremlin Nob","floor":11,"turns":4},{"damage":28,"enemies":"Lagavulin","floor":14,"turns":7},{"damage":28,"enemies":"Slime Boss","floor":16,"turns":8},{"damage":16,"enemies":"Chosen","floor":18,"turns":4},{"damage":27,"enemies":"Book of Stabbing","floor":25,"turns":6},{"damage":64,"enemies":"Gremlin Leader","floor":29,"turns":5},{"damage":5,"enemies":"Shell Parasite","floor":31,"turns":5},{"damage":26,"enemies":"Champ","floor":34,"turns":10},{"damage":0,"enemies":"Orb Walker","floor":36,"turns":3},{"damage":1,"enemies":"3 Shapes","floor":40,"turns":5},{"damage":16,"enemies":"Nemesis","floor":41,"turns":5},{"damage":11,"enemies":"Reptomancer","floor":43,"turns":4},{"damage":0,"enemies":"Nemesis","floor":46,"turns":3},{"damage":0,"enemies":"Jaw Worm Horde","floor":47,"turns":3},{"damage":13,"enemies":"Writhing Mass","floor":48,"turns":4},{"damage":4,"enemies":"Sphere and 2 Shapes","floor":49,"turns":7},{"damage":52,"enemies":"Awakened One","floor":51,"turns":8},{"damage":57,"enemies":"Shield and Spear","floor":55,"turns":6},{"damage":112,"enemies":"The Heart","floor":56,"turns":10}],"seed_played":"719793566999264651","potions_obtained":[{"floor":1,"key":"FearPotion"},{"floor":3,"key":"CultistPotion"},{"floor":14,"key":"Regen Potion"},{"floor":29,"key":"DuplicationPotion"},{"floor":31,"key":"EntropicBrew"},{"floor":41,"key":"GamblersBrew"},{"floor":46,"key":"Explosive Potion"},{"floor":47,"key":"DuplicationPotion"},{"floor":48,"key":"Regen Potion"},{"floor":55,"key":"Regen Potion"}],"is_trial":false,"path_per_floor":["M","$","M","M","?","R","$","?","T","R","E","R","?","E","R","B",null,"M","?","$","$","?","R","$","E","T","T","R","E","T","M","$","R","B",null,"M","$","?","?","M","E","R","E","T","R","E","M","M","M","R","B",null,"R","$","E","B",null],"character_chosen":"IRONCLAD","items_purchased":["Carnage","Fire Breathing","Orichalcum","Enlightenment","MealTicket","Bag of Marbles","Carnage","DuplicationPotion"],"campfire_rested":7,"item_purchase_floors":[2,7,20,21,32,37,54,54],"current_hp_per_floor":[72,72,71,72,58,58,58,55,55,55,55,55,44,22,43,21,59,49,42,42,42,42,63,63,42,42,49,72,14,14,17,17,40,37,69,77,79,79,79,79,69,69,66,66,79,79,79,72,76,79,57,74,79,79,52,42],"gold":30,"neow_bonus":"TRANSFORM_TWO_CARDS","is_daily":false,"chose_seed":false,"campfire_upgraded":3,"win_rate":0.0,"timestamp":1611620028,"path_taken":["M","$","M","M","?","R","$","?","T","R","E","R","?","E","R","BOSS","M","?","?","$","?","R","$","E","T","T","R","E","?","?","?","R","BOSS","M","$","?","?","M","E","R","E","T","R","E","M","M","?","R","BOSS","R","$","E","BOSS"],"items_purchased_type":["Card","Card","Relic","Card","Relic","Relic","Card","Potion"],"build_version":"2020-12-22","purchased_purges":1,"victory":true,"max_hp_per_floor":[72,72,72,72,72,72,72,72,72,72,72,72,72,72,72,72,72,72,72,72,72,72,72,72,72,72,79,79,79,79,79,79,79,79,79,79,79,79,79,79,79,79,79,79,79,79,79,79,79,79,79,79,79,79,79,79],"card_choices":[{"not_picked":["Disarm","Evolve"],"picked":"Pummel","floor":1},{"not_picked":["Heavy Blade","Pommel Strike"],"picked":"Armaments","floor":3},{"not_picked":["Hemokinesis","Blood for Blood","Armaments"],"picked":"SKIP","floor":4},{"not_picked":["Warcry","Searing Blow","Bludgeon"],"picked":"SKIP","floor":11},{"not_picked":["Sword Boomerang","Iron Wave"],"picked":"Inflame","floor":14},{"not_picked":["Exhume","Impervious"],"picked":"Limit Break","floor":16},{"not_picked":["Warcry","Sword Boomerang+1"],"picked":"Spot Weakness","floor":18},{"not_picked":["Hemokinesis","Dropkick"],"picked":"Armaments","floor":25},{"not_picked":["Iron Wave","Anger+1"],"picked":"Heavy Blade+1","floor":29},{"not_picked":["Shrug It Off+1","Twin Strike"],"picked":"Pummel","floor":31},{"not_picked":["Impervious","Juggernaut"],"picked":"Demon Form","floor":34},{"not_picked":["True Grit","Headbutt","Dual Wield+1"],"picked":"SKIP","floor":36},{"not_picked":["Anger+1","Thunderclap+1"],"picked":"Heavy Blade","floor":40},{"not_picked":["Whirlwind","Anger+1"],"picked":"Clothesline+1","floor":41},{"not_picked":["Immolate","Havoc"],"picked":"Shrug It Off","floor":43},{"not_picked":["Iron Wave","Thunderclap+1"],"picked":"Clothesline","floor":46},{"not_picked":["Body Slam+1","Burning Pact+1"],"picked":"Barricade","floor":47},{"not_picked":["True Grit","Inflame+1"],"picked":"Metallicize+1","floor":48},{"not_picked":["Flex","Sever Soul"],"picked":"Metallicize","floor":49},{"not_picked":["Dropkick","Searing Blow+1","Havoc"],"picked":"SKIP","floor":55}],"player_experience":303048,"relics_obtained":[{"floor":9,"key":"HornCleat"},{"floor":11,"key":"Blue Candle"},{"floor":14,"key":"War Paint"},{"floor":25,"key":"Red Skull"},{"floor":26,"key":"Boot"},{"floor":27,"key":"Strawberry"},{"floor":29,"key":"Matryoshka"},{"floor":30,"key":"PreservedInsect"},{"floor":30,"key":"Blood Vial"},{"floor":41,"key":"Meat on the Bone"},{"floor":43,"key":"Pen Nib"},{"floor":44,"key":"Whetstone"},{"floor":46,"key":"Eternal Feather"},{"floor":55,"key":"Bronze Scales"}],"event_choices":[{"damage_healed":0,"gold_gain":0,"player_choice":"Entered Light","damage_taken":14,"max_hp_gain":0,"max_hp_loss":0,"event_name":"Shining Light","floor":5,"gold_loss":0,"cards_upgraded":["Defend_R","Defend_R"]},{"damage_healed":0,"gold_gain":0,"player_choice":"Success","damage_taken":3,"relics_obtained":["Letter Opener"],"max_hp_gain":0,"max_hp_loss":0,"event_name":"Scrap Ooze","floor":8,"gold_loss":0},{"damage_healed":0,"gold_gain":75,"player_choice":"Gather Gold","damage_taken":11,"max_hp_gain":0,"max_hp_loss":0,"event_name":"World of Goop","floor":13,"gold_loss":0},{"damage_healed":0,"gold_gain":0,"player_choice":"Damaged","damage_taken":7,"max_hp_gain":0,"max_hp_loss":0,"event_name":"Wheel of Change","floor":19,"gold_loss":0},{"damage_healed":0,"gold_gain":0,"player_choice":"Stole Relic","damage_taken":0,"relics_obtained":["Self Forming Clay"],"max_hp_gain":0,"max_hp_loss":0,"event_name":"Addict","floor":22,"gold_loss":0,"cards_obtained":["Shame"]},{"damage_healed":0,"gold_gain":0,"player_choice":"Paid","damage_taken":0,"relics_obtained":["Red Mask"],"max_hp_gain":0,"max_hp_loss":0,"event_name":"Tomb of Lord Red Mask","floor":38,"gold_loss":6},{"damage_healed":0,"gold_gain":0,"player_choice":"Gave Potion","damage_taken":0,"relics_obtained":["Ginger"],"max_hp_gain":0,"max_hp_loss":0,"event_name":"WeMeetAgain","floor":39,"gold_loss":0}],"is_beta":false,"boss_relics":[{"not_picked":["Empty Cage","Cursed Key"],"picked":"Fusion Hammer"},{"not_picked":["Runic Pyramid","Coffee Dripper"],"picked":"Snecko Eye"}],"items_purged_floors":[24],"is_endless":false,"potions_floor_spawned":[1,3,14,16,18,29,31,41,46,47,48,55],"ascension_level":7}}