{"host":"w9njud19qyl0lpz1","time":1611683874,"event":{"mods":["BaseMod","Minty Spire (QoL Compilation)","StSLib"],"gold_per_floor":[113,113,133,133,145,170,170,183,183,183,212,212,15,32,32,127,127,138,151,76,93,7,7,7,7,56,86,86,96,111,123,123,219,219,234,284,329,343,359,359,375,129,129,149,169,169,17,17,17,17],"floor_reached":51,"language":"ENG","playtime":7259,"items_purged":["Strike_R","Strike_R"],"score":729,"play_id":"4814c990-c4ce-4a9b-888f-055c31a26e5a","local_time":"20210126125754","is_ascension_mode":false,"campfire_choices":[{"data":"Armaments","floor":7,"key":"SMITH"},{"data":"Rupture","floor":10,"key":"SMITH"},{"data":"Metamorphosis","floor":15,"key":"SMITH"},{"data":"Double Tap","floor":23,"key":"SMITH"},{"data":"Combust","floor":25,"key":"SMITH"},{"data":"Second Wind","floor":28,"key":"SMITH"},{"data":"Searing Blow","floor":32,"key":"SMITH"},{"data":"Searing Blow+1","floor":40,"key":"SMITH"},{"data":"Searing Blow+2","floor":49,"key":"SMITH"}],"circlet_count":0,"master_deck":["Strike_R","Strike_R+1","Defend_R","Defend_R","Defend_R","Defend_R","Bash","Armaments+1","Clothesline+1","Combust+1","Power Through","Rupture+1","Metamorphosis+1","Double Tap+1","Second Wind+1","Seeing Red+1","Dramatic Entrance+1","Searing Blow+3","Disarm","Feed","CurseOfTheBell","Shockwave","Warcry+1","Heavy Blade","Bludgeon","Infernal Blade+1","Spot Weakness+1"],"relics":["Black Blood","Pocketwatch","Strawberry","Letter Opener","Dead Branch","Gremlin Horn","Bronze Scales","Whetstone","Calling Bell","Nunchaku","Meat on the Bone","FossilizedHelix","Unceasing Top","Thread and Needle","Toxic Egg 2"],"acts_visited":["Exordium","TheCity","TheBeyond"],"potions_floor_usage":[6,6,16,27,37,39,41,50,50,50],"damage_taken":[{"damage":6,"enemies":"2 Louse","floor":1,"turns":2},{"damage":8,"enemies":"Jaw Worm","floor":3,"turns":3},{"damage":4,"enemies":"Cultist","floor":5,"turns":3},{"damage":20,"enemies":"Lagavulin","floor":6,"turns":5},{"damage":4,"enemies":"Blue Slaver","floor":8,"turns":4},{"damage":12,"enemies":"3 Sentries","floor":11,"turns":6},{"damage":7,"enemies":"Looter","floor":14,"turns":2},{"damage":19,"enemies":"Hexaghost","floor":16,"turns":7},{"damage":10,"enemies":"Chosen","floor":18,"turns":4},{"damage":4,"enemies":"Shell Parasite","floor":19,"turns":3},{"damage":15,"enemies":"Chosen and Byrds","floor":21,"turns":5},{"damage":14,"enemies":"Book of Stabbing","floor":27,"turns":4},{"damage":9,"enemies":"Snecko","floor":29,"turns":1},{"damage":5,"enemies":"Snake Plant","floor":30,"turns":3},{"damage":4,"enemies":"Cultist and Chosen","floor":31,"turns":4},{"damage":16,"enemies":"Collector","floor":33,"turns":4},{"damage":0,"enemies":"Orb Walker","floor":35,"turns":2},{"damage":5,"enemies":"Mind Bloom Boss Battle","floor":36,"turns":8},{"damage":24,"enemies":"2 Orb Walkers","floor":37,"turns":4},{"damage":2,"enemies":"3 Darklings","floor":38,"turns":4},{"damage":24,"enemies":"Transient","floor":39,"turns":5},{"damage":8,"enemies":"Spire Growth","floor":41,"turns":5},{"damage":9,"enemies":"Jaw Worm Horde","floor":44,"turns":2},{"damage":1,"enemies":"Maw","floor":45,"turns":6},{"damage":56,"enemies":"Time Eater","floor":50,"turns":9}],"seed_played":"8484832802460440057","potions_obtained":[{"floor":1,"key":"EssenceOfSteel"},{"floor":3,"key":"DuplicationPotion"},{"floor":8,"key":"LiquidMemories"},{"floor":11,"key":"Explosive Potion"},{"floor":14,"key":"LiquidMemories"},{"floor":18,"key":"BloodPotion"},{"floor":27,"key":"BloodPotion"},{"floor":33,"key":"Energy Potion"},{"floor":36,"key":"Ancient Potion"},{"floor":38,"key":"SteroidPotion"},{"floor":41,"key":"Dexterity Potion"}],"is_trial":false,"path_per_floor":["M","?","M","$","M","E","R","M","T","R","E","T","$","M","R","B",null,"M","M","$","M","$","R","?","R","T","E","R","M","M","M","R","B",null,"M","?","?","M","M","R","M","$","T","M","M","?","$","?","R","B",null],"character_chosen":"IRONCLAD","items_purchased":["Metamorphosis","Dramatic Entrance","Heavy Blade","HeartOfIron","Spot Weakness+1","LiquidMemories"],"campfire_rested":0,"item_purchase_floors":[13,22,42,42,47,47],"current_hp_per_floor":[72,72,70,70,72,65,65,67,67,67,61,61,61,60,60,47,79,79,79,79,76,76,76,76,76,76,74,74,77,79,79,79,75,79,79,79,67,77,65,65,72,72,72,75,82,82,82,82,82,54],"gold":17,"neow_bonus":"ONE_RARE_RELIC","is_daily":false,"chose_seed":false,"campfire_upgraded":9,"win_rate":0.0,"timestamp":1611683874,"path_taken":["M","?","M","$","M","E","R","M","T","R","E","?","$","M","R","BOSS","M","M","$","M","$","R","?","R","T","E","R","M","M","?","R","BOSS","M","?","?","M","?","R","M","$","T","M","M","?","$","?","R","BOSS"],"items_purchased_type":["Card","Card","Card","Potion","Card","Potion"],"build_version":"2020-12-22","purchased_purges":2,"victory":true,"max_hp_per_floor":[72,72,72,72,72,79,79,79,79,79,79,79,79,79,79,79,79,79,79,79,79,79,79,79,79,79,79,79,79,79,79,79,79,79,79,79,79,79,79,79,82,82,82,82,82,82,82,82,82,82],"card_choices":[{"not_picked":["Uppercut","Perfected Strike"],"picked":"Armaments","floor":1},{"not_picked":["Warcry","Cleave"],"picked":"Clothesline","floor":3},{"not_picked":["Dark Embrace","Anger"],"picked":"Combust","floor":5},{"not_picked":["Rage","Clothesline"],"picked":"Power Through","floor":6},{"not_picked":["Pommel Strike","Thunderclap"],"picked":"Rupture","floor":8},{"not_picked":["Berserk","Metallicize","Rage"],"picked":"SKIP","floor":11},{"not_picked":["Clothesline","Cleave","Wild Strike"],"picked":"SKIP","floor":14},{"not_picked":["Barricade","Feed"],"picked":"Double Tap","floor":16},{"not_picked":["Burning Pact","Evolve"],"picked":"Second Wind","floor":18},{"not_picked":["True Grit+1","Clash"],"picked":"Seeing Red+1","floor":19},{"not_picked":["Disarm","Dark Embrace","Thunderclap"],"picked":"SKIP","floor":21},{"not_picked":["Pummel","Demon Form","Second Wind"],"picked":"SKIP","floor":27},{"not_picked":["Intimidate+1","Armaments","Anger"],"picked":"SKIP","floor":29},{"not_picked":["Sword Boomerang","Clash"],"picked":"Searing Blow","floor":30},{"not_picked":["Combust+1","Entrench"],"picked":"Disarm","floor":31},{"not_picked":["Berserk","Immolate"],"picked":"Feed","floor":33},{"not_picked":["Rupture","Warcry+1","True Grit"],"picked":"SKIP","floor":35},{"not_picked":["Dark Embrace","Havoc"],"picked":"Shockwave","floor":36},{"not_picked":["True Grit","Wild Strike"],"picked":"Warcry+1","floor":38},{"not_picked":["Clothesline+1","Whirlwind","Body Slam"],"picked":"SKIP","floor":39},{"not_picked":["Headbutt","Armaments+1","Cleave"],"picked":"SKIP","floor":41},{"not_picked":["Havoc+1","Searing Blow+1"],"picked":"Bludgeon","floor":44},{"not_picked":["Intimidate+1","Perfected Strike"],"picked":"Infernal Blade+1","floor":45}],"player_experience":2281365,"relics_obtained":[{"floor":6,"key":"Strawberry"},{"floor":9,"key":"Letter Opener"},{"floor":11,"key":"Dead Branch"},{"floor":12,"key":"Gremlin Horn"},{"floor":26,"key":"Bronze Scales"},{"floor":27,"key":"Whetstone"},{"floor":34,"key":"Nunchaku"},{"floor":34,"key":"Meat on the Bone"},{"floor":34,"key":"FossilizedHelix"},{"floor":36,"key":"Unceasing Top"},{"floor":37,"key":"Thread and Needle"},{"floor":43,"key":"Toxic Egg 2"}],"event_choices":[{"damage_healed":0,"gold_gain":0,"player_choice":"Ignored","damage_taken":0,"max_hp_gain":0,"max_hp_loss":0,"event_name":"Shining Light","floor":2,"gold_loss":0},{"damage_healed":0,"gold_gain":0,"player_choice":"Forge","damage_taken":0,"max_hp_gain":0,"max_hp_loss":0,"event_name":"Accursed Blacksmith","floor":24,"gold_loss":0,"cards_upgraded":["Dramatic Entrance"]},{"damage_healed":0,"gold_gain":0,"player_choice":"Fight","damage_taken":0,"max_hp_gain":0,"max_hp_loss":0,"event_name":"MindBloom","floor":36,"gold_loss":0},{"damage_healed":0,"gold_gain":0,"player_choice":"Fight","damage_taken":0,"max_hp_gain":0,"max_hp_loss":0,"event_name":"Mysterious Sphere","floor":37,"gold_loss":0},{"damage_healed":0,"gold_gain":0,"player_choice":"Ignored","damage_taken":0,"max_hp_gain":0,"max_hp_loss":0,"event_name":"Tomb of Lord Red Mask","floor":46,"gold_loss":0},{"cards_removed":["Strike_R"],"damage_healed":0,"gold_gain":0,"player_choice":"Purged","damage_taken":0,"max_hp_gain":0,"max_hp_loss":0,"event_name":"Purifier","floor":48,"gold_loss":0}],"is_beta":false,"boss_relics":[{"not_picked":["Cursed Key","Runic Dome"],"picked":"Black Blood"},{"not_picked":["Runic Cube","Mark of Pain"],"picked":"Calling Bell"}],"items_purged_floors":[20,42],"is_endless":false,"potions_floor_spawned":[1,3,8,11,14,18,19,27,29,33,36,38,41,44],"ascension_level":0}}