{"host":"fkig9nrckec4xsh0","time":1611622454,"event":{"mods":["Act Like it!","BaseMod","Colored Map","Gensokyo","Hermit","Marisa????????","Minty Spire (QoL Compilation)","Quick Restart","Replay The Spire","StSLib"],"gold_per_floor":[116,13,26,26,26,343,178,391,465,465,465,481,508,522,522,626,726,740,740,740,740,740,765,784,784,784],"floor_reached":25,"language":"ENG","playtime":1084,"items_purged":[],"score":221,"play_id":"f6e857f8-5648-45e1-8fdc-022bfc176d59","local_time":"20210125195414","is_ascension_mode":false,"campfire_choices":[{"floor":11,"key":"REST"}],"circlet_count":0,"master_deck":["hermit:Strike_Hermit","hermit:Strike_Hermit","hermit:Defend_Hermit","hermit:Defend_Hermit","hermit:Defend_Hermit","hermit:Snapshot","hermit:Covet","hermit:Headshot","hermit:ItchyTrigger+1","hermit:Glare","hermit:TakeCover","hermit:GoldenBullet","hermit:Quickdraw+1","hermit:Determination+1","hermit:HoleUp","hermit:SprayPray","hermit:Gestalt","hermit:CursedWeapon","hermit:FromBeyond+1","hermit:Ricochet+1","Shame","Night Terror","hermit:Misfire","hermit:WideOpen"],"relics":["hermit:Momento","NeowsBlessing","Shuriken","ReplayFunnel","Smiling Mask","Replay:Wanted Poster","Replay:Mystery Machine"],"acts_visited":["Exordium","Gensokyo:Gensokyo"],"potions_floor_usage":[12],"damage_taken":[{"damage":0,"enemies":"Gensokyo:3_Fairies","floor":1,"turns":2},{"damage":0,"enemies":"Gensokyo:Python","floor":3,"turns":2},{"damage":8,"enemies":"Gensokyo:2_Kodama","floor":6,"turns":4},{"damage":15,"enemies":"Gensokyo:Gryphon_and_Rabbit","floor":8,"turns":5},{"damage":0,"enemies":"Gensokyo:Kitsune","floor":12,"turns":2},{"damage":1,"enemies":"Gensokyo:Mamizou","floor":13,"turns":6},{"damage":0,"enemies":"Gensokyo:VengefulSpirit","floor":14,"turns":2},{"damage":30,"enemies":"Gensokyo:Kokoro","floor":16,"turns":12},{"damage":46,"enemies":"Gensokyo:3_Dogs","floor":18,"turns":6},{"damage":16,"enemies":"Gensokyo:Tenshi","floor":23,"turns":5},{"damage":0,"enemies":"Gensokyo:Chomper","floor":24,"turns":3},{"damage":17,"enemies":"Gensokyo:Monolith_and_Dog","floor":25,"turns":2}],"seed_played":"9135440757149819127","potions_obtained":[{"floor":3,"key":"Explosive Potion"},{"floor":8,"key":"Dexterity Potion"}],"is_trial":false,"path_per_floor":["M","COS","M","?","?","M","$","M","T","?","R","M","E","M","R_BF","B",null,"M","$","?","?","?","E","M","M"],"character_chosen":"HERMIT","items_purchased":["hermit:Quickdraw+1","hermit:Determination","hermit:HoleUp"],"campfire_rested":1,"item_purchase_floors":[7,7,7],"current_hp_per_floor":[75,75,75,75,75,67,67,52,52,22,44,44,43,43,65,35,75,29,29,29,29,22,6,6,0,0],"gold":784,"neow_bonus":"THREE_ENEMY_KILL","is_daily":false,"chose_seed":false,"campfire_upgraded":0,"win_rate":0.0,"timestamp":1611622454,"path_taken":["M","COS","M","?","?","?","?","M","T","?","R","M","E","?","R_BF","BOSS","M","$","?","?","?","E","M","M"],"items_purchased_type":["Card","Card","Card"],"build_version":"2020-12-22","purchased_purges":0,"victory":false,"max_hp_per_floor":[75,75,75,75,75,75,75,75,75,75,75,75,75,75,75,75,75,75,75,75,75,75,75,75,75,75],"card_choices":[{"not_picked":["hermit:Combo","hermit:Dive"],"picked":"hermit:Headshot","floor":1},{"not_picked":["hermit:Maintenance","hermit:Gambit"],"picked":"hermit:ItchyTrigger","floor":3},{"not_picked":["hermit:LowProfile","hermit:Maintenance"],"picked":"hermit:Glare","floor":5},{"not_picked":["hermit:LowProfile","hermit:HoleUp"],"picked":"hermit:TakeCover","floor":5},{"not_picked":["hermit:SprayPray","hermit:TrackingShot"],"picked":"hermit:GoldenBullet","floor":6},{"not_picked":["hermit:Dive","hermit:Showdown"],"picked":"hermit:SprayPray","floor":8},{"not_picked":["hermit:Headshot","hermit:Coalescence"],"picked":"hermit:Gestalt","floor":12},{"not_picked":["hermit:Quickdraw","hermit:Midnight","hermit:Coalescence"],"picked":"SKIP","floor":13},{"not_picked":["hermit:Glare","hermit:Snipe"],"picked":"hermit:CursedWeapon","floor":14},{"not_picked":["hermit:Dissolve","hermit:HighNoon"],"picked":"hermit:FromBeyond","floor":16},{"not_picked":["hermit:Dive","hermit:ItchyTrigger"],"picked":"hermit:Ricochet","floor":18},{"not_picked":["hermit:Maintenance","hermit:HighCaliber"],"picked":"hermit:Misfire","floor":23},{"not_picked":["hermit:Glare","hermit:Dive"],"picked":"hermit:WideOpen","floor":24}],"player_experience":405317,"relics_obtained":[{"floor":9,"key":"Shuriken"},{"floor":13,"key":"Smiling Mask"},{"floor":23,"key":"Replay:Mystery Machine"}],"event_choices":[],"is_beta":false,"boss_relics":[{"not_picked":["Sozu","ReplayTheSpireMod:DimensionalGlitch"],"picked":"Replay:Wanted Poster"}],"items_purged_floors":[],"is_endless":false,"potions_floor_spawned":[3,8],"killed_by":"Gensokyo:Monolith_and_Dog","ascension_level":0}}