{"host":"vyjryxuuuxkt43k4","time":1611661148,"event":{"mods":["AchievementEnabler","BaseMod","Colored Map","DeckTracker","Keyboard Shortcuts","Minty Spire (QoL Compilation)","Permanent Neow","Quick Restart","Rare Cards Sparkle","StSLib","SuperFastMode","everything is the same but u backflip on backflip"],"gold_per_floor":[113,128,146,164,164,164,199,199,273,306,64,88,88,113,113,113,113],"floor_reached":16,"language":"KOR","playtime":518,"items_purged":["Strike_R"],"score":224,"play_id":"94c9b16d-dd27-494d-8cf8-51662a9f8d70","local_time":"20210126203908","is_ascension_mode":true,"campfire_choices":[{"data":"Burning Pact","floor":6.0,"key":"SMITH"},{"data":"Entrench","floor":15,"key":"SMITH"}],"circlet_count":0,"master_deck":["AscendersBane","Defend_R","Defend_R","Defend_R","Defend_R","Bash","Burning Pact+1","Feed","Carnage","Shrug It Off","Fire Breathing","Shrug It Off","Entrench+1","Pommel Strike"],"relics":["Burning Blood","FossilizedHelix","Golden Idol","Mummified Hand","Bag of Preparation","Oddly Smooth Stone"],"acts_visited":["Exordium"],"potions_floor_usage":[16,16,16,16],"damage_taken":[{"damage":8.0,"enemies":"Jaw Worm","floor":1.0,"turns":6.0},{"damage":7.0,"enemies":"Small Slimes","floor":2.0,"turns":3.0},{"damage":0.0,"enemies":"2 Louse","floor":3.0,"turns":3.0},{"damage":4.0,"enemies":"2 Fungi Beasts","floor":4.0,"turns":4.0},{"damage":35.0,"enemies":"Lagavulin","floor":7.0,"turns":6.0},{"damage":14.0,"enemies":"3 Sentries","floor":10.0,"turns":5.0},{"damage":12,"enemies":"Large Slime","floor":12,"turns":7},{"damage":4,"enemies":"Blue Slaver","floor":14,"turns":4},{"damage":27,"enemies":"Hexaghost","floor":16,"turns":9}],"seed_played":"-475759534838203813","potions_obtained":[{"floor":1.0,"key":"FearPotion"},{"floor":7.0,"key":"EntropicBrew"},{"floor":12,"key":"Fire Potion"}],"is_trial":false,"path_per_floor":["M","M","M","M","?","R","E","?","T","E","$","M","?","M","R","B"],"character_chosen":"IRONCLAD","items_purchased":["Oddly Smooth Stone"],"campfire_rested":0,"item_purchase_floors":[11],"current_hp_per_floor":[51,53,62,64,64,64,35,35,35,30,30,24,17,22,22,0,0],"gold":113,"neow_bonus":"TRANSFORM_TWO_CARDS","is_daily":false,"chose_seed":false,"campfire_upgraded":2,"win_rate":0.0,"timestamp":1611661148,"path_taken":["M","M","M","M","?","R","E","?","T","E","$","M","?","M","R","BOSS"],"items_purchased_type":["Relic"],"build_version":"2020-12-22","purchased_purges":1,"victory":false,"max_hp_per_floor":[78,81,84,84,84,84,84,76,76,79,79,79,79,82,82,82,82],"card_choices":[{"not_picked":["Flex","Blood for Blood"],"picked":"Carnage","floor":1.0},{"not_picked":["Body Slam","Thunderclap"],"picked":"Shrug It Off","floor":2.0},{"not_picked":["Cleave","Seeing Red","Iron Wave"],"picked":"SKIP","floor":3.0},{"not_picked":["Cleave","Sword Boomerang","Infernal Blade"],"picked":"SKIP","floor":4.0},{"not_picked":["Clothesline","Brutality"],"picked":"Shrug It Off","floor":7.0},{"not_picked":["Clothesline","Rampage"],"picked":"Entrench","floor":10.0},{"not_picked":["Armaments","Thunderclap"],"picked":"Pommel Strike","floor":12},{"not_picked":["Heavy Blade","Anger","Flex"],"picked":"SKIP","floor":14}],"player_experience":377332,"relics_obtained":[{"floor":7.0,"key":"FossilizedHelix"},{"floor":9.0,"key":"Mummified Hand"},{"floor":10.0,"key":"Bag of Preparation"}],"event_choices":[{"damage_healed":0.0,"max_hp_gain":0.0,"max_hp_loss":0.0,"gold_gain":0.0,"cards_transformed":["Strike_R"],"event_name":"Living Wall","player_choice":"Change","floor":5.0,"gold_loss":0.0,"damage_taken":0.0,"cards_obtained":["Fire Breathing"]},{"damage_healed":0.0,"max_hp_gain":0.0,"max_hp_loss":8.0,"gold_gain":0.0,"event_name":"Golden Idol","player_choice":"Lose Max HP","floor":8.0,"gold_loss":0.0,"damage_taken":0.0,"relics_obtained":["Golden Idol"]},{"cards_removed":["Strike_R"],"damage_healed":0,"gold_gain":0,"player_choice":"Card Removal","damage_taken":7,"max_hp_gain":0,"max_hp_loss":0,"event_name":"Golden Wing","floor":13,"gold_loss":0}],"is_beta":false,"boss_relics":[],"items_purged_floors":[11],"is_endless":false,"potions_floor_spawned":[1,7,12],"killed_by":"Hexaghost","ascension_level":20}}