{"host":"hfxahm4y1ssattqc","time":1611630840,"event":{"mods":["2.2 Compatiblity","Act Like it!","Aspiration","BaseMod","Beaked The Cultist","Better Third Choice","BetterRewards","Colored Map","Colored Powertips","Custom Start","Googly Eyes","Halation","Hallownest","Hermit","Highlight Path","Hubris","Mimic Mod","Minty Spire (QoL Compilation)","Reorder Act Four","Shop Mod","Spikes Relics","StSLib","The Bug Knight","The IronCluck","The Jungle","Unknown Chances","slay the spire mod where everything is the same but ironclad has a cowboy hat"],"gold_per_floor":[119,119,119,42,57,57,89,89,89,89,101,117,117,117,117,117,117],"floor_reached":16,"language":"ENG","playtime":467,"items_purged":[],"score":98,"play_id":"183a44fc-6bab-4d23-9461-f715226ae5fc","local_time":"20210125191400","is_ascension_mode":false,"campfire_choices":[{"data":"hermit:TakeAim","floor":6,"key":"SMITH"},{"floor":8,"key":"REST"},{"data":"1","floor":10,"key":"LIFT"},{"floor":15,"key":"REST"}],"circlet_count":0,"master_deck":["hermit:Strike_Hermit","hermit:Strike_Hermit","hermit:Strike_Hermit","hermit:Strike_Hermit","hermit:Defend_Hermit","hermit:Defend_Hermit","hermit:Defend_Hermit","hermit:Snapshot","hermit:Covet","Clumsy","hermit:FatalDesire","hermit:Combo","hermit:EternalForm","hermit:TakeAim+1","hermit:Headshot"],"relics":["hermit:Momento","Orichalcum","Girya","hubris:MedicalManual","hubris:ToyBattleship"],"acts_visited":["Exordium"],"potions_floor_usage":[16,16,16],"damage_taken":[{"damage":2,"enemies":"2 Louse","floor":1,"turns":2},{"damage":5,"enemies":"Small Slimes","floor":5,"turns":4},{"damage":42,"enemies":"Lagavulin","floor":7,"turns":9},{"damage":0,"enemies":"Cultist","floor":11,"turns":3},{"damage":15,"enemies":"Looter","floor":12,"turns":4},{"damage":54,"enemies":"The Guardian","floor":16,"turns":12}],"seed_played":"920575273376706639","potions_obtained":[{"floor":1,"key":"FearPotion"},{"floor":5,"key":"FearPotion"},{"floor":14,"key":"ColorlessPotion"},{"floor":14,"key":"SpeedPotion"}],"is_trial":false,"path_per_floor":["M","?","?","$","M","R","E","R","T","R","M","M","?","?","R","B"],"character_chosen":"HERMIT","items_purchased":["hermit:TakeAim"],"campfire_rested":2,"item_purchase_floors":[4],"current_hp_per_floor":[73,70,70,70,65,65,23,45,45,45,45,30,30,30,52,0,0],"gold":117,"neow_bonus":"THREE_RARE_CARDS","is_daily":false,"chose_seed":false,"campfire_upgraded":1,"win_rate":0.0,"timestamp":1611630840,"path_taken":["M","?","?","$","M","R","E","R","T","R","?","M","?","?","R","BOSS"],"items_purchased_type":["Card"],"build_version":"2020-12-22","purchased_purges":0,"victory":false,"max_hp_per_floor":[75,75,75,75,75,75,75,75,75,75,75,75,75,75,75,75,75],"card_choices":[{"not_picked":["hermit:FinalCanter","hermit:Reprieve"],"picked":"hermit:FatalDesire","floor":0},{"not_picked":["hermit:BigShot","hermit:SprayPray"],"picked":"hermit:Combo","floor":1},{"not_picked":["hermit:DeadMansHand","hermit:Vantage"],"picked":"hermit:Headshot","floor":5},{"not_picked":["hermit:LowProfile","hermit:Misfire","hermit:GhostlyPresence"],"picked":"SKIP","floor":7},{"not_picked":["hermit:CalledShot","hermit:LuckOfTheDraw","hermit:ItchyTrigger"],"picked":"SKIP","floor":11},{"not_picked":["hermit:PistolWhip","hermit:FromBeyond","hermit:CalledShot"],"picked":"SKIP","floor":12}],"player_experience":911740,"relics_obtained":[{"floor":7,"key":"Girya"},{"floor":9,"key":"hubris:MedicalManual"}],"event_choices":[{"damage_healed":0,"gold_gain":0,"player_choice":"Relic ","damage_taken":3,"max_hp_gain":0,"max_hp_loss":0,"event_name":"betterThird:BetterScrap","floor":2,"gold_loss":0,"cards_obtained":["Rainbow"]},{"damage_healed":0,"gold_gain":0,"cards_transformed":["hermit:Defend_Hermit"],"player_choice":"Transformed","damage_taken":0,"max_hp_gain":0,"max_hp_loss":0,"event_name":"Transmorgrifier","floor":3,"gold_loss":0,"cards_obtained":["hermit:EternalForm"]},{"damage_healed":0,"gold_gain":0,"player_choice":"Searched \u00271\u0027 times","damage_taken":0,"relics_obtained":["hubris:ToyBattleship"],"max_hp_gain":0,"max_hp_loss":0,"event_name":"Dead Adventurer","floor":13,"gold_loss":0},{"damage_healed":0,"gold_gain":0,"player_choice":"Got Potions","damage_taken":0,"max_hp_gain":0,"max_hp_loss":0,"event_name":"Lab","floor":14,"gold_loss":0}],"is_beta":false,"boss_relics":[],"items_purged_floors":[],"is_endless":false,"potions_floor_spawned":[1,5],"killed_by":"The Guardian","ascension_level":0}}