{"host":"jnjxzd6rarbui4j8","time":1611638374,"event":{"mods":["AchievementEnabler","BaseMod","Colored Map","Highlight Path","Minty Spire (QoL Compilation)","Relic Stats","StSLib"],"gold_per_floor":[111,186,111,127,140,140,140,140,165,175,210,220,230,265,265,337,337,350,367,36,36,47,73,73,99,174,174,185,185,202,229,229,307,307,326,345,33,58,58,86,86,116,141,141,159,219,245,257,269,281,293,305,317,1,51,51,51],"floor_reached":56,"language":"ENG","playtime":13774,"items_purged":["Strike_G","Defend_G"],"score":2185,"play_id":"4a25cf47-cb87-4547-8ca5-f813d1891b36","local_time":"20210126001934","is_ascension_mode":true,"campfire_choices":[{"data":"Blade Dance","floor":6.0,"key":"SMITH"},{"data":"Deadly Poison","floor":8.0,"key":"SMITH"},{"data":"Wraith Form v2","floor":15.0,"key":"SMITH"},{"data":"Noxious Fumes","floor":24.0,"key":"SMITH"},{"data":"Neutralize","floor":27.0,"key":"SMITH"},{"data":"Adrenaline","floor":29.0,"key":"SMITH"},{"data":"Distraction","floor":32.0,"key":"SMITH"},{"data":"Deadly Poison","floor":41.0,"key":"SMITH"},{"floor":44.0,"key":"RECALL"},{"data":"Accuracy","floor":49.0,"key":"SMITH"},{"floor":53,"key":"REST"}],"circlet_count":0,"master_deck":["AscendersBane","Defend_G","Defend_G","Survivor","Neutralize+1","Dodge and Roll","Distraction+1","Flying Knee+1","Blade Dance+1","Deadly Poison+1","Accuracy+1","Bane+1","Dodge and Roll","Wraith Form v2+1","Adrenaline+1","PiercingWail","Noxious Fumes+1","Leg Sweep","Storm of Steel","Venomology","Cloak And Dagger+1","Acrobatics+1","Venomology+1","Wraith Form v2+1","Noxious Fumes+1","Deadly Poison+1","Madness+1","Madness+1","Calculated Gamble","Leg Sweep","Backflip"],"relics":["Ring of the Snake","Oddly Smooth Stone","Meat on the Bone","Du-Vu Doll","Runic Pyramid","Toolbox","Potion Belt","Sundial","Frozen Egg 2","Orichalcum","Astrolabe","DollysMirror","Peace Pipe","Ice Cream","Whetstone","MawBank","War Paint","Mummified Hand","Blue Candle"],"acts_visited":["Exordium","TheCity","TheBeyond","TheEnding"],"potions_floor_usage":[50,50,51,51,51,55,55,55,56,56,56,56,56],"damage_taken":[{"damage":1.0,"enemies":"Small Slimes","floor":1.0,"turns":5.0},{"damage":4.0,"enemies":"Jaw Worm","floor":4.0,"turns":4.0},{"damage":0.0,"enemies":"Cultist","floor":5.0,"turns":3.0},{"damage":0.0,"enemies":"Red Slaver","floor":10.0,"turns":5.0},{"damage":5.0,"enemies":"Lagavulin","floor":11.0,"turns":7.0},{"damage":9.0,"enemies":"Looter","floor":12.0,"turns":3.0},{"damage":11.0,"enemies":"3 Louse","floor":13.0,"turns":4.0},{"damage":3.0,"enemies":"Gremlin Nob","floor":14.0,"turns":3.0},{"damage":13.0,"enemies":"Hexaghost","floor":16.0,"turns":9.0},{"damage":7.0,"enemies":"3 Byrds","floor":18.0,"turns":6.0},{"damage":1.0,"enemies":"Spheric Guardian","floor":19.0,"turns":7.0},{"damage":5.0,"enemies":"Centurion and Healer","floor":22.0,"turns":4.0},{"damage":13.0,"enemies":"Gremlin Leader","floor":23.0,"turns":7.0},{"damage":6.0,"enemies":"Slavers","floor":25.0,"turns":6.0},{"damage":1.0,"enemies":"Chosen and Byrds","floor":28.0,"turns":6.0},{"damage":9.0,"enemies":"Shelled Parasite and Fungi","floor":30.0,"turns":4.0},{"damage":0.0,"enemies":"Gremlin Leader","floor":31.0,"turns":4.0},{"damage":12.0,"enemies":"Champ","floor":33.0,"turns":11.0},{"damage":2.0,"enemies":"Orb Walker","floor":35.0,"turns":3.0},{"damage":0.0,"enemies":"3 Darklings","floor":36.0,"turns":3.0},{"damage":0.0,"enemies":"Mind Bloom Boss Battle","floor":38.0,"turns":9.0},{"damage":0.0,"enemies":"Reptomancer","floor":40.0,"turns":7.0},{"damage":0.0,"enemies":"Giant Head","floor":42.0,"turns":10.0},{"damage":0.0,"enemies":"Jaw Worm Horde","floor":45.0,"turns":8.0},{"damage":0.0,"enemies":"Sphere and 2 Shapes","floor":46.0,"turns":6.0},{"damage":0.0,"enemies":"Nemesis","floor":47.0,"turns":9.0},{"damage":25,"enemies":"Awakened One","floor":50,"turns":17},{"damage":31,"enemies":"Time Eater","floor":51,"turns":12},{"damage":24,"enemies":"Shield and Spear","floor":55,"turns":7},{"damage":36,"enemies":"The Heart","floor":56,"turns":8}],"seed_played":"183263815140729038","potions_obtained":[{"floor":7.0,"key":"EssenceOfSteel"},{"floor":7.0,"key":"Swift Potion"},{"floor":11.0,"key":"DistilledChaos"},{"floor":12.0,"key":"Regen Potion"},{"floor":14.0,"key":"SpeedPotion"},{"floor":16.0,"key":"Energy Potion"},{"floor":19.0,"key":"LiquidMemories"},{"floor":25.0,"key":"Strength Potion"},{"floor":31.0,"key":"SpeedPotion"},{"floor":36.0,"key":"FearPotion"}],"is_trial":false,"path_per_floor":["M","?","?","M","M","R","?","R","T","M","E","M","M","E","R","B",null,"M","M","$","$","M","E","R","E","T","R","M","R","M","E","R","B",null,"M","M","$","?","?","E","R","E","T","R","M","M","E","T","R","B","B",null,"R","$","E","B"],"character_chosen":"THE_SILENT","items_purchased":["Toolbox","PiercingWail","Noxious Fumes","DollysMirror","Noxious Fumes+1","Mummified Hand","SpeedPotion"],"campfire_rested":1,"item_purchase_floors":[20,20,20,37,37,54,54],"current_hp_per_floor":[58,47,47,43,43,43,43,43,43,43,38,41,42,39,39,38,55,48,47,47,47,42,41,41,50,50,50,49,49,40,40,40,40,55,53,53,53,53,42,42,42,42,42,42,42,42,42,42,42,29,25,51,60,60,36,0,0],"gold":51,"neow_bonus":"TRANSFORM_TWO_CARDS","is_daily":false,"chose_seed":false,"campfire_upgraded":9,"win_rate":0.0,"timestamp":1611638374,"path_taken":["M","?","?","M","M","R","?","R","T","M","E","?","M","E","R","BOSS","M","M","$","?","M","E","R","E","T","R","M","R","M","E","R","BOSS","M","M","$","?","?","E","R","E","T","R","M","M","E","?","R","BOSS","BOSS","R","$","E","BOSS"],"items_purchased_type":["Relic","Card","Card","Relic","Card","Relic","Potion"],"build_version":"2020-12-22","purchased_purges":2,"victory":false,"max_hp_per_floor":[60,60,60,60,60,60,60,60,60,60,60,60,60,60,60,60,60,60,60,60,60,60,60,60,60,60,60,60,60,60,60,60,60,60,60,60,60,60,60,60,60,60,60,60,60,60,60,60,60,60,60,60,60,60,60,60,60],"relic_stats":{"counters":[30,197],"Astrolabe":["Cloak And Dagger","Acrobatics","Venomology"],"Blue Candle":[0],"Whetstone":["Flying Knee","Bane"],"Orichalcum":[186],"War Paint":["Madness","Madness"],"MawBank":84,"Peace Pipe":0,"Sundial":[16],"Mummified Hand":[14],"obtain_stats":[{"Potion Belt":23,"Ice Cream":40,"Astrolabe":34,"Blue Candle":55,"Oddly Smooth Stone":9,"Whetstone":42,"Frozen Egg 2":26,"Orichalcum":31,"War Paint":48,"MawBank":47,"Du-Vu Doll":14,"Peace Pipe":38,"Sundial":25,"DollysMirror":37,"Mummified Hand":54,"Toolbox":20,"Ring of the Snake":0,"Meat on the Bone":11,"Runic Pyramid":17},{"Potion Belt":13,"Ice Cream":22,"Astrolabe":18,"Blue Candle":29,"Oddly Smooth Stone":3,"Whetstone":23,"Frozen Egg 2":14,"Orichalcum":17,"War Paint":26,"MawBank":26,"Du-Vu Doll":8,"Peace Pipe":21,"Sundial":14,"DollysMirror":20,"Mummified Hand":28,"Toolbox":11,"Ring of the Snake":0,"Meat on the Bone":5,"Runic Pyramid":9},{"Potion Belt":67,"Ice Cream":120,"Astrolabe":98,"Blue Candle":189,"Oddly Smooth Stone":12,"Whetstone":130,"Frozen Egg 2":73,"Orichalcum":87,"War Paint":153,"MawBank":153,"Du-Vu Doll":34,"Peace Pipe":113,"Sundial":73,"DollysMirror":104,"Mummified Hand":182,"Toolbox":56,"Ring of the Snake":0,"Meat on the Bone":24,"Runic Pyramid":43}],"Ring of the Snake":[60],"Meat on the Bone":84},"card_choices":[{"not_picked":["Acrobatics","Eviscerate"],"picked":"Flying Knee","floor":1.0},{"not_picked":["Riddle With Holes","Blur"],"picked":"Blade Dance","floor":4.0},{"not_picked":["Calculated Gamble","All Out Attack"],"picked":"Deadly Poison","floor":5.0},{"not_picked":["Eviscerate","Underhanded Strike"],"picked":"Accuracy","floor":10.0},{"not_picked":["Choke","Outmaneuver"],"picked":"Bane","floor":11.0},{"not_picked":["Infinite Blades","Poisoned Stab","Dodge and Roll"],"picked":"SKIP","floor":12.0},{"not_picked":["Deadly Poison","Predator"],"picked":"Dodge and Roll","floor":13.0},{"not_picked":["Blade Dance","Underhanded Strike"],"picked":"Wraith Form v2","floor":14.0},{"not_picked":["Phantasmal Killer","After Image"],"picked":"Adrenaline","floor":16.0},{"not_picked":["Deadly Poison","Blur","Backflip"],"picked":"SKIP","floor":18.0},{"not_picked":["Bane","Cloak And Dagger","Outmaneuver"],"picked":"SKIP","floor":19.0},{"not_picked":["Underhanded Strike","All Out Attack","Backflip"],"picked":"SKIP","floor":22.0},{"not_picked":["Underhanded Strike","All Out Attack","Backflip"],"picked":"SKIP","floor":22.0},{"not_picked":["Blur","Sucker Punch","Predator+1"],"picked":"SKIP","floor":23.0},{"not_picked":["Accuracy","Caltrops","Bane"],"picked":"SKIP","floor":25.0},{"not_picked":["Prepared","Underhanded Strike"],"picked":"Leg Sweep","floor":28.0},{"not_picked":["Acrobatics","Slice","Underhanded Strike"],"picked":"SKIP","floor":30.0},{"not_picked":["Accuracy+1","Eviscerate"],"picked":"Storm of Steel","floor":31.0},{"not_picked":["Malaise","Grand Finale"],"picked":"Venomology","floor":33.0},{"not_picked":["Poisoned Stab","Flying Knee","Blade Dance"],"picked":"SKIP","floor":35.0},{"not_picked":["Tactician","Riddle With Holes","Choke"],"picked":"SKIP","floor":36.0},{"not_picked":["Choke","Dagger Spray"],"picked":"Deadly Poison","floor":38.0},{"not_picked":["Expertise","Infinite Blades+1","Dagger Throw"],"picked":"SKIP","floor":40.0},{"not_picked":["Well Laid Plans+1","Dodge and Roll","Dagger Spray"],"picked":"SKIP","floor":42.0},{"not_picked":["Bane","Eviscerate","Flying Knee"],"picked":"SKIP","floor":45.0},{"not_picked":["Underhanded Strike","Outmaneuver"],"picked":"Calculated Gamble","floor":46.0},{"not_picked":["Underhanded Strike","Backstab"],"picked":"Leg Sweep","floor":47.0},{"not_picked":["Concentrate","Slice+1"],"picked":"Backflip","floor":55}],"player_experience":2538523,"relics_obtained":[{"floor":9.0,"key":"Oddly Smooth Stone"},{"floor":11.0,"key":"Meat on the Bone"},{"floor":14.0,"key":"Du-Vu Doll"},{"floor":23.0,"key":"Potion Belt"},{"floor":25.0,"key":"Sundial"},{"floor":26.0,"key":"Frozen Egg 2"},{"floor":31.0,"key":"Orichalcum"},{"floor":38.0,"key":"Peace Pipe"},{"floor":40.0,"key":"Ice Cream"},{"floor":42.0,"key":"Whetstone"},{"floor":47.0,"key":"MawBank"},{"floor":48.0,"key":"War Paint"},{"floor":55,"key":"Blue Candle"}],"event_choices":[{"damage_healed":0.0,"max_hp_gain":0.0,"max_hp_loss":0.0,"gold_gain":75.0,"event_name":"World of Goop","player_choice":"Gather Gold","floor":2.0,"gold_loss":0.0,"damage_taken":11.0},{"cards_removed":["Defend_G"],"damage_healed":0.0,"max_hp_gain":0.0,"max_hp_loss":0.0,"gold_gain":0.0,"event_name":"The Cleric","player_choice":"Card Removal","floor":3.0,"gold_loss":75.0,"damage_taken":0.0},{"damage_healed":0.0,"max_hp_gain":0.0,"max_hp_loss":0.0,"gold_gain":0.0,"event_name":"Lab","player_choice":"Got Potions","floor":7.0,"gold_loss":0.0,"damage_taken":0.0},{"damage_healed":0.0,"max_hp_gain":0.0,"max_hp_loss":0.0,"gold_gain":0.0,"event_name":"MindBloom","player_choice":"Fight","floor":38.0,"gold_loss":0.0,"damage_taken":0.0},{"damage_healed":0.0,"max_hp_gain":0.0,"max_hp_loss":0.0,"gold_gain":0.0,"event_name":"Winding Halls","player_choice":"Embrace Madness","floor":39.0,"gold_loss":0.0,"damage_taken":11.0,"cards_obtained":["Madness","Madness"]}],"is_beta":false,"boss_relics":[{"not_picked":["SlaversCollar","Snecko Eye"],"picked":"Runic Pyramid"},{"not_picked":["WristBlade","Calling Bell"],"picked":"Astrolabe"}],"items_purged_floors":[20,37],"is_endless":false,"potions_floor_spawned":[10,11,12,14,16,19,22,25,31,36,46,47],"killed_by":"The Heart","ascension_level":20}}