{"host":"39cwv5sgq9xx7422","time":1611672900,"event":{"mods":["BaseMod","Colored Map","Downfall","Minty Spire (QoL Compilation)","Permanent Neow","StSLib"],"gold_per_floor":[99,112,112,124,224,255,255,255,273,273,285,300,300,333,344,344,344,344],"floor_reached":16,"language":"ENG","playtime":813,"items_purged":[],"score":112,"play_id":"9cc713dd-3a79-4b0c-81d6-d00d02cd14c3","local_time":"20210126155500","is_ascension_mode":false,"campfire_choices":[{"data":"bronze:Goto","floor":1,"key":"SMITH"},{"data":"bronze:Boost","floor":13,"key":"SMITH"}],"circlet_count":0,"master_deck":["bronze:Strike","bronze:Strike","bronze:Strike","bronze:Defend","bronze:Defend","bronze:Defend","bronze:Replicate","bronze:Goto+1","bronze:FineTuning","bronze:Boost+1","bronze:WhirlingStrike","Purity","bronze:ForceShield"],"relics":["bronze:BronzeCore","Orichalcum","Mummified Hand","Shuriken"],"acts_visited":["Exordium"],"potions_floor_usage":[16],"damage_taken":[{"damage":12,"enemies":"Small Slimes","floor":2,"turns":4},{"damage":0,"enemies":"2 Louse","floor":4,"turns":3},{"damage":5,"enemies":"Gremlin Nob","floor":6,"turns":3},{"damage":0,"enemies":"Cultist","floor":9,"turns":3},{"damage":15,"enemies":"Exordium Wildlife","floor":11,"turns":5},{"damage":0,"enemies":"3 Louse","floor":12,"turns":2},{"damage":9,"enemies":"Lagavulin","floor":14,"turns":5},{"damage":0,"enemies":"Blue Slaver","floor":15,"turns":3},{"damage":22,"enemies":"SI_SHIV_ARCHETYPE","floor":16,"turns":3}],"seed_played":"5701403685768340518","potions_obtained":[{"floor":2,"key":"SteroidPotion"},{"floor":6,"key":"Guardian:BlockOnCardUsePotion"},{"floor":12,"key":"Fire Potion"},{"floor":15,"key":"Swift Potion"}],"is_trial":false,"path_per_floor":["R","M","?","M","?","E","T","?","M","?","M","M","R","E","M","B"],"character_chosen":"THE_AUTOMATON","items_purchased":[],"campfire_rested":0,"item_purchase_floors":[],"current_hp_per_floor":[63,51,51,51,51,46,46,46,46,46,31,31,31,22,22,0,0,0],"gold":344,"neow_bonus":"REMOVE_TWO","is_daily":false,"chose_seed":false,"campfire_upgraded":2,"win_rate":0.0,"timestamp":1611672900,"path_taken":["R","M","?","M","?","E","T","?","M","?","?","M","R","E","M","BOSS"],"items_purchased_type":[],"build_version":"2020-12-22","purchased_purges":0,"victory":false,"max_hp_per_floor":[63,63,63,63,63,63,63,63,63,63,63,63,63,63,63,63,63,63],"card_choices":[{"not_picked":["bronze:Flail","bronze:Invalidate"],"picked":"bronze:FineTuning","floor":2},{"not_picked":["bronze:BuggyMess","bronze:Branch"],"picked":"bronze:Boost","floor":4},{"not_picked":["bronze:Refactor","bronze:BronzeOrb"],"picked":"bronze:WhirlingStrike","floor":6},{"not_picked":["bronze:Shield","bronze:Frontload","bronze:Invalidate"],"picked":"SKIP","floor":9},{"not_picked":["bronze:Constructor","bronze:Separator"],"picked":"bronze:ForceShield","floor":11},{"not_picked":["bronze:Frontload","bronze:DarkDash","bronze:OilSpill"],"picked":"SKIP","floor":12},{"not_picked":["bronze:BronzeArmor","bronze:BuggyMess","bronze:WildBeam"],"picked":"SKIP","floor":14},{"not_picked":["bronze:WhirlingStrike","bronze:Format","bronze:Overheat"],"picked":"SKIP","floor":15}],"player_experience":630736,"relics_obtained":[{"floor":6,"key":"Orichalcum"},{"floor":7,"key":"Mummified Hand"},{"floor":14,"key":"Shuriken"}],"event_choices":[],"is_beta":false,"boss_relics":[],"items_purged_floors":[],"is_endless":false,"potions_floor_spawned":[2,6,12,15],"killed_by":"SI_SHIV_ARCHETYPE","ascension_level":0}}