{"host":"p090fjik2phvjstn","time":1611681238,"event":{"mods":["AchievementEnabler","BaseMod","Block Reminder","Colored Powertips","Minty Spire (QoL Compilation)","Quick Restart","Synergy Search"],"gold_per_floor":[109,127,77,93,59,87,87,99,99,133,308,269,269,302,302,302,302],"floor_reached":16,"language":"ENG","playtime":954,"items_purged":[],"score":165,"play_id":"cea0b51b-70b3-4f00-8b20-50c18e7131c6","local_time":"20210126171358","is_ascension_mode":true,"campfire_choices":[{"floor":7.0,"key":"REST"},{"floor":15,"key":"REST"}],"circlet_count":0,"master_deck":["Strike_G","Strike_G","Strike_G","Defend_G","Defend_G","Defend_G","Defend_G","Defend_G","Survivor","Neutralize","Quick Slash","Backflip","Dagger Spray","Choke","Skewer","Well Laid Plans","Dodge and Roll","Riddle With Holes","Doubt"],"relics":["Ring of the Snake","Peace Pipe","Ornamental Fan","White Beast Statue","Omamori"],"acts_visited":["Exordium"],"potions_floor_usage":[10,10,14,16],"damage_taken":[{"damage":1.0,"enemies":"Cultist","floor":1.0,"turns":5.0},{"damage":0.0,"enemies":"2 Louse","floor":2.0,"turns":3.0},{"damage":0.0,"enemies":"Jaw Worm","floor":4.0,"turns":5.0},{"damage":41.0,"enemies":"Lagavulin","floor":6.0,"turns":10.0},{"damage":1,"enemies":"2 Fungi Beasts","floor":8,"turns":4},{"damage":16,"enemies":"Gremlin Nob","floor":10,"turns":4},{"damage":32,"enemies":"3 Sentries","floor":14,"turns":8},{"damage":25,"enemies":"Slime Boss","floor":16,"turns":7}],"seed_played":"7271181678702460990","potions_obtained":[{"floor":1.0,"key":"SkillPotion"},{"floor":6.0,"key":"Poison Potion"},{"floor":8,"key":"Energy Potion"},{"floor":10,"key":"ColorlessPotion"},{"floor":14,"key":"ColorlessPotion"}],"is_trial":false,"path_per_floor":["M","M","?","M","$","E","R","M","T","E","?","?","?","E","R","B"],"character_chosen":"THE_SILENT","items_purchased":["Skewer"],"campfire_rested":2,"item_purchase_floors":[5],"current_hp_per_floor":[62,62,62,62,62,21,42,41,41,25,25,25,48,16,37,12,12],"gold":302,"neow_bonus":"TRANSFORM_CARD","is_daily":false,"chose_seed":false,"campfire_upgraded":0,"win_rate":0.0,"timestamp":1611681238,"path_taken":["M","M","?","M","$","E","R","M","T","E","?","?","?","E","R","BOSS"],"items_purchased_type":["Card"],"build_version":"2020-12-22","purchased_purges":0,"victory":false,"max_hp_per_floor":[70,70,70,70,70,70,70,70,70,70,70,70,70,70,70,70,70],"card_choices":[{"not_picked":["Setup","Prepared"],"picked":"Backflip","floor":1.0},{"not_picked":["Cloak And Dagger","Deflect"],"picked":"Dagger Spray","floor":2.0},{"not_picked":["Crippling Poison","Dagger Throw"],"picked":"Choke","floor":4.0},{"not_picked":["Cloak And Dagger","Night Terror"],"picked":"Well Laid Plans","floor":6.0},{"not_picked":["Bouncing Flask","Bane"],"picked":"Dodge and Roll","floor":8},{"not_picked":["Blade Dance","Dodge and Roll"],"picked":"Riddle With Holes","floor":10},{"not_picked":["Poisoned Stab","Infinite Blades","Dagger Spray"],"picked":"SKIP","floor":14}],"player_experience":527397,"relics_obtained":[{"floor":6.0,"key":"Peace Pipe"},{"floor":9,"key":"Ornamental Fan"},{"floor":10,"key":"White Beast Statue"},{"floor":14,"key":"Omamori"}],"event_choices":[{"cards_removed":["Strike_G"],"damage_healed":0.0,"max_hp_gain":0.0,"max_hp_loss":0.0,"gold_gain":0.0,"event_name":"The Cleric","player_choice":"Card Removal","floor":3.0,"gold_loss":50.0,"damage_taken":0.0},{"damage_healed":0,"gold_gain":175,"player_choice":"AGREE","damage_taken":0,"max_hp_gain":0,"max_hp_loss":0,"event_name":"Liars Game","floor":11,"gold_loss":0,"cards_obtained":["Doubt"]},{"damage_healed":0,"gold_gain":0,"player_choice":"Left Gold","damage_taken":0,"max_hp_gain":0,"max_hp_loss":0,"event_name":"World of Goop","floor":12,"gold_loss":39},{"damage_healed":23,"gold_gain":0,"player_choice":"Banana","damage_taken":0,"max_hp_gain":0,"max_hp_loss":0,"event_name":"Big Fish","floor":13,"gold_loss":0}],"is_beta":false,"boss_relics":[],"items_purged_floors":[],"is_endless":false,"potions_floor_spawned":[1,6,8,10,14],"killed_by":"Slime Boss","ascension_level":8}}