{"host":"3xls0xm49ftugio7","time":1611670551,"event":{"mods":["2.2 Compatiblity","A Magickal Journey","AchievementEnabler","Act Like it!","BaseMod","Bestiary","Colored Powertips","Downfall","GifTheSpireLib","Minty Spire (QoL Compilation)","Quick Restart","StSLib","slay the spire mod where everything is the same but ironclad has a cowboy hat"],"gold_per_floor":[99,199,199,209,209,219,300,300,300,332,332,347,347,357,368,469,469,469,489,500,513,45,45,115,140,152,179,223,220,252,274,301,411,423,335,361,424,447,557,568,594,261,261,261,361,161,196,214,224,224,224,224,224,224],"floor_reached":52,"language":"ENG","playtime":3063,"items_purged":["bronze:Replicate"],"score":918,"play_id":"c7aa6653-1f71-47f8-88d8-6df3c161efad","local_time":"20210126161551","is_ascension_mode":true,"campfire_choices":[{"data":"bronze:Goto","floor":1,"key":"SMITH"},{"data":"bronze:Frontload","floor":8,"key":"SMITH"},{"floor":13,"key":"REST"},{"data":"Injury","floor":18,"key":"PURGE"},{"data":"bronze:Boost","floor":23,"key":"SMITH"},{"data":"bronze:Virus","floor":35,"key":"SMITH"},{"floor":44,"key":"RECALL"},{"data":"bronze:ChosenStrike","floor":46,"key":"SMITH"}],"circlet_count":0,"master_deck":["bronze:Strike+1","bronze:Strike","bronze:Defend+1","bronze:Defend+1","bronze:Defend","bronze:Defend","bronze:Goto+1","bronze:OilSpill","bronze:Frontload+1","bronze:Iterate","bronze:ChosenStrike+1","bronze:OilSpill+1","bronze:CutThrough","bronze:Virus+1","CurseOfTheBell","bronze:FineTuning+1","bronze:BronzeOrb","bronze:Boost+1","bronze:CutThrough+1","bronze:BuggyMess+1","bronze:Safeguard+1","bronze:BronzeOrb","bronze:Terminator+1","bronze:Assembly+1","bronze:Deprecate+1","bronze:Boost+1","bronze:Flail+1","bronze:Shield+1","bronze:Flail+1","Parasite"],"relics":["bronze:PlatinumCore","Meat on the Bone","StrikeDummy","Matryoshka","Bronze Scales","Calling Bell","Potion Belt","Kunai","Peace Pipe","TungstenRod","Lee\u0027s Waffle","Regal Pillow","Toxic Egg 2","MawBank","Pear","downfall:HeartBlessingGreen","bronze:Mallet","champ:Barbells","Eternal Feather","White Beast Statue","downfall:HeartBlessingRed","downfall:HeartBlessingBlue","sneckomod:BlankCard"],"acts_visited":["Exordium","TheCity","TheBeyond","TheEnding"],"potions_floor_usage":[16,21,25,28,33,37,45,45,50,50,52],"damage_taken":[{"damage":0,"enemies":"Cultist","floor":4,"turns":4},{"damage":4,"enemies":"Jaw Worm","floor":6,"turns":3},{"damage":16,"enemies":"Gremlin Nob","floor":10,"turns":4},{"damage":0,"enemies":"2 Louse","floor":12,"turns":2},{"damage":0,"enemies":"3 Louse","floor":14,"turns":3},{"damage":6,"enemies":"Exordium Thugs","floor":15,"turns":4},{"damage":51,"enemies":"WA_ARCHETYPE_RETAIN","floor":16,"turns":11},{"damage":6,"enemies":"Shell Parasite","floor":19,"turns":4},{"damage":0,"enemies":"Chosen","floor":20,"turns":3},{"damage":3,"enemies":"Shelled Parasite and Fungi","floor":21,"turns":4},{"damage":0,"enemies":"downfall:FleeingMerchant","floor":22,"turns":4},{"damage":13,"enemies":"Slavers","floor":25,"turns":5},{"damage":0,"enemies":"Snecko","floor":27,"turns":4},{"damage":12,"enemies":"Book of Stabbing","floor":28,"turns":3},{"damage":4,"enemies":"downfall:FleeingMerchant","floor":29,"turns":4},{"damage":0,"enemies":"Sentry and Sphere","floor":30,"turns":2},{"damage":4,"enemies":"Chosen and Byrds","floor":31,"turns":4},{"damage":0,"enemies":"Cultist and Chosen","floor":32,"turns":5},{"damage":58,"enemies":"IC_MUSHROOM_ARCHETYPE","floor":33,"turns":8},{"damage":7,"enemies":"3 Shapes","floor":36,"turns":3},{"damage":16,"enemies":"2 Orb Walkers","floor":37,"turns":4},{"damage":0,"enemies":"3 Darklings","floor":38,"turns":3},{"damage":0,"enemies":"downfall:FleeingMerchant","floor":39,"turns":1},{"damage":14,"enemies":"4 Shapes","floor":40,"turns":6},{"damage":1,"enemies":"downfall:LadyInBlue","floor":45,"turns":7},{"damage":14,"enemies":"Reptomancer","floor":47,"turns":3},{"damage":0,"enemies":"Writhing Mass","floor":48,"turns":2},{"damage":0,"enemies":"Sphere and 2 Shapes","floor":49,"turns":3},{"damage":36,"enemies":"SI_POISON_ARCHETYPE","floor":50,"turns":14},{"damage":123,"enemies":"downfall:CharBossMerchant","floor":52,"turns":8}],"seed_played":"-2466499483577269733","potions_obtained":[{"floor":12,"key":"Slimebound:ThreeZeroPotion"},{"floor":14,"key":"Guardian:BlockOnCardUsePotion"},{"floor":16,"key":"EssenceOfSteel"},{"floor":20,"key":"SkillPotion"},{"floor":21,"key":"SneckoOil"},{"floor":25,"key":"Ancient Potion"},{"floor":27,"key":"Energy Potion"},{"floor":30,"key":"Fire Potion"},{"floor":31,"key":"Guardian:BlockOnCardUsePotion"},{"floor":33,"key":"hexamod:SoulburnPotion"},{"floor":37,"key":"hexamod:SoulburnPotion"},{"floor":38,"key":"SkillPotion"},{"floor":45,"key":"Block Potion"},{"floor":45,"key":"ColorlessPotion"}],"is_trial":false,"path_per_floor":["R","?","?","M","?","M","T","R","T","E","?","M","R","M","M","B",null,"R","M","M","M","$","R","T","E","?","M","E","$","M","M","M","B",null,"R","M","?","M","$","M","T","?","$","R","?","R","E","M","M","B",null,"E"],"character_chosen":"THE_AUTOMATON","items_purchased":["TungstenRod","Lee\u0027s Waffle","champ:Barbells"],"campfire_rested":1,"item_purchase_floors":[22,22,39],"current_hp_per_floor":[77,77,65,65,65,61,61,61,61,45,45,45,68,68,62,23,64,64,58,58,55,84,84,84,71,84,84,82,78,78,74,74,28,78,78,71,55,55,55,53,53,106,106,106,105,116,102,102,102,66,104,0,0,0],"gold":224,"neow_bonus":"TEN_PERCENT_HP_BONUS","is_daily":false,"chose_seed":false,"campfire_upgraded":5,"win_rate":0.0,"timestamp":1611670551,"path_taken":["R","?","?","M","?","M","T","R","?","E","?","M","R","?","M","BOSS","R","M","M","M","$","R","T","E","?","M","E","?","M","M","M","BOSS","R","M","?","M","$","M","T","?","$","R","?","R","E","M","M","BOSS","E"],"items_purchased_type":["Relic","Relic","Relic"],"build_version":"2020-12-22","purchased_purges":1,"victory":false,"max_hp_per_floor":[77,77,77,77,77,77,77,77,77,77,77,77,77,77,77,77,77,77,77,77,77,84,84,84,84,84,84,94,94,94,94,94,94,94,94,94,94,94,94,94,94,106,106,106,106,116,116,116,116,116,116,116,116,116],"card_choices":[{"not_picked":["bronze:Shield","bronze:FineTuning"],"picked":"bronze:OilSpill","floor":4},{"not_picked":["bronze:Deprecate","bronze:Turbo"],"picked":"bronze:Frontload","floor":6},{"not_picked":["bronze:ShipIt","bronze:Deprecate"],"picked":"bronze:Iterate","floor":10},{"not_picked":["bronze:Philosophize","bronze:Separator"],"picked":"bronze:ChosenStrike","floor":12},{"not_picked":["bronze:BugBarrage","bronze:Iterate"],"picked":"bronze:OilSpill","floor":14},{"not_picked":["bronze:ForceShield","bronze:Shell"],"picked":"bronze:CutThrough","floor":15},{"not_picked":["bronze:ThunderWave","bronze:RecursiveStrike"],"picked":"bronze:Virus","floor":16},{"not_picked":["bronze:DelayedGuard","bronze:WildBeam"],"picked":"bronze:FineTuning+1","floor":19},{"not_picked":["bronze:ItsAFeature","bronze:Separator"],"picked":"bronze:BronzeOrb","floor":20},{"not_picked":["bronze:DelayedSlice","bronze:DelayedGuard"],"picked":"bronze:Boost","floor":21},{"not_picked":["bronze:CloningBeam","bronze:WhirlingStrike"],"picked":"bronze:CutThrough+1","floor":22},{"not_picked":["bronze:ShipIt","bronze:CutThrough","bronze:Turbo+1"],"picked":"SKIP","floor":25},{"not_picked":["bronze:Deprecate+1","bronze:Iterate"],"picked":"bronze:BuggyMess+1","floor":27},{"not_picked":["bronze:CloningBeam+1","bronze:DigitalCarnage"],"picked":"bronze:Safeguard+1","floor":28},{"not_picked":["bronze:CloningBeam","bronze:DelayedSlice"],"picked":"bronze:BronzeOrb","floor":29},{"not_picked":["bronze:OilSpill+1","bronze:BugBarrage+1"],"picked":"bronze:Terminator+1","floor":30},{"not_picked":["bronze:AlphaBuild","bronze:Iterate","bronze:CutThrough+1"],"picked":"SKIP","floor":31},{"not_picked":["bronze:CutThrough+1","bronze:WildBeam+1","bronze:DigitalCarnage"],"picked":"SKIP","floor":32},{"not_picked":["bronze:Library","bronze:Verify"],"picked":"bronze:Assembly+1","floor":33},{"not_picked":["bronze:Branch","bronze:FineTuning+1","bronze:DarkDash+1"],"picked":"SKIP","floor":36},{"not_picked":["bronze:DelayedSlice+1","bronze:DelayedGuard+1"],"picked":"bronze:Deprecate+1","floor":37},{"not_picked":["bronze:ForLoop+1","bronze:Shell+1"],"picked":"bronze:Boost+1","floor":38},{"not_picked":["bronze:Hardcode","bronze:Turbo+1"],"picked":"bronze:Flail+1","floor":39},{"not_picked":["bronze:BronzeOrb+1","bronze:Deprecate+1"],"picked":"bronze:Shield+1","floor":40},{"not_picked":["bronze:Branch","bronze:MaxOutput"],"picked":"bronze:Flail+1","floor":47},{"not_picked":["bronze:Fortify","bronze:GetLatest+1","bronze:NullPointer+1"],"picked":"SKIP","floor":48},{"not_picked":["bronze:NullPointer+1","bronze:DarkDash","bronze:BitShift+1"],"picked":"SKIP","floor":49}],"player_experience":1001802,"relics_obtained":[{"floor":7,"key":"StrikeDummy"},{"floor":9,"key":"Matryoshka"},{"floor":10,"key":"Bronze Scales"},{"floor":17,"key":"Potion Belt"},{"floor":17,"key":"Kunai"},{"floor":17,"key":"Peace Pipe"},{"floor":24,"key":"Regal Pillow"},{"floor":24,"key":"Toxic Egg 2"},{"floor":25,"key":"MawBank"},{"floor":28,"key":"Pear"},{"floor":37,"key":"bronze:Mallet"},{"floor":41,"key":"Eternal Feather"},{"floor":45,"key":"White Beast Statue"},{"floor":47,"key":"sneckomod:BlankCard"}],"event_choices":[{"damage_healed":0,"gold_gain":0,"player_choice":"Success","damage_taken":12,"relics_obtained":["Meat on the Bone"],"max_hp_gain":0,"max_hp_loss":0,"event_name":"Scrap Ooze","floor":3,"gold_loss":0},{"damage_healed":13,"gold_gain":0,"player_choice":"Full Heal","damage_taken":0,"max_hp_gain":0,"max_hp_loss":0,"event_name":"Wheel of Change","floor":26,"gold_loss":0},{"damage_healed":0,"gold_gain":0,"player_choice":"Fight","damage_taken":0,"max_hp_gain":0,"max_hp_loss":0,"event_name":"Mysterious Sphere","floor":37,"gold_loss":0}],"is_beta":false,"boss_relics":[{"not_picked":["Fusion Hammer","Runic Dome"],"picked":"Calling Bell"},{"not_picked":["Coffee Dripper","Busted Crown"],"picked":"bronze:PlatinumCore"}],"items_purged_floors":[39],"is_endless":false,"potions_floor_spawned":[12,14,16,20,21,25,27,30,31,33,37,38,47,48,49],"killed_by":"downfall:CharBossMerchant","ascension_level":5}}