{"host":"yx6un74hqn8d53n4","time":1611652086,"event":{"mods":["ATMod(°¢èªMod)","Act Like it!","Aspiration","BaseMod","CapriCore","GifTheSpireLib","Minty Spire (QoL Compilation)","Quick Restart","Rare Cards Sparkle","Replay The Spire","RumiaBox-Â¶Ã×æ«µÄÉñÃØºÐ×Ó","Shop Mod","StSLib","[IsaacMod]ÒÔÈö¼âËþ","¡¾ÒÅÎï¿¨ÅÆ¡¿REMEMod"],"gold_per_floor":[110,110,35,47,61,92,92,111,111,142,207,207,225,100,100,195,195,211,225,244,244,119,119,119],"floor_reached":23,"language":"ZHS","playtime":933,"items_purged":["Strike_B","ReplayTheSpireMod:Splinters","EpicFetus"],"score":201,"play_id":"04635cf8-6b86-404e-9ac1-60ed183238c6","local_time":"20210126170806","is_ascension_mode":false,"campfire_choices":[{"data":"AT_RightCognition","floor":7,"key":"SMITH"},{"data":"AT_FamilyPortrait","floor":15,"key":"SMITH"}],"circlet_count":1,"master_deck":["Strike_B","Strike_B","Strike_B","Defend_B","Defend_B","Defend_B","Defend_B","Dualcast","AT_FamilyPortrait+1","Cold Snap","AT_RightCognition+1","Compile Driver+1","Ball Lightning","FIFO Queue","Injury","Conserve Battery","Electrodynamics+1","BootSequence","Fusion+1","Coolheaded"],"relics":["Cracked Core","HushsDoor","AT_ATBox","REME_ComplimentaryCards","Chaos","NeowsBlessing","Circlet","Incubus","ReplayTheSpireMod:Lightbulb","Frozen Egg 2","Prayer Wheel","Prayer Wheel","Mummified Hand","Prayer Wheel","Prayer Wheel"],"acts_visited":["Exordium","TheCity"],"potions_floor_usage":[23],"damage_taken":[{"damage":0.0,"enemies":"Jaw Worm","floor":1.0,"turns":1.0},{"damage":0,"enemies":"Small Slimes","floor":4,"turns":1},{"damage":0,"enemies":"2 Louse","floor":5,"turns":1},{"damage":11,"enemies":"Lagavulin","floor":6,"turns":6},{"damage":8,"enemies":"Blue Slaver","floor":8,"turns":4},{"damage":17,"enemies":"3 Sentries","floor":10,"turns":5},{"damage":11,"enemies":"Exordium Wildlife","floor":13,"turns":5},{"damage":35,"enemies":"Slime Boss","floor":16,"turns":8},{"damage":4,"enemies":"3 Byrds","floor":18,"turns":3},{"damage":0,"enemies":"Chosen","floor":19,"turns":3},{"damage":5,"enemies":"Centurion and Healer","floor":20,"turns":5},{"damage":57,"enemies":"REME_1_Revenger","floor":23,"turns":5}],"seed_played":"-3609845894660320687","potions_obtained":[{"floor":4,"key":"Doom Potion"},{"floor":6,"key":"SkillPotion"},{"floor":11,"key":"EntropicBrew"},{"floor":11,"key":"Regen Potion"},{"floor":13,"key":"FocusPotion"}],"is_trial":false,"path_per_floor":["M","?","$","M","M","E","R","M","T","E","?","?","M","$","R","B",null,"M","M","M","?","$","E"],"character_chosen":"DEFECT","items_purchased":["Conserve Battery"],"campfire_rested":0,"item_purchase_floors":[14],"current_hp_per_floor":[75,75,75,75,75,69,69,61,61,44,44,44,49,49,49,14,80,76,76,71,56,56,0,0],"gold":119,"neow_bonus":"THREE_ENEMY_KILL","is_daily":false,"chose_seed":false,"campfire_upgraded":2,"win_rate":0.0,"timestamp":1611652086,"path_taken":["M","?","$","M","M","E","R","M","T","E","?","?","M","$","R","BOSS","M","M","M","?","$","E"],"items_purchased_type":["Card"],"build_version":"2020-12-22","purchased_purges":3,"victory":false,"max_hp_per_floor":[75,75,75,75,75,80,80,80,80,80,80,80,80,80,80,80,80,80,80,80,85,85,85,85],"card_choices":[{"not_picked":[],"picked":"EpicFetus","floor":0.0},{"not_picked":["Conserve Battery","Hologram","Redo"],"picked":"Cold Snap","floor":1.0},{"not_picked":["Sweeping Beam","REME_Compress"],"picked":"Ball Lightning","floor":4},{"not_picked":["Hello World","Hologram","Beam Cell"],"picked":"SKIP","floor":5},{"not_picked":["Leap","Ball Lightning","Hologram"],"picked":"SKIP","floor":6},{"not_picked":["Redo","Go for the Eyes"],"picked":"FIFO Queue","floor":8},{"not_picked":["Creative AI","AT_EMC2","AT_HeatAcrobatics"],"picked":"SKIP","floor":10},{"not_picked":["Chaos","Barrage","Ball Lightning"],"picked":"SKIP","floor":13},{"not_picked":["Multi-Cast","AT_WaterDrop+1"],"picked":"Electrodynamics+1","floor":16},{"not_picked":["Leap","Hologram","BasicCrystalCard"],"picked":"SKIP","floor":18},{"not_picked":["Loop+1","Conserve Battery","aspiration:Polymerization"],"picked":"SKIP","floor":18},{"not_picked":["BasicCrystalCard+1","AT_WarpDrive+1","Panic Button"],"picked":"SKIP","floor":18},{"not_picked":["Conserve Battery","Coolheaded"],"picked":"BootSequence","floor":19},{"not_picked":["Rip and Tear","Heatsinks+1"],"picked":"Fusion+1","floor":19},{"not_picked":["Force Field","Compile Driver+1","Coolheaded+1"],"picked":"SKIP","floor":19},{"not_picked":["Rainbow","Sweeping Beam"],"picked":"Coolheaded","floor":20},{"not_picked":["Melter+1","Barrage+1","Electrodynamics+1"],"picked":"SKIP","floor":20},{"not_picked":["Barrage","Compile Driver","Sweeping Beam+1"],"picked":"SKIP","floor":20},{"not_picked":["Cold Snap","AT_HeatAcrobatics","Heatsinks+1"],"picked":"SKIP","floor":20},{"not_picked":["Chaos+1","Reprogram","Ball Lightning+1"],"picked":"SKIP","floor":20}],"player_experience":2038,"relics_obtained":[{"floor":6,"key":"Circlet"},{"floor":9,"key":"Incubus"},{"floor":10,"key":"ReplayTheSpireMod:Lightbulb"}],"event_choices":[{"damage_healed":0,"gold_gain":0,"player_choice":"Shed Blood","damage_taken":20,"max_hp_gain":5,"max_hp_loss":0,"event_name":"Forgotten Altar","floor":21,"gold_loss":0}],"is_beta":false,"boss_relics":[{"not_picked":["Mirror","Replay:Bandana"],"picked":"Mummified Hand"},{"not_picked":[]}],"items_purged_floors":[3,14,22],"is_endless":false,"potions_floor_spawned":[4,6,13,16,18],"killed_by":"REME_1_Revenger","ascension_level":0}}