{"host":"d61fcf2p3sjwe6yo","time":1611689831,"event":{"mods":["AchievementEnabler","BaseMod","Colored Map","Downfall","Minty Spire (QoL Compilation)","StSLib","SuperFastMode"],"gold_per_floor":[99,115,131,195,295,313,313,345,361,161,188,208,243,260,272,370,370,370,387,387,403,414,432,432,452,471,329,362,376,413,425,441,550,550,450,477,500,515,358,358,435,449,477,519,519,535,535,544,569,569,569,605,70,70,70,70],"floor_reached":57,"language":"ENG","playtime":4437,"items_purged":["Doubt","Slimebound:Defend_Slimebound"],"score":2021,"play_id":"21b39777-bba9-4fe6-8ed3-1454f838f16c","local_time":"20210126223711","is_ascension_mode":true,"campfire_choices":[{"floor":1.0,"key":"RECALL"},{"floor":10.0,"key":"REST"},{"floor":18.0,"key":"REST"},{"floor":35,"key":"REST"},{"floor":40,"key":"REST"},{"floor":45,"key":"REST"},{"floor":47,"key":"REST"},{"floor":54,"key":"REST"}],"circlet_count":0,"master_deck":["AscendersBane","Slimebound:Strike_Slimebound+1","Slimebound:Tackle+1","Slimebound:Defend_Slimebound","Slimebound:Defend_Slimebound","Slimebound:Defend_Slimebound","Slimebound:Split","Slimebound:CorrosiveSpit","Slimebound:SplitAcid","Slimebound:Prepare","Slimebound:ForwardTackle","Slimebound:GoopSpray+1","Slimebound:PressTheAttack+1","Slimebound:Prepare","Slimebound:ItLooksTasty","Slimebound:SplitLeeching","Slimebound:Equalize","Slimebound:SpikyOuterGoop+1","Slimebound:MassFeed","Slimebound:ItLooksTasty","Slimebound:LivingWall","Slimebound:MinionMaster","Slimebound:ComboTackle+1","Slimebound:SplitLeeching","Slimebound:Prepare","Slimebound:Prepare","Slimebound:SplitMire","Slimebound:Prepare","Slimebound:SlimeBrawl","Slimebound:SplitMire","Slimebound:Prepare","Slimebound:DuplicatedForm","Slimebound:SplitMire","Slimebound:PressTheAttack+1","Slimebound:LeadByExample","Slimebound:LivingWall","Pain","Slimebound:SplitBruiser","Slimebound:LeechEnergy+1"],"relics":["Fusion Hammer","Whetstone","StrikeDummy","Ornamental Fan","downfall:HeartBlessingRed","downfall:HeartBlessingGreen","Vajra","Strawberry","Snecko Eye","hexamod:CandleOfCauterizing","CeramicFish","Busted Crown","downfall:HeartBlessingBlue","Bag of Preparation","Slimebound:PreparedRelic","Bottled Tornado","bronze:DonusWashers","WarpedTongs","sneckomod:BlankCard","Kunai","ClockworkSouvenir","Toy Ornithopter"],"acts_visited":["Exordium","TheCity","TheBeyond","TheEnding"],"potions_floor_usage":[56,56],"damage_taken":[{"damage":0.0,"enemies":"2 Louse","floor":2.0,"turns":3.0},{"damage":8.0,"enemies":"Jaw Worm","floor":3.0,"turns":4.0},{"damage":8.0,"enemies":"3 Sentries","floor":4.0,"turns":6.0},{"damage":18.0,"enemies":"downfall:Heads","floor":5.0,"turns":4.0},{"damage":0.0,"enemies":"Cultist","floor":6.0,"turns":3.0},{"damage":8.0,"enemies":"Lagavulin","floor":8.0,"turns":5.0},{"damage":11.0,"enemies":"Lots of Slimes","floor":9.0,"turns":4.0},{"damage":0.0,"enemies":"Gremlin Nob","floor":11.0,"turns":4.0},{"damage":0.0,"enemies":"Exordium Wildlife","floor":12.0,"turns":3.0},{"damage":2.0,"enemies":"Lagavulin","floor":13.0,"turns":5.0},{"damage":2.0,"enemies":"Red Slaver","floor":14.0,"turns":4.0},{"damage":2.0,"enemies":"Large Slime","floor":15.0,"turns":5.0},{"damage":3.0,"enemies":"WA_ARCHETYPE_RETAIN","floor":16.0,"turns":7.0},{"damage":0.0,"enemies":"Shell Parasite","floor":19.0,"turns":3.0},{"damage":17.0,"enemies":"Cultist and Chosen","floor":21.0,"turns":5.0},{"damage":0.0,"enemies":"3 Cultists","floor":22.0,"turns":4.0},{"damage":7.0,"enemies":"Shelled Parasite and Fungi","floor":23.0,"turns":6.0},{"damage":5.0,"enemies":"Snake Plant","floor":25.0,"turns":4.0},{"damage":0.0,"enemies":"Chosen and Byrds","floor":26.0,"turns":5.0},{"damage":0.0,"enemies":"downfall:FleeingMerchant","floor":27.0,"turns":4.0},{"damage":0,"enemies":"Book of Stabbing","floor":28,"turns":4},{"damage":15,"enemies":"Centurion and Healer","floor":29,"turns":4},{"damage":15,"enemies":"Slavers","floor":30,"turns":4},{"damage":0,"enemies":"Sentry and Sphere","floor":31,"turns":4},{"damage":5,"enemies":"Shelled Parasite and Fungi","floor":32,"turns":4},{"damage":7,"enemies":"DF_ARCHETYPE_CLAW","floor":33,"turns":7},{"damage":20,"enemies":"3 Darklings","floor":36,"turns":3},{"damage":0,"enemies":"3 Shapes","floor":37,"turns":4},{"damage":28,"enemies":"3 Darklings","floor":38,"turns":5},{"damage":15,"enemies":"downfall:FleeingMerchant","floor":39,"turns":4},{"damage":20,"enemies":"Writhing Mass","floor":42,"turns":4},{"damage":19,"enemies":"Reptomancer","floor":43,"turns":5},{"damage":15,"enemies":"downfall:FleeingMerchant","floor":44,"turns":2},{"damage":32,"enemies":"4 Shapes","floor":46,"turns":5},{"damage":33,"enemies":"3 Darklings","floor":49,"turns":5},{"damage":37,"enemies":"IC_BLOCK_ARCHETYPE","floor":50,"turns":10},{"damage":44,"enemies":"downfall:CharBossMerchant","floor":52,"turns":8},{"damage":92,"enemies":"downfall:NeowBoss","floor":55,"turns":19},{"damage":20,"enemies":"downfall:NeowBossFinal","floor":56,"turns":8}],"seed_played":"1873030411727496923","potions_obtained":[{"floor":2.0,"key":"Explosive Potion"},{"floor":4.0,"key":"Strength Potion"},{"floor":5.0,"key":"EssenceOfSteel"},{"floor":8.0,"key":"Guardian:BlockOnCardUsePotion"},{"floor":13.0,"key":"Slimebound:ThreeZeroPotion"},{"floor":16.0,"key":"Regen Potion"},{"floor":21.0,"key":"Slimebound:SpawnSlimePotion"},{"floor":33,"key":"CultistPotion"}],"is_trial":false,"path_per_floor":["R","M","M","?","?","M","T","E","M","R","E","M","E","M","M","B",null,"R","M","?","M","M","M","T","M","M","$","E","M","E","M","M","B",null,"R","M","M","M","$","R","T","M","E","$","R","M","R","?","M","B",null,"E","$","R","B","B",null],"character_chosen":"SLIMEBOUND","items_purchased":["Slimebound:Prepare","Bag of Preparation","bronze:DonusWashers","Slimebound:LivingWall","Kunai","ClockworkSouvenir","Toy Ornithopter"],"campfire_rested":7,"item_purchase_floors":[27,39,44,44,53,53,53],"current_hp_per_floor":[59,59,51,43,25,25,25,17,6,25,25,29,42,51,60,65,75,78,81,81,75,86,87,87,85,91,99,102,98,90,97,99,100,111,124,127,130,126,130,133,133,131,138,138,139,136,145,145,138,126,143,121,121,151,59,61],"gold":70,"neow_bonus":"BOSS_RELIC","is_daily":false,"chose_seed":false,"campfire_upgraded":0,"win_rate":0.0,"timestamp":1611689831,"path_taken":["R","M","M","?","?","M","T","E","M","R","E","M","E","M","M","BOSS","R","M","?","M","M","?","T","M","?","$","E","M","E","M","M","BOSS","R","M","M","M","$","R","T","M","E","$","R","M","R","?","M","BOSS","E","$","R","BOSS","BOSS"],"items_purchased_type":["Card","Relic","Relic","Card","Relic","Relic","Relic"],"build_version":"2020-12-22","purchased_purges":2,"victory":true,"max_hp_per_floor":[65,65,65,65,65,65,65,65,65,65,65,65,72,75,78,78,78,78,81,81,84,87,90,90,93,99,99,102,105,108,111,114,114,114,124,127,130,133,133,133,133,136,139,139,139,145,145,145,148,148,148,151,151,151,151,151],"card_choices":[{"not_picked":["Slimebound:SlimeTap","Slimebound:GoopTackle"],"picked":"Slimebound:SplitAcid","floor":2.0},{"not_picked":["Slimebound:SplitMire","Slimebound:LeadByExample"],"picked":"Slimebound:Prepare","floor":3.0},{"not_picked":["Slimebound:SplitAcid","Slimebound:Repurpose"],"picked":"Slimebound:ForwardTackle","floor":4.0},{"not_picked":["Slimebound:LeechEnergy","Slimebound:SlimeSlap"],"picked":"Slimebound:GoopSpray","floor":5.0},{"not_picked":["Slimebound:PressTheAttack","Slimebound:ComboTackle"],"picked":"Slimebound:Prepare","floor":6.0},{"not_picked":["Slimebound:RainOfGoop","Slimebound:HauntingLick"],"picked":"Slimebound:ItLooksTasty","floor":8.0},{"not_picked":["Slimebound:OozeBath","Slimebound:ItLooksTasty"],"picked":"Slimebound:SplitLeeching","floor":9.0},{"not_picked":["Slimebound:SlimeBarrage","Slimebound:SplitAcid"],"picked":"Slimebound:Equalize","floor":11.0},{"not_picked":["Slimebound:ViciousTackle","Slimebound:SlimeTap"],"picked":"Slimebound:SpikyOuterGoop","floor":12.0},{"not_picked":["Slimebound:Grow","Slimebound:ViciousTackle"],"picked":"Slimebound:MassFeed","floor":13.0},{"not_picked":["Slimebound:GoopTackle","Slimebound:LeechEnergy"],"picked":"Slimebound:ItLooksTasty","floor":14.0},{"not_picked":["Slimebound:Replication","Slimebound:SlimeBarrage"],"picked":"Slimebound:LivingWall","floor":15.0},{"not_picked":["Slimebound:MassFeed","Slimebound:OneTwoCombo"],"picked":"Slimebound:MinionMaster","floor":16.0},{"not_picked":["Slimebound:Replication","Slimebound:ItLooksTasty","Slimebound:FinishingTackle"],"picked":"SKIP","floor":19.0},{"not_picked":["Slimebound:RejuvenatingLick","Slimebound:GrowthPunch"],"picked":"Slimebound:ComboTackle+1","floor":21.0},{"not_picked":["Slimebound:Nibble","Slimebound:SlimeTap","Slimebound:RollThrough"],"picked":"SKIP","floor":22.0},{"not_picked":["Slimebound:GoopTackle","Slimebound:SplitBruiser"],"picked":"Slimebound:SplitLeeching","floor":23.0},{"not_picked":["Slimebound:FinishingTackle","Slimebound:RainOfGoop"],"picked":"Slimebound:Prepare","floor":25.0},{"not_picked":["Slimebound:RejuvenatingLick+1","Slimebound:Recollect"],"picked":"Slimebound:Prepare","floor":26.0},{"not_picked":["Slimebound:GoopTackle","Slimebound:SplitLeeching"],"picked":"Slimebound:SplitMire","floor":27},{"not_picked":["Slimebound:CheckThePlaybook","Slimebound:FinishingTackle"],"picked":"Slimebound:SlimeBrawl","floor":28},{"not_picked":["Slimebound:SplitBruiser","Slimebound:FlameTackle+1"],"picked":"Slimebound:SplitMire","floor":29},{"not_picked":["Slimebound:RollThrough","Slimebound:SplitAcid"],"picked":"Slimebound:Prepare","floor":30},{"not_picked":["Slimebound:RejuvenatingLick","Slimebound:Repurpose","Slimebound:SlimeTap"],"picked":"SKIP","floor":31},{"not_picked":["Slimebound:Nibble","Slimebound:ComboTackle","Slimebound:FirmFortitude"],"picked":"SKIP","floor":32},{"not_picked":["Slimebound:DouseInSlime","Slimebound:CheckThePlaybook"],"picked":"Slimebound:DuplicatedForm","floor":33},{"not_picked":[],"picked":"Slimebound:SplitMire","floor":36},{"not_picked":[],"picked":"Slimebound:PressTheAttack+1","floor":37},{"not_picked":["Slimebound:SlimeSpikes"],"picked":"SKIP","floor":38},{"not_picked":[],"picked":"Slimebound:LeadByExample","floor":39},{"not_picked":["Slimebound:Replication"],"picked":"SKIP","floor":42},{"not_picked":["Slimebound:Schlurp"],"picked":"SKIP","floor":43},{"not_picked":["Slimebound:TongueLash"],"picked":"SKIP","floor":44},{"not_picked":["Slimebound:FormOfPuddle+1"],"picked":"SKIP","floor":46},{"not_picked":[],"picked":"Slimebound:SplitBruiser","floor":49},{"not_picked":[],"picked":"Slimebound:LeechEnergy+1","floor":52}],"player_experience":716772,"relics_obtained":[{"floor":4.0,"key":"Whetstone"},{"floor":7.0,"key":"StrikeDummy"},{"floor":8.0,"key":"Ornamental Fan"},{"floor":11.0,"key":"Vajra"},{"floor":13.0,"key":"Strawberry"},{"floor":28,"key":"hexamod:CandleOfCauterizing"},{"floor":30,"key":"CeramicFish"},{"floor":41,"key":"Slimebound:PreparedRelic"},{"floor":43,"key":"Bottled Tornado"},{"floor":52,"key":"sneckomod:BlankCard"}],"event_choices":[{"damage_healed":0,"gold_gain":0,"player_choice":"Rummage","damage_taken":0,"relics_obtained":["WarpedTongs"],"max_hp_gain":0,"max_hp_loss":0,"event_name":"Accursed Blacksmith","floor":48,"gold_loss":0,"cards_obtained":["Pain"]}],"is_beta":false,"boss_relics":[{"not_picked":["Empty Cage","Runic Dome"],"picked":"Snecko Eye"},{"not_picked":["Tiny House","Pandora\u0027s Box"],"picked":"Busted Crown"}],"items_purged_floors":[27,44],"is_endless":false,"potions_floor_spawned":[2,4,5,8,13,16,21,25,26,28,32,33,37,46,49],"ascension_level":12}}