{"host":"3e3mwsgb9gfqiuxm","time":1611677363,"event":{"mods":["Act Like it!","BaseMod","Colored Map","Colored Powertips","Downfall","Gensokyo","Googly Eyes","Hermit","Koishi","Marisa????????","Minty Spire (QoL Compilation)","Replay The Spire","StSLib","The Animator","The Bug Knight","The Cursed","The Servant 0.9.4"],"gold_per_floor":[99,99,112,124,138,168,168,200,212,212,73,73,73,93,112,212,262,262,262,162,181,193,193,255,289,314,329,329,407,0,14,0,0,0],"floor_reached":33,"language":"ENG","playtime":1645,"items_purged":["downfall:Malfunctioning"],"score":297,"play_id":"985e0884-28ef-4951-a1dc-3654ffe679e2","local_time":"20210126110923","is_ascension_mode":false,"campfire_choices":[{"data":"Koishi:HauntingSlash","floor":1.0,"key":"SMITH"},{"data":"Koishi:Provoke","floor":10.0,"key":"SMITH"},{"data":"Koishi:HeartAttack","floor":13.0,"key":"SMITH"},{"data":"Koishi:TremblingHands","floor":20.0,"key":"SMITH"}],"circlet_count":0,"master_deck":["Koishi:BasicStrike+1","Koishi:BasicStrike+1","Koishi:BasicStrike+1","Koishi:BasicDefend+1","Koishi:BasicDefend+1","Koishi:BasicDefend+1","Koishi:BasicDefend+1","Koishi:Provoke+1","Koishi:HauntingSlash+1","Koishi:HeartAttack+1","Koishi:EmbryosDream+1","Koishi:TremblingHands+1","Koishi:PhantomStrike+1","Koishi:PhantomStrike+1","Koishi:ImGoingToCallYouNow+1","Koishi:JumpScare+1","Koishi:UnseenTerror+1","Koishi:RuptureMind+1","Koishi:ParalyzingFear+1","Overencumbered","Koishi:MentalBreakdown+1","Koishi:RacingHeart+1"],"relics":["Koishi:ImaginaryFriend","Molten Egg 2","Golden Egg","Boot","Tiny House","downfall:HeartBlessingGreen","Ring of Fury","ReplayTheSpireMod:Ring of Challenge","Nunchaku","ReplayFunnel","Gensokyo:SongOfSouls","Kunai"],"acts_visited":["Exordium","Gensokyo:Gensokyoer"],"potions_floor_usage":[25,31,33,33],"damage_taken":[{"damage":0.0,"enemies":"Jaw Worm","floor":3.0,"turns":5.0},{"damage":2.0,"enemies":"Small Slimes","floor":4.0,"turns":3.0},{"damage":0.0,"enemies":"Cultist","floor":5.0,"turns":3.0},{"damage":17.0,"enemies":"Gremlin Nob","floor":6.0,"turns":5.0},{"damage":11.0,"enemies":"3 Sentries","floor":8.0,"turns":8.0},{"damage":5.0,"enemies":"Blue Slaver","floor":9.0,"turns":3.0},{"damage":10.0,"enemies":"downfall:FleeingMerchant","floor":11.0,"turns":4.0},{"damage":5.0,"enemies":"2 Fungi Beasts","floor":14.0,"turns":4.0},{"damage":8.0,"enemies":"Blue Slaver","floor":15.0,"turns":3.0},{"damage":29.0,"enemies":"SI_SHIV_ARCHETYPE","floor":16.0,"turns":10.0},{"damage":18.0,"enemies":"Gensokyo:CosmicMonolith","floor":21.0,"turns":4.0},{"damage":1.0,"enemies":"Gensokyo:Chomper","floor":22.0,"turns":3.0},{"damage":31,"enemies":"Gensokyo:Swordslinger","floor":24,"turns":5},{"damage":23,"enemies":"Gensokyo:Tenshi","floor":25,"turns":6},{"damage":18,"enemies":"Gensokyo:Wraith","floor":27,"turns":5},{"damage":67,"enemies":"Gensokyo:Koishi","floor":29,"turns":5},{"damage":22,"enemies":"Gensokyo:Monolith_and_Dog","floor":31,"turns":6},{"damage":2,"enemies":"downfall:FleeingMerchant","floor":32,"turns":5},{"damage":4,"enemies":"Gensokyo:Chomper_and_Gloop","floor":33,"turns":3}],"seed_played":"-930158630492334678","potions_obtained":[{"floor":3.0,"key":"DuplicationPotion"},{"floor":8.0,"key":"FearPotion"},{"floor":9.0,"key":"SteroidPotion"},{"floor":14.0,"key":"EssenceOfSteel"},{"floor":17.0,"key":"LiquidBronze"},{"floor":25,"key":"Fire Potion"},{"floor":31,"key":"Reflective Coating"}],"is_trial":false,"path_per_floor":["R","?","M","M","M","E","T","E","M","R","$","?","R","M","M","B",null,"PTL","PTL","R","M","M","?","M","E","T","M","?","E","?","M","$","M"],"character_chosen":"KOISHI","items_purchased":["Koishi:JumpScare"],"campfire_rested":0,"item_purchase_floors":[11],"current_hp_per_floor":[66,66,66,64,66,53,53,42,39,39,29,29,29,53,66,66,71,71,71,71,71,71,71,71,71,71,71,71,14,14,6,4,0,0],"gold":0,"neow_bonus":"TEN_PERCENT_HP_BONUS","is_daily":false,"chose_seed":false,"campfire_upgraded":4,"win_rate":0.0,"timestamp":1611677363,"path_taken":["R","?","M","M","M","E","T","E","M","R","$","?","R","?","M","BOSS","PTL","PTL","R","M","M","?","M","E","T","M","?","E","?","M","?","M"],"items_purchased_type":["Card"],"build_version":"2020-12-22","purchased_purges":1,"victory":false,"max_hp_per_floor":[66,66,66,66,66,66,66,66,66,66,66,66,66,66,66,66,71,71,71,71,71,71,71,71,71,71,71,71,71,71,71,71,71,71],"card_choices":[{"not_picked":["Koishi:HeartfeltFancy","Koishi:PhantomBarrier"],"picked":"Koishi:HeartAttack","floor":3.0},{"not_picked":["Koishi:YoukaiPolygraph","Koishi:UnansweredLove"],"picked":"Koishi:EmbryosDream","floor":4.0},{"not_picked":["Koishi:MassHysteria","Koishi:UnconsciousUrges"],"picked":"Koishi:TremblingHands","floor":5.0},{"not_picked":["Koishi:ReleaseOfTheId","Koishi:FourthEye"],"picked":"Koishi:PhantomStrike+1","floor":6.0},{"not_picked":["Koishi:FleetingPhantom","Koishi:UnconsciousUprising"],"picked":"Koishi:PhantomStrike+1","floor":8.0},{"not_picked":["Koishi:FreudianInstinct","Koishi:EmbryosDream","Koishi:Vanish"],"picked":"SKIP","floor":9.0},{"not_picked":["Koishi:JumpScare","Koishi:SpiritedAway+1"],"picked":"Koishi:ImGoingToCallYouNow","floor":11.0},{"not_picked":["Koishi:JumpScare","Koishi:PhantomBarrier"],"picked":"Koishi:UnseenTerror+1","floor":14.0},{"not_picked":["Koishi:PhilosophyOfTheDespised","Koishi:ParalyzingFear+1","Koishi:MassHysteria"],"picked":"SKIP","floor":15.0},{"not_picked":["Koishi:GrowingPain+1","Koishi:SuperEgo+1"],"picked":"Koishi:RuptureMind+1","floor":16.0},{"not_picked":["Koishi:UnconsciousUprising","Koishi:SubconsciousSweep+1"],"picked":"Koishi:ParalyzingFear+1","floor":17.0},{"not_picked":["Koishi:CatchAndRose+1","Koishi:PhantomBarrier","Koishi:HeartfeltFancy"],"picked":"SKIP","floor":21.0},{"not_picked":["Koishi:SubterraneanRose+1","Koishi:SpiritedAway+1","Koishi:ParalyzingFear+1"],"picked":"SKIP","floor":22.0},{"not_picked":["Koishi:Prune+1","Koishi:LastRemote+1","Koishi:Untouchable"],"picked":"SKIP","floor":24},{"not_picked":["Koishi:PhantomBarrier","Koishi:FourthEye"],"picked":"Koishi:MentalBreakdown+1","floor":25},{"not_picked":["Koishi:IdleWhim","Koishi:RacingHeart+1","Koishi:PhantomBarrier+1"],"picked":"SKIP","floor":27},{"not_picked":["Koishi:Jaunt+1","Koishi:SpiritedAway+1","Koishi:MassHysteria+1"],"picked":"SKIP","floor":29},{"not_picked":["Koishi:PhantomBarrier","Koishi:StingingMind+1"],"picked":"Koishi:RacingHeart+1","floor":31},{"not_picked":["Koishi:Untouchable","Koishi:BloodcurdlingScream+1","Koishi:FleetingPhantom"],"picked":"SKIP","floor":32}],"player_experience":1334604,"relics_obtained":[{"floor":6.0,"key":"Molten Egg 2"},{"floor":7.0,"key":"Golden Egg"},{"floor":8.0,"key":"Boot"},{"floor":23.0,"key":"Ring of Fury"},{"floor":23.0,"key":"ReplayTheSpireMod:Ring of Challenge"},{"floor":25,"key":"Nunchaku"},{"floor":26,"key":"ReplayFunnel"},{"floor":29,"key":"Kunai"}],"event_choices":[],"is_beta":false,"boss_relics":[{"not_picked":["Velvet Choker","ReplayTheSpireMod:DimensionalGlitch"],"picked":"Tiny House"}],"items_purged_floors":[11],"is_endless":false,"potions_floor_spawned":[3,8,9,14,16,21,25,31],"killed_by":"Gensokyo:Chomper_and_Gloop","ascension_level":0}}