{"host":"h0xw20cia6ppa69g","time":1611629613,"event":{"mods":["AchievementEnabler","BaseMod","Colored Map","Filter the Spire","Googly Eyes","Minty Spire (QoL Compilation)","Relic Stats","StSLib","The Awakened One except there are too many feathers","everything is the same but u backflip on backflip"],"gold_per_floor":[116,116,130,41,41,41,72,72,72,85,85,110,128,161,161,261,261,278,293,47,47,47,76,76,87,111,111,138,199,249,259,259,362,362,378,446,272,282,302,302,331,331,331,362,412,462,220,232,232,232,232,232,34,69,69],"floor_reached":56,"language":"ENG","playtime":3212,"items_purged":["Hello World"],"score":1389,"play_id":"044c2e3b-6fae-4d03-aa58-b6756690b857","local_time":"20210125205333","is_ascension_mode":true,"campfire_choices":[{"data":"Loop","floor":6,"key":"SMITH"},{"data":"Zap","floor":8,"key":"SMITH"},{"data":"Thunder Strike","floor":15,"key":"SMITH"},{"data":"Echo Form","floor":24,"key":"SMITH"},{"data":"Turbo","floor":27,"key":"SMITH"},{"data":"Static Discharge","floor":32,"key":"SMITH"},{"floor":40,"key":"RECALL"},{"data":"Hologram","floor":42,"key":"SMITH"},{"data":"Skim","floor":49,"key":"SMITH"},{"data":"Capacitor","floor":52,"key":"SMITH"}],"circlet_count":0,"master_deck":["Zap+1","Dualcast","Thunder Strike+1","Sunder","Rainbow","Meteor Strike","Force Field","Loop+1","Conserve Battery","Ball Lightning","Glacier","Conserve Battery","Genetic Algorithm","Conserve Battery+1","Reboot","Self Repair","Turbo+1","Echo Form+1","Reinforced Body+1","Leap","Storm","Turbo+1","Force Field+1","Coolheaded","Static Discharge+1","Electrodynamics","CurseOfTheBell","Redo+1","Hologram+1","Aggregate+1","Static Discharge+1","Capacitor+1","Go for the Eyes+1","Skim+1","Turbo","Turbo","Seek"],"relics":["Pandora\u0027s Box","Happy Flower","Eternal Feather","Sundial","Regal Pillow","StrikeDummy","Bronze Scales","Runic Pyramid","Potion Belt","SsserpentHead","Pen Nib","Vajra","Peace Pipe","Calling Bell","Omamori","Kunai","TungstenRod","PreservedInsect","Thread and Needle","Du-Vu Doll","War Paint","ClockworkSouvenir","Orichalcum"],"acts_visited":["Exordium","TheCity","TheBeyond","TheEnding"],"potions_floor_usage":[38,50,54,55,55],"damage_taken":[{"damage":11,"enemies":"Cultist","floor":1,"turns":4},{"damage":7,"enemies":"2 Louse","floor":3,"turns":3},{"damage":11,"enemies":"Gremlin Nob","floor":7,"turns":6},{"damage":0,"enemies":"Small Slimes","floor":10,"turns":3},{"damage":2,"enemies":"3 Sentries","floor":12,"turns":6},{"damage":5,"enemies":"2 Fungi Beasts","floor":13,"turns":4},{"damage":0,"enemies":"Lagavulin","floor":14,"turns":6},{"damage":21,"enemies":"Slime Boss","floor":16,"turns":5},{"damage":2,"enemies":"Spheric Guardian","floor":18,"turns":4},{"damage":1,"enemies":"3 Byrds","floor":19,"turns":2},{"damage":12,"enemies":"Book of Stabbing","floor":23,"turns":5},{"damage":0,"enemies":"Snake Plant","floor":25,"turns":5},{"damage":0,"enemies":"Gremlin Leader","floor":28,"turns":8},{"damage":13,"enemies":"Shelled Parasite and Fungi","floor":29,"turns":8},{"damage":0,"enemies":"Snecko","floor":31,"turns":6},{"damage":15,"enemies":"Automaton","floor":33,"turns":7},{"damage":0,"enemies":"3 Darklings","floor":35,"turns":6},{"damage":0,"enemies":"3 Shapes","floor":36,"turns":5},{"damage":19,"enemies":"Jaw Worm Horde","floor":38,"turns":3},{"damage":10,"enemies":"Maw","floor":39,"turns":6},{"damage":10,"enemies":"Giant Head","floor":41,"turns":7},{"damage":0,"enemies":"Nemesis","floor":44,"turns":7},{"damage":4,"enemies":"3 Darklings","floor":48,"turns":8},{"damage":28,"enemies":"Donu and Deca","floor":50,"turns":10},{"damage":25,"enemies":"Shield and Spear","floor":54,"turns":8},{"damage":3,"enemies":"The Heart","floor":55,"turns":9}],"seed_played":"7432658126555153720","potions_obtained":[{"floor":1,"key":"SpeedPotion"},{"floor":7,"key":"FearPotion"},{"floor":13,"key":"ColorlessPotion"},{"floor":14,"key":"SpeedPotion"},{"floor":28,"key":"SpeedPotion"},{"floor":33,"key":"SkillPotion"},{"floor":38,"key":"Fire Potion"},{"floor":41,"key":"SteroidPotion"}],"is_trial":false,"path_per_floor":["M","?","M","$","T","R","E","R","T","M","?","E","M","E","R","B",null,"M","M","$","?","?","E","R","M","T","R","E","M","?","M","R","B",null,"M","M","$","M","M","R","E","R","T","E","?","?","$","M","R","B",null,"R","$","E","B",null],"character_chosen":"DEFECT","items_purchased":["Glacier","Conserve Battery","Potion Belt","Leap","PreservedInsect","Hologram","Skim","Turbo","War Paint","ClockworkSouvenir","ColorlessPotion"],"campfire_rested":0,"item_purchase_floors":[4,4,20,20,37,37,47,47,47,53,53],"current_hp_per_floor":[64,64,57,57,57,63,52,58,58,58,58,56,51,58,67,53,75,75,74,74,74,74,69,75,75,75,75,75,75,75,75,75,67,75,75,75,75,56,46,64,61,75,75,75,75,75,75,75,75,54,75,75,75,57,61],"gold":69,"neow_bonus":"BOSS_RELIC","is_daily":false,"chose_seed":false,"campfire_upgraded":9,"win_rate":0.0,"timestamp":1611629613,"path_taken":["M","?","M","$","?","R","E","R","T","M","?","E","M","E","R","BOSS","M","M","$","?","?","E","R","M","T","R","E","?","?","M","R","BOSS","M","?","$","M","M","R","E","R","T","E","?","?","$","M","R","BOSS","R","$","E","BOSS"],"items_purchased_type":["Card","Card","Relic","Card","Relic","Card","Card","Card","Relic","Relic","Potion"],"build_version":"2020-12-22","purchased_purges":1,"victory":true,"max_hp_per_floor":[75,75,75,75,75,75,75,75,75,75,75,75,75,75,75,75,75,75,75,75,75,75,75,75,75,75,75,75,75,75,75,75,75,75,75,75,75,75,75,75,75,75,75,75,75,75,75,75,75,75,75,75,75,75,75],"relic_stats":{"Regal Pillow":0,"Happy Flower":[49],"counters":[26,148],"Eternal Feather":59,"Pen Nib":[7],"PreservedInsect":240,"War Paint":["Force Field","Conserve Battery"],"Orichalcum":[6],"Peace Pipe":0,"SsserpentHead":250,"Sundial":[16],"Bronze Scales":[476],"Pandora\u0027s Box":["Thunder Strike","Sunder","Hello World","Sweeping Beam","Rainbow","Meteor Strike","Force Field","Loop"],"Kunai":[1],"obtain_stats":[{"Potion Belt":20,"Regal Pillow":9,"Happy Flower":2,"Vajra":26,"Eternal Feather":5,"Thread and Needle":41,"Pen Nib":23,"PreservedInsect":37,"Omamori":34,"War Paint":47,"Orichalcum":54,"ClockworkSouvenir":53,"Peace Pipe":28,"Calling Bell":34,"Du-Vu Doll":44,"SsserpentHead":22,"Sundial":7,"Bronze Scales":14,"Pandora\u0027s Box":0,"Kunai":34,"Cracked Core":0,"StrikeDummy":12,"TungstenRod":34,"Runic Pyramid":17},{"Potion Belt":10,"Regal Pillow":3,"Happy Flower":1,"Vajra":12,"Eternal Feather":2,"Thread and Needle":21,"Pen Nib":11,"PreservedInsect":18,"Omamori":16,"War Paint":22,"Orichalcum":25,"ClockworkSouvenir":24,"Peace Pipe":13,"Calling Bell":16,"Du-Vu Doll":22,"SsserpentHead":10,"Sundial":3,"Bronze Scales":7,"Pandora\u0027s Box":0,"Kunai":16,"Cracked Core":0,"StrikeDummy":5,"TungstenRod":16,"Runic Pyramid":8},{"Potion Belt":41,"Regal Pillow":11,"Happy Flower":3,"Vajra":51,"Eternal Feather":5,"Thread and Needle":107,"Pen Nib":46,"PreservedInsect":91,"Omamori":80,"War Paint":113,"Orichalcum":139,"ClockworkSouvenir":131,"Peace Pipe":59,"Calling Bell":80,"Du-Vu Doll":113,"SsserpentHead":41,"Sundial":11,"Bronze Scales":30,"Pandora\u0027s Box":0,"Kunai":80,"Cracked Core":0,"StrikeDummy":20,"TungstenRod":80,"Runic Pyramid":35}],"TungstenRod":28},"card_choices":[{"not_picked":["Reprogram","Gash"],"picked":"Conserve Battery","floor":1},{"not_picked":["Darkness","Steam Power"],"picked":"Ball Lightning","floor":3},{"not_picked":["Scrape","Cold Snap"],"picked":"Genetic Algorithm","floor":7},{"not_picked":["Beam Cell","Reprogram"],"picked":"Conserve Battery","floor":10},{"not_picked":["Melter","Rip and Tear"],"picked":"Reboot","floor":12},{"not_picked":["Sunder","Leap"],"picked":"Self Repair","floor":13},{"not_picked":["Aggregate","Cold Snap"],"picked":"Turbo","floor":14},{"not_picked":["Seek","Rainbow"],"picked":"Echo Form","floor":16},{"not_picked":["Gash+1","Sweeping Beam+1","Hello World+1"],"picked":"SKIP","floor":18},{"not_picked":["Barrage+1","Storm+1"],"picked":"Reinforced Body","floor":19},{"not_picked":["Streamline","Leap+1"],"picked":"Storm","floor":23},{"not_picked":["Recycle","Hologram+1"],"picked":"Turbo+1","floor":25},{"not_picked":["White Noise","Hyperbeam"],"picked":"Force Field","floor":28},{"not_picked":["Beam Cell","Reprogram"],"picked":"Coolheaded","floor":29},{"not_picked":["Steam","Sweeping Beam+1"],"picked":"Static Discharge","floor":31},{"not_picked":["Machine Learning","Multi-Cast"],"picked":"Electrodynamics","floor":33},{"not_picked":["Sunder","Skim"],"picked":"Redo+1","floor":35},{"not_picked":["Blizzard","Streamline+1","Conserve Battery+1"],"picked":"SKIP","floor":36},{"not_picked":["Compile Driver+1","Steam Power"],"picked":"Aggregate+1","floor":38},{"not_picked":["Redo+1","Steam+1"],"picked":"Static Discharge+1","floor":39},{"not_picked":["Coolheaded+1","Hologram+1"],"picked":"Capacitor","floor":41},{"not_picked":["Amplify","Streamline"],"picked":"Go for the Eyes+1","floor":44},{"not_picked":["Hello World+1","Ball Lightning+1"],"picked":"Turbo","floor":48},{"not_picked":["Leap+1","Lockon+1"],"picked":"Seek","floor":54}],"player_experience":3766082,"relics_obtained":[{"floor":5,"key":"Eternal Feather"},{"floor":7,"key":"Sundial"},{"floor":9,"key":"Regal Pillow"},{"floor":12,"key":"StrikeDummy"},{"floor":14,"key":"Bronze Scales"},{"floor":23,"key":"Pen Nib"},{"floor":26,"key":"Vajra"},{"floor":28,"key":"Peace Pipe"},{"floor":34,"key":"Omamori"},{"floor":34,"key":"Kunai"},{"floor":34,"key":"TungstenRod"},{"floor":41,"key":"Thread and Needle"},{"floor":44,"key":"Du-Vu Doll"},{"floor":54,"key":"Orichalcum"}],"event_choices":[{"cards_removed":["Sweeping Beam"],"damage_healed":0,"gold_gain":0,"player_choice":"Gave Card","damage_taken":0,"relics_obtained":["Happy Flower"],"max_hp_gain":0,"max_hp_loss":0,"event_name":"WeMeetAgain","floor":2,"gold_loss":0},{"damage_healed":0,"gold_gain":0,"player_choice":"Ignored","damage_taken":0,"max_hp_gain":0,"max_hp_loss":0,"event_name":"Liars Game","floor":11,"gold_loss":0},{"damage_healed":0,"gold_gain":0,"player_choice":"Ignored","damage_taken":0,"max_hp_gain":0,"max_hp_loss":0,"event_name":"The Mausoleum","floor":21,"gold_loss":0},{"damage_healed":0,"gold_gain":0,"player_choice":"Trade","damage_taken":0,"relics_obtained":["SsserpentHead"],"max_hp_gain":0,"max_hp_loss":0,"event_name":"FaceTrader","floor":22,"gold_loss":0},{"damage_healed":0,"gold_gain":0,"player_choice":"Upgraded","damage_taken":0,"max_hp_gain":0,"max_hp_loss":0,"event_name":"Upgrade Shrine","floor":30,"gold_loss":0,"cards_upgraded":["Reinforced Body"]},{"damage_healed":19,"gold_gain":0,"player_choice":"Writhe","damage_taken":0,"max_hp_gain":0,"max_hp_loss":0,"event_name":"Winding Halls","floor":45,"gold_loss":0,"cards_obtained":["Writhe"]},{"damage_healed":0,"gold_gain":0,"player_choice":"Full Heal","damage_taken":0,"max_hp_gain":0,"max_hp_loss":0,"event_name":"Wheel of Change","floor":46,"gold_loss":0}],"is_beta":false,"boss_relics":[{"not_picked":["Cursed Key","Inserter"],"picked":"Runic Pyramid"},{"not_picked":["Sozu","Runic Dome"],"picked":"Calling Bell"}],"items_purged_floors":[20],"is_endless":false,"potions_floor_spawned":[1,7,13,14,18,19,28,33,38,41],"ascension_level":1}}