{"host":"80x1ozqd5wpd4nvo","time":1611699599,"event":{"mods":["2.2 Compatiblity","Aspiration","BaseMod","Better Altar","Better Match","Better Note","Better Sensory Stone","Better Skull","Better Third Choice","BetterRewards","CCEM2","Card Forge","Custom Start","DNKmod","Defuse TimeMaze Blight","Dota2Spire","Energized Spire","Friendly Minions","GifTheSpireLib","Hubris","Infinite Spire","Minty Spire (QoL Compilation)","Permanent Neow","Poor People Problems","Shop Mod","Spicy Shops","StS++","StSLib","The Blue Laboratory","??????REMEMod"],"gold_per_floor":[1215,1085,1097,380,398,424,436,436,436,449,483,483,501,501,501,602,602,613,313,388,369,204,236,236,262,310,321,321,337,368,378,378,482,482,497,497,497,512,357,389,389,399,399,399,399,417,427,427,427,427,427,427,29,57,57],"floor_reached":56,"language":"ENG","playtime":3425,"items_purged":["theextravagant:SlyStrike"],"score":1578,"play_id":"32e1209b-f0a0-43e1-b4f1-efd9a4a4e457","local_time":"20210126231959","is_ascension_mode":true,"campfire_choices":[{"data":"theextravagant:GlyphOfTime","floor":8,"key":"SMITH"},{"data":"theextravagant:RustyBuckler","floor":12,"key":"SMITH"},{"data":"theextravagant:GustOfWind","floor":15,"key":"SMITH"},{"floor":28,"key":"REST"},{"data":"StSpp:Cataclysm","floor":32,"key":"SMITH"},{"data":"theextravagant:Twitch","floor":44,"key":"SMITH"},{"floor":49,"key":"RECALL"},{"data":"theextravagant:DAMNATION","floor":52,"key":"SMITH"}],"circlet_count":0,"master_deck":["theextravagant:SlyStrike","theextravagant:SlyStrike","theextravagant:SlyStrike","theextravagant:Fence","theextravagant:Fence","theextravagant:Fence","theextravagant:Fence","theextravagant:QuickAttack","theextravagant:Triumph","theextravagant:GlyphOfTime+1","theextravagant:Masquerade","theextravagant:QuickAttack","theextravagant:GustOfWind+1","theextravagant:FocusStab","theextravagant:Outrun","theextravagant:RustyBuckler+1","theextravagant:SharpTalons","theextravagant:Impulse","theextravagant:Radiance+1","theextravagant:Precaution","theextravagant:GlyphOfChoice+1","StSpp:Cataclysm+1","theextravagant:Twitch+1","theextravagant:Shove","theextravagant:Clairvoyance","theextravagant:Twostep+1","theextravagant:Repell+1","theextravagant:SnakeEyes+1","theextravagant:PuffUp+1","StSpp:Succumb+1","theextravagant:Flashback+1","infinitespire:Collect+1","theextravagant:PuffUp+1","theextravagant:DAMNATION+1","theextravagant:GlyphOfTime+1","theextravagant:Drift+1"],"relics":["theextravagant:TranslucentFeather","Hammer of Thor","Seething Fire","Anvil of the Gods","REME_ComplimentaryCards","Vajra","hubris:OldNail","theextravagant:TopHat","CCEMRelics:TeddyBear","Question Card","DollysMirror","Dota2Spire:DrumOfEndurance","StSpp:TwinEgg","StSpp:BrokenTotem","SlaversCollar","CCEMRelics:CarbonFilter","CCEMRelics:PorcelainBowl","Smiling Mask","Bag of Marbles","aspiration:IroncladSkillbook","TheAbacus","CCEMRelics:GlassOfMilk","Dota2Spire:OctarineCore","hubris:Potato","Centennial Puzzle"],"acts_visited":["Exordium","TheCity","TheBeyond","TheEnding"],"potions_floor_usage":[5,11,11,16,16,21,23,25,33,40,47,50,54],"damage_taken":[{"damage":0,"enemies":"Small Slimes","floor":1,"turns":3},{"damage":0,"enemies":"Cultist","floor":3,"turns":3},{"damage":3,"enemies":"Jaw Worm","floor":5,"turns":2},{"damage":0,"enemies":"Gremlin Nob","floor":6,"turns":3},{"damage":5,"enemies":"Lots of Slimes","floor":7,"turns":4},{"damage":0,"enemies":"3 Louse","floor":10,"turns":2},{"damage":0,"enemies":"Lagavulin","floor":11,"turns":4},{"damage":0,"enemies":"Exordium Thugs","floor":13,"turns":2},{"damage":0,"enemies":"Slime Boss","floor":16,"turns":6},{"damage":19,"enemies":"Spheric Guardian","floor":18,"turns":4},{"damage":12,"enemies":"2 Thieves","floor":21,"turns":4},{"damage":5,"enemies":"Slavers","floor":23,"turns":5},{"damage":4,"enemies":"Gremlin Leader","floor":25,"turns":8},{"damage":7,"enemies":"Snecko","floor":27,"turns":4},{"damage":4,"enemies":"Chosen and Byrds","floor":29,"turns":5},{"damage":0,"enemies":"Book of Stabbing","floor":30,"turns":4},{"damage":0,"enemies":"Shelled Parasite and Fungi","floor":31,"turns":3},{"damage":3,"enemies":"Automaton","floor":33,"turns":7},{"damage":24,"enemies":"3 Shapes","floor":35,"turns":4},{"damage":2,"enemies":"Orb Walker","floor":38,"turns":4},{"damage":12,"enemies":"Nemesis","floor":40,"turns":7},{"damage":1,"enemies":"Jaw Worm Horde","floor":42,"turns":4},{"damage":0,"enemies":"Transient","floor":46,"turns":5},{"damage":0,"enemies":"4 Shapes","floor":47,"turns":3},{"damage":0,"enemies":"infinitespire:MassOfShapes","floor":50,"turns":5},{"damage":0,"enemies":"Shield and Spear","floor":54,"turns":4},{"damage":1,"enemies":"The Heart","floor":55,"turns":8}],"seed_played":"-5762522402620784661","potions_obtained":[{"floor":3,"key":"blueLaboratory:SavagePotion"},{"floor":6,"key":"GamblersBrew"},{"floor":10,"key":"blueLaboratory:ImpenetrablePotion"},{"floor":14,"key":"SkillPotion"},{"floor":14,"key":"Block Potion"},{"floor":16,"key":"blueLaboratory:PhilterOfMotion"},{"floor":21,"key":"Dota2Spire:HealingSalve"},{"floor":23,"key":"blueLaboratory:SavagePotion"},{"floor":25,"key":"blueLaboratory:ArtificerPotion"},{"floor":30,"key":"Fire Potion"},{"floor":38,"key":"Energy Potion"},{"floor":40,"key":"SmokeBomb"},{"floor":46,"key":"GamblersBrew"},{"floor":47,"key":"Explosive Potion"}],"is_trial":false,"path_per_floor":["M","?","M","$","M","E","M","R","T","M","E","R","M","?","R","B",null,"M","$","?","M","$","E","?","E","T","M","R","M","E","M","R","B",null,"M","?","?","M","$","E","?","M","T","R","$","M","M","?","R","B",null,"R","$","E","B",null],"character_chosen":"THE_EXTRAVAGANT","items_purchased":["theextravagant:TopHat","CCEMRelics:TeddyBear","Question Card","DollysMirror","theextravagant:GustOfWind","CCEMRelics:CarbonFilter","StSpp:Cataclysm","TheAbacus","Dota2Spire:OctarineCore","hubris:Potato","theextravagant:GlyphOfTime","theextravagant:Drift"],"campfire_rested":1,"item_purchase_floors":[4,4,4,4,4,19,22,39,45,53,53,53],"current_hp_per_floor":[100,100,100,100,97,97,92,92,92,92,92,92,92,92,92,92,100,81,81,71,59,59,66,66,62,62,55,85,81,81,81,81,78,100,80,80,80,82,82,74,50,53,53,53,33,37,41,41,41,45,100,100,100,100,100],"gold":57,"neow_bonus":"RANDOM_COMMON_RELIC","is_daily":false,"chose_seed":false,"campfire_upgraded":6,"win_rate":0.0,"timestamp":1611699599,"path_taken":["M","?","?","$","M","E","M","R","T","M","E","R","M","?","R","BOSS","M","?","?","M","$","E","?","E","T","M","R","?","E","M","R","BOSS","M","?","?","?","?","E","?","M","T","R","?","M","?","?","R","BOSS","R","$","E","BOSS"],"items_purchased_type":["Relic","Relic","Relic","Relic","Card","Relic","Card","Relic","Relic","Relic","Card","Card"],"build_version":"2020-12-22","purchased_purges":1,"victory":true,"max_hp_per_floor":[100,100,100,100,100,100,100,100,100,100,100,100,100,100,100,100,100,100,100,100,100,100,100,100,100,100,100,100,100,100,100,100,100,100,100,100,100,100,100,100,100,100,100,100,100,100,100,100,100,100,100,100,100,100,100],"card_choices":[{"not_picked":["theextravagant:GarbageCannon","theextravagant:Defy"],"picked":"theextravagant:GlyphOfTime","floor":1},{"not_picked":["theextravagant:Riot","theextravagant:GarbageCannon"],"picked":"theextravagant:Masquerade","floor":3},{"not_picked":["theextravagant:HeavyBlows","theextravagant:Twitch","theextravagant:ShootingStar"],"picked":"theextravagant:FocusStab","floor":5},{"not_picked":["theextravagant:Impulse","theextravagant:SharpTalons","theextravagant:RiskyStrike"],"picked":"theextravagant:Outrun","floor":6},{"not_picked":["theextravagant:Riot","theextravagant:Twitch","theextravagant:SpontaneousStrike"],"picked":"theextravagant:RustyBuckler","floor":7},{"not_picked":["theextravagant:GustOfWind","theextravagant:Twitch","theextravagant:Meditation"],"picked":"theextravagant:SharpTalons","floor":10},{"not_picked":["theextravagant:DAMNATION","theextravagant:SharpTalons","theextravagant:GustOfWind"],"picked":"theextravagant:Impulse","floor":11},{"not_picked":["theextravagant:Shake","theextravagant:Defy","theextravagant:Tension"],"picked":"theextravagant:Radiance","floor":13},{"not_picked":["theextravagant:Vintage","theextravagant:Cutthroat+1","theextravagant:RustyBuckler"],"picked":"theextravagant:Precaution","floor":18},{"not_picked":["theextravagant:PuffUp","theextravagant:SkillfullDodge+1","theextravagant:Masquerade+1"],"picked":"theextravagant:GlyphOfChoice","floor":21},{"not_picked":["theextravagant:TwilightTone","theextravagant:Cutthroat","theextravagant:Defy"],"picked":"theextravagant:Twitch","floor":23},{"not_picked":["theextravagant:Masquerade+1","theextravagant:Tension","theextravagant:GlyphOfChoice+1"],"picked":"theextravagant:Shove","floor":25},{"not_picked":["theextravagant:Shove","theextravagant:Antiquity","theextravagant:GlyphOfTime+1"],"picked":"theextravagant:Clairvoyance","floor":27},{"not_picked":["theextravagant:Firework","theextravagant:HeavyBlows","theextravagant:Drift+1"],"picked":"theextravagant:Twostep+1","floor":29},{"not_picked":["theextravagant:Shake","theextravagant:PerfectTheBasics+1","theextravagant:Precaution"],"picked":"theextravagant:Repell","floor":30},{"not_picked":["theextravagant:Tension+1","theextravagant:Impulse","theextravagant:SharpTalons","theextravagant:Firework"],"picked":"SKIP","floor":31},{"not_picked":["theextravagant:Nihil","theextravagant:TwilightTone","theextravagant:Pluck"],"picked":"theextravagant:SnakeEyes","floor":33},{"not_picked":["Rage","theextravagant:Firework","Body Slam+1","StSpp:TheBiggerTheyAre","theextravagant:GarbageCannon"],"picked":"SKIP","floor":35},{"not_picked":["Armaments","hubris:CleavingFinish","Body Slam","theextravagant:SkillfullDodge+1"],"picked":"StSpp:Succumb","floor":38},{"not_picked":["REME_TheLastStrike","StSpp:Succumb+1","Clothesline+1","Sword Boomerang+1"],"picked":"theextravagant:Flashback+1","floor":40},{"not_picked":["hubris:Rewind","hubris:InfiniteBlow+10"],"picked":"infinitespire:Collect","floor":41},{"not_picked":["Wild Strike+1","Dual Wield+1","theextravagant:StepBack+1","Warcry+1"],"picked":"theextravagant:PuffUp+1","floor":42},{"not_picked":["StSpp:Sprint","theextravagant:Thrill+1","Perfected Strike","Second Wind","theextravagant:Swirl+1"],"picked":"SKIP","floor":46},{"not_picked":["Wild Strike+1","Pommel Strike","Thunderclap+1","Entrench"],"picked":"theextravagant:DAMNATION","floor":47},{"not_picked":["theextravagant:Shake","theextravagant:SharpTalons+1","Cleave","theextravagant:Courage","theextravagant:RustyBuckler"],"picked":"SKIP","floor":54}],"player_experience":284947,"relics_obtained":[{"floor":6,"key":"Dota2Spire:DrumOfEndurance"},{"floor":9,"key":"StSpp:TwinEgg"},{"floor":11,"key":"StSpp:BrokenTotem"},{"floor":23,"key":"CCEMRelics:PorcelainBowl"},{"floor":25,"key":"Smiling Mask"},{"floor":26,"key":"Bag of Marbles"},{"floor":40,"key":"CCEMRelics:GlassOfMilk"},{"floor":54,"key":"Centennial Puzzle"}],"event_choices":[{"damage_healed":0,"gold_gain":0,"player_choice":"Paid Gold","damage_taken":0,"relics_obtained":["hubris:OldNail"],"max_hp_gain":0,"max_hp_loss":0,"event_name":"WeMeetAgain","floor":2,"gold_loss":130},{"damage_healed":0,"gold_gain":0,"player_choice":"Got Potions","damage_taken":0,"max_hp_gain":0,"max_hp_loss":0,"event_name":"Lab","floor":14,"gold_loss":0},{"damage_healed":0,"gold_gain":75,"player_choice":"Touch","damage_taken":10,"max_hp_gain":0,"max_hp_loss":0,"event_name":"FaceTrader","floor":20,"gold_loss":0},{"cards_removed":["theextravagant:SlyStrike"],"damage_healed":0,"gold_gain":0,"player_choice":"Give","damage_taken":0,"max_hp_gain":0,"max_hp_loss":0,"event_name":"betterNote:BetterNote","floor":24,"gold_loss":0,"cards_obtained":["theextravagant:SlyStrike"]},{"damage_healed":0,"gold_gain":0,"player_choice":"Upgraded","damage_taken":0,"max_hp_gain":0,"max_hp_loss":0,"event_name":"Upgrade Shrine","floor":37,"gold_loss":0,"cards_upgraded":["theextravagant:SnakeEyes"]}],"is_beta":false,"boss_relics":[{"not_picked":["SacredBark","Runic Pyramid"],"picked":"SlaversCollar"},{"not_picked":["aspiration:RunicSpoon","hubris:CrackedHourglass"],"picked":"aspiration:IroncladSkillbook"}],"items_purged_floors":[4],"is_endless":false,"potions_floor_spawned":[3,6,10,16,21,23,25,30,38,40,46,47],"ascension_level":1}}