{"host":"neshiy0twyn5josp","time":1611669619,"event":{"mods":["AchievementEnabler","Act Like it!","AlwaysNeverKeys","Aspiration","BaseMod","Better Note","Better Silent Start","Better Third Choice","Challenge The Spire","Colored Powertips","Conspire","Emptier Cage","Energized Spire","GifTheSpireLib","Hubris","Minty Spire (QoL Compilation)","Permanent Neow","Quick Restart","Rare Cards Sparkle","Replay The Spire","Reworked Bosses","Spicy Shops","StS++","StSLib","Stuff the Spire"],"gold_per_floor":[119,119,137,150,150,150,150,179,179,179,191,191,203,233,233,336,336,320,90,105,105,122,149,149,164,164,164,194,194,225,225,225,323,323,333,333,333,381,400,426,426,451,451,486,230,230,258,278,278,278],"floor_reached":51,"language":"ENG","playtime":3613,"items_purged":["Strike_B"],"score":1028,"play_id":"9e768a2b-6788-4641-99d5-352e1b095632","local_time":"20210126060019","daily_mods":["Heirloom"],"is_ascension_mode":true,"campfire_choices":[{"data":"StSpp:TargetLocked","floor":6,"key":"SMITH"},{"data":"Dualcast","floor":10,"key":"SMITH"},{"data":"Zap","floor":12,"key":"SMITH"},{"data":"White Noise","floor":15,"key":"SMITH"},{"data":"StuffTheSpire:Synthwave","floor":24,"key":"SMITH"},{"data":"StuffTheSpire:ForEach","floor":27,"key":"SMITH"},{"data":"Cold Snap","floor":29,"key":"SMITH"},{"data":"StuffTheSpire:CelestialWarden","floor":32,"key":"SMITH"},{"data":"Blizzard","floor":41,"key":"SMITH"},{"data":"Coolheaded","floor":46,"key":"SMITH"}],"circlet_count":0,"master_deck":["Strike_B","Strike_B","Defend_B","Defend_B","Defend_B","Defend_B","Zap+1","Dualcast+1","Cold Snap","StSpp:TargetLocked+1","Coolheaded+1","StuffTheSpire:Coldhearted","White Noise+1","StuffTheSpire:ForEach+1","StuffTheSpire:Synthwave+1","StuffTheSpire:CelestialWarden+1","Panic Button","Cold Snap+1","StuffTheSpire:CelestialWarden+1","Mirror Shield+1","Blizzard+1","aspiration:Polymerization","StuffTheSpire:Synthwave+1","White Noise","Apotheosis"],"relics":["Cracked Core","Ring of Chaos","TungstenRod","hubris:Icosahedron","Carrot","StuffTheSpire:OldFever","StuffTheSpire:BottledEssence","Torii","Lizard Tail","Quantum Egg","Replay:WaspNest","aspiration:Stellarator","Durian","hubris:MysteriousPyramids","StuffTheSpire:Barrel","FossilizedHelix","hubris:SlimyHat","Membership Card","Omamori","Orrery","Darkstone Periapt"],"acts_visited":["Exordium","TheCity","TheBeyond"],"potions_floor_usage":[18,18,18,18,30,33,38,38,40,44,48,50],"damage_taken":[{"damage":0,"enemies":"Jaw Worm","floor":1,"turns":3},{"damage":0,"enemies":"Small Slimes","floor":3,"turns":3},{"damage":0,"enemies":"2 Louse","floor":4,"turns":2},{"damage":3,"enemies":"Lagavulin","floor":8,"turns":8},{"damage":0,"enemies":"Looter","floor":11,"turns":2},{"damage":0,"enemies":"Large Slime","floor":13,"turns":3},{"damage":0,"enemies":"3 Sentries","floor":14,"turns":7},{"damage":33,"enemies":"Hexaghost","floor":16,"turns":5},{"damage":6,"enemies":"2 Thieves","floor":18,"turns":4},{"damage":0,"enemies":"Chosen","floor":20,"turns":4},{"damage":2,"enemies":"Snake Plant","floor":22,"turns":5},{"damage":26,"enemies":"Gremlin Leader","floor":23,"turns":5},{"damage":0,"enemies":"Snecko","floor":25,"turns":7},{"damage":5,"enemies":"Book of Stabbing","floor":28,"turns":5},{"damage":9,"enemies":"Gremlin Leader","floor":30,"turns":11},{"damage":0,"enemies":"conspire:MysteriousRune","floor":33,"turns":14},{"damage":0,"enemies":"3 Shapes","floor":35,"turns":5},{"damage":0,"enemies":"2 Orb Walkers","floor":38,"turns":6},{"damage":0,"enemies":"Orb Walker","floor":39,"turns":3},{"damage":5,"enemies":"Reptomancer","floor":40,"turns":11},{"damage":0,"enemies":"R_Hoarder","floor":42,"turns":10},{"damage":0,"enemies":"Reptomancer","floor":44,"turns":8},{"damage":0,"enemies":"R_Hoarder","floor":47,"turns":11},{"damage":0,"enemies":"Writhing Mass","floor":48,"turns":6},{"damage":0,"enemies":"bossMod:newAwakened","floor":50,"turns":17}],"seed_played":"-8690461113381361759","potions_obtained":[{"floor":4,"key":"Milkshake"},{"floor":11,"key":"StSpp:ScatteredPotion"},{"floor":14,"key":"SteroidPotion"},{"floor":20,"key":"Toxic Potion"},{"floor":22,"key":"Dexterity Potion"},{"floor":28,"key":"StSpp:ScatteredPotion"},{"floor":35,"key":"Fire Potion"},{"floor":39,"key":"Ancient Potion"},{"floor":40,"key":"Swift Potion"},{"floor":47,"key":"ColorlessPotion"},{"floor":48,"key":"AttackPotion"}],"is_trial":true,"path_per_floor":["M","?","M","M","?","R","?","E","T","R","M","R","M","E","R","B",null,"M","$","M","?","M","E","R","M","T","R","E","R","E","?","R","B",null,"M","?","$","?","M","E","R","E","T","E","$","R","E","M","R","B",null],"character_chosen":"DEFECT","items_purchased":["StuffTheSpire:BottledEssence","Membership Card","aspiration:Polymerization","Omamori","Orrery"],"campfire_rested":0,"item_purchase_floors":[19,45,45,45,45],"current_hp_per_floor":[75,75,75,75,75,75,75,72,72,72,72,72,72,72,72,39,75,69,69,69,69,67,41,41,41,41,41,36,36,27,27,27,27,75,75,75,75,80,80,75,75,75,75,75,75,75,75,75,75,75],"gold":278,"neow_bonus":"","is_daily":false,"chose_seed":false,"campfire_upgraded":10,"win_rate":0.0,"timestamp":1611669619,"path_taken":["M","?","M","M","?","R","?","E","T","R","M","R","?","E","R","BOSS","M","$","M","?","M","E","R","M","T","R","E","R","E","?","R","BOSS","M","?","$","?","M","E","R","E","T","E","$","R","E","M","R","BOSS"],"items_purchased_type":["Relic","Relic","Card","Relic","Relic"],"build_version":"2020-12-22","purchased_purges":1,"victory":true,"max_hp_per_floor":[75,75,75,75,75,75,75,75,75,75,75,75,75,75,75,75,75,75,75,75,75,75,75,75,75,75,75,75,75,75,75,75,75,75,75,75,75,80,80,80,80,80,80,80,80,80,80,80,80,80],"card_choices":[{"not_picked":["StuffTheSpire:Coldhearted","StuffTheSpire:GlassShard"],"picked":"Cold Snap","floor":1},{"not_picked":["Hello World","Redo"],"picked":"StSpp:TargetLocked","floor":3},{"not_picked":["Double Energy","Streamline"],"picked":"Coolheaded","floor":4},{"not_picked":["BasicCrystalCard","Turbo"],"picked":"StuffTheSpire:Coldhearted","floor":8},{"not_picked":["StuffTheSpire:Plugnplay","Ball Lightning","BasicCrystalCard"],"picked":"SKIP","floor":11},{"not_picked":["Coolheaded","Storm","Hologram"],"picked":"SKIP","floor":13},{"not_picked":["StuffTheSpire:EventHorizon","Doom and Gloom"],"picked":"White Noise","floor":14},{"not_picked":["Multi-Cast","hubris:SpecializedCircuitry"],"picked":"StuffTheSpire:ForEach","floor":16},{"not_picked":["Hello World","Leap"],"picked":"StuffTheSpire:Synthwave","floor":18},{"not_picked":["Leap","Turbo","Hologram+1"],"picked":"SKIP","floor":20},{"not_picked":["Steam","Hologram+1","Redo"],"picked":"SKIP","floor":22},{"not_picked":["Buffer","Rebound"],"picked":"Panic Button","floor":23},{"not_picked":["Double Energy","Creative AI"],"picked":"Cold Snap","floor":25},{"not_picked":["Panic Button","Gash","FTL"],"picked":"SKIP","floor":28},{"not_picked":["Rip and Tear","Turbo","Double Energy"],"picked":"SKIP","floor":30},{"not_picked":["StuffTheSpire:Harmony","StuffTheSpire:Vigor"],"picked":"StuffTheSpire:CelestialWarden","floor":31},{"not_picked":["All For One","Core Surge"],"picked":"Mirror Shield","floor":33},{"not_picked":["Ball Lightning+1","FIFO Queue","Streamline+1"],"picked":"SKIP","floor":35},{"not_picked":["StSpp:TargetLocked+1","Leap","Amplify"],"picked":"SKIP","floor":39},{"not_picked":["Go for the Eyes","ReplayTheSpireMod:Calculation Training+1"],"picked":"Blizzard","floor":40},{"not_picked":["conspire:Rain+1","Hologram+1","Barrage"],"picked":"SKIP","floor":42},{"not_picked":["Beam Cell+1","Recycle","Sweeping Beam+1"],"picked":"SKIP","floor":44},{"not_picked":["ReplayTheSpireMod:Reroute Power","StuffTheSpire:LoadUp+1"],"picked":"StuffTheSpire:Synthwave+1","floor":45},{"not_picked":["StuffTheSpire:Plugnplay","Sweeping Beam+1","Aggregate+1"],"picked":"SKIP","floor":47},{"not_picked":["Streamline+1","Conserve Battery+1"],"picked":"White Noise","floor":48},{"not_picked":["ReplayTheSpireMod:Necrogeddon","StSpp:Panic"],"picked":"Apotheosis","floor":49}],"player_experience":284997,"relics_obtained":[{"floor":8,"key":"PreservedInsect"},{"floor":9,"key":"Carrot"},{"floor":14,"key":"StuffTheSpire:OldFever"},{"floor":23,"key":"Torii"},{"floor":26,"key":"Lizard Tail"},{"floor":28,"key":"Quantum Egg"},{"floor":30,"key":"Replay:WaspNest"},{"floor":38,"key":"Durian"},{"floor":40,"key":"hubris:MysteriousPyramids"},{"floor":42,"key":"StuffTheSpire:Barrel"},{"floor":43,"key":"FossilizedHelix"},{"floor":44,"key":"hubris:SlimyHat"},{"floor":47,"key":"Darkstone Periapt"}],"event_choices":[{"cards_removed":["White Noise"],"damage_healed":0,"gold_gain":0,"player_choice":"Take \u0026 Give","damage_taken":0,"max_hp_gain":0,"max_hp_loss":0,"event_name":"betterNote:BetterNote","floor":21,"gold_loss":0,"cards_obtained":["StuffTheSpire:CelestialWarden"]},{"damage_healed":0,"gold_gain":0,"player_choice":"Upgraded","damage_taken":0,"max_hp_gain":0,"max_hp_loss":0,"event_name":"Upgrade Shrine","floor":36,"gold_loss":0,"cards_upgraded":["Mirror Shield"]},{"damage_healed":0,"gold_gain":0,"player_choice":"Fight","damage_taken":0,"max_hp_gain":0,"max_hp_loss":0,"event_name":"Mysterious Sphere","floor":38,"gold_loss":0},{"damage_healed":0,"gold_gain":0,"player_choice":"Memory 1","damage_taken":0,"max_hp_gain":0,"max_hp_loss":0,"event_name":"SensoryStone","floor":49,"gold_loss":0}],"is_beta":false,"boss_relics":[{"not_picked":["energizedSpire:StickyHand","Cursed Key","StSpp:CrystalBall"]},{"not_picked":["StuffTheSpire:RunicHypercube","ReplayTheSpireMod:DimensionalGlitch"],"picked":"aspiration:Stellarator"}],"items_purged_floors":[19],"is_endless":false,"potions_floor_spawned":[4,11,14,20,22,23,28,35,39,40,47,48],"ascension_level":1}}