{"host":"9kesdg97wkrx2bva","time":1611624263,"event":{"mods":["AchievementEnabler","BaseMod","Colored Map","GifTheSpireLib","Infinite Spire","Minty Spire (QoL Compilation)","Replay The Spire","StSLib"],"gold_per_floor":[113,113,133,17,33,33,66,66,117,143,162,187,231,258,258,258,258],"floor_reached":16,"language":"ENG","playtime":507,"items_purged":["Strike_G"],"score":205,"play_id":"54c0cf98-61d7-4901-a338-97fd1064bfac","local_time":"20210125192423","is_ascension_mode":true,"campfire_choices":[{"data":"Quick Slash","floor":6,"key":"SMITH"},{"data":"Prepared","floor":15,"key":"SMITH"}],"circlet_count":0,"master_deck":["AscendersBane","Strike_G","Strike_G","Strike_G","Strike_G","Defend_G","Defend_G","Defend_G","Defend_G","Defend_G","Survivor","Neutralize","Discovery","Dagger Throw","Blade Dance","Sucker Punch+1","Quick Slash+1","Prepared","Corpse Explosion","Blade Dance","Prepared+1","Underhanded Strike","Dagger Throw"],"relics":["Ring of the Snake","Anchor","CeramicFish","Replay:WaspNest"],"acts_visited":["Exordium"],"potions_floor_usage":[12,13,16,16],"damage_taken":[{"damage":0,"enemies":"Jaw Worm","floor":1,"turns":1},{"damage":0,"enemies":"Cultist","floor":3,"turns":3},{"damage":0,"enemies":"Small Slimes","floor":5,"turns":2},{"damage":20,"enemies":"Gremlin Nob","floor":7,"turns":4},{"damage":0,"enemies":"3 Louse","floor":10,"turns":3},{"damage":0,"enemies":"Exordium Wildlife","floor":11,"turns":3},{"damage":0,"enemies":"Gremlin Gang","floor":12,"turns":4},{"damage":6,"enemies":"3 Sentries","floor":13,"turns":4},{"damage":0,"enemies":"3 Louse","floor":14,"turns":1},{"damage":33,"enemies":"Slime Boss","floor":16,"turns":8}],"seed_played":"-6833419277557136583","potions_obtained":[{"floor":1,"key":"Strength Potion"},{"floor":2,"key":"BlessingOfTheForge"},{"floor":10,"key":"Fire Potion"},{"floor":12,"key":"Elixir"},{"floor":14,"key":"GhostInAJar"}],"is_trial":false,"path_per_floor":["M","?","M","$","M","R","E","$","T","M","M","M","E","M","R","B"],"character_chosen":"THE_SILENT","items_purchased":["Sucker Punch+1"],"campfire_rested":0,"item_purchase_floors":[4],"current_hp_per_floor":[59,59,59,59,59,59,39,39,39,39,39,39,33,33,33,0,0],"gold":258,"neow_bonus":"RANDOM_COLORLESS","is_daily":false,"chose_seed":false,"campfire_upgraded":2,"win_rate":0.0,"timestamp":1611624263,"path_taken":["M","?","M","$","M","R","E","?","T","M","M","M","E","M","R","BOSS"],"items_purchased_type":["Card"],"build_version":"2020-12-22","purchased_purges":1,"victory":false,"max_hp_per_floor":[66,66,66,66,66,66,66,66,66,66,66,66,66,66,66,66,66],"card_choices":[{"not_picked":["Forethought","Good Instincts"],"picked":"Discovery","floor":0},{"not_picked":["Terror","Acrobatics"],"picked":"Dagger Throw","floor":1},{"not_picked":["Dagger Throw","Dagger Spray"],"picked":"Blade Dance","floor":3},{"not_picked":["Dodge and Roll","Backflip"],"picked":"Quick Slash","floor":5},{"not_picked":["Dodge and Roll","Expertise"],"picked":"Prepared","floor":7},{"not_picked":["Toxin Wave","Bane"],"picked":"Corpse Explosion","floor":10},{"not_picked":["Poisoned Stab","Outmaneuver"],"picked":"Blade Dance","floor":11},{"not_picked":["Sucker Punch","Bane"],"picked":"Prepared","floor":12},{"not_picked":["PiercingWail","Concentrate"],"picked":"Underhanded Strike","floor":13},{"not_picked":["Quick Slash","Dagger Spray"],"picked":"Dagger Throw","floor":14}],"player_experience":969714,"relics_obtained":[{"floor":7,"key":"Anchor"},{"floor":9,"key":"CeramicFish"},{"floor":13,"key":"Replay:WaspNest"}],"event_choices":[{"damage_healed":0,"gold_gain":0,"player_choice":"Got Potions","damage_taken":0,"max_hp_gain":0,"max_hp_loss":0,"event_name":"Lab","floor":2,"gold_loss":0}],"is_beta":false,"boss_relics":[],"items_purged_floors":[4],"is_endless":false,"potions_floor_spawned":[1,10,11,12,14],"killed_by":"Slime Boss","ascension_level":16}}