{"host":"p090fjik2phvjstn","time":1611678957,"event":{"mods":["AchievementEnabler","BaseMod","Block Reminder","Colored Powertips","Minty Spire (QoL Compilation)","Quick Restart","Synergy Search"],"gold_per_floor":[110,110,129,129,2,2,2,2,26,26,51,72,72,106,106,229,229,218,73,86,109,109,109,24,24,49,75,18,18,18,18,18],"floor_reached":31,"language":"ENG","playtime":1430,"items_purged":["Injury"],"score":348,"play_id":"954601a1-ebb3-4715-8e7d-d8b5d6d0218d","local_time":"20210126163557","is_ascension_mode":true,"campfire_choices":[{"data":"Riddle With Holes","floor":6,"key":"SMITH"},{"floor":10,"key":"REST"},{"data":"Leg Sweep","floor":15,"key":"SMITH"},{"floor":23,"key":"REST"}],"circlet_count":0,"master_deck":["Strike_G","Strike_G","Strike_G","Strike_G","Defend_G","Defend_G","Defend_G","Defend_G","Defend_G","Survivor","Neutralize","Riddle With Holes+1","Acrobatics","Leg Sweep+1","Quick Slash","Footwork","Storm of Steel","Predator","Skewer","Envenom+1","Cloak And Dagger+1","Leg Sweep","Well Laid Plans","Writhe"],"relics":["Ring of the Serpent","Bloody Idol","Regal Pillow","Ancient Tea Set","Nunchaku","Anchor","Mango","MawBank","PreservedInsect"],"acts_visited":["Exordium","TheCity"],"potions_floor_usage":[14,16,21,27],"damage_taken":[{"damage":1,"enemies":"Small Slimes","floor":1,"turns":5},{"damage":0,"enemies":"2 Louse","floor":3,"turns":2},{"damage":0,"enemies":"Jaw Worm","floor":11,"turns":3},{"damage":0,"enemies":"2 Fungi Beasts","floor":12,"turns":5},{"damage":2,"enemies":"Gremlin Nob","floor":14,"turns":3},{"damage":76,"enemies":"Slime Boss","floor":16,"turns":28},{"damage":9,"enemies":"2 Thieves","floor":18,"turns":4},{"damage":5,"enemies":"Chosen","floor":20,"turns":4},{"damage":36,"enemies":"Snake Plant","floor":21,"turns":6},{"damage":21,"enemies":"Shelled Parasite and Fungi","floor":27,"turns":14},{"damage":51,"enemies":"Slavers","floor":31,"turns":3}],"seed_played":"4672190404774906921","potions_obtained":[{"floor":11,"key":"SteroidPotion"},{"floor":20,"key":"Dexterity Potion"},{"floor":21,"key":"ColorlessPotion"}],"is_trial":false,"path_per_floor":["M","?","M","?","$","R","?","?","T","R","M","M","?","E","R","B",null,"M","$","M","M","?","R","?","?","T","M","$","?","?","E"],"character_chosen":"THE_SILENT","items_purchased":["Dexterity Potion","Skewer","Envenom","Well Laid Plans"],"campfire_rested":2,"item_purchase_floors":[5,19,19,28],"current_hp_per_floor":[69,62,62,62,62,62,67,42,42,81,81,81,81,79,79,3,62,53,53,48,12,12,51,65,65,65,44,44,44,44,0,0],"gold":18,"neow_bonus":"TEN_PERCENT_HP_BONUS","is_daily":false,"chose_seed":false,"campfire_upgraded":2,"win_rate":0.0,"timestamp":1611678957,"path_taken":["M","?","M","?","$","R","?","?","T","R","M","?","?","E","R","BOSS","M","$","M","M","?","R","?","?","T","?","$","?","?","E"],"items_purchased_type":["Potion","Card","Card","Card"],"build_version":"2020-12-22","purchased_purges":1,"victory":false,"max_hp_per_floor":[77,77,77,77,77,77,82,82,82,82,82,82,82,82,82,82,82,82,82,82,82,82,82,96,96,96,96,96,96,96,96,96],"card_choices":[{"not_picked":["Dagger Throw","Sucker Punch"],"picked":"Riddle With Holes","floor":1},{"not_picked":["Infinite Blades","Reflex"],"picked":"Acrobatics","floor":3},{"not_picked":["Expertise","Setup"],"picked":"Leg Sweep","floor":11},{"not_picked":["Flying Knee","Catalyst"],"picked":"Quick Slash","floor":12},{"not_picked":["Bane","Predator"],"picked":"Footwork","floor":14},{"not_picked":["Venomology","Night Terror"],"picked":"Storm of Steel","floor":16},{"not_picked":["Flying Knee","Poisoned Stab"],"picked":"Predator","floor":18},{"not_picked":["Quick Slash+1","Prepared","Cloak And Dagger"],"picked":"SKIP","floor":20},{"not_picked":["Acrobatics+1","Deadly Poison"],"picked":"Cloak And Dagger+1","floor":21},{"not_picked":["Concentrate","Deflect","Bane"],"picked":"SKIP","floor":27}],"player_experience":527397,"relics_obtained":[{"floor":9,"key":"Ancient Tea Set"},{"floor":14,"key":"Anchor"},{"floor":26,"key":"MawBank"}],"event_choices":[{"cards_removed":["Strike_G"],"damage_healed":0,"gold_gain":0,"player_choice":"Card Removal","damage_taken":7,"max_hp_gain":0,"max_hp_loss":0,"event_name":"Golden Wing","floor":2,"gold_loss":0},{"damage_healed":0,"gold_gain":0,"player_choice":"Take Wound","damage_taken":0,"relics_obtained":["Golden Idol"],"max_hp_gain":0,"max_hp_loss":0,"event_name":"Golden Idol","floor":4,"gold_loss":0,"cards_obtained":["Injury"]},{"damage_healed":0,"gold_gain":0,"player_choice":"Donut","damage_taken":0,"max_hp_gain":5,"max_hp_loss":0,"event_name":"Big Fish","floor":7,"gold_loss":0},{"damage_healed":0,"gold_gain":0,"player_choice":"Success","damage_taken":25,"relics_obtained":["Regal Pillow"],"max_hp_gain":0,"max_hp_loss":0,"event_name":"Scrap Ooze","floor":8,"gold_loss":0},{"damage_healed":0,"gold_gain":0,"player_choice":"Searched \u00271\u0027 times","damage_taken":0,"relics_obtained":["Nunchaku"],"max_hp_gain":0,"max_hp_loss":0,"event_name":"Dead Adventurer","floor":13,"gold_loss":0},{"damage_healed":0,"gold_gain":0,"player_choice":"Read","damage_taken":0,"max_hp_gain":0,"max_hp_loss":0,"event_name":"The Library","floor":22,"gold_loss":0,"cards_obtained":["Leg Sweep"]},{"damage_healed":0,"gold_gain":0,"player_choice":"Obtained Relic","damage_taken":0,"relics_obtained":["Mango"],"max_hp_gain":0,"max_hp_loss":0,"event_name":"Addict","floor":24,"gold_loss":85},{"damage_healed":0,"gold_gain":0,"player_choice":"Upgraded","damage_taken":0,"max_hp_gain":0,"max_hp_loss":0,"event_name":"Upgrade Shrine","floor":25,"gold_loss":0,"cards_upgraded":["Envenom"]},{"damage_healed":0,"gold_gain":0,"player_choice":"Gave Idol","damage_taken":0,"relics_obtained":["Bloody Idol"],"max_hp_gain":0,"max_hp_loss":0,"event_name":"Forgotten Altar","floor":29,"relics_lost":["Golden Idol"],"gold_loss":0},{"damage_healed":0,"gold_gain":0,"player_choice":"Opened","damage_taken":0,"relics_obtained":["PreservedInsect"],"max_hp_gain":0,"max_hp_loss":0,"event_name":"The Mausoleum","floor":30,"gold_loss":0,"cards_obtained":["Writhe"]}],"is_beta":false,"boss_relics":[{"not_picked":["Philosopher\u0027s Stone","SlaversCollar"],"picked":"Ring of the Serpent"}],"items_purged_floors":[5],"is_endless":false,"potions_floor_spawned":[11,20,21],"killed_by":"Slavers","ascension_level":8}}