{"host":"Tuck","time":1611689813,"event":{"mods":["BaseMod","Minty Spire (QoL Compilation)","StSLib"],"gold_per_floor":[116,116,116,133,150,150,184,211,211,211,241,258,46,59,59,160,160,200,258,294,335,380,436,436,477,522,611,689,689,777,344,344,505,505,580,580,580,652,723,723,816,816,896,983,427,100,188,260,260,320,320,320,31,56,56],"floor_reached":56,"language":"ENG","playtime":4120,"items_purged":["Strike_P"],"score":1642,"play_id":"e382835e-a121-42ea-b667-2c93dc967709","local_time":"20210126123653","is_ascension_mode":true,"campfire_choices":[{"data":"FollowUp","floor":6.0,"key":"SMITH"},{"data":"SandsOfTime","floor":10.0,"key":"SMITH"},{"data":"Eruption","floor":15.0,"key":"SMITH"},{"data":"Wish","floor":24.0,"key":"SMITH"},{"data":"Wireheading","floor":32.0,"key":"SMITH"},{"data":"Tantrum","floor":40,"key":"SMITH"},{"floor":42,"key":"RECALL"},{"data":"Panacea","floor":49,"key":"SMITH"},{"data":"Panache","floor":52,"key":"SMITH"}],"circlet_count":0,"master_deck":["Defend_P+1","Defend_P","Defend_P","Eruption+1","Vigilance","EmptyMind+1","Protect","FollowUp+1","SandsOfTime+1","Crescendo","Prostrate","EmptyFist+1","Study","Prostrate","Wish+1","Nirvana+1","Establishment+1","Adaptation","FollowUp+1","SandsOfTime+1","Meditate+1","Meditate+1","ClearTheMind+1","Omniscience+1","Sanctity","CutThroughFate+1","Wireheading+1","CurseOfTheBell","TalkToTheHand+1","WaveOfTheHand+1","Panache+1","Panacea+1","Protect","Tantrum+1","TalkToTheHand+1","Fasting2+1","Wireheading+1","WheelKick","WheelKick+1"],"relics":["Busted Crown","Nunchaku","TeardropLocket","Unceasing Top","Astrolabe","Red Mask","Boot","Damaru","FossilizedHelix","Whetstone","Kunai","Toy Ornithopter","Calling Bell","Happy Flower","Pear","Calipers","Omamori","White Beast Statue","Lantern","Bird Faced Urn","HornCleat","Frozen Egg 2","Blue Candle","Gambling Chip","Anchor"],"acts_visited":["Exordium","TheCity","TheBeyond","TheEnding"],"potions_floor_usage":[],"damage_taken":[{"damage":0.0,"enemies":"Cultist","floor":1.0,"turns":4.0},{"damage":0.0,"enemies":"Jaw Worm","floor":4.0,"turns":3.0},{"damage":0.0,"enemies":"Small Slimes","floor":5.0,"turns":4.0},{"damage":6.0,"enemies":"Gremlin Nob","floor":7.0,"turns":3.0},{"damage":0.0,"enemies":"Lagavulin","floor":11.0,"turns":4.0},{"damage":0.0,"enemies":"Blue Slaver","floor":12.0,"turns":3.0},{"damage":1.0,"enemies":"Exordium Wildlife","floor":14.0,"turns":3.0},{"damage":2.0,"enemies":"The Guardian","floor":16.0,"turns":8.0},{"damage":0.0,"enemies":"2 Thieves","floor":18.0,"turns":2.0},{"damage":0.0,"enemies":"Masked Bandits","floor":19.0,"turns":2.0},{"damage":0.0,"enemies":"Spheric Guardian","floor":20.0,"turns":3.0},{"damage":2.0,"enemies":"Snecko","floor":21.0,"turns":3.0},{"damage":0.0,"enemies":"Snake Plant","floor":22.0,"turns":3.0},{"damage":0.0,"enemies":"Slavers","floor":23.0,"turns":2.0},{"damage":3.0,"enemies":"Chosen and Byrds","floor":25.0,"turns":5.0},{"damage":0.0,"enemies":"Book of Stabbing","floor":27.0,"turns":3.0},{"damage":0.0,"enemies":"Snecko","floor":28.0,"turns":9.0},{"damage":0.0,"enemies":"Slavers","floor":30.0,"turns":3.0},{"damage":0.0,"enemies":"Automaton","floor":33.0,"turns":6.0},{"damage":0.0,"enemies":"Orb Walker","floor":35.0,"turns":5.0},{"damage":0.0,"enemies":"3 Shapes","floor":38.0,"turns":4.0},{"damage":0.0,"enemies":"Writhing Mass","floor":39.0,"turns":6.0},{"damage":0,"enemies":"Nemesis","floor":41,"turns":5},{"damage":0,"enemies":"Reptomancer","floor":44,"turns":5},{"damage":0,"enemies":"Giant Head","floor":47,"turns":6},{"damage":1,"enemies":"Transient","floor":48,"turns":5},{"damage":1,"enemies":"Donu and Deca","floor":50,"turns":4},{"damage":10,"enemies":"Shield and Spear","floor":54,"turns":5},{"damage":18,"enemies":"The Heart","floor":55,"turns":8}],"seed_played":"9095491446789168545","potions_obtained":[{"floor":5.0,"key":"DistilledChaos"},{"floor":11.0,"key":"DistilledChaos"},{"floor":14.0,"key":"Block Potion"},{"floor":19.0,"key":"ColorlessPotion"},{"floor":28.0,"key":"EntropicBrew"},{"floor":48,"key":"Swift Potion"}],"is_trial":false,"path_per_floor":["M","?","?","M","M","R","E","T","T","R","E","M","$","M","R","B",null,"M","?","M","M","M","E","R","M","T","E","M","?","E","$","R","B",null,"M","?","?","M","M","R","E","R","T","E","$","$","E","M","R","B",null,"R","$","E","B",null],"character_chosen":"WATCHER","items_purchased":["EmptyFist","Study","Prostrate","Kunai","Toy Ornithopter","Wireheading","Bird Faced Urn","HornCleat","Frozen Egg 2","Wireheading+1","Gambling Chip"],"campfire_rested":0,"item_purchase_floors":[13,13,13,31,31,31,45,45,46,46,53],"current_hp_per_floor":[72,58,51,51,51,51,45,45,45,45,45,45,45,44,44,42,72,72,72,72,70,70,70,70,67,67,67,67,67,67,67,67,72,82,82,72,72,72,72,72,72,72,72,72,72,72,82,82,82,81,82,82,82,82,72],"gold":56,"neow_bonus":"BOSS_RELIC","is_daily":false,"chose_seed":false,"campfire_upgraded":8,"win_rate":0.0,"timestamp":1611689813,"path_taken":["M","?","?","M","M","R","E","?","T","R","E","M","$","M","R","BOSS","M","?","M","M","M","E","R","M","T","E","M","?","E","?","R","BOSS","M","?","?","M","?","R","E","R","T","E","?","$","E","M","R","BOSS","R","$","E","BOSS"],"items_purchased_type":["Card","Card","Card","Relic","Relic","Card","Relic","Relic","Relic","Card","Relic"],"build_version":"2020-12-18","purchased_purges":1,"victory":true,"max_hp_per_floor":[72,72,72,72,72,72,72,72,72,72,72,72,72,72,72,72,72,72,72,72,72,72,72,72,72,72,72,72,72,72,72,72,72,82,82,82,82,82,82,82,82,82,82,82,82,82,82,82,82,82,82,82,82,82,82],"card_choices":[{"not_picked":["EmptyBody"],"picked":"SKIP","floor":1.0},{"not_picked":[],"picked":"Protect","floor":4.0},{"not_picked":[],"picked":"FollowUp","floor":5.0},{"not_picked":[],"picked":"SandsOfTime","floor":7.0},{"not_picked":[],"picked":"Crescendo","floor":11.0},{"not_picked":[],"picked":"Prostrate","floor":12.0},{"not_picked":["Prostrate"],"picked":"SKIP","floor":14.0},{"not_picked":[],"picked":"Wish","floor":16.0},{"not_picked":[],"picked":"Adaptation","floor":18.0},{"not_picked":[],"picked":"FollowUp","floor":20.0},{"not_picked":["EmptyFist+1"],"picked":"SKIP","floor":21.0},{"not_picked":[],"picked":"SandsOfTime+1","floor":22.0},{"not_picked":[],"picked":"ClearTheMind+1","floor":23.0},{"not_picked":[],"picked":"Sanctity","floor":25.0},{"not_picked":["EmptyMind"],"picked":"SKIP","floor":27.0},{"not_picked":[],"picked":"CutThroughFate+1","floor":28.0},{"not_picked":["FlyingSleeves"],"picked":"SKIP","floor":30.0},{"not_picked":["Weave"],"picked":"SKIP","floor":35.0},{"not_picked":[],"picked":"Panache","floor":36.0},{"not_picked":[],"picked":"Panacea","floor":36.0},{"not_picked":[],"picked":"Tantrum","floor":38.0},{"not_picked":["InnerPeace"],"picked":"SKIP","floor":39},{"not_picked":[],"picked":"TalkToTheHand+1","floor":41},{"not_picked":["ClearTheMind+1"],"picked":"SKIP","floor":44},{"not_picked":[],"picked":"WheelKick","floor":47},{"not_picked":["ClearTheMind+1"],"picked":"SKIP","floor":48},{"not_picked":["ClearTheMind+1"],"picked":"SKIP","floor":48},{"not_picked":[],"picked":"WheelKick+1","floor":54}],"player_experience":2270655,"relics_obtained":[{"floor":7.0,"key":"Nunchaku"},{"floor":9.0,"key":"TeardropLocket"},{"floor":11.0,"key":"Unceasing Top"},{"floor":19.0,"key":"Red Mask"},{"floor":23.0,"key":"Boot"},{"floor":26.0,"key":"Damaru"},{"floor":27.0,"key":"FossilizedHelix"},{"floor":30.0,"key":"Whetstone"},{"floor":34.0,"key":"Happy Flower"},{"floor":34.0,"key":"Pear"},{"floor":34.0,"key":"Calipers"},{"floor":41,"key":"Omamori"},{"floor":43,"key":"White Beast Statue"},{"floor":44,"key":"Lantern"},{"floor":47,"key":"Blue Candle"},{"floor":54,"key":"Anchor"}],"event_choices":[{"damage_healed":0.0,"max_hp_gain":0.0,"max_hp_loss":0.0,"gold_gain":0.0,"event_name":"Shining Light","player_choice":"Entered Light","floor":2.0,"gold_loss":0.0,"damage_taken":14.0,"cards_upgraded":["Defend_P","Strike_P"]},{"cards_removed":["Strike_P"],"damage_healed":0.0,"max_hp_gain":0.0,"max_hp_loss":0.0,"gold_gain":0.0,"event_name":"Golden Wing","player_choice":"Card Removal","floor":3.0,"gold_loss":0.0,"damage_taken":7.0},{"damage_healed":0.0,"max_hp_gain":0.0,"max_hp_loss":0.0,"gold_gain":0.0,"event_name":"Masked Bandits","player_choice":"Fought Bandits","floor":19.0,"gold_loss":0.0,"damage_taken":0.0},{"damage_healed":0.0,"max_hp_gain":0.0,"max_hp_loss":0.0,"gold_gain":0.0,"event_name":"Ghosts","player_choice":"Ignored","floor":29.0,"gold_loss":0.0,"damage_taken":0.0},{"damage_healed":0.0,"max_hp_gain":0.0,"max_hp_loss":0.0,"gold_gain":0.0,"event_name":"SensoryStone","player_choice":"Memory 3","floor":36.0,"gold_loss":0.0,"damage_taken":10.0},{"damage_healed":0.0,"max_hp_gain":0.0,"max_hp_loss":0.0,"gold_gain":0.0,"cards_transformed":["Conclude"],"event_name":"Transmorgrifier","player_choice":"Transformed","floor":37.0,"gold_loss":0.0,"damage_taken":0.0,"cards_obtained":["Protect"]}],"is_beta":true,"boss_relics":[{"not_picked":["Black Star","Sozu"],"picked":"Astrolabe"},{"not_picked":["Velvet Choker","SacredBark"],"picked":"Calling Bell"}],"items_purged_floors":[13],"is_endless":false,"potions_floor_spawned":[5,11,14,19,22,25,28,30,33,38,41,44,47,48,54],"ascension_level":1}}