{"host":"i1ue3w889ogl1u8b","time":1611679922,"event":{"mods":["Arknights The Spire","BaseMod","CapriCore","Downfall","Hermit","KinomotoSakuraMod(木之本樱)","Minty Spire (QoL Compilation)","Quick Restart","StSLib","The Construct","Yakumo Yukari mod","Yuyuko","【角色mod】十八桐人","篝火指南"],"gold_per_floor":[115,115,132,11,11,38,50,67,67,67,87,162,162,189,189,293,293,311,182,182,201,212,212,212,212,212,229,246,91,91,103,103,200,200,200,200],"floor_reached":35,"language":"ZHS","playtime":1452,"items_purged":["ats:Strike S"],"score":392,"play_id":"f3f7910e-3ba7-497b-a25f-5f1fe133e3d5","local_time":"20210127005202","is_ascension_mode":false,"campfire_choices":[{"data":"ats:Roar Of Ursus","floor":10.0,"key":"SMITH"},{"data":"ats:Thorns","floor":13.0,"key":"SMITH"},{"floor":15.0,"key":"REST"},{"data":"ats:Emotion Absorption","floor":23.0,"key":"SMITH"},{"floor":32,"key":"REST"}],"circlet_count":0,"master_deck":["ats:Strike C","ats:Strike V","ats:Armor Crushing Shot","ats:Defend+1","ats:Defend","ats:Defend+1","ats:Defend","ats:Emotion Absorption+1","ats:Roar Of Ursus+1","ats:Explosion Area Strengthen","ats:Sword Rain","ats:Assault Order","ats:Ignite","ats:Thorns+1","ats:Directed Diagnosis","ats:Mental Burst","ats:Echo Reverb+1","ats:Beaten Up+1","ats:Apocalypse+1","ats:Spore Proliferation+1","ats:Thorns","ats:Revitalization+1","ats:Shell Defense+1"],"relics":["ats:Sanity","NeowsBlessing","ats:Originium","War Paint","Toxic Egg 2","ats:Military Tradition","construct:WeddingRing","Singing Bowl","Omamori","Velvet Choker"],"acts_visited":["Exordium","TheCity","TheBeyond"],"potions_floor_usage":[28,28,28],"damage_taken":[{"damage":0.0,"enemies":"2 Louse","floor":1.0,"turns":1.0},{"damage":0.0,"enemies":"Cultist","floor":3.0,"turns":1.0},{"damage":0.0,"enemies":"3 Sentries","floor":6.0,"turns":1.0},{"damage":0.0,"enemies":"Small Slimes","floor":7.0,"turns":4.0},{"damage":21.0,"enemies":"Gremlin Gang","floor":8.0,"turns":6.0},{"damage":2.0,"enemies":"Looter","floor":11.0,"turns":3.0},{"damage":18.0,"enemies":"Gremlin Nob","floor":14.0,"turns":4.0},{"damage":39.0,"enemies":"The Guardian","floor":16.0,"turns":13.0},{"damage":23.0,"enemies":"2 Thieves","floor":18.0,"turns":4.0},{"damage":20.0,"enemies":"Chosen","floor":21.0,"turns":6.0},{"damage":34.0,"enemies":"3 Cultists","floor":22.0,"turns":5.0},{"damage":10.0,"enemies":"Cultist and Chosen","floor":27.0,"turns":6.0},{"damage":31,"enemies":"Centurion and Healer","floor":28,"turns":9},{"damage":30,"enemies":"Snake Plant","floor":31,"turns":3},{"damage":63,"enemies":"Champ","floor":33,"turns":21},{"damage":0,"enemies":"3 Darklings","floor":35,"turns":1}],"seed_played":"-6230469252035720985","potions_obtained":[{"floor":5.0,"key":"ColorlessPotion"},{"floor":5.0,"key":"PowerPotion"},{"floor":5.0,"key":"ats:Emergency Sanity Potion"},{"floor":14.0,"key":"DuplicationPotion"},{"floor":22.0,"key":"GamblersBrew"},{"floor":27.0,"key":"Weak Potion"}],"is_trial":false,"path_per_floor":["M","?","M","$","?","E","M","M","T","R","M","?","R","E","R","B",null,"M","$","?","M","M","R","?","T","T","M","M","R","$","M","R","B",null,"M"],"character_chosen":"DOCTOR_CLASS","items_purchased":["ats:Sword Rain","ats:Assault Order","ats:Apocalypse+1","Omamori"],"campfire_rested":2,"item_purchase_floors":[4,4,19,29],"current_hp_per_floor":[72,72,72,72,72,72,72,51,51,51,49,38,38,20,41,2,72,49,49,49,48,21,21,21,21,21,23,40,40,40,19,41,58,76,76,76],"gold":200,"neow_bonus":"THREE_ENEMY_KILL","is_daily":false,"chose_seed":false,"campfire_upgraded":3,"win_rate":0.0,"timestamp":1611679922,"path_taken":["M","?","M","$","?","E","M","?","T","R","M","?","R","E","R","BOSS","M","$","?","M","?","R","?","?","T","M","M","R","?","M","R","BOSS","M"],"items_purchased_type":["Card","Card","Card","Relic"],"build_version":"2020-12-22","purchased_purges":1,"victory":false,"max_hp_per_floor":[72,72,72,72,72,72,72,72,72,72,72,72,72,72,72,72,72,72,72,72,72,72,72,72,72,72,72,74,74,74,74,74,76,76,76,76],"card_choices":[{"not_picked":["ats:Guard Mode","ats:Hook Shot"],"picked":"ats:Closed Bolt Burst Fire","floor":1.0},{"not_picked":["ats:Leaping Hammer","ats:Encircling Forest"],"picked":"ats:Explosion Area Strengthen","floor":3.0},{"not_picked":["ats:Hook Shot","ats:Composite Medical Shells"],"picked":"ats:Ignite","floor":6.0},{"not_picked":["ats:Chain Hook","ats:Soul Absorption"],"picked":"ats:Thorns","floor":7.0},{"not_picked":["ats:Flexible Camouflage","ats:Ignite"],"picked":"ats:Directed Diagnosis","floor":8.0},{"not_picked":["ats:Absolute Focus+1","ats:Very Hot Blade"],"picked":"ats:Mental Burst","floor":11.0},{"not_picked":["ats:Very Hot Blade","ats:Ignite","ats:Rapid Magazine"],"picked":"SKIP","floor":14.0},{"not_picked":["ats:Fractured Body+1","ats:True Silver Slash"],"picked":"ats:Echo Reverb+1","floor":16.0},{"not_picked":["ats:Hammer On","ats:Blood Oath"],"picked":"ats:Beaten Up+1","floor":18.0},{"not_picked":["ats:Collapsing Strike","ats:Leaping Hammer+1"],"picked":"ats:Thorns","floor":21.0},{"not_picked":["ats:Cat Scratch","ats:Curse Doll+1","ats:Rapid Magazine"],"picked":"SKIP","floor":22.0},{"not_picked":["ats:Consecutive Shot Auto","ats:Powerful Strike+1"],"picked":"ats:Revitalization+1","floor":27.0},{"not_picked":["ats:Cat Scratch","ats:Dogmatic Field","ats:Closed Bolt Burst Fire"],"picked":"Singing Bowl","floor":28},{"not_picked":["ats:Magnetic Hammer","ats:Apocalypse+1"],"picked":"ats:Shell Defense+1","floor":31},{"not_picked":["ats:Echo Reverb+1","ats:Roar Of Ursus","ats:Soul Rend"],"picked":"Singing Bowl","floor":33}],"player_experience":327060,"relics_obtained":[{"floor":6.0,"key":"ats:Originium"},{"floor":6.0,"key":"War Paint"},{"floor":9.0,"key":"Toxic Egg 2"},{"floor":14.0,"key":"ats:Originium"},{"floor":14.0,"key":"ats:Military Tradition"},{"floor":26.0,"key":"Singing Bowl"}],"event_choices":[{"damage_healed":0.0,"max_hp_gain":0.0,"max_hp_loss":0.0,"gold_gain":0.0,"cards_transformed":["ats:Closed Bolt Burst Fire"],"event_name":"Living Wall","player_choice":"Change","floor":2.0,"gold_loss":0.0,"damage_taken":0.0,"cards_obtained":["ats:Roar Of Ursus"]},{"damage_healed":0.0,"max_hp_gain":0.0,"max_hp_loss":0.0,"gold_gain":0.0,"event_name":"Lab","player_choice":"Got Potions","floor":5.0,"gold_loss":0.0,"damage_taken":0.0},{"damage_healed":0.0,"max_hp_gain":0.0,"max_hp_loss":0.0,"gold_gain":75.0,"event_name":"World of Goop","player_choice":"Gather Gold","floor":12.0,"gold_loss":0.0,"damage_taken":11.0},{"damage_healed":0.0,"max_hp_gain":0.0,"max_hp_loss":0.0,"gold_gain":0.0,"cards_transformed":["ats:Strike G"],"event_name":"Transmorgrifier","player_choice":"Transformed","floor":20.0,"gold_loss":0.0,"damage_taken":0.0,"cards_obtained":["ats:Spore Proliferation"]},{"damage_healed":0.0,"max_hp_gain":0.0,"max_hp_loss":0.0,"gold_gain":0.0,"event_name":"Ghosts","player_choice":"Ignored","floor":24.0,"gold_loss":0.0,"damage_taken":0.0}],"is_beta":false,"boss_relics":[{"not_picked":["ats:Omniscience","Snecko Eye"],"picked":"construct:WeddingRing"},{"not_picked":["Sozu","Runic Dome"],"picked":"Velvet Choker"}],"items_purged_floors":[19],"is_endless":false,"potions_floor_spawned":[6,7,14,16,22,27],"killed_by":"3 Darklings","ascension_level":0}}