{"host":"4kmvpqjeiacgn1pr","time":1611677289,"event":{"mods":["AchievementEnabler","BaseMod","Better Altar","Better Match","Better Note","Better Sensory Stone","Better Skull","Better Third Choice","Colored Map","Colored Powertips","Curses Come First","Highlight Path","Minty Spire (QoL Compilation)","Permanent Neow","Rare Cards Sparkle","Replay The Spire","Spicy Shops","StSLib"],"gold_per_floor":[113,133,133,133,149,176,176,205,229,229,242,342,357,39,39,134,134,153,9,36,53,53,87,87,118,118,152,231,231,231,30,30,140,140,150,173,32,50,0,43,87,65,92,115,154,154,21,49,49,49],"floor_reached":51,"language":"ENG","playtime":4237,"items_purged":["Injury"],"score":1679,"play_id":"8a2e5209-6cb9-45c7-ad00-093ec7495a19","local_time":"20210126110809","is_ascension_mode":true,"campfire_choices":[{"data":"Envenom","floor":7,"key":"SMITH"},{"data":"Dash","floor":15,"key":"SMITH"},{"data":"Tools of the Trade","floor":24,"key":"SMITH"},{"data":"Neutralize","floor":30,"key":"SMITH"},{"data":"Tactician","floor":32,"key":"SMITH"},{"floor":49,"key":"REST"}],"circlet_count":0,"master_deck":["Strike_G","Strike_G+1","Strike_G","Strike_G+1","Strike_G","Defend_G","Defend_G","Defend_G","Defend_G+2","Defend_G","Survivor+1","Neutralize+1","Envenom+1","All Out Attack+1","Backstab","Dash+1","Slice","Tools of the Trade+1","Slice","Underhanded Strike+1","Adrenaline+1","CurseOfTheBell","Fluid Movement+1","Dagger Throw+1","Tactician+1","A Thousand Cuts+1","Riddle With Holes+1","Cloak And Dagger+1","Deadly Poison+1","Mind Blast+1","Night Terror+1","Sneak Up+1","Madness","Madness","Deflect+1","Accuracy+1","ReplayTheSpireMod:Brewmster+1","ReplayTheSpireMod:Private Reserves+1","Master of Strategy+1","Toxin Wave","Underhanded Strike+1","Discovery+1","Mayhem+1","Reflex"],"relics":["Ring of the Snake","Ring of Hypnosis","Ring of Peace","Ancient Tea Set","ReplayTheSpireMod:TigerMarble","Strawberry","Golden Egg","Calling Bell","CeramicFish","Pantograph","Thread and Needle","Membership Card","Nilry\u0027s Codex","WingedGreaves","HornCleat","Darkstone Periapt","Anchor","The Courier","BargainBundle","Molten Egg 2","Omamori","Simple Rune","Pet Ghost","SlaversCollar","Lizard Tail","Sling","Medical Kit","Red Mask","Prayer Wheel","Gremlin Horn","ReplayTheSpireMod:ShopPack","Potion Belt","StrikeDummy","Kunai"],"acts_visited":["Exordium","TheCity","TheBeyond"],"potions_floor_usage":[6,13,16,20,40,40,41,45,50,50,50,50,50],"damage_taken":[{"damage":0,"enemies":"2 Louse","floor":1,"turns":4},{"damage":0,"enemies":"Jaw Worm","floor":2,"turns":4},{"damage":0,"enemies":"Small Slimes","floor":5,"turns":3},{"damage":0,"enemies":"3 Sentries","floor":6,"turns":8},{"damage":13,"enemies":"Replay:BlueRogue","floor":8,"turns":9},{"damage":0,"enemies":"Exordium Wildlife","floor":11,"turns":4},{"damage":18,"enemies":"Large Slime","floor":13,"turns":5},{"damage":25,"enemies":"Fading Forest","floor":16,"turns":11},{"damage":2,"enemies":"2 Thieves","floor":18,"turns":4},{"damage":2,"enemies":"3 Byrds","floor":20,"turns":6},{"damage":0,"enemies":"Cultist and Chosen","floor":21,"turns":5},{"damage":0,"enemies":"Book of Stabbing","floor":23,"turns":6},{"damage":0,"enemies":"Replay:Snechameleon","floor":25,"turns":6},{"damage":0,"enemies":"Book of Stabbing","floor":27,"turns":6},{"damage":14,"enemies":"Pondfish","floor":33,"turns":10},{"damage":0,"enemies":"3 Darklings","floor":35,"turns":4},{"damage":0,"enemies":"Nemesis","floor":40,"turns":7},{"damage":57,"enemies":"Reptomancer","floor":41,"turns":5},{"damage":0,"enemies":"Orb Walker","floor":44,"turns":3},{"damage":9,"enemies":"Giant Head","floor":45,"turns":8},{"damage":0,"enemies":"Transient","floor":48,"turns":5},{"damage":99,"enemies":"Awakened One","floor":50,"turns":12}],"seed_played":"-1108007920566149227","potions_obtained":[{"floor":5,"key":"Explosive Potion"},{"floor":8,"key":"Milkshake"},{"floor":11,"key":"Toxic Potion"},{"floor":16,"key":"Adrenaline Potion"},{"floor":18,"key":"Elixir"},{"floor":25,"key":"Regen Potion"},{"floor":27,"key":"FearPotion"},{"floor":41,"key":"PowerPotion"},{"floor":44,"key":"Doom Potion"},{"floor":48,"key":"Strength Potion"}],"is_trial":false,"path_per_floor":["M","M","?","?","M","E","R","E","T","?","M","?","M","$","R","B",null,"M","$","M","M","?","E","R","E","T","E","T","?","R","$","R","B",null,"M","?","$","?","?","E","E","$","T","M","E","?","$","M","R_BF","B",null],"character_chosen":"THE_SILENT","items_purchased":["Golden Egg","Underhanded Strike","Membership Card","BargainBundle","A Thousand Cuts","Riddle With Holes","Molten Egg 2","Quick Slash+1","Cloak And Dagger","Deadly Poison","Mind Blast+1","Omamori","Simple Rune","Pet Ghost","EssenceOfSteel","Strength Potion","Sling","Sneak Up","Medical Kit","ReplayTheSpireMod:ShopPack","Discovery","Mayhem"],"campfire_rested":1,"item_purchase_floors":[14,14,19,31,31,31,31,31,31,31,31,31,31,31,31,31,37,37,37,42,47,47],"current_hp_per_floor":[63,63,63,63,63,63,63,50,57,42,42,42,24,24,24,17,62,60,60,58,58,42,42,42,42,42,42,42,42,42,48,48,59,77,77,77,77,67,67,82,25,25,25,25,16,16,16,16,40,16],"gold":49,"neow_bonus":"ONE_RANDOM_RARE_CARD","is_daily":false,"chose_seed":false,"campfire_upgraded":5,"win_rate":0.0,"timestamp":1611677289,"path_taken":["M","M","?","?","M","E","R","E","T","?","?","?","M","$","R","BOSS","M","?","M","M","?","E","R","E","T","E","?","?","R","$","R","BOSS","M","?","$","?","?","E","E","?","T","?","E","?","$","?","R_BF","BOSS"],"items_purchased_type":["Relic","Card","Relic","Relic","Card","Card","Relic","Card","Card","Card","Card","Relic","Relic","Relic","Potion","Potion","Relic","Card","Relic","Relic","Card","Card"],"build_version":"2020-12-22","purchased_purges":1,"victory":true,"max_hp_per_floor":[70,70,70,70,70,70,70,70,77,77,77,77,77,77,77,77,77,77,77,77,77,77,77,77,77,77,77,77,77,77,83,83,83,83,83,83,83,83,83,83,83,83,83,83,83,83,83,83,83,83],"card_choices":[{"not_picked":["Deflect","Cloak And Dagger"],"picked":"All Out Attack","floor":1},{"not_picked":["Prepared","Deflect"],"picked":"Backstab","floor":2},{"not_picked":["PiercingWail","Reflex"],"picked":"Dash","floor":5},{"not_picked":["Bane","Sucker Punch","Predator"],"picked":"SKIP","floor":6},{"not_picked":["Tactician","Prepared"],"picked":"Slice","floor":8},{"not_picked":["Prepared","Poisoned Stab"],"picked":"Tools of the Trade","floor":11},{"not_picked":["Acrobatics","Dagger Spray"],"picked":"Slice","floor":13},{"not_picked":["Unload","Envenom"],"picked":"Adrenaline","floor":16},{"not_picked":["Cloak And Dagger","Dagger Spray"],"picked":"Fluid Movement+1","floor":18},{"not_picked":["Expertise+1","Calculated Gamble"],"picked":"Dagger Throw+1","floor":20},{"not_picked":["Dodge and Roll","Catalyst","Blur"],"picked":"SKIP","floor":21},{"not_picked":["Dodge and Roll","Expertise","Acrobatics+1"],"picked":"SKIP","floor":23},{"not_picked":["Predator","Reflex","ReplayTheSpireMod:Shiv Toss"],"picked":"SKIP","floor":25},{"not_picked":["Dagger Spray+1","Expertise"],"picked":"Tactician","floor":27},{"not_picked":["Unload+1","Burst"],"picked":"Night Terror","floor":33},{"not_picked":["Skewer+1","Hidden Blade","Prepared+1"],"picked":"SKIP","floor":35},{"not_picked":["Hidden Blade","Malaise"],"picked":"Deflect+1","floor":40},{"not_picked":["Cloak And Dagger","Fluid Movement"],"picked":"Accuracy+1","floor":41},{"not_picked":["Thinking Ahead","Master of Strategy"],"picked":"ReplayTheSpireMod:Brewmster","floor":42},{"not_picked":["Deep Breath","ReplayTheSpireMod:Necrogeddon"],"picked":"ReplayTheSpireMod:Private Reserves","floor":42},{"not_picked":["Enlightenment","Dramatic Entrance"],"picked":"Master of Strategy","floor":42},{"not_picked":["Riddle With Holes+1","Acrobatics+1"],"picked":"Toxin Wave","floor":44},{"not_picked":["Blur","Bane+1","Dagger Spray+1"],"picked":"SKIP","floor":44},{"not_picked":["Hidden Blade","Concentrate"],"picked":"Underhanded Strike+1","floor":45},{"not_picked":["Deadly Poison","Slice+1"],"picked":"Reflex","floor":48},{"not_picked":["Fluid Movement","Outmaneuver+1","PiercingWail+1"],"picked":"SKIP","floor":48}],"player_experience":343158,"relics_obtained":[{"floor":4,"key":"Ring of Hypnosis"},{"floor":4,"key":"Ring of Peace"},{"floor":6,"key":"Ancient Tea Set"},{"floor":8,"key":"ReplayTheSpireMod:TigerMarble"},{"floor":9,"key":"Strawberry"},{"floor":17,"key":"CeramicFish"},{"floor":17,"key":"Pantograph"},{"floor":17,"key":"Thread and Needle"},{"floor":22,"key":"Nilry\u0027s Codex"},{"floor":23,"key":"WingedGreaves"},{"floor":25,"key":"HornCleat"},{"floor":26,"key":"Darkstone Periapt"},{"floor":27,"key":"Anchor"},{"floor":28,"key":"The Courier"},{"floor":36,"key":"Lizard Tail"},{"floor":40,"key":"Prayer Wheel"},{"floor":41,"key":"Gremlin Horn"},{"floor":43,"key":"Potion Belt"},{"floor":45,"key":"StrikeDummy"}],"event_choices":[{"damage_healed":57,"gold_gain":0,"player_choice":"Upgrade","damage_taken":15,"max_hp_gain":0,"max_hp_loss":77,"event_name":"betterThird:BetterShining","floor":10,"gold_loss":0,"cards_upgraded":["Defend_G","Strike_G"]},{"damage_healed":0,"gold_gain":100,"player_choice":"Gold","damage_taken":0,"max_hp_gain":0,"max_hp_loss":0,"event_name":"Wheel of Change","floor":12,"gold_loss":0},{"damage_healed":0,"gold_gain":0,"player_choice":"Obtained Book","damage_taken":16,"max_hp_gain":0,"max_hp_loss":0,"event_name":"Cursed Tome","floor":22,"gold_loss":0},{"damage_healed":0,"gold_gain":0,"player_choice":"Upgraded","damage_taken":0,"max_hp_gain":0,"max_hp_loss":0,"event_name":"Upgrade Shrine","floor":29,"gold_loss":0,"cards_upgraded":["All Out Attack"]},{"damage_healed":0,"gold_gain":0,"player_choice":"Embrace Madness","damage_taken":10,"max_hp_gain":0,"max_hp_loss":0,"event_name":"Winding Halls","floor":38,"gold_loss":0,"cards_obtained":["Madness","Madness"]},{"damage_healed":0,"gold_gain":0,"player_choice":"Paid","damage_taken":0,"relics_obtained":["Red Mask"],"max_hp_gain":0,"max_hp_loss":0,"event_name":"Tomb of Lord Red Mask","floor":39,"gold_loss":50},{"cards_removed":["Quick Slash"],"damage_healed":0,"gold_gain":0,"player_choice":"Gave Card","damage_taken":0,"relics_obtained":["Kunai"],"max_hp_gain":0,"max_hp_loss":0,"event_name":"WeMeetAgain","floor":46,"gold_loss":0}],"is_beta":false,"boss_relics":[{"not_picked":["Coffee Dripper","Kintsugi"],"picked":"Calling Bell"},{"not_picked":["ReplayTheSpireMod:DimensionalGlitch","Replay:Bronze Core"],"picked":"SlaversCollar"}],"items_purged_floors":[31],"is_endless":false,"potions_floor_spawned":[5,8,11,16,18,25,27,33,41,44,48],"ascension_level":9}}