{"host":"s125e4bodcwm0i3t","time":1611643950,"event":{"mods":["BaseMod","Hermit","Infinite Spire","Minty Spire (QoL Compilation)","Quick Restart","Replay The Spire","StSLib","The Cursed"],"gold_per_floor":[115,129,148,161,151,186,186,186,186,226,290,465,478,85,85,206,206,229,273,33,58,58,58,58,102,102,102,102,127,152,152,44,68,68,194,194,212,237,253,3,41,41,81,132,132,207,249,99,99,138,147,161],"floor_reached":53,"language":"ENG","playtime":3346,"items_purged":["TheCursedMod:Strike_TheCursed"],"score":1149,"play_id":"a58f8515-dc2d-41e5-b049-cff4ae66d11e","local_time":"20210126015230","is_ascension_mode":false,"campfire_choices":[{"data":"TheCursedMod:HellfireBreathing","floor":8,"key":"SMITH"},{"floor":15,"key":"REST"},{"data":"TheCursedMod:HellfireBreathing","floor":26,"key":"SMITH"},{"data":"TheCursedMod:HellfireBreathing","floor":31,"key":"SMITH"},{"data":"TheCursedMod:SpitefulPlan","floor":34,"key":"SMITH"},{"data":"infinitespire:Punishment","floor":34,"key":"SMITH"},{"data":"TheCursedMod:DemonicPact","floor":42,"key":"SMITH"},{"data":"TheCursedMod:AshesToAshes","floor":42,"key":"SMITH"}],"circlet_count":0,"master_deck":["TheCursedMod:Strike_TheCursed","TheCursedMod:Strike_TheCursed","TheCursedMod:Strike_TheCursed","TheCursedMod:Defend_TheCursed","TheCursedMod:Defend_TheCursed","TheCursedMod:CursedWand","TheCursedMod:CleanUpWorkshop","TheCursedMod:Dregs","TheCursedMod:SoulReap","TheCursedMod:AshesToAshes+1","TheCursedMod:HellfireBreathing+1","ReplayTheSpireMod:IOU","ReplayTheSpireMod:IOU","ReplayTheSpireMod:IOU","TheCursedMod:HellsGateOpen+1","TheCursedMod:WearCloak","TheCursedMod:CursedBlade","Injury","TheCursedMod:CursedAmulet","ReplayTheSpireMod:Splinters","TheCursedMod:SoulReap","TheCursedMod:ReleasedStrength","Doubt","TheCursedMod:RapidMovement","TheCursedMod:BlessingInDisguise","ReplayTheSpireMod:IOU","TheCursedMod:SurpriseAttack","ReplayTheSpireMod:IOU","TheCursedMod:SpitefulPlan+1","TheCursedMod:DarkBarrier","TheCursedMod:WearCloak","TheCursedMod:HellfireBreathing+1","TheCursedMod:LuckyCharm","ReplayTheSpireMod:IOU","ReplayTheSpireMod:IOU","TheCursedMod:SpitefulStrike","TheCursedMod:Stretching","TheCursedMod:SurpriseAttack","infinitespire:Punishment+1","TheCursedMod:HellfireBreathing+1","TheCursedMod:Wield","TheCursedMod:Wield","ReplayTheSpireMod:IOU","ReplayTheSpireMod:IOU","TheCursedMod:DemonicPact+1","TheCursedMod:SoulReap","TheCursedMod:SpitefulStrike","TheCursedMod:SpitefulStrike+1","ReplayTheSpireMod:IOU","ReplayTheSpireMod:Brewmster","TheCursedMod:CursedSpellbook+1","TheCursedMod:LuckyCharm","TheCursedMod:ReleasedStrength","TheCursedMod:CleanUpWorkshop"],"relics":["TheCursedMod:BlackMagic101","Replay:Wax Seal","Ornamental Fan","Golden Idol","infinitespire:CheckeredPen","Blue Candle","Replay:Rubber Ducky","MealTicket","Shuriken","Empty Cage","Red Mask","Mummified Hand","ReplayTheSpireMod:Ninjato","Potion Belt","Snack Pack","Sundial","Replay:Arrowhead","TheCursedMod:OminousMark","Replay:Bandana","HornCleat","Chameleon Ring","CeramicFish","Medical Kit"],"acts_visited":["Exordium","TheCity","TheBeyond"],"potions_floor_usage":[3,16,19,19,21,25,30,43,46,46,52,52],"damage_taken":[{"damage":2,"enemies":"2 Louse","floor":1,"turns":4},{"damage":7,"enemies":"Small Slimes","floor":2,"turns":4},{"damage":2,"enemies":"Jaw Worm","floor":3,"turns":5},{"damage":16,"enemies":"3 Louse","floor":4,"turns":5},{"damage":4,"enemies":"Lagavulin","floor":6,"turns":8},{"damage":14,"enemies":"3 Sentries","floor":10,"turns":4},{"damage":4,"enemies":"Blue Slaver","floor":13,"turns":3},{"damage":0,"enemies":"Slime Boss","floor":16,"turns":6},{"damage":27,"enemies":"2 Thieves","floor":18,"turns":3},{"damage":33,"enemies":"Masked Bandits","floor":19,"turns":6},{"damage":3,"enemies":"3 Byrds","floor":21,"turns":4},{"damage":0,"enemies":"Slavers","floor":25,"turns":4},{"damage":0,"enemies":"Centurion and Healer","floor":29,"turns":3},{"damage":0,"enemies":"Snecko","floor":30,"turns":2},{"damage":0,"enemies":"3 Cultists","floor":33,"turns":5},{"damage":0,"enemies":"Champ","floor":35,"turns":6},{"damage":0,"enemies":"3 Darklings","floor":37,"turns":2},{"damage":2,"enemies":"Orb Walker","floor":38,"turns":3},{"damage":0,"enemies":"Writhing Mass","floor":39,"turns":2},{"damage":22,"enemies":"Sphere and 2 Shapes","floor":41,"turns":4},{"damage":1,"enemies":"Maw","floor":43,"turns":4},{"damage":4,"enemies":"Nemesis","floor":44,"turns":7},{"damage":0,"enemies":"Reptomancer","floor":46,"turns":4},{"damage":2,"enemies":"4 Shapes","floor":47,"turns":3},{"damage":0,"enemies":"3 Darklings","floor":50,"turns":3},{"damage":14,"enemies":"Time Eater","floor":52,"turns":9}],"seed_played":"-6412392661751411035","potions_obtained":[{"floor":1,"key":"SpeedPotion"},{"floor":10,"key":"Fire Potion"},{"floor":11,"key":"Flashbang"},{"floor":16,"key":"Dexterity Potion"},{"floor":19,"key":"Weak Potion"},{"floor":21,"key":"LifebloodPotion"},{"floor":29,"key":"Fire Potion"},{"floor":30,"key":"SpeedPotion"},{"floor":37,"key":"BlessingOfTheForge"},{"floor":41,"key":"FearPotion"},{"floor":44,"key":"Fire Potion"},{"floor":47,"key":"LiquidMemories"}],"is_trial":true,"path_per_floor":["M","M","M","M","$","E","?","R","T","E","?","?","M","$","R","B",null,"M","?","$","M","PTL","PTL","AVR","E","R","T","T","M","M","R","$","M","R","B",null,"M","M","M","$","M","R","M","E","T","E","M","$","?","M","R","B",null],"character_chosen":"THE_CURSED","items_purchased":["Replay:Wax Seal","TheCursedMod:HellsGateOpen+1","TheCursedMod:WearCloak","TheCursedMod:CursedBlade","MealTicket","Shuriken","TheCursedMod:BlessingInDisguise","TheCursedMod:SurpriseAttack","TheCursedMod:SpitefulPlan","TheCursedMod:LuckyCharm","Mummified Hand","TheCursedMod:SpitefulStrike","TheCursedMod:Stretching","TheCursedMod:SurpriseAttack","Replay:Arrowhead","Replay:Bandana","ReplayTheSpireMod:Brewmster","Medical Kit"],"campfire_rested":1,"item_purchase_floors":[5,5,5,5,14,14,14,14,14,20,20,20,20,20,32,40,40,48],"current_hp_per_floor":[73,68,71,59,59,60,60,60,60,51,51,51,52,52,74,75,75,48,27,42,43,43,43,43,52,52,52,52,65,73,73,75,75,75,75,75,75,75,75,75,55,55,75,74,74,75,73,75,75,75,75,75],"gold":161,"neow_bonus":"","is_daily":false,"chose_seed":false,"campfire_upgraded":7,"win_rate":0.0,"timestamp":1611643950,"path_taken":["M","M","M","M","$","E","?","R","T","E","?","?","M","$","R","BOSS","M","?","$","M","PTL","PTL","AVR","E","R","?","T","M","M","R","?","M","R","BOSS","M","?","M","$","M","R","M","E","T","E","M","$","?","M","R","BOSS"],"items_purchased_type":["Relic","Card","Card","Card","Relic","Relic","Card","Card","Card","Card","Relic","Card","Card","Card","Relic","Relic","Card","Relic"],"build_version":"2020-12-22","purchased_purges":1,"victory":true,"max_hp_per_floor":[75,75,75,75,75,75,75,75,75,75,75,75,75,75,75,75,75,75,75,75,75,75,75,75,75,75,75,75,75,75,75,75,75,75,75,75,75,75,75,75,75,75,75,75,75,75,75,75,75,75,75,75],"card_choices":[{"not_picked":["TheCursedMod:Stretching","TheCursedMod:FleshFromBone"],"picked":"TheCursedMod:SoulReap","floor":1},{"not_picked":["TheCursedMod:CursedShiv","TheCursedMod:SpitefulPlan"],"picked":"TheCursedMod:AshesToAshes","floor":2},{"not_picked":["TheCursedMod:AshesToAshes","TheCursedMod:CircleOfFlame"],"picked":"TheCursedMod:HellfireBreathing","floor":3},{"not_picked":["TheCursedMod:VitalStrike","TheCursedMod:FuryStrike","TheCursedMod:Stigma"],"picked":"SKIP","floor":4},{"not_picked":["TheCursedMod:RavingStaff","TheCursedMod:FuryStrike","TheCursedMod:ParallelWorld"],"picked":"SKIP","floor":6},{"not_picked":["TheCursedMod:AbyssShockwave","TheCursedMod:RavingStaff"],"picked":"TheCursedMod:CursedAmulet","floor":10},{"not_picked":["TheCursedMod:HellsGateOpen","TheCursedMod:CircleOfFlame"],"picked":"TheCursedMod:SoulReap","floor":11},{"not_picked":["TheCursedMod:CircleOfWindfury","TheCursedMod:FleshFromBone"],"picked":"TheCursedMod:ReleasedStrength","floor":11},{"not_picked":["TheCursedMod:Stigma","TheCursedMod:SmokeScreen"],"picked":"TheCursedMod:RapidMovement","floor":13},{"not_picked":["TheCursedMod:CircleOfAbyss","TheCursedMod:UltimatePain"],"picked":"TheCursedMod:DarkBarrier","floor":16},{"not_picked":["TheCursedMod:FleshFromBone","TheCursedMod:SpreadPlague"],"picked":"TheCursedMod:WearCloak","floor":18},{"not_picked":["TheCursedMod:Stretching","TheCursedMod:Grudge"],"picked":"TheCursedMod:HellfireBreathing","floor":19},{"not_picked":["TheCursedMod:CircleOfCorruption","TheCursedMod:TacticalStrike","TheCursedMod:FleshFromBone"],"picked":"SKIP","floor":21},{"not_picked":["TheCursedMod:OutForBlood","TheCursedMod:Stigma"],"picked":"TheCursedMod:HellfireBreathing","floor":25},{"not_picked":["TheCursedMod:WearCloak","TheCursedMod:DoubleShield"],"picked":"TheCursedMod:Wield","floor":29},{"not_picked":["TheCursedMod:Stigma","TheCursedMod:CursedAmulet"],"picked":"TheCursedMod:Wield","floor":30},{"not_picked":["TheCursedMod:CircleOfFlame","TheCursedMod:Stretching","TheCursedMod:Torture"],"picked":"SKIP","floor":33},{"not_picked":["TheCursedMod:DarkBarrier","TheCursedMod:ForbiddenAlchemy"],"picked":"TheCursedMod:DemonicPact","floor":35},{"not_picked":["TheCursedMod:CircleOfCorruption","TheCursedMod:CursedBlade"],"picked":"TheCursedMod:SoulReap","floor":37},{"not_picked":["TheCursedMod:CursedSpellbook+1","TheCursedMod:ManaBullet"],"picked":"TheCursedMod:SpitefulStrike","floor":38},{"not_picked":["TheCursedMod:SaltUponWound+1","TheCursedMod:FleshFromBone+1"],"picked":"TheCursedMod:SpitefulStrike+1","floor":39},{"not_picked":["TheCursedMod:CursedAmulet","TheCursedMod:CursedBlade"],"picked":"TheCursedMod:CursedSpellbook+1","floor":41},{"not_picked":["TheCursedMod:Wield+1","TheCursedMod:AbyssShockwave+1"],"picked":"TheCursedMod:LuckyCharm","floor":43},{"not_picked":["TheCursedMod:ForbiddenAlchemy","TheCursedMod:Stigma+1","TheCursedMod:AbyssShockwave"],"picked":"SKIP","floor":44},{"not_picked":["TheCursedMod:CircleOfWindfury+1","TheCursedMod:CircleOfFlame"],"picked":"TheCursedMod:ReleasedStrength","floor":46},{"not_picked":["TheCursedMod:SmokeScreen+1","TheCursedMod:ReleasedKnowledge","TheCursedMod:CursedStaff+1"],"picked":"SKIP","floor":47},{"not_picked":["TheCursedMod:CursedArmor","TheCursedMod:RapidMovement+1","TheCursedMod:SmokeScreen"],"picked":"SKIP","floor":50}],"player_experience":285257,"relics_obtained":[{"floor":6,"key":"Ornamental Fan"},{"floor":9,"key":"infinitespire:CheckeredPen"},{"floor":10,"key":"Blue Candle"},{"floor":11,"key":"Replay:Rubber Ducky"},{"floor":19,"key":"Red Mask"},{"floor":25,"key":"Potion Belt"},{"floor":27,"key":"Snack Pack"},{"floor":28,"key":"Sundial"},{"floor":44,"key":"HornCleat"},{"floor":45,"key":"Chameleon Ring"},{"floor":46,"key":"CeramicFish"}],"event_choices":[{"damage_healed":0,"gold_gain":0,"player_choice":"Take Wound","damage_taken":0,"relics_obtained":["Golden Idol"],"max_hp_gain":0,"max_hp_loss":0,"event_name":"Golden Idol","floor":7,"gold_loss":0,"cards_obtained":["Injury"]},{"damage_healed":0,"gold_gain":175,"player_choice":"AGREE","damage_taken":0,"max_hp_gain":0,"max_hp_loss":0,"event_name":"Liars Game","floor":12,"gold_loss":0,"cards_obtained":["Doubt"]},{"damage_healed":0,"gold_gain":0,"player_choice":"Fought Bandits","damage_taken":0,"max_hp_gain":0,"max_hp_loss":0,"event_name":"Masked Bandits","floor":19,"gold_loss":0},{"damage_healed":0,"gold_gain":0,"player_choice":"Bought 0 Potions","damage_taken":0,"max_hp_gain":0,"max_hp_loss":0,"event_name":"The Woman in Blue","floor":49,"gold_loss":0},{"damage_healed":0,"gold_gain":0,"player_choice":"1 cards matched","damage_taken":0,"max_hp_gain":0,"max_hp_loss":0,"event_name":"Match and Keep!","floor":51,"gold_loss":0,"cards_obtained":["TheCursedMod:CleanUpWorkshop"]}],"is_beta":false,"boss_relics":[{"not_picked":["ReplayTheSpireMod:DimensionalGlitch","Honey Jar"],"picked":"Empty Cage"},{"not_picked":["Abe\u0027s Treasure","Astrolabe"],"picked":"TheCursedMod:OminousMark"}],"items_purged_floors":[5],"is_endless":false,"potions_floor_spawned":[1,10,16,19,21,29,30,37,41,44,46,47],"ascension_level":0}}