{"host":"t7mx8yfj1no5p62f","time":1611681908,"event":{"mods":["BaseMod","Colored Map","Colored Powertips","Minty Spire (QoL Compilation)","Relic Stats","StSLib"],"gold_per_floor":[14,14,32,32,51,51,86,106,183,25,35,35,35,53,53,131,131,145,145,157,157,171,171,189,189,215,246,68,68,88,118,118,195,195,210,210,5,18,31,57,0,14,14,49,49,65,65,91,91,91,91,91,91,36,70,70],"floor_reached":57,"language":"ENG","playtime":3965,"items_purged":["Strike_G","Accuracy","Pain"],"score":2864,"play_id":"38f85c35-d779-42eb-8524-12715bc60a1b","local_time":"20210126122508","is_ascension_mode":true,"campfire_choices":[{"data":"Poisoned Stab","floor":6.0,"key":"SMITH"},{"data":"Crippling Poison","floor":12.0,"key":"SMITH"},{"data":"Deadly Poison","floor":15.0,"key":"SMITH"},{"data":"Bullet Time","floor":23.0,"key":"SMITH"},{"data":"Bouncing Flask","floor":25.0,"key":"SMITH"},{"data":"Catalyst","floor":29.0,"key":"SMITH"},{"floor":32.0,"key":"REST"},{"data":"Well Laid Plans","floor":45.0,"key":"SMITH"},{"data":"Blur","floor":47,"key":"SMITH"},{"floor":49,"key":"RECALL"},{"data":"Malaise","floor":53,"key":"SMITH"}],"circlet_count":0,"master_deck":["AscendersBane","Survivor","Neutralize","Poisoned Stab+1","Well Laid Plans+1","Deadly Poison+1","Adrenaline","Crippling Poison+1","Dash","Leg Sweep","Malaise+1","Slice","Tools of the Trade","Flechettes","Bullet Time+1","Quick Slash+1","Grand Finale+1","Reflex","Noxious Fumes","Acrobatics","Bouncing Flask+1","Acrobatics","Catalyst+1","Blur+1","Outmaneuver","Deflect","Tools of the Trade","Backflip+1","Reflex","Blur","Blur","Escape Plan"],"relics":["Ring of the Snake","Bird Faced Urn","StoneCalendar","Gremlin Horn","Pandora\u0027s Box","CultistMask","Vajra","Whetstone","HoveringKite","WarpedTongs","Incense Burner","Red Mask","Centennial Puzzle","Art of War","Gambling Chip","Toy Ornithopter"],"acts_visited":["Exordium","TheCity","TheBeyond","TheEnding"],"potions_floor_usage":[56,56],"damage_taken":[{"damage":17.0,"enemies":"Jaw Worm","floor":1.0,"turns":8.0},{"damage":2.0,"enemies":"2 Louse","floor":3.0,"turns":3.0},{"damage":0.0,"enemies":"Cultist","floor":5.0,"turns":3.0},{"damage":18.0,"enemies":"Lagavulin","floor":7.0,"turns":8.0},{"damage":0.0,"enemies":"Exordium Thugs","floor":8.0,"turns":4.0},{"damage":0.0,"enemies":"3 Louse","floor":11.0,"turns":4.0},{"damage":0.0,"enemies":"Looter","floor":14.0,"turns":3.0},{"damage":12.0,"enemies":"Hexaghost","floor":16.0,"turns":7.0},{"damage":6.0,"enemies":"3 Byrds","floor":18.0,"turns":4.0},{"damage":8.0,"enemies":"Shell Parasite","floor":20.0,"turns":4.0},{"damage":5.0,"enemies":"Centurion and Healer","floor":22.0,"turns":6.0},{"damage":19.0,"enemies":"Snake Plant","floor":24.0,"turns":4.0},{"damage":7.0,"enemies":"Gremlin Leader","floor":27.0,"turns":4.0},{"damage":25.0,"enemies":"Sentry and Sphere","floor":30.0,"turns":4.0},{"damage":20.0,"enemies":"Slavers","floor":31.0,"turns":4.0},{"damage":7.0,"enemies":"Automaton","floor":33.0,"turns":5.0},{"damage":11.0,"enemies":"3 Shapes","floor":35.0,"turns":3.0},{"damage":3.0,"enemies":"Orb Walker","floor":38.0,"turns":3.0},{"damage":0.0,"enemies":"Sphere and 2 Shapes","floor":39.0,"turns":6.0},{"damage":33.0,"enemies":"Reptomancer","floor":40.0,"turns":6.0},{"damage":14.0,"enemies":"3 Darklings","floor":42.0,"turns":5.0},{"damage":13.0,"enemies":"Giant Head","floor":44.0,"turns":6.0},{"damage":10,"enemies":"Spire Growth","floor":46,"turns":4},{"damage":33,"enemies":"Reptomancer","floor":48,"turns":7},{"damage":0,"enemies":"Donu and Deca","floor":50,"turns":8},{"damage":13,"enemies":"Awakened One","floor":51,"turns":15},{"damage":0,"enemies":"Shield and Spear","floor":55,"turns":7},{"damage":81,"enemies":"The Heart","floor":56,"turns":10}],"seed_played":"-4792044533346805735","potions_obtained":[{"floor":5.0,"key":"Dexterity Potion"},{"floor":7.0,"key":"Poison Potion"},{"floor":24.0,"key":"BlessingOfTheForge"},{"floor":30.0,"key":"Explosive Potion"},{"floor":31.0,"key":"PowerPotion"},{"floor":33.0,"key":"AttackPotion"},{"floor":35.0,"key":"Fire Potion"},{"floor":42.0,"key":"Dexterity Potion"},{"floor":46,"key":"FairyPotion"}],"is_trial":false,"path_per_floor":["M","?","M","?","M","R","E","M","T","$","M","R","?","M","R","B",null,"M","?","M","?","M","R","M","R","T","E","$","R","M","E","R","B",null,"M","?","$","M","M","E","?","M","T","E","R","M","R","E","R","B","B",null,"R","$","E","B",null],"character_chosen":"THE_SILENT","items_purchased":["Dash","Blur","Reflex","Weak Potion"],"campfire_rested":1,"item_purchase_floors":[10,28,37,54],"current_hp_per_floor":[42,42,42,42,44,44,28,30,30,30,32,32,25,27,27,17,54,54,54,52,52,55,55,44,44,44,45,45,45,26,10,29,28,57,50,50,50,53,61,35,35,29,29,24,24,22,22,25,25,33,28,57,57,57,65,1],"gold":70,"neow_bonus":"ONE_RARE_RELIC","is_daily":false,"chose_seed":false,"campfire_upgraded":9,"win_rate":0.0,"timestamp":1611681908,"path_taken":["M","?","M","?","M","R","E","?","T","?","M","R","?","M","R","BOSS","M","?","?","?","M","R","M","R","T","E","$","R","M","E","R","BOSS","M","?","?","M","M","E","?","M","T","E","R","M","R","E","R","BOSS","BOSS","R","$","E","BOSS"],"items_purchased_type":["Card","Card","Card","Potion"],"build_version":"2020-12-22","purchased_purges":3,"victory":true,"max_hp_per_floor":[66,66,66,66,66,66,66,66,66,66,66,66,66,66,66,66,66,66,66,66,66,66,66,66,66,66,66,66,66,66,66,66,66,66,66,66,66,66,66,66,66,66,66,66,66,66,66,66,66,66,66,66,66,66,66,66],"relic_stats":{"Gremlin Horn":[33,34],"counters":[28,155],"HoveringKite":[75],"StoneCalendar":[286],"Whetstone":["Grand Finale","Quick Slash"],"WarpedTongs":[76],"Centennial Puzzle":[15],"Bird Faced Urn":[154],"Gambling Chip":[15],"Pandora\u0027s Box":["Accuracy","Slice","Tools of the Trade","Flechettes","Bullet Time","Quick Slash","Grand Finale"],"Art of War":[7],"obtain_stats":[{"Gremlin Horn":9,"Vajra":27,"HoveringKite":34,"StoneCalendar":7,"Incense Burner":40,"Whetstone":31,"WarpedTongs":36,"Centennial Puzzle":43,"Bird Faced Urn":0,"Gambling Chip":48,"Pandora\u0027s Box":17,"CultistMask":19,"Red Mask":41,"Art of War":44,"Toy Ornithopter":55,"Ring of the Snake":0},{"Gremlin Horn":5,"Vajra":13,"HoveringKite":16,"StoneCalendar":4,"Incense Burner":20,"Whetstone":15,"WarpedTongs":17,"Centennial Puzzle":21,"Bird Faced Urn":0,"Gambling Chip":24,"Pandora\u0027s Box":8,"CultistMask":9,"Red Mask":20,"Art of War":22,"Toy Ornithopter":27,"Ring of the Snake":0},{"Gremlin Horn":26,"Vajra":62,"HoveringKite":75,"StoneCalendar":22,"Incense Burner":93,"Whetstone":70,"WarpedTongs":78,"Centennial Puzzle":98,"Bird Faced Urn":0,"Gambling Chip":115,"Pandora\u0027s Box":40,"CultistMask":44,"Red Mask":93,"Art of War":104,"Toy Ornithopter":145,"Ring of the Snake":0}],"Toy Ornithopter":10,"Ring of the Snake":[56]},"card_choices":[{"not_picked":["Bane","Prepared"],"picked":"Poisoned Stab","floor":1.0},{"not_picked":["Expertise","Slice"],"picked":"Deadly Poison","floor":3.0},{"not_picked":["Choke","Expertise"],"picked":"Adrenaline","floor":5.0},{"not_picked":["Underhanded Strike","Dagger Throw"],"picked":"Crippling Poison","floor":7.0},{"not_picked":["Choke","Sucker Punch","Cloak And Dagger"],"picked":"SKIP","floor":8.0},{"not_picked":["Predator","Blade Dance"],"picked":"Leg Sweep","floor":11.0},{"not_picked":["Deflect","Caltrops","Dagger Spray"],"picked":"SKIP","floor":14.0},{"not_picked":["A Thousand Cuts","Grand Finale"],"picked":"Malaise","floor":16.0},{"not_picked":["Dodge and Roll","Endless Agony"],"picked":"Reflex","floor":18.0},{"not_picked":["Slice","Masterful Stab"],"picked":"Noxious Fumes","floor":20.0},{"not_picked":["Slice","Dash"],"picked":"Bouncing Flask","floor":22.0},{"not_picked":["Dagger Spray","Crippling Poison"],"picked":"Acrobatics","floor":24.0},{"not_picked":["Blade Dance","Underhanded Strike"],"picked":"Catalyst","floor":27.0},{"not_picked":["Deadly Poison","Accuracy"],"picked":"Outmaneuver","floor":30.0},{"not_picked":["Sucker Punch+1","Poisoned Stab"],"picked":"Deflect","floor":31.0},{"not_picked":["Unload","Storm of Steel"],"picked":"Tools of the Trade","floor":33.0},{"not_picked":["Dagger Throw","Calculated Gamble"],"picked":"Backflip+1","floor":35.0},{"not_picked":["Bane","Blade Dance","Masterful Stab+1"],"picked":"SKIP","floor":38.0},{"not_picked":["All Out Attack","Caltrops","Acrobatics"],"picked":"SKIP","floor":39.0},{"not_picked":["Underhanded Strike","Flying Knee+1"],"picked":"Blur","floor":40.0},{"not_picked":["Blade Dance","Poisoned Stab+1","Acrobatics"],"picked":"SKIP","floor":42.0},{"not_picked":["Accuracy","Acrobatics+1","Reflex"],"picked":"SKIP","floor":44.0},{"not_picked":["Unload","Poisoned Stab+1"],"picked":"Blur","floor":46},{"not_picked":["Slice","Sucker Punch"],"picked":"Escape Plan","floor":48},{"not_picked":["Heel Hook","All Out Attack+1","Prepared"],"picked":"SKIP","floor":55}],"player_experience":1869618,"relics_obtained":[{"floor":7.0,"key":"StoneCalendar"},{"floor":9.0,"key":"Gremlin Horn"},{"floor":27.0,"key":"Vajra"},{"floor":31.0,"key":"Whetstone"},{"floor":40.0,"key":"Incense Burner"},{"floor":43.0,"key":"Centennial Puzzle"},{"floor":44.0,"key":"Art of War"},{"floor":48,"key":"Gambling Chip"},{"floor":55,"key":"Toy Ornithopter"}],"event_choices":[{"damage_healed":0.0,"max_hp_gain":0.0,"max_hp_loss":0.0,"gold_gain":0.0,"cards_transformed":["Strike_G"],"event_name":"Living Wall","player_choice":"Change","floor":2.0,"gold_loss":0.0,"damage_taken":0.0,"cards_obtained":["Well Laid Plans"]},{"damage_healed":0.0,"max_hp_gain":0.0,"max_hp_loss":0.0,"gold_gain":0.0,"event_name":"WeMeetAgain","player_choice":"Ignored","floor":4.0,"gold_loss":0.0,"damage_taken":0.0},{"cards_removed":["Strike_G"],"damage_healed":0.0,"max_hp_gain":0.0,"max_hp_loss":0.0,"gold_gain":0.0,"event_name":"Golden Wing","player_choice":"Card Removal","floor":13.0,"gold_loss":0.0,"damage_taken":7.0},{"damage_healed":0.0,"max_hp_gain":0.0,"max_hp_loss":0.0,"gold_gain":0.0,"event_name":"FaceTrader","player_choice":"Trade","floor":19.0,"gold_loss":0.0,"damage_taken":0.0,"relics_obtained":["CultistMask"]},{"damage_healed":0.0,"max_hp_gain":0.0,"max_hp_loss":0.0,"gold_gain":0.0,"event_name":"The Library","player_choice":"Read","floor":21.0,"gold_loss":0.0,"damage_taken":0.0,"cards_obtained":["Acrobatics"]},{"damage_healed":0.0,"max_hp_gain":0.0,"max_hp_loss":0.0,"gold_gain":0.0,"event_name":"Accursed Blacksmith","player_choice":"Rummage","floor":36.0,"gold_loss":0.0,"damage_taken":0.0,"relics_obtained":["WarpedTongs"],"cards_obtained":["Pain"]},{"damage_healed":0.0,"max_hp_gain":0.0,"max_hp_loss":0.0,"gold_gain":0.0,"event_name":"Tomb of Lord Red Mask","player_choice":"Paid","floor":41.0,"gold_loss":57.0,"damage_taken":0.0,"relics_obtained":["Red Mask"]}],"is_beta":false,"boss_relics":[{"not_picked":["Sozu","Ring of the Serpent"],"picked":"Pandora\u0027s Box"},{"not_picked":["Astrolabe","Philosopher\u0027s Stone"],"picked":"HoveringKite"}],"items_purged_floors":[10,28,37],"is_endless":false,"potions_floor_spawned":[5,7,14,24,30,31,33,35,42,46],"ascension_level":20}}