{"host":"vlqejv0notyktumz","time":1611688983,"event":{"mods":["AchievementEnabler","BaseMod","Colored Map","Colored Powertips","Downfall","Googly Eyes","Minty Spire (QoL Compilation)","StSLib"],"gold_per_floor":[116,127,143,68,91,124,124,124,124,24,24,59,59,85,85,188,188,188,37,0,0,0,0,0,0,0,0,0,0,0,0,0,0,0,0,0,0,0,0,0,0,0,0,0,0,0,0,0,0,0],"floor_reached":51,"language":"ENG","playtime":1225,"items_purged":["Strike_B","Strike_B","Strike_B"],"score":1027,"play_id":"1e65d30b-043a-4956-b44a-febb807d27ac","local_time":"20210126132303","is_ascension_mode":true,"campfire_choices":[{"data":"Buffer","floor":7,"key":"SMITH"},{"data":"Hologram","floor":11,"key":"SMITH"},{"floor":15,"key":"REST"},{"data":"Lockon","floor":23,"key":"SMITH"},{"data":"Undo","floor":25,"key":"SMITH"},{"data":"Defragment","floor":28,"key":"SMITH"},{"floor":32,"key":"REST"},{"floor":41,"key":"REST"},{"floor":47,"key":"REST"},{"data":"Buffer","floor":49,"key":"SMITH"}],"circlet_count":0,"master_deck":["Strike_B","Defend_B","Defend_B","Defend_B","Defend_B","Dualcast","Ball Lightning","Hologram+1","Ball Lightning","Buffer+1","Lockon+1","Redo","Core Surge","Coolheaded","Undo+1","Defragment+1","Lockon+1","Leap","Buffer+1","Impatience","Loop","Defragment+1"],"relics":["Cracked Core","Oddly Smooth Stone","Juzu Bracelet","Incense Burner","Bottled Flame","Potion Belt","Pen Nib","Ectoplasm","Eternal Feather","Lizard Tail","Cables","Busted Crown","Dream Catcher","Happy Flower"],"acts_visited":["Exordium","TheCity","TheBeyond"],"potions_floor_usage":[6,12,27,27,31,33,50,50],"damage_taken":[{"damage":0,"enemies":"Cultist","floor":1,"turns":4},{"damage":0,"enemies":"2 Louse","floor":2,"turns":2},{"damage":0,"enemies":"Jaw Worm","floor":3,"turns":3},{"damage":14,"enemies":"3 Sentries","floor":6,"turns":7},{"damage":0,"enemies":"Lagavulin","floor":12,"turns":5},{"damage":13,"enemies":"3 Sentries","floor":14,"turns":6},{"damage":22,"enemies":"Hexaghost","floor":16,"turns":9},{"damage":0,"enemies":"Spheric Guardian","floor":18,"turns":4},{"damage":4,"enemies":"Chosen","floor":24,"turns":4},{"damage":1,"enemies":"3 Cultists","floor":27,"turns":5},{"damage":27,"enemies":"Gremlin Leader","floor":29,"turns":7},{"damage":59,"enemies":"Slavers","floor":31,"turns":7},{"damage":21,"enemies":"Collector","floor":33,"turns":9},{"damage":20,"enemies":"3 Darklings","floor":35,"turns":5},{"damage":43,"enemies":"Reptomancer","floor":40,"turns":9},{"damage":0,"enemies":"3 Shapes","floor":42,"turns":5},{"damage":6,"enemies":"Spire Growth","floor":48,"turns":4},{"damage":48,"enemies":"Donu and Deca","floor":50,"turns":11}],"seed_played":"-4813545199570187430","potions_obtained":[{"floor":2,"key":"ColorlessPotion"},{"floor":3,"key":"EssenceOfDarkness"},{"floor":14,"key":"ColorlessPotion"},{"floor":16,"key":"Block Potion"},{"floor":27,"key":"EssenceOfSteel"},{"floor":31,"key":"Ancient Potion"},{"floor":40,"key":"champ:CounterPotion"},{"floor":42,"key":"Swift Potion"}],"is_trial":false,"path_per_floor":["M","M","M","$","T","E","R","?","T","$","R","E","$","E","R","B",null,"M","$","?","?","$","R","M","R","T","M","R","E","?","E","R","B",null,"M","$","?","?","?","E","R","M","T","$","?","$","R","M","R","B",null],"character_chosen":"DEFECT","items_purchased":["Coolheaded"],"campfire_rested":4,"item_purchase_floors":[19],"current_hp_per_floor":[68,68,68,68,68,54,54,54,54,54,54,54,54,41,63,41,67,67,67,67,67,67,67,63,63,63,62,71,44,30,14,47,26,67,47,47,47,47,47,4,38,38,38,38,38,38,72,66,76,28],"gold":0,"neow_bonus":"RANDOM_COMMON_RELIC","is_daily":false,"chose_seed":false,"campfire_upgraded":6,"win_rate":0.0,"timestamp":1611688983,"path_taken":["M","M","M","$","?","E","R","?","T","$","R","E","?","E","R","BOSS","M","$","?","?","$","R","M","R","T","M","R","E","?","E","R","BOSS","M","$","?","?","?","E","R","M","T","$","?","?","R","M","R","BOSS"],"items_purchased_type":["Card"],"build_version":"2020-12-22","purchased_purges":3,"victory":true,"max_hp_per_floor":[75,75,75,75,75,75,75,75,75,75,75,75,75,75,75,75,75,75,75,75,75,75,75,75,75,75,75,75,75,80,80,80,80,80,80,80,76,76,76,76,76,76,76,76,76,76,76,76,76,76],"card_choices":[{"not_picked":["Static Discharge","Skim"],"picked":"Ball Lightning","floor":1},{"not_picked":["Beam Cell","Steam"],"picked":"Hologram","floor":2},{"not_picked":["Fusion","BootSequence"],"picked":"Ball Lightning","floor":3},{"not_picked":["Tempest","Turbo"],"picked":"Buffer","floor":6},{"not_picked":["Stack","Storm"],"picked":"Lockon","floor":12},{"not_picked":["Turbo","Sunder"],"picked":"Redo","floor":14},{"not_picked":["Machine Learning","Rainbow"],"picked":"Core Surge","floor":16},{"not_picked":["Cold Snap","Stack","Streamline+1"],"picked":"SKIP","floor":18},{"not_picked":["Multi-Cast","Go for the Eyes+1"],"picked":"Undo","floor":24},{"not_picked":["Lockon","Beam Cell"],"picked":"Defragment","floor":27},{"not_picked":["Loop","Storm"],"picked":"Lockon+1","floor":29},{"not_picked":["Consume","Undo"],"picked":"Leap","floor":31},{"not_picked":["Fission","Creative AI"],"picked":"Buffer","floor":33},{"not_picked":["Skim+1"],"picked":"SKIP","floor":35},{"not_picked":[],"picked":"Impatience","floor":39},{"not_picked":[],"picked":"Loop","floor":40},{"not_picked":[],"picked":"Defragment+1","floor":42},{"not_picked":["Reinforced Body+1"],"picked":"SKIP","floor":48}],"player_experience":368902,"relics_obtained":[{"floor":5,"key":"Juzu Bracelet"},{"floor":6,"key":"Incense Burner"},{"floor":9,"key":"Bottled Flame"},{"floor":12,"key":"Potion Belt"},{"floor":14,"key":"Pen Nib"},{"floor":26,"key":"Eternal Feather"},{"floor":29,"key":"Lizard Tail"},{"floor":31,"key":"Cables"},{"floor":40,"key":"Dream Catcher"},{"floor":43,"key":"Happy Flower"}],"event_choices":[{"damage_healed":0,"gold_gain":0,"player_choice":"Ignored","damage_taken":0,"max_hp_gain":0,"max_hp_loss":0,"event_name":"Liars Game","floor":8,"gold_loss":0},{"damage_healed":0,"gold_gain":0,"player_choice":"Paid Fearfully","damage_taken":0,"max_hp_gain":0,"max_hp_loss":0,"event_name":"Masked Bandits","floor":20,"gold_loss":37},{"damage_healed":0,"gold_gain":100,"player_choice":"Pray","damage_taken":0,"max_hp_gain":0,"max_hp_loss":0,"event_name":"Golden Shrine","floor":21,"gold_loss":0},{"damage_healed":0,"gold_gain":0,"player_choice":"Shed Blood","damage_taken":19,"max_hp_gain":5,"max_hp_loss":0,"event_name":"Forgotten Altar","floor":30,"gold_loss":0},{"damage_healed":0,"gold_gain":0,"player_choice":"Max HP","damage_taken":0,"max_hp_gain":0,"max_hp_loss":4,"event_name":"Winding Halls","floor":37,"gold_loss":0},{"damage_healed":0,"gold_gain":0,"player_choice":"Ignored","damage_taken":0,"max_hp_gain":0,"max_hp_loss":0,"event_name":"Mysterious Sphere","floor":38,"gold_loss":0},{"damage_healed":0,"gold_gain":0,"player_choice":"Memory 1","damage_taken":0,"max_hp_gain":0,"max_hp_loss":0,"event_name":"SensoryStone","floor":39,"gold_loss":0},{"cards_removed":["Zap"],"damage_healed":0,"gold_gain":0,"player_choice":"Removed Skill","damage_taken":0,"max_hp_gain":0,"max_hp_loss":0,"event_name":"Falling","floor":45,"gold_loss":0}],"is_beta":false,"boss_relics":[{"not_picked":["Philosopher\u0027s Stone","bronze:MakeshiftBattery"],"picked":"Ectoplasm"},{"not_picked":["Snecko Eye","Tiny House"],"picked":"Busted Crown"}],"items_purged_floors":[4,10,19],"is_endless":false,"potions_floor_spawned":[2,3,14,16,27,31,40,42],"ascension_level":8}}