{"host":"y3h3n3f7seyagppx","time":1611697191,"event":{"mods":["AlwaysNeverKeys","BaseMod","Better Vampires","Colored Powertips","DeckTracker","Emptier Cage","Minty Spire (QoL Compilation)","Permanent Neow","Quick Restart","Rare Cards Sparkle","Relic Sorter","Relic Stats","StSLib","Transform Curses"],"gold_per_floor":[115,115,132,148,15,49,49,49,74,113,129,149,180,204,204,204,204],"floor_reached":16,"language":"ENG","playtime":1136,"items_purged":["Regret"],"score":294,"play_id":"ebfde753-8e59-4782-a9f9-ca82c280669c","local_time":"20210126163951","is_ascension_mode":true,"campfire_choices":[{"floor":8,"key":"REST"},{"data":"Sucker Punch","floor":15,"key":"SMITH"}],"circlet_count":0,"master_deck":["AscendersBane","Strike_G+1","Strike_G","Strike_G+1","Strike_G","Strike_G","Defend_G","Defend_G","Defend_G+1","Defend_G+1","Defend_G","Survivor","Neutralize","Footwork","Sucker Punch+1","After Image","Poisoned Stab","Heel Hook","Dash","Blade Dance","Terror","Endless Agony"],"relics":["Sozu","PreservedInsect","Strawberry","Golden Idol","War Paint","Art of War","Whetstone"],"acts_visited":["Exordium"],"potions_floor_usage":[],"damage_taken":[{"damage":0.0,"enemies":"2 Louse","floor":1.0,"turns":4.0},{"damage":10.0,"enemies":"Small Slimes","floor":3.0,"turns":5.0},{"damage":1.0,"enemies":"Jaw Worm","floor":4.0,"turns":5.0},{"damage":37,"enemies":"Gremlin Nob","floor":6,"turns":5},{"damage":0,"enemies":"Lagavulin","floor":10,"turns":9},{"damage":3,"enemies":"Blue Slaver","floor":11,"turns":4},{"damage":0,"enemies":"3 Louse","floor":12,"turns":4},{"damage":17,"enemies":"Gremlin Nob","floor":13,"turns":4},{"damage":0,"enemies":"Large Slime","floor":14,"turns":4},{"damage":27,"enemies":"The Guardian","floor":16,"turns":2}],"seed_played":"1767894256231568797","potions_obtained":[],"is_trial":false,"path_per_floor":["M","?","M","M","$","E","?","R","T","E","M","M","E","M","R","B"],"character_chosen":"THE_SILENT","items_purchased":["Poisoned Stab"],"campfire_rested":1,"item_purchase_floors":[5],"current_hp_per_floor":[59,59,49,48,48,18,18,37,37,37,34,34,17,17,17,0,0],"gold":204,"neow_bonus":"BOSS_RELIC","is_daily":false,"chose_seed":false,"campfire_upgraded":1,"win_rate":0.0,"timestamp":1611697191,"path_taken":["M","?","M","M","$","E","?","R","T","E","M","M","E","M","R","BOSS"],"items_purchased_type":["Card"],"build_version":"2020-12-22","purchased_purges":1,"victory":false,"max_hp_per_floor":[66,66,66,66,66,73,66,66,66,66,66,66,66,66,66,66,66],"relic_stats":{"Sozu":4,"counters":[10,46],"Golden Idol":26,"PreservedInsect":72,"Art of War":[1],"Whetstone":["Strike_G","Strike_G"],"War Paint":["Defend_G","Defend_G"],"obtain_stats":[{"Sozu":0,"Golden Idol":7,"Strawberry":6,"PreservedInsect":2,"Art of War":10,"Whetstone":13,"War Paint":9,"Ring of the Snake":0},{"Sozu":0,"Golden Idol":4,"Strawberry":4,"PreservedInsect":1,"Art of War":5,"Whetstone":8,"War Paint":4,"Ring of the Snake":0},{"Sozu":0,"Golden Idol":19,"Strawberry":19,"PreservedInsect":4,"Art of War":28,"Whetstone":40,"War Paint":19,"Ring of the Snake":0}]},"card_choices":[{"not_picked":["Cloak And Dagger","Blade Dance"],"picked":"Footwork","floor":1.0},{"not_picked":["Prepared","Flying Knee"],"picked":"Sucker Punch","floor":3.0},{"not_picked":["PiercingWail","Underhanded Strike"],"picked":"After Image","floor":4.0},{"not_picked":["Concentrate","Infinite Blades"],"picked":"Heel Hook","floor":6},{"not_picked":["Caltrops","Heel Hook","Flying Knee"],"picked":"SKIP","floor":10},{"not_picked":["Outmaneuver","Dodge and Roll"],"picked":"Dash","floor":11},{"not_picked":["Poisoned Stab","PiercingWail"],"picked":"Blade Dance","floor":12},{"not_picked":["Accuracy","A Thousand Cuts"],"picked":"Terror","floor":13},{"not_picked":["Endless Agony","Catalyst","Poisoned Stab"],"picked":"SKIP","floor":14},{"not_picked":["Catalyst","Poisoned Stab"],"picked":"Endless Agony","floor":14}],"player_experience":21630349,"relics_obtained":[{"floor":6,"key":"Strawberry"},{"floor":9,"key":"War Paint"},{"floor":10,"key":"Art of War"},{"floor":13,"key":"Whetstone"}],"event_choices":[{"damage_healed":0.0,"max_hp_gain":0.0,"max_hp_loss":0.0,"gold_gain":0.0,"event_name":"Big Fish","player_choice":"Box","floor":2.0,"gold_loss":0.0,"damage_taken":0.0,"relics_obtained":["PreservedInsect"],"cards_obtained":["Regret"]},{"damage_healed":0,"gold_gain":0,"player_choice":"Lose Max HP","damage_taken":0,"relics_obtained":["Golden Idol"],"max_hp_gain":0,"max_hp_loss":7,"event_name":"Golden Idol","floor":7,"gold_loss":0}],"is_beta":false,"boss_relics":[],"items_purged_floors":[5],"is_endless":false,"potions_floor_spawned":[1,6,13,14],"killed_by":"The Guardian","ascension_level":20}}