{"host":"i6fsgsx2qwsg1do0","time":1611630020,"event":{"mods":["BaseMod","Colored Powertips","Conspire","Downfall","Hubris","Infinite Spire","Minty Spire (QoL Compilation)","Replay The Spire","StSLib","vexMod"],"gold_per_floor":[113,113,188,207,226,226,226,255,255,255,255,255,270,296,296,395,395,405,405,425,425,425,425,425,455,504,520,520,520],"floor_reached":28,"language":"ENG","playtime":2178,"items_purged":[],"score":257,"play_id":"68f3d8c0-398c-4923-9bd1-0264334694fa","local_time":"20210125220020","is_ascension_mode":true,"campfire_choices":[{"data":"Barricade","floor":6,"key":"SMITH"},{"data":"Bash","floor":10,"key":"SMITH"},{"data":"Replay:Dark Deal","floor":12,"key":"SMITH"},{"floor":15,"key":"REST"},{"data":"hubris:SharpeningStone","floor":24,"key":"SMITH"}],"circlet_count":0,"master_deck":["Strike_R","Strike_R+1","Strike_R","Strike_R","Strike_R","Defend_R","Defend_R","Defend_R","Defend_R","Bash+1","m_Survivalism","Replay:Dark Deal+1","Flex","Headbutt","Barricade+1","Shrug It Off","Impervious","Thunderclap","Reaper","hubris:SharpeningStone+1","Burning Pact","Poisoned Strike","Replay:Sssssssssstrike","ReplayTheSpireMod:Private Reserves","Fire Breathing","ReplayTheSpireMod:LeadingStrike+1"],"relics":["Burning Blood","hubris:DeckOfHolding","Odd Mushroom","hubris:CrackedHourglass","Smiling Mask","ReplayTheSpireMod:Ring of Exchange","Ring of Panic","ReplayTheSpireMod:ShopPack","Replay:Wax Seal","conspire:Dentures","ReplayFunnel"],"acts_visited":["Exordium","TheCity"],"potions_floor_usage":[8],"damage_taken":[{"damage":1,"enemies":"Small Slimes","floor":1,"turns":4},{"damage":8,"enemies":"Jaw Worm","floor":4,"turns":5},{"damage":0,"enemies":"2 Louse","floor":5,"turns":3},{"damage":21,"enemies":"Lagavulin","floor":8,"turns":10},{"damage":5,"enemies":"2 Fungi Beasts","floor":13,"turns":4},{"damage":34,"enemies":"The Mushroom Lair","floor":14,"turns":9},{"damage":25,"enemies":"Hexaghost","floor":16,"turns":10},{"damage":12,"enemies":"Chosen","floor":18,"turns":6},{"damage":27,"enemies":"Shell Parasite","floor":20,"turns":10},{"damage":37,"enemies":"Book of Stabbing","floor":25,"turns":4},{"damage":24,"enemies":"Cultist and Chosen","floor":27,"turns":7},{"damage":27,"enemies":"Replay:Snechameleon","floor":28,"turns":3}],"seed_played":"6697108418467502725","potions_obtained":[{"floor":1,"key":"ColorlessPotion"},{"floor":16,"key":"Adrenaline Potion"},{"floor":25,"key":"SpeedPotion"},{"floor":27,"key":"LifebloodPotion"}],"is_trial":false,"path_per_floor":["M","?","?","M","M","R","?","E","T","R","?","R","M","?","R","B",null,"M","?","M","?","AVR","T","R","E","T","M","E"],"character_chosen":"IRONCLAD","items_purchased":[],"campfire_rested":1,"item_purchase_floors":[],"current_hp_per_floor":[80,80,69,67,73,73,73,58,58,58,58,58,59,31,55,36,80,80,80,63,63,63,63,63,32,32,26,0,0],"gold":520,"neow_bonus":"RANDOM_COLORLESS_2","is_daily":false,"chose_seed":false,"campfire_upgraded":4,"win_rate":0.0,"timestamp":1611630020,"path_taken":["M","?","?","M","M","R","?","E","T","R","?","R","M","?","R","BOSS","M","?","?","?","AVR","?","R","E","T","M","E"],"items_purchased_type":[],"build_version":"2020-12-22","purchased_purges":0,"victory":false,"max_hp_per_floor":[80,80,80,80,80,80,80,80,80,80,80,80,80,80,80,80,80,80,80,80,80,80,80,80,80,80,80,80,80],"card_choices":[{"not_picked":["hubris:EnhanceAbility","Poisoned Strike"],"picked":"Replay:Dark Deal","floor":0},{"not_picked":["Blood for Blood","Wild Strike"],"picked":"Flex","floor":1},{"not_picked":["Thunderclap","Shrug It Off"],"picked":"Headbutt","floor":4},{"not_picked":["Perfected Strike","Sentinel"],"picked":"Barricade","floor":5},{"not_picked":["Searing Blow","Clash"],"picked":"Shrug It Off","floor":8},{"not_picked":["Clothesline","Flex"],"picked":"Impervious","floor":13},{"not_picked":["Replay:Undeath\u0027s Touch","Warcry"],"picked":"Thunderclap","floor":14},{"not_picked":["Barricade","Brutality"],"picked":"Reaper","floor":16},{"not_picked":["Flex","Life Link"],"picked":"hubris:SharpeningStone","floor":18},{"not_picked":["Defy Death","Blood for Blood"],"picked":"Burning Pact","floor":20},{"not_picked":["ReplayTheSpireMod:Necrogeddon","Magnetism"],"picked":"Poisoned Strike","floor":22},{"not_picked":["Panache","hubris:Ssssneak"],"picked":"Replay:Sssssssssstrike","floor":22},{"not_picked":["PanicButton","Blind"],"picked":"ReplayTheSpireMod:Private Reserves","floor":22},{"not_picked":["Sever Soul","Shockwave"],"picked":"Fire Breathing","floor":25},{"not_picked":["Replay:Undeath\u0027s Touch","Thunderclap"],"picked":"ReplayTheSpireMod:LeadingStrike+1","floor":27}],"player_experience":331359,"relics_obtained":[{"floor":8,"key":"hubris:DeckOfHolding"},{"floor":14,"key":"Odd Mushroom"},{"floor":21,"key":"ReplayTheSpireMod:Ring of Exchange"},{"floor":21,"key":"Ring of Panic"},{"floor":23,"key":"Replay:Wax Seal"},{"floor":25,"key":"conspire:Dentures"},{"floor":26,"key":"ReplayFunnel"}],"event_choices":[{"cards_removed":["hexamod:Defend"],"damage_healed":0,"gold_gain":0,"player_choice":"Forget","damage_taken":0,"max_hp_gain":0,"max_hp_loss":0,"event_name":"Living Wall","floor":2,"gold_loss":0},{"damage_healed":0,"gold_gain":75,"player_choice":"Gather Gold","damage_taken":11,"max_hp_gain":0,"max_hp_loss":0,"event_name":"World of Goop","floor":3,"gold_loss":0},{"damage_healed":0,"gold_gain":0,"player_choice":"Fought Mushrooms","damage_taken":0,"max_hp_gain":0,"max_hp_loss":0,"event_name":"Mushrooms","floor":14,"gold_loss":0},{"damage_healed":0,"gold_gain":0,"player_choice":"Gave Potion","damage_taken":0,"relics_obtained":["Smiling Mask"],"max_hp_gain":0,"max_hp_loss":0,"event_name":"WeMeetAgain","floor":19,"gold_loss":0}],"is_beta":false,"boss_relics":[{"not_picked":["vexMod:TanglingVine","Honey Jar"],"picked":"hubris:CrackedHourglass"}],"items_purged_floors":[],"is_endless":false,"potions_floor_spawned":[1,16,25,27],"killed_by":"Replay:Snechameleon","ascension_level":2}}