{"host":"r53pw7z744tg3fxg","time":1611622381,"event":{"mods":["AchievementEnabler","BaseMod","Colored Map","Colored Powertips","Highlight Path","Minty Spire (QoL Compilation)","Quick Restart","Transform Curses"],"gold_per_floor":[113,113,38,54,34,61,61,95,95,95,122,138,138,158,158,234,234,254,83,94,109,109,109],"floor_reached":22,"language":"ENG","playtime":748,"items_purged":["Regret"],"score":377,"play_id":"107ed0a3-754e-4155-9a54-f1fe3480c897","local_time":"20210125175301","is_ascension_mode":true,"campfire_choices":[{"floor":7,"key":"REST"},{"floor":10,"key":"REST"},{"floor":13,"key":"REST"},{"data":"Eruption","floor":15,"key":"SMITH"}],"circlet_count":0,"master_deck":["AscendersBane","Strike_P","Strike_P","Strike_P","Strike_P","Defend_P","Defend_P","Defend_P","Defend_P","Eruption+1","Vigilance","ReachHeaven","EmptyBody","DeceiveReality","Consecrate","FollowUp","BowlingBash","LikeWater+1","Wish","CurseOfTheBell","Pray","Sanctity+1"],"relics":["PureWater","Torii","Bag of Marbles","Frozen Egg 2","StoneCalendar","Regal Pillow","Calling Bell","Dream Catcher","Question Card","Gambling Chip","Lantern"],"acts_visited":["Exordium","TheCity"],"potions_floor_usage":[6,8,14,16,22],"damage_taken":[{"damage":0,"enemies":"2 Louse","floor":1,"turns":2},{"damage":0,"enemies":"Small Slimes","floor":4,"turns":3},{"damage":30,"enemies":"Lagavulin","floor":6,"turns":3},{"damage":23,"enemies":"Gremlin Nob","floor":8,"turns":4},{"damage":13,"enemies":"Lagavulin","floor":11,"turns":4},{"damage":0,"enemies":"Cultist","floor":12,"turns":3},{"damage":0,"enemies":"2 Fungi Beasts","floor":14,"turns":1},{"damage":31,"enemies":"Hexaghost","floor":16,"turns":10},{"damage":16,"enemies":"3 Byrds","floor":18,"turns":5},{"damage":24,"enemies":"Shell Parasite","floor":20,"turns":7},{"damage":14,"enemies":"Centurion and Healer","floor":21,"turns":5},{"damage":16,"enemies":"Snake Plant","floor":22,"turns":3}],"seed_played":"-670541370980932312","potions_obtained":[{"floor":0,"key":"Explosive Potion"},{"floor":0,"key":"DuplicationPotion"},{"floor":6,"key":"SteroidPotion"},{"floor":12,"key":"SkillPotion"},{"floor":14,"key":"Energy Potion"}],"is_trial":false,"path_per_floor":["M","?","$","M","?","E","R","E","T","R","E","M","R","M","R","B",null,"M","$","M","M","M"],"character_chosen":"WATCHER","items_purchased":["Lantern"],"campfire_rested":3,"item_purchase_floors":[19],"current_hp_per_floor":[61,61,61,61,61,31,51,28,28,48,35,35,68,68,68,37,60,44,44,20,6,0,0],"gold":109,"neow_bonus":"THREE_SMALL_POTIONS","is_daily":false,"chose_seed":false,"campfire_upgraded":1,"win_rate":0.0,"timestamp":1611622381,"path_taken":["M","?","$","M","?","E","R","E","T","R","E","M","R","M","R","BOSS","M","$","?","M","M"],"items_purchased_type":["Relic"],"build_version":"2020-12-22","purchased_purges":1,"victory":false,"max_hp_per_floor":[68,68,68,68,68,68,68,68,68,68,68,68,68,68,68,68,68,68,68,68,68,68,68],"card_choices":[{"not_picked":["Evaluate","CrushJoints"],"picked":"ReachHeaven","floor":1},{"not_picked":["Swivel","FlurryOfBlows"],"picked":"EmptyBody","floor":4},{"not_picked":["ThirdEye","ClearTheMind"],"picked":"DeceiveReality","floor":6},{"not_picked":["TalkToTheHand","ThirdEye"],"picked":"Consecrate","floor":8},{"not_picked":["Evaluate","Ragnarok"],"picked":"FollowUp","floor":11},{"not_picked":["SignatureMove","EmptyBody"],"picked":"BowlingBash","floor":12},{"not_picked":["Consecrate","PathToVictory"],"picked":"LikeWater+1","floor":14},{"not_picked":["Blasphemy","Vault"],"picked":"Wish","floor":16},{"not_picked":["BowlingBash","SashWhip","CutThroughFate"],"picked":"Pray","floor":18},{"not_picked":["FlurryOfBlows","Halt+1","Meditate"],"picked":"Sanctity+1","floor":20},{"not_picked":["Nirvana+1","FollowUp","Crescendo","Perseverance"],"picked":"SKIP","floor":21}],"player_experience":1357747,"relics_obtained":[{"floor":6,"key":"Bag of Marbles"},{"floor":8,"key":"Frozen Egg 2"},{"floor":9,"key":"StoneCalendar"},{"floor":11,"key":"Regal Pillow"},{"floor":17,"key":"Dream Catcher"},{"floor":17,"key":"Question Card"},{"floor":17,"key":"Gambling Chip"}],"event_choices":[{"damage_healed":0,"gold_gain":0,"player_choice":"Box","damage_taken":0,"relics_obtained":["Torii"],"max_hp_gain":0,"max_hp_loss":0,"event_name":"Big Fish","floor":2,"gold_loss":0,"cards_obtained":["Regret"]},{"damage_healed":0,"gold_gain":0,"player_choice":"Bought 1 Potion","damage_taken":0,"max_hp_gain":0,"max_hp_loss":0,"event_name":"The Woman in Blue","floor":5,"gold_loss":0}],"is_beta":false,"boss_relics":[{"not_picked":["Astrolabe","Sozu"],"picked":"Calling Bell"}],"items_purged_floors":[3],"is_endless":false,"potions_floor_spawned":[4,6,12,14],"killed_by":"Snake Plant","ascension_level":17}}