{"host":"p8f0otjoacyb9giz","time":1611663881,"event":{"mods":["AchievementEnabler","BaseMod","Downfall","Minty Spire (QoL Compilation)","StSLib"],"gold_per_floor":[99,116,116,116,131,31,31,31,31,31,41,60,76,22,37,37,37,37],"floor_reached":16,"language":"ENG","playtime":353,"items_purged":[],"score":115,"play_id":"a903d27e-2947-4380-8bbc-ed54903dc07b","local_time":"20210126152441","is_ascension_mode":true,"campfire_choices":[{"floor":1,"key":"RECALL"},{"data":"bronze:GetLatest","floor":6,"key":"SMITH"},{"data":"bronze:Goto","floor":8,"key":"SMITH"},{"data":"bronze:DelayedSlice","floor":10,"key":"SMITH"}],"circlet_count":0,"master_deck":["bronze:Strike","bronze:Strike","bronze:Strike","bronze:Strike","bronze:Defend","bronze:Defend","bronze:Defend","bronze:Defend","bronze:Replicate","bronze:Goto+1","bronze:GetLatest+1","bronze:DelayedSlice+1","bronze:RecursiveStrike","bronze:Constructor","bronze:DelayedSlice","bronze:Iterate","bronze:CloningBeam","bronze:OilSpill"],"relics":["bronze:ElectromagneticCoil","HornCleat","downfall:HeartBlessingRed","Bottled Flame"],"acts_visited":["Exordium"],"potions_floor_usage":[16],"damage_taken":[{"damage":19,"enemies":"Jaw Worm","floor":2,"turns":6},{"damage":3,"enemies":"2 Louse","floor":5,"turns":3},{"damage":0,"enemies":"Small Slimes","floor":11,"turns":2},{"damage":9,"enemies":"2 Fungi Beasts","floor":12,"turns":2},{"damage":6,"enemies":"3 Louse","floor":13,"turns":2},{"damage":0,"enemies":"downfall:FleeingMerchant","floor":14,"turns":4},{"damage":0,"enemies":"Blue Slaver","floor":15,"turns":1},{"damage":45,"enemies":"SI_SHIV_ARCHETYPE","floor":16,"turns":3}],"seed_played":"2055623473121593719","potions_obtained":[{"floor":2,"key":"GamblersBrew"},{"floor":12,"key":"Slimebound:ThreeZeroPotion"},{"floor":13,"key":"bronze:FreeFunctionsPotion"}],"is_trial":false,"path_per_floor":["R","M","?","?","M","R","T","R","?","R","M","M","M","$","M","B"],"character_chosen":"THE_AUTOMATON","items_purchased":["bronze:CloningBeam"],"campfire_rested":0,"item_purchase_floors":[14],"current_hp_per_floor":[70,51,51,33,30,30,30,30,53,53,53,44,38,38,38,0,0,0],"gold":37,"neow_bonus":"BOSS_RELIC","is_daily":false,"chose_seed":false,"campfire_upgraded":3,"win_rate":0.0,"timestamp":1611663881,"path_taken":["R","M","?","?","M","R","T","R","?","R","M","M","M","$","M","BOSS"],"items_purchased_type":["Card"],"build_version":"2020-12-22","purchased_purges":0,"victory":false,"max_hp_per_floor":[70,70,70,70,70,70,70,70,70,70,70,70,70,70,70,70,70,70],"card_choices":[{"not_picked":["bronze:Shield","bronze:DarkDash"],"picked":"bronze:GetLatest","floor":2},{"not_picked":["bronze:Deprecate","bronze:Allocate"],"picked":"bronze:DelayedSlice","floor":5},{"not_picked":["bronze:CutThrough","bronze:Deprecate"],"picked":"bronze:RecursiveStrike","floor":11},{"not_picked":["bronze:DelayedGuard","bronze:ChildClass"],"picked":"bronze:Constructor","floor":12},{"not_picked":["bronze:Shell","bronze:MaxOutput"],"picked":"bronze:DelayedSlice","floor":13},{"not_picked":["bronze:Allocate","bronze:ForLoop"],"picked":"bronze:Iterate","floor":14},{"not_picked":["bronze:Shield","bronze:DelayedSlice"],"picked":"bronze:OilSpill","floor":15}],"player_experience":409855,"relics_obtained":[{"floor":7,"key":"Bottled Flame"}],"event_choices":[{"damage_healed":0,"gold_gain":0,"player_choice":"Success","damage_taken":18,"relics_obtained":["HornCleat"],"max_hp_gain":0,"max_hp_loss":0,"event_name":"Scrap Ooze","floor":4,"gold_loss":0},{"damage_healed":23,"gold_gain":0,"player_choice":"Banana","damage_taken":0,"max_hp_gain":0,"max_hp_loss":0,"event_name":"Big Fish","floor":9,"gold_loss":0}],"is_beta":false,"boss_relics":[],"items_purged_floors":[],"is_endless":false,"potions_floor_spawned":[2,12,13],"killed_by":"SI_SHIV_ARCHETYPE","ascension_level":5}}