{"host":"3e3mwsgb9gfqiuxm","time":1611682998,"event":{"mods":["Act Like it!","BaseMod","Colored Map","Colored Powertips","Downfall","Gensokyo","Googly Eyes","Hermit","Koishi","Marisa????????","Minty Spire (QoL Compilation)","Replay The Spire","StSLib","The Animator","The Bug Knight","The Cursed","The Servant 0.9.4"],"gold_per_floor":[115,1,1,20,34,34,34],"floor_reached":6,"language":"ENG","playtime":279,"items_purged":["hermit:Strike_Hermit"],"score":36,"play_id":"74e80adb-f3d2-433d-b78c-882ad6beb56d","local_time":"20210126124318","is_ascension_mode":false,"campfire_choices":[],"circlet_count":0,"master_deck":["hermit:Strike_Hermit","hermit:Strike_Hermit","hermit:Strike_Hermit","hermit:Defend_Hermit","hermit:Defend_Hermit","hermit:Defend_Hermit","hermit:Defend_Hermit","hermit:Snapshot","hermit:Covet","hermit:Horror","hermit:Maintenance","hermit:Gambit","hermit:SprayPray"],"relics":["hermit:Momento","NeowsBlessing"],"acts_visited":["Exordium"],"potions_floor_usage":[],"damage_taken":[{"damage":0,"enemies":"2 Louse","floor":1,"turns":1},{"damage":0,"enemies":"Cultist","floor":4,"turns":1},{"damage":0,"enemies":"Small Slimes","floor":5,"turns":1},{"damage":13,"enemies":"3 Sentries","floor":6,"turns":2}],"seed_played":"-5925463834434054503","potions_obtained":[{"floor":4,"key":"Elixir"}],"is_trial":false,"path_per_floor":["M","$","?","M","M","E"],"character_chosen":"HERMIT","items_purchased":["hermit:Maintenance"],"campfire_rested":0,"item_purchase_floors":[2],"current_hp_per_floor":[75,75,75,75,75,62,62],"gold":34,"neow_bonus":"THREE_ENEMY_KILL","is_daily":false,"chose_seed":false,"campfire_upgraded":0,"win_rate":0.0,"timestamp":1611682998,"path_taken":["M","$","?","M","M","E"],"items_purchased_type":["Card"],"build_version":"2020-12-22","purchased_purges":1,"victory":false,"max_hp_per_floor":[75,75,75,75,75,75,75],"card_choices":[{"not_picked":["hermit:LowProfile","hermit:FlashPowder"],"picked":"hermit:Horror","floor":1},{"not_picked":["hermit:Ricochet","hermit:BodyArmor","hermit:ItchyTrigger"],"picked":"SKIP","floor":4},{"not_picked":["hermit:ItchyTrigger","hermit:HighCaliber"],"picked":"hermit:SprayPray","floor":5}],"player_experience":1340454,"relics_obtained":[],"event_choices":[{"damage_healed":0,"gold_gain":0,"player_choice":"1 cards matched","damage_taken":0,"max_hp_gain":0,"max_hp_loss":0,"event_name":"Match and Keep!","floor":3,"gold_loss":0,"cards_obtained":["hermit:Gambit"]}],"is_beta":false,"boss_relics":[],"items_purged_floors":[2],"is_endless":false,"potions_floor_spawned":[4],"killed_by":"3 Sentries","ascension_level":0}}