{"host":"agbyy69nq62afhwx","time":1611676677,"event":{"mods":["BaseMod","Colored Map","DeckTracker","Highlight Path","Keyboard Shortcuts","Minty Spire (QoL Compilation)","Quick Restart","StSLib","SuperFastMode","everything is the same but u backflip on backflip"],"gold_per_floor":[11,24,38,38,38,81,93,180,246,323,335,362,374,401,413,425,425],"floor_reached":16,"language":"KOR","playtime":464,"items_purged":[],"score":175,"play_id":"b350628c-3eaa-4bc4-8084-6f9c101ea052","local_time":"20210127005757","is_ascension_mode":true,"campfire_choices":[{"floor":7,"key":"REST"},{"floor":13,"key":"REST"},{"floor":15,"key":"REST"}],"circlet_count":0,"master_deck":["AscendersBane","Strike_P","Strike_P","Strike_P","Strike_P","Defend_P","Defend_P","Defend_P","Defend_P","Eruption","Vigilance","Mayhem","Halt","Perseverance","InnerPeace"],"relics":["PureWater","MawBank","InkBottle","Blood Vial","Mercury Hourglass","Golden Idol"],"acts_visited":[],"potions_floor_usage":[6,10,14],"damage_taken":[{"damage":0,"enemies":"Cultist","floor":1,"turns":4},{"damage":0,"enemies":"2 Louse","floor":2,"turns":3},{"damage":4,"enemies":"Small Slimes","floor":3,"turns":5},{"damage":30,"enemies":"3 Sentries","floor":6,"turns":13},{"damage":13,"enemies":"3 Sentries","floor":10,"turns":13},{"damage":3,"enemies":"Blue Slaver","floor":12,"turns":4},{"damage":9,"enemies":"2 Fungi Beasts","floor":14,"turns":4},{"damage":36,"enemies":"The Guardian","floor":16,"turns":7}],"seed_played":"327237282855821184","potions_obtained":[{"floor":1,"key":"ColorlessPotion"},{"floor":6,"key":"Explosive Potion"},{"floor":10,"key":"Fire Potion"}],"is_trial":false,"path_per_floor":["M","M","M","?","?","E","R","?","T","?","?","M","R","M","R","B"],"character_chosen":"WATCHER","items_purchased":[],"campfire_rested":3,"item_purchase_floors":[],"current_hp_per_floor":[61,61,57,62,36,6,27,16,16,5,5,4,23,16,35,1,1],"gold":425,"neow_bonus":"RANDOM_COLORLESS_2","is_daily":false,"chose_seed":false,"campfire_upgraded":0,"win_rate":0.0,"timestamp":1611676677,"path_taken":["M","M","M","?","?","E","R","?","T","?","?","M","R","M","R","BOSS"],"items_purchased_type":[],"build_version":"2020-12-22","purchased_purges":0,"victory":false,"max_hp_per_floor":[68,68,68,73,73,73,73,73,73,73,66,66,66,66,66,66,66],"card_choices":[{"not_picked":["Secret Weapon","Magnetism"],"picked":"Mayhem","floor":0},{"not_picked":["Tantrum","FlyingSleeves"],"picked":"Halt","floor":1},{"not_picked":["WreathOfFlame","Fasting2"],"picked":"Perseverance","floor":2},{"not_picked":["Protect","Tantrum"],"picked":"InnerPeace","floor":3},{"not_picked":["JustLucky","SashWhip","Weave"],"picked":"SKIP","floor":6},{"not_picked":["SashWhip","Meditate","BowlingBash"],"picked":"SKIP","floor":12},{"not_picked":["JustLucky","Collect","CutThroughFate"],"picked":"SKIP","floor":14}],"player_experience":481989,"relics_obtained":[{"floor":6,"key":"InkBottle"},{"floor":9,"key":"Blood Vial"},{"floor":10,"key":"Mercury Hourglass"}],"event_choices":[{"damage_healed":0,"gold_gain":0,"player_choice":"Donut","damage_taken":0,"max_hp_gain":5,"max_hp_loss":0,"event_name":"Big Fish","floor":4,"gold_loss":0},{"damage_healed":0,"gold_gain":0,"player_choice":"Success","damage_taken":26,"relics_obtained":["MawBank"],"max_hp_gain":0,"max_hp_loss":0,"event_name":"Scrap Ooze","floor":5,"gold_loss":0},{"damage_healed":0,"gold_gain":75,"player_choice":"Gather Gold","damage_taken":11,"max_hp_gain":0,"max_hp_loss":0,"event_name":"World of Goop","floor":8,"gold_loss":0},{"damage_healed":0,"gold_gain":0,"player_choice":"Searched \u00271\u0027 times","damage_taken":0,"max_hp_gain":0,"max_hp_loss":0,"event_name":"Dead Adventurer","floor":10,"gold_loss":0},{"damage_healed":0,"gold_gain":0,"player_choice":"Lose Max HP","damage_taken":0,"relics_obtained":["Golden Idol"],"max_hp_gain":0,"max_hp_loss":7,"event_name":"Golden Idol","floor":11,"gold_loss":0}],"is_beta":false,"boss_relics":[],"items_purged_floors":[],"is_endless":false,"potions_floor_spawned":[1,6,10],"killed_by":"The Guardian","ascension_level":15}}