{"host":"6xsbn6ynqlzwllfm","time":1611689751,"event":{"mods":["2.2 Compatiblity","BaseMod","Bestiary","Colored Map","Colored Powertips","Curses Come First","Highlight Path","Keyboard Shortcuts","Minty Spire (QoL Compilation)","Relic Stats","Slay the Relics Exporter","StSLib","SuperFastMode"],"gold_per_floor":[115,115,134,154,154,154,180,180,180,180,196,221,221,221,221,296,296,315,240,2,2,2,2,31,31,56,66,66,79,95,106,106,185,185,203,203,22,47,47,47,76,76,76,76,90,117,117,136,136,136,136,136,1,32,32,32],"floor_reached":55,"language":"ENG","playtime":1990,"items_purged":["Shame"],"score":1339,"play_id":"c572564a-59fb-49f0-a05c-c4514196e3b0","local_time":"20210126143551","is_ascension_mode":true,"campfire_choices":[{"data":"Static Discharge","floor":6,"key":"SMITH"},{"floor":8,"key":"REST"},{"floor":10,"key":"REST"},{"data":"Zap","floor":15,"key":"SMITH"},{"floor":23,"key":"REST"},{"floor":25,"key":"REST"},{"floor":28,"key":"REST"},{"floor":32,"key":"REST"},{"floor":40,"key":"REST"},{"data":"Coolheaded","floor":42,"key":"SMITH"},{"floor":44,"key":"RECALL"},{"data":"BootSequence","floor":47,"key":"SMITH"},{"data":"Double Energy","floor":49,"key":"SMITH"},{"floor":52,"key":"REST"}],"circlet_count":0,"master_deck":["AscendersBane","Strike_B+1","Defend_B","Defend_B","Defend_B","Zap+1","Sweeping Beam+1","Static Discharge+1","Compile Driver","BootSequence+1","Sweeping Beam+1","Rip and Tear+1","Biased Cognition+1","Streamline+1","Cold Snap+1","Go for the Eyes+1","Heatsinks+1","Compile Driver+1","Defragment+1","Coolheaded+1","Electrodynamics+1","Creative AI+1","Static Discharge+1","Mayhem+1","Mayhem+1","Dramatic Entrance+1","Creative AI+1","Storm+1","Defragment+1","Double Energy+1","Creative AI+1","Panache+1"],"relics":["SlaversCollar","Frozen Egg 2","Molten Egg 2","Akabeko","Thread and Needle","Philosopher\u0027s Stone","Membership Card","Blue Candle","Gambling Chip","PreservedInsect","Sozu","Prayer Wheel","Bag of Preparation","Blood Vial","Mercury Hourglass"],"acts_visited":["Exordium","TheCity","TheBeyond","TheEnding"],"potions_floor_usage":[7,12,16,31,50,55],"damage_taken":[{"damage":12,"enemies":"Small Slimes","floor":1,"turns":5},{"damage":6,"enemies":"2 Louse","floor":3,"turns":3},{"damage":7,"enemies":"Jaw Worm","floor":4,"turns":3},{"damage":15,"enemies":"Lagavulin","floor":7,"turns":7},{"damage":9,"enemies":"3 Louse","floor":11,"turns":3},{"damage":5,"enemies":"3 Sentries","floor":12,"turns":5},{"damage":15,"enemies":"Hexaghost","floor":16,"turns":8},{"damage":20,"enemies":"Spheric Guardian","floor":18,"turns":4},{"damage":19,"enemies":"Book of Stabbing","floor":24,"turns":4},{"damage":16,"enemies":"2 Thieves","floor":27,"turns":3},{"damage":7,"enemies":"Snecko","floor":29,"turns":4},{"damage":14,"enemies":"Cultist and Chosen","floor":30,"turns":5},{"damage":6,"enemies":"Centurion and Healer","floor":31,"turns":5},{"damage":16,"enemies":"Automaton","floor":33,"turns":8},{"damage":3,"enemies":"Orb Walker","floor":35,"turns":3},{"damage":0,"enemies":"Mind Bloom Boss Battle","floor":38,"turns":4},{"damage":1,"enemies":"Giant Head","floor":41,"turns":5},{"damage":2,"enemies":"3 Shapes","floor":45,"turns":1},{"damage":0,"enemies":"Reptomancer","floor":46,"turns":2},{"damage":0,"enemies":"Transient","floor":48,"turns":6},{"damage":44,"enemies":"Awakened One","floor":50,"turns":7},{"damage":34,"enemies":"Shield and Spear","floor":54,"turns":3},{"damage":85,"enemies":"The Heart","floor":55,"turns":3}],"seed_played":"-6798504273963914259","potions_obtained":[{"floor":3,"key":"PotionOfCapacity"},{"floor":4,"key":"GamblersBrew"},{"floor":11,"key":"AttackPotion"},{"floor":24,"key":"BlessingOfTheForge"},{"floor":30,"key":"AttackPotion"},{"floor":33,"key":"FocusPotion"}],"is_trial":false,"path_per_floor":["M","?","M","M","?","R","E","R","T","R","M","E","?","?","R","B",null,"M","?","$","?","?","R","E","R","T","M","R","M","M","M","R","B",null,"M","?","$","?","?","R","E","R","T","R","M","E","R","M","R","B",null,"R","$","E","B"],"character_chosen":"DEFECT","items_purchased":["Membership Card","Cold Snap+1","Go for the Eyes+1","SpeedPotion","Static Discharge+1","Mayhem+1","Creative AI+1","Panache+1"],"campfire_rested":8,"item_purchase_floors":[20,20,20,20,37,37,53,53],"current_hp_per_floor":[52,31,25,18,41,41,26,47,47,68,59,54,28,28,28,13,57,37,37,37,37,37,58,39,60,60,44,65,58,44,38,59,43,64,61,61,61,61,51,71,70,70,70,70,68,68,68,70,70,27,60,71,71,37,0,0],"gold":32,"neow_bonus":"BOSS_RELIC","is_daily":false,"chose_seed":false,"campfire_upgraded":5,"win_rate":0.0,"timestamp":1611689751,"path_taken":["M","?","M","M","?","R","E","R","T","R","M","E","?","?","R","BOSS","M","?","$","?","?","R","E","R","T","M","R","M","M","M","R","BOSS","M","?","$","?","?","R","E","R","T","R","M","E","R","?","R","BOSS","R","$","E","BOSS"],"items_purchased_type":["Relic","Card","Card","Potion","Card","Card","Card","Card"],"build_version":"2020-12-22","purchased_purges":1,"victory":false,"max_hp_per_floor":[71,71,71,71,71,71,71,71,71,71,71,71,71,71,71,71,71,71,71,71,71,71,71,71,71,71,71,71,71,71,71,71,71,71,71,71,71,71,71,71,71,71,71,71,71,71,71,71,71,71,71,71,71,71,71,71],"relic_stats":{"Sozu":3,"Blood Vial":5,"counters":[23,101],"Blue Candle":[5],"Gambling Chip":[48],"Prayer Wheel":2,"PreservedInsect":267,"Bag of Preparation":[12],"obtain_stats":[{"Blue Candle":21,"Thread and Needle":13,"PreservedInsect":26,"Bag of Preparation":41,"Frozen Egg 2":7,"Akabeko":12,"Mercury Hourglass":54,"Sozu":34,"Blood Vial":46,"SlaversCollar":0,"Gambling Chip":24,"Molten Egg 2":9,"Philosopher\u0027s Stone":17,"Prayer Wheel":38,"Membership Card":20,"Cracked Core":0},{"Blue Candle":8,"Thread and Needle":6,"PreservedInsect":9,"Bag of Preparation":17,"Frozen Egg 2":4,"Akabeko":6,"Mercury Hourglass":22,"Sozu":14,"Blood Vial":19,"SlaversCollar":0,"Gambling Chip":9,"Molten Egg 2":4,"Philosopher\u0027s Stone":7,"Prayer Wheel":16,"Membership Card":8,"Cracked Core":0},{"Blue Candle":38,"Thread and Needle":26,"PreservedInsect":42,"Bag of Preparation":79,"Frozen Egg 2":18,"Akabeko":26,"Mercury Hourglass":98,"Sozu":67,"Blood Vial":82,"SlaversCollar":0,"Gambling Chip":42,"Molten Egg 2":18,"Philosopher\u0027s Stone":34,"Prayer Wheel":74,"Membership Card":38,"Cracked Core":0}],"Mercury Hourglass":[6]},"card_choices":[{"not_picked":["Turbo","Consume"],"picked":"Sweeping Beam","floor":1},{"not_picked":["Stack","Redo"],"picked":"Static Discharge","floor":3},{"not_picked":["Turbo","Aggregate"],"picked":"Compile Driver","floor":4},{"not_picked":["Hyperbeam","Leap"],"picked":"BootSequence","floor":7},{"not_picked":["Go for the Eyes+1","Conserve Battery"],"picked":"Sweeping Beam+1","floor":11},{"not_picked":["All For One+1","Multi-Cast"],"picked":"Biased Cognition+1","floor":16},{"not_picked":["Recycle","Double Energy"],"picked":"Streamline+1","floor":18},{"not_picked":["White Noise","Conserve Battery"],"picked":"Defragment+1","floor":24},{"not_picked":["Melter+1","Beam Cell+1"],"picked":"Coolheaded","floor":27},{"not_picked":["Steam","Gash+1","Hologram"],"picked":"SKIP","floor":29},{"not_picked":["Rebound+1","Barrage+1","Gash+1"],"picked":"SKIP","floor":30},{"not_picked":["Beam Cell+1","Turbo"],"picked":"Electrodynamics+1","floor":31},{"not_picked":["Amplify","Thunder Strike+1"],"picked":"Creative AI+1","floor":33},{"not_picked":["Transmutation","Madness"],"picked":"Mayhem+1","floor":39},{"not_picked":["Finesse","Apotheosis"],"picked":"Dramatic Entrance+1","floor":39},{"not_picked":["Ball Lightning+1","Chaos"],"picked":"Creative AI+1","floor":41},{"not_picked":["Turbo","Ball Lightning+1"],"picked":"Storm+1","floor":45},{"not_picked":["Gash+1","White Noise"],"picked":"Defragment+1","floor":46},{"not_picked":["Auto Shields","Rebound+1"],"picked":"Double Energy","floor":48},{"not_picked":["Auto Shields","Leap","Stack"],"picked":"SKIP","floor":48}],"player_experience":1134796,"relics_obtained":[{"floor":7,"key":"Frozen Egg 2"},{"floor":9,"key":"Molten Egg 2"},{"floor":12,"key":"Akabeko"},{"floor":24,"key":"Gambling Chip"},{"floor":26,"key":"PreservedInsect"},{"floor":38,"key":"Prayer Wheel"},{"floor":41,"key":"Bag of Preparation"},{"floor":46,"key":"Blood Vial"},{"floor":54,"key":"Mercury Hourglass"}],"event_choices":[{"damage_healed":0,"gold_gain":0,"player_choice":"Entered Light","damage_taken":21,"max_hp_gain":0,"max_hp_loss":0,"event_name":"Shining Light","floor":2,"gold_loss":0,"cards_upgraded":["Sweeping Beam","Strike_B"]},{"damage_healed":23,"gold_gain":0,"player_choice":"Banana","damage_taken":0,"max_hp_gain":0,"max_hp_loss":0,"event_name":"Big Fish","floor":5,"gold_loss":0},{"damage_healed":0,"gold_gain":0,"player_choice":"Success","damage_taken":26,"relics_obtained":["Thread and Needle"],"max_hp_gain":0,"max_hp_loss":0,"event_name":"Scrap Ooze","floor":13,"gold_loss":0},{"damage_healed":0,"gold_gain":0,"cards_transformed":["Strike_B"],"player_choice":"Change","damage_taken":0,"max_hp_gain":0,"max_hp_loss":0,"event_name":"Living Wall","floor":14,"gold_loss":0,"cards_obtained":["Rip and Tear"]},{"cards_removed":["Strike_B"],"damage_healed":0,"gold_gain":0,"player_choice":"Gave Gold","damage_taken":0,"max_hp_gain":0,"max_hp_loss":0,"event_name":"Beggar","floor":19,"gold_loss":75},{"damage_healed":0,"gold_gain":0,"player_choice":"Stole Relic","damage_taken":0,"relics_obtained":["Blue Candle"],"max_hp_gain":0,"max_hp_loss":0,"event_name":"Addict","floor":21,"gold_loss":0,"cards_obtained":["Shame"]},{"damage_healed":0,"gold_gain":0,"cards_transformed":["Strike_B","Defend_B"],"player_choice":"Became Test Subject","damage_taken":0,"max_hp_gain":0,"max_hp_loss":0,"event_name":"Drug Dealer","floor":22,"gold_loss":0,"cards_obtained":["Heatsinks","Compile Driver"]},{"cards_removed":["Dualcast"],"damage_healed":0,"gold_gain":0,"player_choice":"Removed Skill","damage_taken":0,"max_hp_gain":0,"max_hp_loss":0,"event_name":"Falling","floor":36,"gold_loss":0},{"damage_healed":0,"gold_gain":0,"player_choice":"Fight","damage_taken":0,"max_hp_gain":0,"max_hp_loss":0,"event_name":"MindBloom","floor":38,"gold_loss":0},{"damage_healed":0,"gold_gain":0,"player_choice":"Memory 3","damage_taken":10,"max_hp_gain":0,"max_hp_loss":0,"event_name":"SensoryStone","floor":39,"gold_loss":0}],"is_beta":false,"boss_relics":[{"not_picked":["Ectoplasm","Busted Crown"],"picked":"Philosopher\u0027s Stone"},{"not_picked":["Pandora\u0027s Box","Black Star"],"picked":"Sozu"}],"items_purged_floors":[37],"is_endless":false,"potions_floor_spawned":[3,4,11,24,30,33,35,45,46],"killed_by":"The Heart","ascension_level":17}}