{"host":"61r95uy0hn86b9iu","time":1611704259,"event":{"mods":["AchievementEnabler","BaseMod","Better Vampires","BetterRewards","Colored Powertips","Hubris","Minty Spire (QoL Compilation)","Shop Mod","StSLib"],"gold_per_floor":[111,124,144,219,219,219,244,244,244,277,345,15,65,84,84,161,161,178,153,164,87,137,137,155,228,253,263,60,60,123,156,156,228,228,243,47,97,147,197,232,232,243,243,243,259,309,309],"floor_reached":46,"language":"ENG","playtime":1529,"items_purged":["Strike_B"],"score":1214,"play_id":"d61ddcbc-cfbf-43bd-9e98-eb2290656731","local_time":"20210126173739","is_ascension_mode":true,"campfire_choices":[{"floor":6.0,"key":"REST"},{"data":"Static Discharge","floor":8.0,"key":"SMITH"},{"floor":15.0,"key":"REST"},{"floor":23.0,"key":"REST"},{"data":"Echo Form","floor":29.0,"key":"SMITH"},{"floor":32.0,"key":"REST"},{"data":"Consume","floor":41.0,"key":"SMITH"},{"floor":44.0,"key":"RECALL"}],"circlet_count":0,"master_deck":["AscendersBane","Strike_B","Strike_B","Defend_B","Defend_B","Defend_B","Defend_B","Zap","Dualcast","Sunder","Sweeping Beam","Consume+1","Static Discharge+1","Undo","Capacitor","Echo Form+1","Leap","Glacier+1","FTL","Capacitor","Glacier","Madness","Madness","White Noise","Sweeping Beam+1"],"relics":["FrozenCore","hubris:BallOfYels","Regal Pillow","SsserpentHead","Gremlin Horn","MerchantsRug","Meat on the Bone","hubris:ScarierMask","Nunchaku","Lantern","Oddly Smooth Stone","Sundial","hubris:ToyBattleship"],"acts_visited":["Exordium","TheCity","TheBeyond"],"potions_floor_usage":[],"damage_taken":[{"damage":0.0,"enemies":"Cultist","floor":1.0,"turns":2.0},{"damage":7.0,"enemies":"Jaw Worm","floor":2.0,"turns":3.0},{"damage":0.0,"enemies":"Small Slimes","floor":3.0,"turns":2.0},{"damage":8.0,"enemies":"Gremlin Nob","floor":7.0,"turns":3.0},{"damage":20.0,"enemies":"3 Sentries","floor":10.0,"turns":5.0},{"damage":6.0,"enemies":"Blue Slaver","floor":11.0,"turns":4.0},{"damage":7.0,"enemies":"Large Slime","floor":14.0,"turns":4.0},{"damage":31.0,"enemies":"Hexaghost","floor":16.0,"turns":7.0},{"damage":41.0,"enemies":"Chosen","floor":18.0,"turns":6.0},{"damage":4.0,"enemies":"3 Byrds","floor":20.0,"turns":3.0},{"damage":15.0,"enemies":"Centurion and Healer","floor":24.0,"turns":3.0},{"damage":24.0,"enemies":"3 Cultists","floor":27.0,"turns":6.0},{"damage":21.0,"enemies":"Cultist and Chosen","floor":30.0,"turns":5.0},{"damage":34.0,"enemies":"Gremlin Leader","floor":31.0,"turns":7.0},{"damage":61.0,"enemies":"Automaton","floor":33.0,"turns":9.0},{"damage":26.0,"enemies":"3 Darklings","floor":35.0,"turns":6.0},{"damage":53.0,"enemies":"Giant Head","floor":40.0,"turns":11.0},{"damage":12.0,"enemies":"Orb Walker","floor":42.0,"turns":9.0},{"damage":6,"enemies":"4 Shapes","floor":45,"turns":9},{"damage":66,"enemies":"Transient","floor":46,"turns":4}],"seed_played":"1385697322423026407","potions_obtained":[{"floor":2.0,"key":"EssenceOfDarkness"},{"floor":7.0,"key":"Block Potion"},{"floor":11.0,"key":"Weak Potion"},{"floor":14.0,"key":"Regen Potion"},{"floor":20.0,"key":"Fire Potion"},{"floor":24.0,"key":"Block Potion"},{"floor":30.0,"key":"Fire Potion"},{"floor":31.0,"key":"Ancient Potion"},{"floor":40.0,"key":"SpeedPotion"}],"is_trial":false,"path_per_floor":["M","M","M","?","?","R","E","R","T","E","M","$","?","M","R","B",null,"M","?","M","$","?","R","M","T","T","M","$","R","M","E","R","B",null,"M","$","?","?","?","E","R","M","T","R","M","M"],"character_chosen":"DEFECT","items_purchased":["hubris:BallOfYels","Sunder","Sweeping Beam","MerchantsRug","Meat on the Bone","FTL","Lee\u0027s Waffle","Capacitor","Oddly Smooth Stone","Glacier"],"campfire_rested":4,"item_purchase_floors":[0,0,0,12,12,21,28,28,36,36],"current_hp_per_floor":[50,43,43,32,32,68,60,60,60,47,41,41,41,46,78,62,74,45,45,41,41,41,78,63,63,63,51,85,85,64,42,82,33,72,46,46,31,34,88,47,47,47,47,47,53,0,0],"gold":309,"neow_bonus":"","is_daily":false,"chose_seed":false,"campfire_upgraded":3,"win_rate":0.0,"timestamp":1611704259,"path_taken":["M","M","?","?","?","R","E","R","T","E","?","$","?","M","R","BOSS","M","?","M","$","?","R","M","?","T","M","?","R","?","E","R","BOSS","M","$","?","?","?","E","R","M","T","R","M","?"],"items_purchased_type":["Relic","Card","Card","Relic","Relic","Card","Relic","Card","Relic","Card"],"build_version":"2020-12-22","purchased_purges":1,"victory":false,"max_hp_per_floor":[71,71,71,71,71,71,71,71,71,78,78,78,78,78,78,78,78,78,78,78,78,78,78,78,78,78,78,85,85,85,85,85,85,85,85,85,85,88,88,88,88,88,88,88,88,88,88],"card_choices":[{"not_picked":["Rebound","Steam Power"],"picked":"Consume","floor":1.0},{"not_picked":["Turbo","Ball Lightning","Cold Snap"],"picked":"SKIP","floor":2.0},{"not_picked":["Turbo","Stack","Gash"],"picked":"SKIP","floor":3.0},{"not_picked":["Barrage","Gash"],"picked":"Static Discharge","floor":7.0},{"not_picked":["Rebound","Hologram"],"picked":"Undo","floor":10.0},{"not_picked":["Hyperbeam","Skim","Gash"],"picked":"SKIP","floor":11.0},{"not_picked":["Lockon","Cold Snap"],"picked":"Capacitor","floor":14.0},{"not_picked":["hubris:Prefetch","All For One"],"picked":"Echo Form","floor":16.0},{"not_picked":["Reprogram","hubris:PowerSurge"],"picked":"Leap","floor":18.0},{"not_picked":["Barrage","Go for the Eyes"],"picked":"Glacier+1","floor":20.0},{"not_picked":["Compile Driver","Heatsinks","Rebound"],"picked":"SKIP","floor":24.0},{"not_picked":["Beam Cell","Rebound","Reprogram"],"picked":"SKIP","floor":27.0},{"not_picked":["Redo","hubris:PowerSurge","Capacitor"],"picked":"SKIP","floor":30.0},{"not_picked":["Hyperbeam","Ball Lightning","Blizzard"],"picked":"SKIP","floor":31.0},{"not_picked":["Leap","Sweeping Beam","Ball Lightning"],"picked":"SKIP","floor":35.0},{"not_picked":["Cold Snap","Beam Cell","Leap"],"picked":"SKIP","floor":40.0},{"not_picked":["Leap+1","Steam Power"],"picked":"White Noise","floor":42.0},{"not_picked":["Beam Cell","Go for the Eyes+1"],"picked":"Sweeping Beam+1","floor":45}],"player_experience":3310088,"relics_obtained":[{"floor":7.0,"key":"Dead Branch"},{"floor":9.0,"key":"Gremlin Horn"},{"floor":10.0,"key":"Strawberry"},{"floor":26.0,"key":"Nunchaku"},{"floor":31.0,"key":"Lantern"},{"floor":40.0,"key":"Sundial"},{"floor":43.0,"key":"hubris:ToyBattleship"}],"event_choices":[{"damage_healed":0.0,"max_hp_gain":0.0,"max_hp_loss":0.0,"gold_gain":75.0,"event_name":"World of Goop","player_choice":"Gather Gold","floor":4.0,"gold_loss":0.0,"damage_taken":11.0},{"damage_healed":0.0,"max_hp_gain":0.0,"max_hp_loss":0.0,"gold_gain":0.0,"event_name":"FaceTrader","player_choice":"Trade","floor":5.0,"gold_loss":0.0,"damage_taken":0.0,"relics_obtained":["SsserpentHead"]},{"damage_healed":0.0,"max_hp_gain":0.0,"max_hp_loss":0.0,"gold_gain":0.0,"event_name":"Liars Game","player_choice":"Ignored","floor":13.0,"gold_loss":0.0,"damage_taken":0.0},{"cards_removed":["Strike_B"],"damage_healed":0.0,"max_hp_gain":0.0,"max_hp_loss":0.0,"gold_gain":0.0,"event_name":"Beggar","player_choice":"Gave Gold","floor":19.0,"gold_loss":75.0,"damage_taken":0.0},{"damage_healed":0.0,"max_hp_gain":0.0,"max_hp_loss":0.0,"gold_gain":0.0,"event_name":"Ghosts","player_choice":"Ignored","floor":22.0,"gold_loss":0.0,"damage_taken":0.0},{"damage_healed":0.0,"max_hp_gain":0.0,"max_hp_loss":0.0,"gold_gain":0.0,"event_name":"Winding Halls","player_choice":"Embrace Madness","floor":37.0,"gold_loss":0.0,"damage_taken":15.0,"cards_obtained":["Madness","Madness"]},{"damage_healed":54.0,"max_hp_gain":0.0,"max_hp_loss":0.0,"gold_gain":0.0,"event_name":"Wheel of Change","player_choice":"Full Heal","floor":39.0,"gold_loss":0.0,"damage_taken":0.0}],"is_beta":false,"boss_relics":[{"not_picked":["SacredBark","Fusion Hammer"],"picked":"hubris:ScarierMask"},{"not_picked":["hubris:VirtuousBlindfold","Philosopher\u0027s Stone"],"picked":"FrozenCore"}],"items_purged_floors":[0],"is_endless":false,"potions_floor_spawned":[2,7,11,14,20,24,30,31,40,45],"killed_by":"Transient","ascension_level":18}}