{"host":"1v40mr5lzhkzagea","time":1611672331,"event":{"mods":["Arknights The Spire","BaseMod","Dota2Spire","Downfall","Hunter ¡‘»À","Lobotomy","Minty Spire (QoL Compilation)","Replay The Spire","Robot Space Explorer","Spicy Shops","StSLib","TestMod","The Blackbeard","The Construct","The Marked","[IsaacMod]“‘»ˆº‚À˛"],"gold_per_floor":[99,99,50,50,67,82,82,82,102,113,144,169,169,210,238,260,260,260],"floor_reached":16,"language":"ZHS","playtime":1380,"items_purged":[],"score":137,"play_id":"e810f377-9108-40e9-849e-5891ebc4ba99","local_time":"20210126224531","is_ascension_mode":false,"campfire_choices":[{"floor":1,"key":"RECALL"},{"data":"Guardian:Defend_Guardian","floor":8,"key":"SMITH"},{"floor":13,"key":"REST"}],"circlet_count":0,"master_deck":["Guardian:Strike_Guardian","Guardian:Strike_Guardian","Guardian:Strike_Guardian","Guardian:Strike_Guardian","Guardian:Defend_Guardian+1","Guardian:Defend_Guardian","Guardian:Defend_Guardian","Guardian:Defend_Guardian+2","Guardian:CurlUp","Guardian:TwinSlam","Guardian:Gem_Green","Guardian:Gem_Synthetic","Guardian:Gem_Yellow","Guardian:Gem_Cyan","Regret","Guardian:BodySlam","Guardian:BronzeOrb","Guardian:Gem_Blue","Guardian:BaubleBeam","Guardian:Gem_Purple","Guardian:ChargeCore","Guardian:PolyBeam"],"relics":["Guardian:ModeShifter","testmod-TestBox","HushsDoor","PunchingBag","testmod-ArcanaOfDestiny","Snack Pack","Simple Rune","ForgetMeNow","Replay:Bandana","War Paint"],"acts_visited":["Exordium"],"potions_floor_usage":[14,16,16],"damage_taken":[{"damage":18,"enemies":"Hiden Room Battle","floor":3,"turns":5},{"damage":1,"enemies":"Cultist","floor":5,"turns":4},{"damage":0,"enemies":"2 Louse","floor":6,"turns":3},{"damage":4,"enemies":"Small Slimes","floor":9,"turns":4},{"damage":8,"enemies":"Exordium Wildlife","floor":10,"turns":8},{"damage":19,"enemies":"3 Sentries","floor":11,"turns":9},{"damage":2,"enemies":"Large Slime","floor":12,"turns":5},{"damage":10,"enemies":"Gremlin Nob","floor":14,"turns":5},{"damage":7,"enemies":"Blue Slaver","floor":15,"turns":4},{"damage":58,"enemies":"WA_ARCHETYPE_RETAIN","floor":16,"turns":24}],"seed_played":"6946039307015593233","potions_obtained":[{"floor":6,"key":"Adrenaline Potion"},{"floor":11,"key":"Energy Potion"},{"floor":12,"key":"Slimebound:ThreeZeroPotion"},{"floor":14,"key":"Fire Potion"}],"is_trial":false,"path_per_floor":["R","?","?","?","M","M","T","R","M","M","E","M","R","E","M","B"],"character_chosen":"GUARDIAN","items_purchased":[],"campfire_rested":1,"item_purchase_floors":[],"current_hp_per_floor":[88,70,52,52,51,51,51,51,49,43,24,26,52,44,39,0,0,0],"gold":260,"neow_bonus":"TEN_PERCENT_HP_BONUS","is_daily":false,"chose_seed":false,"campfire_upgraded":1,"win_rate":0.0,"timestamp":1611672331,"path_taken":["R","?","?","?","M","M","T","R","?","M","E","M","R","E","M","BOSS"],"items_purchased_type":[],"build_version":"2020-12-22","purchased_purges":0,"victory":false,"max_hp_per_floor":[88,88,88,88,88,88,88,88,88,88,88,88,88,88,88,88,88,88],"card_choices":[{"not_picked":[],"picked":"Bomb","floor":0},{"not_picked":["Guardian:Incinerate","Guardian:Suspension"],"picked":"Guardian:Gem_Cyan","floor":3},{"not_picked":["Guardian:PrimingBeam","Guardian:ShieldCharger"],"picked":"Guardian:BodySlam","floor":5},{"not_picked":["Guardian:WalkerClaw","Guardian:Preprogram"],"picked":"Guardian:BronzeOrb","floor":6},{"not_picked":["Guardian:Gem_Lightblue","Guardian:Incinerate"],"picked":"Guardian:Gem_Blue","floor":9},{"not_picked":["Guardian:TemporalStrike","Guardian:Gem_Green"],"picked":"Guardian:BaubleBeam","floor":10},{"not_picked":["Guardian:Gem_Cyan","Guardian:BaubleBeam"],"picked":"Guardian:Gem_Purple","floor":11},{"not_picked":["Guardian:Gem_Yellow","Guardian:Gem_Crimson"],"picked":"Bomb","floor":12},{"not_picked":["Guardian:Gem_Fragmented","Guardian:PrismaticBarrier"],"picked":"Guardian:ChargeCore","floor":14},{"not_picked":["Guardian:DonusPower","Guardian:Gem_Green"],"picked":"Guardian:PolyBeam","floor":15}],"player_experience":72377,"relics_obtained":[{"floor":3,"key":"Snack Pack"},{"floor":3,"key":"Simple Rune"},{"floor":11,"key":"Replay:Bandana"},{"floor":14,"key":"War Paint"}],"event_choices":[{"damage_healed":0,"gold_gain":0,"player_choice":"Fight","damage_taken":0,"max_hp_gain":0,"max_hp_loss":0,"event_name":"HidenRoomEvent","floor":3,"gold_loss":0},{"damage_healed":0,"gold_gain":0,"player_choice":"Box","damage_taken":0,"relics_obtained":["ForgetMeNow"],"max_hp_gain":0,"max_hp_loss":0,"event_name":"Big Fish","floor":4,"gold_loss":0,"cards_obtained":["Regret"]}],"is_beta":false,"boss_relics":[],"items_purged_floors":[],"is_endless":false,"potions_floor_spawned":[6,11,12,14],"killed_by":"WA_ARCHETYPE_RETAIN","ascension_level":0}}