{"host":"6xsbn6ynqlzwllfm","time":1611693990,"event":{"mods":["2.2 Compatiblity","BaseMod","Bestiary","Colored Map","Colored Powertips","Curses Come First","Highlight Path","Keyboard Shortcuts","Minty Spire (QoL Compilation)","Relic Stats","Slay the Relics Exporter","StSLib","SuperFastMode"],"gold_per_floor":[168,0,17,29,29,54,54,54,54],"floor_reached":8,"language":"ENG","playtime":385,"items_purged":[],"score":112,"play_id":"7992e41f-9b86-4644-83c1-45f66f940662","local_time":"20210126154630","is_ascension_mode":true,"campfire_choices":[{"data":"Anger","floor":7,"key":"SMITH"}],"circlet_count":0,"master_deck":["AscendersBane","Strike_R+1","Strike_R","Strike_R","Strike_R","Strike_R+1","Defend_R+1","Defend_R","Defend_R","Defend_R","Bash","Ghostly Armor","Anger+1","Uppercut","Shrug It Off"],"relics":["Tiny House","Toy Ornithopter","Ancient Tea Set"],"acts_visited":["Exordium"],"potions_floor_usage":[3,4,6],"damage_taken":[{"damage":1,"enemies":"Cultist","floor":1,"turns":3},{"damage":0,"enemies":"2 Louse","floor":3,"turns":3},{"damage":0,"enemies":"Jaw Worm","floor":4,"turns":3},{"damage":23,"enemies":"Lagavulin","floor":6,"turns":7},{"damage":45,"enemies":"3 Sentries","floor":8,"turns":10}],"seed_played":"-429742800195202770","potions_obtained":[{"floor":0,"key":"SkillPotion"},{"floor":1,"key":"SkillPotion"},{"floor":3,"key":"SkillPotion"}],"is_trial":false,"path_per_floor":["M","$","M","M","?","E","R","E"],"character_chosen":"IRONCLAD","items_purchased":["Toy Ornithopter"],"campfire_rested":0,"item_purchase_floors":[2],"current_hp_per_floor":[72,72,77,80,56,38,38,0,0],"gold":54,"neow_bonus":"BOSS_RELIC","is_daily":false,"chose_seed":false,"campfire_upgraded":1,"win_rate":0.0,"timestamp":1611693990,"path_taken":["M","$","M","?","?","E","R","E"],"items_purchased_type":["Relic"],"build_version":"2020-12-22","purchased_purges":0,"victory":false,"max_hp_per_floor":[80,80,80,80,80,80,80,80,80],"relic_stats":{"counters":[5,26],"obtain_stats":[{"Tiny House":0,"Ancient Tea Set":6,"Burning Blood":0,"Toy Ornithopter":2},{"Tiny House":0,"Ancient Tea Set":4,"Burning Blood":0,"Toy Ornithopter":1},{"Tiny House":0,"Ancient Tea Set":16,"Burning Blood":0,"Toy Ornithopter":3}],"Toy Ornithopter":13},"card_choices":[{"not_picked":["Burning Pact","Evolve"],"picked":"Ghostly Armor","floor":0},{"not_picked":["Clothesline","Infernal Blade"],"picked":"Anger","floor":1},{"not_picked":["Second Wind","Shrug It Off"],"picked":"Uppercut","floor":3},{"not_picked":["Havoc","Thunderclap"],"picked":"Shrug It Off","floor":4}],"player_experience":1140563,"relics_obtained":[{"floor":6,"key":"Ancient Tea Set"}],"event_choices":[{"damage_healed":0,"gold_gain":0,"player_choice":"Entered Light","damage_taken":24,"max_hp_gain":0,"max_hp_loss":0,"event_name":"Shining Light","floor":5,"gold_loss":0,"cards_upgraded":["Strike_R","Defend_R"]}],"is_beta":false,"boss_relics":[],"items_purged_floors":[],"is_endless":false,"potions_floor_spawned":[1,3],"killed_by":"3 Sentries","ascension_level":20}}