{"host":"p090fjik2phvjstn","time":1611677523,"event":{"mods":["AchievementEnabler","BaseMod","Block Reminder","Colored Powertips","Minty Spire (QoL Compilation)","Quick Restart","Synergy Search"],"gold_per_floor":[115,126,137,25,25,55,55,55,55],"floor_reached":8,"language":"ENG","playtime":509,"items_purged":[],"score":78,"play_id":"2060871c-8e01-42c0-aab9-5865e90545d5","local_time":"20210126161203","is_ascension_mode":true,"campfire_choices":[{"data":"All Out Attack","floor":7,"key":"SMITH"}],"circlet_count":0,"master_deck":["Strike_G","Strike_G","Strike_G","Strike_G","Strike_G","Defend_G","Defend_G+1","Defend_G","Defend_G","Defend_G+1","Survivor","Neutralize","Flying Knee","Leg Sweep","All Out Attack+1","Well Laid Plans","Crippling Poison","Infinite Blades"],"relics":["Ring of the Snake","Bag of Marbles"],"acts_visited":["Exordium"],"potions_floor_usage":[6,6],"damage_taken":[{"damage":0,"enemies":"Cultist","floor":1,"turns":5},{"damage":2,"enemies":"2 Louse","floor":2,"turns":3},{"damage":2,"enemies":"Jaw Worm","floor":3,"turns":5},{"damage":4,"enemies":"Lagavulin","floor":6,"turns":8},{"damage":66,"enemies":"Gremlin Nob","floor":8,"turns":6}],"seed_played":"8726011239245078775","potions_obtained":[{"floor":2,"key":"SteroidPotion"},{"floor":3,"key":"Fire Potion"}],"is_trial":false,"path_per_floor":["M","M","M","$","?","E","R","E"],"character_chosen":"THE_SILENT","items_purchased":["Well Laid Plans","Crippling Poison"],"campfire_rested":0,"item_purchase_floors":[4,4],"current_hp_per_floor":[70,68,66,66,51,47,47,0,0],"gold":55,"neow_bonus":"TEN_PERCENT_HP_BONUS","is_daily":false,"chose_seed":false,"campfire_upgraded":1,"win_rate":0.0,"timestamp":1611677523,"path_taken":["M","?","M","$","?","E","R","E"],"items_purchased_type":["Card","Card"],"build_version":"2020-12-22","purchased_purges":0,"victory":false,"max_hp_per_floor":[77,77,77,77,77,77,77,77,77],"card_choices":[{"not_picked":["Terror","Choke"],"picked":"Flying Knee","floor":1},{"not_picked":["Dagger Spray","Dagger Throw"],"picked":"Leg Sweep","floor":2},{"not_picked":["Masterful Stab","Expertise"],"picked":"All Out Attack","floor":3},{"not_picked":["Noxious Fumes","Concentrate"],"picked":"Infinite Blades","floor":6}],"player_experience":527397,"relics_obtained":[{"floor":6,"key":"Bag of Marbles"}],"event_choices":[{"damage_healed":0,"gold_gain":0,"player_choice":"Entered Light","damage_taken":15,"max_hp_gain":0,"max_hp_loss":0,"event_name":"Shining Light","floor":5,"gold_loss":0,"cards_upgraded":["Defend_G","Defend_G"]}],"is_beta":false,"boss_relics":[],"items_purged_floors":[],"is_endless":false,"potions_floor_spawned":[2,3],"killed_by":"Gremlin Nob","ascension_level":8}}