{"host":"ow66nzv2xecjoor3","time":1611631895,"event":{"mods":["BaseMod","Bestiary","Block Reminder","Colored Powertips","Curses Come First","Highlight Path","Keyboard Shortcuts","Minty Spire (QoL Compilation)","Permanent Neow","Relic Stats","Reliquary","Spire Arcade","StSLib","UnlockEverythingMod"],"gold_per_floor":[117,136,146,165,176,176,208,225,225,225,236,201,235,254,254,332,332,342,361,441,458,478,513,513,548,548,576,576,591,591,591,591],"floor_reached":31,"language":"ENG","playtime":1463,"items_purged":[],"score":672,"play_id":"19869bcc-e2e0-41bb-ae44-7ccdf7ea2c57","local_time":"20210125213135","is_ascension_mode":true,"campfire_choices":[{"data":"Bash","floor":6.0,"key":"SMITH"},{"data":"Uppercut","floor":15.0,"key":"SMITH"},{"data":"Ghostly","floor":28.0,"key":"SMITH"},{"data":"Ghostly","floor":30.0,"key":"SMITH"}],"circlet_count":0,"master_deck":["AscendersBane","Strike_R","Strike_R","Strike_R","Strike_R","Strike_R","Defend_R","Defend_R","Defend_R","Defend_R","Bash+1","Cleave","Metallicize","Iron Wave","Battle Trance+1","Shrug It Off","Bludgeon+1","Armaments","Uppercut+1","Feed","Impervious","Dropkick","Ghostly+1","Ghostly+1","Ghostly+1","Impervious","Whirlwind+1","Warcry+1"],"relics":["reliquary:KinkedSpring","Lantern","Nunchaku","Singing Bowl","reliquary:RedCape","reliquary:Buckler","reliquary:PurpleTingedLeaf","Letter Opener","reliquary:ExpiredCoupon"],"acts_visited":["Exordium","TheCity"],"potions_floor_usage":[],"damage_taken":[{"damage":12.0,"enemies":"Cultist","floor":1.0,"turns":4.0},{"damage":10.0,"enemies":"Small Slimes","floor":2.0,"turns":2.0},{"damage":9.0,"enemies":"Jaw Worm","floor":3.0,"turns":4.0},{"damage":3.0,"enemies":"Looter","floor":4.0,"turns":3.0},{"damage":8.0,"enemies":"Blue Slaver","floor":5.0,"turns":4.0},{"damage":18.0,"enemies":"3 Sentries","floor":7.0,"turns":10.0},{"damage":0.0,"enemies":"Exordium Wildlife","floor":8.0,"turns":3.0},{"damage":0.0,"enemies":"2 Fungi Beasts","floor":11.0,"turns":3.0},{"damage":0.0,"enemies":"Gremlin Nob","floor":13.0,"turns":2.0},{"damage":3.0,"enemies":"3 Louse","floor":14.0,"turns":3.0},{"damage":4.0,"enemies":"Hexaghost","floor":16.0,"turns":7.0},{"damage":6.0,"enemies":"3 Byrds","floor":18.0,"turns":5.0},{"damage":6.0,"enemies":"Spheric Guardian","floor":19.0,"turns":3.0},{"damage":14.0,"enemies":"Snecko","floor":21.0,"turns":5.0},{"damage":12.0,"enemies":"Centurion and Healer","floor":22.0,"turns":6.0},{"damage":16.0,"enemies":"Slavers","floor":23.0,"turns":5.0},{"damage":8.0,"enemies":"Book of Stabbing","floor":25.0,"turns":5.0},{"damage":13.0,"enemies":"Slavers","floor":27.0,"turns":7.0},{"damage":0.0,"enemies":"3 Cultists","floor":29.0,"turns":1.0},{"damage":20,"enemies":"Cultist and Chosen","floor":31,"turns":5}],"seed_played":"5138928676339272416","potions_obtained":[{"floor":3.0,"key":"BlessingOfTheForge"},{"floor":5.0,"key":"Swift Potion"},{"floor":8.0,"key":"Fire Potion"},{"floor":13.0,"key":"Dexterity Potion"},{"floor":19.0,"key":"Swift Potion"},{"floor":20.0,"key":"LiquidMemories"},{"floor":22.0,"key":"Dexterity Potion"},{"floor":29.0,"key":"SpeedPotion"}],"is_trial":false,"path_per_floor":["M","M","M","M","M","R","E","M","T","?","M","?","E","M","R","B",null,"M","M","?","M","M","E","?","E","T","E","R","M","R","M"],"character_chosen":"IRONCLAD","items_purchased":[],"campfire_rested":0,"item_purchase_floors":[],"current_hp_per_floor":[56,46,37,34,26,26,8,8,8,8,8,26,26,29,29,25,67,61,60,60,51,44,33,33,25,25,16,16,16,16,0,0],"gold":591,"neow_bonus":"BOSS_RELIC","is_daily":false,"chose_seed":false,"campfire_upgraded":4,"win_rate":0.0,"timestamp":1611631895,"path_taken":["M","M","M","?","M","R","E","M","T","?","M","?","E","M","R","BOSS","M","M","?","M","M","E","?","E","T","E","R","M","R","M"],"items_purchased_type":[],"build_version":"2020-12-22","purchased_purges":0,"victory":false,"max_hp_per_floor":[75,75,75,75,75,75,75,75,75,75,75,75,75,81,81,81,81,81,86,86,91,96,101,50,50,50,53,53,53,53,53,53],"relic_stats":{"Nunchaku":[12],"Singing Bowl":10,"counters":[20,87],"Letter Opener":[20],"obtain_stats":[{"reliquary:KinkedSpring":0,"reliquary:ExpiredCoupon":27,"Lantern":7,"Nunchaku":9,"Singing Bowl":13,"reliquary:Buckler":23,"Letter Opener":26,"reliquary:RedCape":17,"Burning Blood":0,"reliquary:PurpleTingedLeaf":25},{"reliquary:KinkedSpring":0,"reliquary:ExpiredCoupon":18,"Lantern":6,"Nunchaku":7,"Singing Bowl":9,"reliquary:Buckler":16,"Letter Opener":17,"reliquary:RedCape":11,"Burning Blood":0,"reliquary:PurpleTingedLeaf":17},{"reliquary:KinkedSpring":0,"reliquary:ExpiredCoupon":81,"Lantern":27,"Nunchaku":30,"Singing Bowl":35,"reliquary:Buckler":69,"Letter Opener":74,"reliquary:RedCape":45,"Burning Blood":0,"reliquary:PurpleTingedLeaf":74}]},"card_choices":[{"not_picked":["Thunderclap","Bloodletting"],"picked":"Cleave","floor":1.0},{"not_picked":["Flex","Thunderclap"],"picked":"Metallicize","floor":2.0},{"not_picked":["Seeing Red","Thunderclap"],"picked":"Iron Wave","floor":3.0},{"not_picked":["Sword Boomerang","Combust"],"picked":"Battle Trance","floor":4.0},{"not_picked":["Second Wind","Burning Pact"],"picked":"Shrug It Off","floor":5.0},{"not_picked":["Metallicize","Iron Wave"],"picked":"Bludgeon","floor":7.0},{"not_picked":["Sword Boomerang","Clothesline"],"picked":"Armaments","floor":8.0},{"not_picked":["Anger","Hemokinesis"],"picked":"Uppercut","floor":11.0},{"not_picked":["Heavy Blade","Thunderclap"],"picked":"Feed","floor":13.0},{"not_picked":["Flex","Bloodletting","Clash"],"picked":"Singing Bowl","floor":14.0},{"not_picked":["Bludgeon","Reaper"],"picked":"Impervious","floor":16.0},{"not_picked":["Wild Strike","Iron Wave"],"picked":"Dropkick","floor":18.0},{"not_picked":["Warcry","Rupture","Metallicize"],"picked":"Singing Bowl","floor":19.0},{"not_picked":["Hemokinesis","Flex","Rampage"],"picked":"Singing Bowl","floor":21.0},{"not_picked":["Pummel","Heavy Blade","Clash"],"picked":"Singing Bowl","floor":22.0},{"not_picked":["Wild Strike","Fire Breathing","Iron Wave"],"picked":"Singing Bowl","floor":23.0},{"not_picked":["Armaments","Shrug It Off"],"picked":"Impervious","floor":25.0},{"not_picked":["Spot Weakness","Blood for Blood"],"picked":"Whirlwind+1","floor":27.0},{"not_picked":["Shrug It Off","Armaments"],"picked":"Warcry+1","floor":29.0}],"player_experience":2729599,"relics_obtained":[{"floor":7.0,"key":"Lantern"},{"floor":9.0,"key":"Nunchaku"},{"floor":13.0,"key":"Singing Bowl"},{"floor":23.0,"key":"reliquary:Buckler"},{"floor":25.0,"key":"reliquary:PurpleTingedLeaf"},{"floor":26.0,"key":"Letter Opener"},{"floor":27.0,"key":"reliquary:ExpiredCoupon"}],"event_choices":[{"damage_healed":0.0,"max_hp_gain":0.0,"max_hp_loss":0.0,"gold_gain":0.0,"event_name":"Living Wall","player_choice":"Grow","floor":10.0,"gold_loss":0.0,"damage_taken":0.0,"cards_upgraded":["Bludgeon"]},{"damage_healed":18.0,"max_hp_gain":0.0,"max_hp_loss":0.0,"gold_gain":0.0,"event_name":"The Cleric","player_choice":"Healed","floor":12.0,"gold_loss":35.0,"damage_taken":0.0},{"damage_healed":0.0,"max_hp_gain":0.0,"max_hp_loss":51.0,"gold_gain":0.0,"event_name":"Ghosts","player_choice":"Became a Ghost","floor":24.0,"gold_loss":0.0,"damage_taken":0.0,"cards_obtained":["Ghostly","Ghostly","Ghostly"]}],"is_beta":false,"boss_relics":[{"not_picked":["Astrolabe","Ectoplasm"],"picked":"reliquary:RedCape"}],"items_purged_floors":[],"is_endless":false,"potions_floor_spawned":[3,5,8,13,14,19,22,23,29],"killed_by":"Cultist and Chosen","ascension_level":20}}