{"host":"p7j7o00jacnw7qzt","time":1611639946,"event":{"mods":["BaseMod","Colored Map","Colored Powertips","DeckTracker","Highlight Path","Minty Spire (QoL Compilation)","Relic Stats"],"gold_per_floor":[117,117,117,130,148,148,73,93,118,118,118,118,128,153,153,231,231,243,243,253,168,68,68,88,88,88,88,106,120,136,168,168,245,245,261,261,261,136,136,136,148,173,173,173,198,247,274,284,284,284,284,284,284,134,164,164],"floor_reached":57,"language":"ZHS","playtime":2751,"items_purged":["Strike_G","Defend_G","Predator","Dagger Spray+1"],"score":2756,"play_id":"ec7ffe2b-2d51-4774-9d67-2e64a7b7f650","local_time":"20210126004546","is_ascension_mode":true,"campfire_choices":[{"data":"Neutralize","floor":6.0,"key":"SMITH"},{"data":"Catalyst","floor":11.0,"key":"SMITH"},{"data":"Deadly Poison","floor":15.0,"key":"SMITH"},{"data":"Wraith Form v2","floor":23.0,"key":"SMITH"},{"data":"Tactician","floor":27.0,"key":"SMITH"},{"data":"Defend_G","floor":32.0,"key":"PURGE"},{"data":"Night Terror","floor":40.0,"key":"SMITH"},{"floor":49,"key":"RECALL"},{"data":"Storm of Steel+1","floor":53,"key":"PURGE"}],"circlet_count":0,"master_deck":["AscendersBane","Defend_G+1","Survivor","Catalyst+1","Deadly Poison+1","Tactician+1","Wraith Form v2+1","Acrobatics+1","Crippling Poison+1","Endless Agony","Reflex","Concentrate+1","Night Terror+1","Catalyst","Well Laid Plans","Acrobatics","Prepared+1"],"relics":["Ring of the Snake","NeowsBlessing","MealTicket","Oddly Smooth Stone","Lantern","Astrolabe","Centennial Puzzle","Prayer Wheel","Torii","Peace Pipe","Coffee Dripper","Incense Burner","The Specimen","Ginger","Boot","Mummified Hand"],"acts_visited":["Exordium","TheCity","TheBeyond","TheEnding"],"potions_floor_usage":[56],"damage_taken":[{"damage":0.0,"enemies":"2 Louse","floor":1.0,"turns":1.0},{"damage":0.0,"enemies":"Small Slimes","floor":4.0,"turns":1.0},{"damage":0.0,"enemies":"Cultist","floor":5.0,"turns":1.0},{"damage":6.0,"enemies":"Large Slime","floor":8.0,"turns":8.0},{"damage":13.0,"enemies":"Blue Slaver","floor":13.0,"turns":4.0},{"damage":9.0,"enemies":"Lagavulin","floor":14.0,"turns":6.0},{"damage":10.0,"enemies":"The Guardian","floor":16.0,"turns":6.0},{"damage":0.0,"enemies":"3 Byrds","floor":18.0,"turns":3.0},{"damage":2.0,"enemies":"Shell Parasite","floor":20.0,"turns":4.0},{"damage":0.0,"enemies":"Snecko","floor":24.0,"turns":4.0},{"damage":0.0,"enemies":"Chosen and Byrds","floor":28.0,"turns":3.0},{"damage":1.0,"enemies":"Snake Plant","floor":29.0,"turns":3.0},{"damage":0.0,"enemies":"Centurion and Healer","floor":30.0,"turns":4.0},{"damage":13.0,"enemies":"Slavers","floor":31.0,"turns":4.0},{"damage":7.0,"enemies":"Automaton","floor":33.0,"turns":5.0},{"damage":16.0,"enemies":"3 Darklings","floor":35.0,"turns":3.0},{"damage":0.0,"enemies":"3 Shapes","floor":41.0,"turns":4.0},{"damage":0.0,"enemies":"Mind Bloom Boss Battle","floor":42.0,"turns":3.0},{"damage":4,"enemies":"Nemesis","floor":45,"turns":3},{"damage":3,"enemies":"2 Orb Walkers","floor":46,"turns":3},{"damage":6,"enemies":"Reptomancer","floor":47,"turns":3},{"damage":0,"enemies":"Writhing Mass","floor":48,"turns":3},{"damage":1,"enemies":"Time Eater","floor":50,"turns":4},{"damage":0,"enemies":"Awakened One","floor":51,"turns":5},{"damage":4,"enemies":"Shield and Spear","floor":55,"turns":3},{"damage":28,"enemies":"The Heart","floor":56,"turns":5}],"seed_played":"7808060474249257639","potions_obtained":[{"floor":8.0,"key":"Poison Potion"},{"floor":14.0,"key":"BlessingOfTheForge"},{"floor":16.0,"key":"BlessingOfTheForge"},{"floor":18.0,"key":"FearPotion"},{"floor":24.0,"key":"Explosive Potion"},{"floor":31.0,"key":"Dexterity Potion"},{"floor":42.0,"key":"Poison Potion"},{"floor":48,"key":"SneckoOil"}],"is_trial":false,"path_per_floor":["M","?","?","M","M","R","$","M","T","?","R","?","M","E","R","B",null,"M","?","M","?","$","R","M","?","T","R","M","M","M","E","R","B",null,"M","?","$","$","?","R","M","?","T","?","E","?","E","M","R","B","B",null,"R","$","E","B",null],"character_chosen":"THE_SILENT","items_purchased":[],"campfire_rested":0,"item_purchase_floors":[],"current_hp_per_floor":[59,39,13,13,13,13,28,22,22,44,44,44,31,22,22,12,53,53,53,51,51,66,66,66,66,66,66,66,65,65,52,52,45,61,45,41,56,66,66,66,66,66,66,66,62,59,53,53,53,52,52,63,63,66,62,34],"gold":164,"neow_bonus":"THREE_ENEMY_KILL","is_daily":false,"chose_seed":false,"campfire_upgraded":6,"win_rate":0.0,"timestamp":1611639946,"path_taken":["M","?","?","M","M","R","$","M","T","?","R","?","?","E","R","BOSS","M","?","M","?","$","R","?","?","T","R","M","?","M","E","R","BOSS","M","?","?","$","?","R","M","?","T","?","E","?","E","?","R","BOSS","BOSS","R","$","E","BOSS"],"items_purchased_type":[],"build_version":"2020-12-22","purchased_purges":4,"victory":true,"max_hp_per_floor":[66,66,66,66,66,66,66,66,66,66,66,66,66,66,66,66,66,66,66,66,66,66,66,66,66,66,66,66,66,66,66,66,66,66,66,66,66,66,66,66,66,66,66,66,66,66,66,66,66,66,66,66,66,66,66,66],"relic_stats":{"Peace Pipe":2,"Centennial Puzzle":[31],"Torii":8,"counters":[26,96],"Mummified Hand":[2],"Astrolabe":["Acrobatics","Storm of Steel","Crippling Poison"],"MealTicket":58,"Prayer Wheel":7,"Ginger":[3],"Boot":[8],"obtain_stats":[{"Lantern":14,"NeowsBlessing":0,"Torii":26,"The Specimen":45,"Astrolabe":17,"Oddly Smooth Stone":9,"Incense Burner":42,"Ginger":46,"Boot":47,"Peace Pipe":31,"Centennial Puzzle":21,"Mummified Hand":55,"MealTicket":3,"Prayer Wheel":25,"Coffee Dripper":34,"Ring of the Snake":0},{"Lantern":6,"NeowsBlessing":0,"Torii":10,"The Specimen":19,"Astrolabe":7,"Oddly Smooth Stone":4,"Incense Burner":18,"Ginger":20,"Boot":21,"Peace Pipe":14,"Centennial Puzzle":9,"Mummified Hand":25,"MealTicket":1,"Prayer Wheel":10,"Coffee Dripper":15,"Ring of the Snake":0},{"Lantern":21,"NeowsBlessing":0,"Torii":38,"The Specimen":70,"Astrolabe":27,"Oddly Smooth Stone":11,"Incense Burner":67,"Ginger":73,"Boot":76,"Peace Pipe":52,"Centennial Puzzle":34,"Mummified Hand":91,"MealTicket":1,"Prayer Wheel":38,"Coffee Dripper":57,"Ring of the Snake":0}],"Ring of the Snake":[55]},"card_choices":[{"not_picked":["PiercingWail","Quick Slash"],"picked":"Dagger Spray","floor":1.0},{"not_picked":["Slice","Flechettes","Outmaneuver"],"picked":"SKIP","floor":4.0},{"not_picked":["Dodge and Roll","Skewer"],"picked":"Catalyst","floor":5.0},{"not_picked":["Acrobatics","PiercingWail"],"picked":"Deadly Poison","floor":8.0},{"not_picked":["Outmaneuver","Envenom"],"picked":"Tactician","floor":13.0},{"not_picked":["Sucker Punch","Deflect","Skewer"],"picked":"SKIP","floor":14.0},{"not_picked":["Phantasmal Killer","Die Die Die"],"picked":"Wraith Form v2","floor":16.0},{"not_picked":["Riddle With Holes","Dodge and Roll","Quick Slash"],"picked":"SKIP","floor":18.0},{"not_picked":["Expertise","Flying Knee","Poisoned Stab"],"picked":"SKIP","floor":20.0},{"not_picked":["Terror","Leg Sweep+1"],"picked":"Reflex","floor":24.0},{"not_picked":["Dagger Spray","Backflip+1","Sucker Punch"],"picked":"SKIP","floor":28.0},{"not_picked":["Tactician+1","Cloak And Dagger","Expertise"],"picked":"SKIP","floor":28.0},{"not_picked":["Setup","Flying Knee","Dodge and Roll"],"picked":"SKIP","floor":29.0},{"not_picked":["Reflex","Terror","Outmaneuver+1"],"picked":"SKIP","floor":29.0},{"not_picked":["Setup","Skewer","Backflip"],"picked":"SKIP","floor":30.0},{"not_picked":["Bane","Flechettes+1","Blade Dance"],"picked":"SKIP","floor":30.0},{"not_picked":["Doppelganger","Deadly Poison"],"picked":"Concentrate+1","floor":31.0},{"not_picked":["Tools of the Trade","Envenom"],"picked":"Night Terror","floor":33.0},{"not_picked":["Underhanded Strike","Footwork","Slice"],"picked":"SKIP","floor":35.0},{"not_picked":["Cloak And Dagger","Quick Slash","Poisoned Stab"],"picked":"SKIP","floor":35.0},{"not_picked":["Terror","Acrobatics"],"picked":"Catalyst","floor":41.0},{"not_picked":["Dodge and Roll","Prepared","Cloak And Dagger"],"picked":"SKIP","floor":41.0},{"not_picked":["A Thousand Cuts","Prepared"],"picked":"Well Laid Plans","floor":42.0},{"not_picked":["Distraction+1","Blade Dance","Leg Sweep"],"picked":"SKIP","floor":45},{"not_picked":["Dagger Spray","Corpse Explosion"],"picked":"Acrobatics","floor":46},{"not_picked":["Acrobatics","Quick Slash","Bane"],"picked":"SKIP","floor":47},{"not_picked":["Choke+1","Predator+1"],"picked":"Prepared+1","floor":48},{"not_picked":["Predator","Deflect","Poisoned Stab"],"picked":"SKIP","floor":48},{"not_picked":["Sucker Punch","Prepared","Bullet Time"],"picked":"SKIP","floor":55}],"player_experience":1045165,"relics_obtained":[{"floor":9.0,"key":"Oddly Smooth Stone"},{"floor":14.0,"key":"Lantern"},{"floor":26.0,"key":"Torii"},{"floor":31.0,"key":"Peace Pipe"},{"floor":42.0,"key":"Incense Burner"},{"floor":45,"key":"The Specimen"},{"floor":46,"key":"Ginger"},{"floor":47,"key":"Boot"},{"floor":55,"key":"Mummified Hand"}],"event_choices":[{"damage_healed":0.0,"max_hp_gain":0.0,"max_hp_loss":0.0,"gold_gain":0.0,"event_name":"Shining Light","player_choice":"Entered Light","floor":2.0,"gold_loss":0.0,"damage_taken":20.0,"cards_upgraded":["Defend_G","Dagger Spray"]},{"damage_healed":0.0,"max_hp_gain":0.0,"max_hp_loss":0.0,"gold_gain":0.0,"event_name":"Scrap Ooze","player_choice":"Success","floor":3.0,"gold_loss":0.0,"damage_taken":26.0,"relics_obtained":["MealTicket"]},{"damage_healed":22.0,"max_hp_gain":0.0,"max_hp_loss":0.0,"gold_gain":0.0,"event_name":"Big Fish","player_choice":"Banana","floor":10.0,"gold_loss":0.0,"damage_taken":0.0},{"cards_removed":["Strike_G"],"damage_healed":0.0,"max_hp_gain":0.0,"max_hp_loss":0.0,"gold_gain":0.0,"event_name":"Purifier","player_choice":"Purged","floor":12.0,"gold_loss":0.0,"damage_taken":0.0},{"damage_healed":0.0,"max_hp_gain":0.0,"max_hp_loss":0.0,"gold_gain":0.0,"cards_transformed":["Defend_G","Defend_G"],"event_name":"Drug Dealer","player_choice":"Became Test Subject","floor":19.0,"gold_loss":0.0,"damage_taken":0.0,"cards_obtained":["Predator","Endless Agony"]},{"damage_healed":0.0,"max_hp_gain":0.0,"max_hp_loss":0.0,"gold_gain":0.0,"event_name":"Addict","player_choice":"Obtained Relic","floor":21.0,"gold_loss":85.0,"damage_taken":0.0,"relics_obtained":["Centennial Puzzle"]},{"damage_healed":0.0,"max_hp_gain":0.0,"max_hp_loss":0.0,"gold_gain":0.0,"event_name":"WeMeetAgain","player_choice":"Gave Potion","floor":25.0,"gold_loss":0.0,"damage_taken":0.0,"relics_obtained":["Prayer Wheel"]},{"damage_healed":0.0,"max_hp_gain":0.0,"max_hp_loss":0.0,"gold_gain":0.0,"event_name":"The Woman in Blue","player_choice":"Bought 0 Potions","floor":36.0,"gold_loss":0.0,"damage_taken":0.0},{"cards_removed":["Neutralize"],"damage_healed":0.0,"max_hp_gain":0.0,"max_hp_loss":0.0,"gold_gain":0.0,"event_name":"Falling","player_choice":"Removed Attack","floor":39.0,"gold_loss":0.0,"damage_taken":0.0},{"damage_healed":0.0,"max_hp_gain":0.0,"max_hp_loss":0.0,"gold_gain":0.0,"event_name":"MindBloom","player_choice":"Fight","floor":42.0,"gold_loss":0.0,"damage_taken":0.0},{"damage_healed":0,"gold_gain":0,"player_choice":"Memory 1","damage_taken":0,"max_hp_gain":0,"max_hp_loss":0,"event_name":"SensoryStone","floor":44,"gold_loss":0},{"damage_healed":0,"gold_gain":0,"player_choice":"Fight","damage_taken":0,"max_hp_gain":0,"max_hp_loss":0,"event_name":"Mysterious Sphere","floor":46,"gold_loss":0}],"is_beta":false,"boss_relics":[{"not_picked":["Tiny House","Runic Dome"],"picked":"Astrolabe"},{"not_picked":["WristBlade","SacredBark"],"picked":"Coffee Dripper"}],"items_purged_floors":[7,22,38,54],"is_endless":false,"potions_floor_spawned":[8,14,16,18,24,31,42,48],"ascension_level":20}}