{"host":"uv5ws9rdk87e8i5k","time":1611684243,"event":{"mods":["AchievementEnabler","BaseMod","Colored Map","Minty Spire (QoL Compilation)","Permanent Neow","Quick Restart","StSLib","SuperFastMode","The Animator","The Cursed","The Hierophant","The Necromancer"],"gold_per_floor":[110,110,110,125,149,182,182,182,182],"floor_reached":8,"language":"ENG","playtime":152,"items_purged":[],"score":84,"play_id":"d61b3bc1-e36b-477e-99f9-a6d5fe4666a6","local_time":"20210126120403","is_ascension_mode":true,"campfire_choices":[{"data":"Cloudkill","floor":7,"key":"SMITH"}],"circlet_count":0,"master_deck":["AscendersBane","Strike_W","Strike_W","Strike_W","Strike_W","Defend_W","Defend_W","Defend_W+1","Defend_W","Negative_Energy_Arrows","Bone_Wall","Cloudkill+1","Vampiric_Strike+1","Spectral_Armor"],"relics":["Vampire_Amulet","Golden Idol","MealTicket"],"acts_visited":["Exordium"],"potions_floor_usage":[6],"damage_taken":[{"damage":5,"enemies":"Cultist","floor":1,"turns":4},{"damage":0,"enemies":"2 Louse","floor":4,"turns":2},{"damage":3,"enemies":"Jaw Worm","floor":5,"turns":4},{"damage":18,"enemies":"Lagavulin","floor":6,"turns":6},{"damage":32,"enemies":"3 Sentries","floor":8,"turns":5}],"seed_played":"6668089363932074579","potions_obtained":[{"floor":4,"key":"AttackPotion"}],"is_trial":false,"path_per_floor":["M","?","?","M","M","E","R","E"],"character_chosen":"NECROMANCER","items_purchased":[],"campfire_rested":0,"item_purchase_floors":[],"current_hp_per_floor":[65,65,51,58,60,48,48,24,24],"gold":182,"neow_bonus":"ONE_RANDOM_RARE_CARD","is_daily":false,"chose_seed":false,"campfire_upgraded":1,"win_rate":0.0,"timestamp":1611684243,"path_taken":["M","?","?","M","M","E","R","E"],"items_purchased_type":[],"build_version":"2020-12-22","purchased_purges":0,"victory":false,"max_hp_per_floor":[75,69,69,69,69,69,69,69,69],"card_choices":[{"not_picked":["Shackles_Of_Pain","Bone_Bullets"],"picked":"Vampiric_Strike","floor":1},{"not_picked":["Toxic_Smoke_Screen","Blood_Is_Power"],"picked":"Spectral_Armor","floor":4},{"not_picked":["Death_March_Dance","Vampiric_Strike","Blood_Whip"],"picked":"SKIP","floor":5},{"not_picked":["Blood_Curse","Shackles_Of_Pain","Epidemic"],"picked":"SKIP","floor":6}],"player_experience":292064,"relics_obtained":[{"floor":6,"key":"MealTicket"}],"event_choices":[{"damage_healed":0,"gold_gain":0,"player_choice":"Lose Max HP","damage_taken":0,"relics_obtained":["Golden Idol"],"max_hp_gain":0,"max_hp_loss":6,"event_name":"Golden Idol","floor":2,"gold_loss":0},{"damage_healed":0,"gold_gain":0,"player_choice":"Entered Light","damage_taken":14,"max_hp_gain":0,"max_hp_loss":0,"event_name":"Shining Light","floor":3,"gold_loss":0,"cards_upgraded":["Vampiric_Strike","Defend_W"]}],"is_beta":false,"boss_relics":[],"items_purged_floors":[],"is_endless":false,"potions_floor_spawned":[4],"killed_by":"3 Sentries","ascension_level":10}}