{"host":"zrerxgu8lagrk16e","time":1611704167,"event":{"mods":["AchievementEnabler","BaseMod","Better Altar","Better Match","Better Note","Better Sensory Stone","Better Skull","Better Third Choice","Colored Map","Colored Powertips","Minty Spire (QoL Compilation)","Permanent Neow","Quick Restart","Relic Stats","StSLib","slay the spire mod where everything is the same but ironclad has a cowboy hat"],"gold_per_floor":[118,135,91,13,13,54,66,91,127,139,151,180,80,0,0,103,103,117,223,135,148,168,168,14,47,47,65,29,29,57,57,57,160,160,173,192,8,8,20,47,97,124,149,181,181,396,409,118,118,118,118,118,23,57,57],"floor_reached":56,"language":"ENG","playtime":5765,"items_purged":["Regret"],"score":1363,"play_id":"200e4820-45ae-4a5b-8e91-03543a48235f","local_time":"20210126183607","is_ascension_mode":true,"campfire_choices":[{"data":"Mind Blast","floor":10.0,"key":"SMITH"},{"floor":15.0,"key":"REST"},{"floor":23.0,"key":"REST"},{"data":"Storm","floor":29.0,"key":"SMITH"},{"data":"White Noise","floor":32.0,"key":"SMITH"},{"floor":49.0,"key":"RECALL"},{"data":"Echo Form","floor":52.0,"key":"SMITH"}],"circlet_count":0,"master_deck":["Strike_B","Strike_B","Strike_B","Strike_B+1","Defend_B","Defend_B","Defend_B+1","Defend_B","Zap","Dualcast","Mind Blast+1","White Noise","Streamline","Doom and Gloom","Steam Power+1","Echo Form","White Noise+1","Enlightenment","Echo Form+1","BootSequence","Storm+1","Barrage","Hologram+1","Undo+1","Self Repair","Hologram","Redo+1","Thunder Strike","Coolheaded+1","Capacitor","Blizzard","Writhe","Hello World+1","White Noise+1","All For One","Parasite","Steam","Coolheaded","Leap","Jack Of All Trades","Heatsinks+1","Barrage","Force Field+1"],"relics":["Cracked Core","betterThird:SlimedRelic","MawBank","Lizard Tail","Centennial Puzzle","Kunai","Nuclear Battery","Lee\u0027s Waffle","Blue Candle","Meat on the Bone","PreservedInsect","Cursed Key","Runic Capacitor","Gremlin Horn","Pocketwatch","Frozen Egg 2","Blood Vial","Akabeko","Toy Ornithopter","CaptainsWheel"],"acts_visited":["Exordium","TheCity","TheBeyond","TheEnding"],"potions_floor_usage":[],"damage_taken":[{"damage":0.0,"enemies":"2 Louse","floor":1.0,"turns":2.0},{"damage":4.0,"enemies":"Small Slimes","floor":2.0,"turns":3.0},{"damage":16.0,"enemies":"3 Sentries","floor":6.0,"turns":4.0},{"damage":3.0,"enemies":"Cultist","floor":8.0,"turns":3.0},{"damage":9.0,"enemies":"2 Fungi Beasts","floor":12.0,"turns":2.0},{"damage":13.0,"enemies":"Slime Boss","floor":16.0,"turns":6.0},{"damage":7.0,"enemies":"3 Byrds","floor":18.0,"turns":5.0},{"damage":6.0,"enemies":"Shell Parasite","floor":21.0,"turns":5.0},{"damage":14.0,"enemies":"Snake Plant","floor":22.0,"turns":2.0},{"damage":7.0,"enemies":"Slavers","floor":25.0,"turns":4.0},{"damage":18.0,"enemies":"3 Cultists","floor":27.0,"turns":3.0},{"damage":12.0,"enemies":"Book of Stabbing","floor":30.0,"turns":7.0},{"damage":22.0,"enemies":"Collector","floor":33.0,"turns":9.0},{"damage":0.0,"enemies":"Orb Walker","floor":35.0,"turns":2.0},{"damage":25.0,"enemies":"3 Darklings","floor":36.0,"turns":6.0},{"damage":1.0,"enemies":"Transient","floor":39.0,"turns":5.0},{"damage":17.0,"enemies":"Reptomancer","floor":40.0,"turns":4.0},{"damage":16.0,"enemies":"2 Orb Walkers","floor":41.0,"turns":3.0},{"damage":14.0,"enemies":"Giant Head","floor":42.0,"turns":4.0},{"damage":33.0,"enemies":"Reptomancer","floor":44.0,"turns":5.0},{"damage":20.0,"enemies":"Spire Growth","floor":47.0,"turns":3.0},{"damage":18.0,"enemies":"Donu and Deca","floor":50.0,"turns":7.0},{"damage":2.0,"enemies":"Shield and Spear","floor":54.0,"turns":4.0},{"damage":65,"enemies":"The Heart","floor":55,"turns":9}],"seed_played":"-692985987441362048","potions_obtained":[{"floor":1.0,"key":"Explosive Potion"},{"floor":8.0,"key":"Weak Potion"},{"floor":16.0,"key":"Block Potion"},{"floor":18.0,"key":"Fire Potion"},{"floor":21.0,"key":"BlessingOfTheForge"},{"floor":25.0,"key":"ColorlessPotion"},{"floor":36.0,"key":"FocusPotion"},{"floor":40.0,"key":"EssenceOfDarkness"},{"floor":42.0,"key":"Dexterity Potion"},{"floor":44.0,"key":"EssenceOfDarkness"}],"is_trial":false,"path_per_floor":["M","M","?","$","?","E","?","M","T","R","?","M","$","?","R","B",null,"M","?","$","M","M","R","$","E","T","M","$","R","E","?","R","B",null,"M","M","$","?","M","E","?","E","T","E","?","?","M","$","R","B",null,"R","$","E","B",null],"character_chosen":"DEFECT","items_purchased":["Doom and Gloom","White Noise","Storm","Barrage","Lee\u0027s Waffle","Doom and Gloom","Runic Capacitor","Blizzard","Toy Ornithopter","Leap","Jack Of All Trades","Heatsinks+1","Barrage"],"campfire_rested":2,"item_purchase_floors":[4,13,20,20,24,28,37,37,48,48,48,53,53],"current_hp_per_floor":[75,71,60,60,60,44,37,34,34,34,34,25,25,31,55,42,81,74,35,35,29,15,39,88,81,81,63,63,63,58,88,88,66,88,88,77,77,88,88,85,76,76,76,52,52,21,29,29,29,30,88,88,88,88,42],"gold":57,"neow_bonus":"RANDOM_COLORLESS","is_daily":false,"chose_seed":false,"campfire_upgraded":4,"win_rate":0.0,"timestamp":1611704167,"path_taken":["M","M","?","$","?","E","?","M","T","R","?","?","$","?","R","BOSS","M","?","$","?","M","R","?","E","T","M","$","R","E","?","R","BOSS","M","M","$","?","M","E","?","E","T","E","?","?","?","$","R","BOSS","R","$","E","BOSS"],"items_purchased_type":["Card","Card","Card","Card","Relic","Card","Relic","Card","Relic","Card","Card","Card","Card"],"build_version":"2020-12-22","purchased_purges":1,"victory":true,"max_hp_per_floor":[75,75,75,75,75,75,75,75,75,75,75,75,75,81,81,81,81,81,81,81,81,81,81,88,88,88,88,88,88,88,88,88,88,88,88,88,88,88,88,88,88,88,88,88,88,88,88,88,88,88,88,88,88,88,88],"relic_stats":{"Lee\u0027s Waffle":49,"Gremlin Horn":[7,7],"counters":[24,107],"Blue Candle":[8],"PreservedInsect":313,"MawBank":96,"Cursed Key":1,"Blood Vial":6,"Lizard Tail":0,"Centennial Puzzle":[60],"Kunai":[25],"obtain_stats":[{"Lee\u0027s Waffle":24,"Gremlin Horn":40,"Blue Candle":25,"PreservedInsect":30,"Runic Capacitor":37,"Frozen Egg 2":42,"MawBank":5,"Cursed Key":34,"Akabeko":44,"Nuclear Battery":17,"Blood Vial":43,"Lizard Tail":6,"Centennial Puzzle":7,"CaptainsWheel":54,"betterThird:SlimedRelic":3,"Kunai":11,"Cracked Core":0,"Toy Ornithopter":48,"Meat on the Bone":26,"Pocketwatch":41},{"Lee\u0027s Waffle":9,"Gremlin Horn":17,"Blue Candle":10,"PreservedInsect":12,"Runic Capacitor":15,"Frozen Egg 2":19,"MawBank":2,"Cursed Key":13,"Akabeko":20,"Nuclear Battery":6,"Blood Vial":19,"Lizard Tail":3,"Centennial Puzzle":3,"CaptainsWheel":23,"betterThird:SlimedRelic":2,"Kunai":4,"Cracked Core":0,"Toy Ornithopter":21,"Meat on the Bone":10,"Pocketwatch":18},{"Lee\u0027s Waffle":32,"Gremlin Horn":72,"Blue Candle":36,"PreservedInsect":46,"Runic Capacitor":63,"Frozen Egg 2":79,"MawBank":5,"Cursed Key":55,"Akabeko":84,"Nuclear Battery":20,"Blood Vial":79,"Lizard Tail":9,"Centennial Puzzle":9,"CaptainsWheel":98,"betterThird:SlimedRelic":5,"Kunai":12,"Cracked Core":0,"Toy Ornithopter":87,"Meat on the Bone":36,"Pocketwatch":75}],"Toy Ornithopter":5,"Meat on the Bone":36,"Pocketwatch":[0]},"card_choices":[{"not_picked":["Purity","Dark Shackles"],"picked":"Mind Blast","floor":0.0},{"not_picked":["Reprogram","Rebound"],"picked":"White Noise","floor":1.0},{"not_picked":["Barrage","Chill"],"picked":"Streamline","floor":2.0},{"not_picked":["Go for the Eyes","Consume"],"picked":"Steam Power","floor":6.0},{"not_picked":["Turbo","Coolheaded"],"picked":"Cold Snap","floor":8.0},{"not_picked":["Beam Cell","Fusion"],"picked":"Echo Form","floor":12.0},{"not_picked":["Rainbow","Reboot"],"picked":"Echo Form","floor":16.0},{"not_picked":["Capacitor","Skim"],"picked":"BootSequence","floor":18.0},{"not_picked":["Coolheaded","Lockon"],"picked":"Hologram+1","floor":21.0},{"not_picked":["White Noise","Ball Lightning"],"picked":"Undo+1","floor":22.0},{"not_picked":["Melter+1","Hyperbeam"],"picked":"Self Repair","floor":25.0},{"not_picked":["Streamline+1","Barrage+1"],"picked":"Hologram","floor":27.0},{"not_picked":["Go for the Eyes","Genetic Algorithm"],"picked":"Redo+1","floor":30.0},{"not_picked":["Biased Cognition","Reboot"],"picked":"Thunder Strike","floor":33.0},{"not_picked":["Melter+1","Hologram+1"],"picked":"Coolheaded+1","floor":35.0},{"not_picked":["Static Discharge","Chill"],"picked":"Capacitor","floor":36.0},{"not_picked":["Beam Cell","Compile Driver"],"picked":"Hello World+1","floor":39.0},{"not_picked":["Tempest","Melter","Rip and Tear+1"],"picked":"SKIP","floor":40.0},{"not_picked":["Ball Lightning+1","Turbo"],"picked":"White Noise+1","floor":41.0},{"not_picked":["Steam","Rebound+1"],"picked":"All For One","floor":42.0},{"not_picked":["Steam Power","Beam Cell+1"],"picked":"Steam","floor":44.0},{"not_picked":["Ball Lightning+1","Go for the Eyes+1"],"picked":"Coolheaded","floor":47.0},{"not_picked":["Melter","Blizzard+1"],"picked":"Force Field+1","floor":54.0}],"player_experience":169040,"relics_obtained":[{"floor":6.0,"key":"Lizard Tail"},{"floor":25.0,"key":"Blue Candle"},{"floor":26.0,"key":"Meat on the Bone"},{"floor":30.0,"key":"PreservedInsect"},{"floor":40.0,"key":"Gremlin Horn"},{"floor":41.0,"key":"Pocketwatch"},{"floor":42.0,"key":"Frozen Egg 2"},{"floor":43.0,"key":"Blood Vial"},{"floor":44.0,"key":"Akabeko"},{"floor":54.0,"key":"CaptainsWheel"}],"event_choices":[{"damage_healed":0.0,"max_hp_gain":0.0,"max_hp_loss":0.0,"gold_gain":0.0,"event_name":"betterThird:BetterGoop","player_choice":"Slimed","floor":3.0,"gold_loss":44.0,"damage_taken":11.0},{"damage_healed":0.0,"max_hp_gain":0.0,"max_hp_loss":0.0,"gold_gain":0.0,"event_name":"Big Fish","player_choice":"Box","floor":5.0,"gold_loss":0.0,"damage_taken":0.0,"relics_obtained":["MawBank"],"cards_obtained":["Regret"]},{"damage_healed":0.0,"max_hp_gain":0.0,"max_hp_loss":0.0,"gold_gain":0.0,"event_name":"betterThird:BetterScrap","player_choice":"Relic ","floor":7.0,"gold_loss":0.0,"damage_taken":7.0,"cards_obtained":["Hemokinesis"]},{"damage_healed":0.0,"max_hp_gain":0.0,"max_hp_loss":0.0,"gold_gain":0.0,"event_name":"WeMeetAgain","player_choice":"Gave Potion","floor":11.0,"gold_loss":0.0,"damage_taken":0.0,"relics_obtained":["Kunai"]},{"damage_healed":0.0,"max_hp_gain":0.0,"max_hp_loss":0.0,"gold_gain":0.0,"event_name":"betterThird:BetterSerpent","player_choice":"RENOUNCE","floor":14.0,"gold_loss":80.0,"damage_taken":80.0,"cards_obtained":["Enlightenment"]},{"damage_healed":0.0,"max_hp_gain":0.0,"max_hp_loss":0.0,"gold_gain":106.0,"event_name":"betterSkull:BetterSkull","player_choice":"UP GO UP ","floor":19.0,"gold_loss":0.0,"damage_taken":44.0,"cards_upgraded":["Strike_B","Steam Power"],"relics_obtained":[]},{"cards_removed":["Doom and Gloom"],"damage_healed":30.0,"max_hp_gain":0.0,"max_hp_loss":0.0,"gold_gain":0.0,"event_name":"Bonfire Elementals","player_choice":"Offered Uncommon","floor":31.0,"gold_loss":0.0,"damage_taken":0.0},{"damage_healed":22.0,"max_hp_gain":0.0,"max_hp_loss":0.0,"gold_gain":0.0,"event_name":"Winding Halls","player_choice":"Writhe","floor":38.0,"gold_loss":0.0,"damage_taken":0.0,"cards_obtained":["Writhe"]},{"damage_healed":0.0,"max_hp_gain":0.0,"max_hp_loss":0.0,"gold_gain":0.0,"event_name":"Mysterious Sphere","player_choice":"Fight","floor":41.0,"gold_loss":0.0,"damage_taken":0.0},{"cards_removed":["Cold Snap"],"damage_healed":0.0,"max_hp_gain":0.0,"max_hp_loss":0.0,"gold_gain":0.0,"event_name":"Falling","player_choice":"Removed Attack","floor":45.0,"gold_loss":0.0,"damage_taken":0.0},{"damage_healed":0.0,"max_hp_gain":0.0,"max_hp_loss":0.0,"gold_gain":0.0,"event_name":"betterThird:BetterPortal","player_choice":"Random: Green","floor":46.0,"gold_loss":0.0,"damage_taken":0.0},{"damage_healed":0.0,"max_hp_gain":0.0,"max_hp_loss":0.0,"gold_gain":215.0,"event_name":"betterSkull:BetterSkull","player_choice":"UP GO GO ","floor":46.0,"gold_loss":0.0,"damage_taken":35.0,"cards_upgraded":["Defend_B"],"relics_obtained":[]}],"is_beta":false,"boss_relics":[{"not_picked":["Coffee Dripper","Runic Dome"],"picked":"Nuclear Battery"},{"not_picked":["Calling Bell","Astrolabe"],"picked":"Cursed Key"}],"items_purged_floors":[13],"is_endless":false,"potions_floor_spawned":[1,8,16,18,21,25,36,40,42,44],"ascension_level":2}}