{"host":"1tl36azeqm6yhdgj","time":1611666741,"event":{"mods":["AchievementEnabler","BaseMod","Minty Spire (QoL Compilation)","StSLib","The IronCluck","everything is the same but u backflip on backflip"],"gold_per_floor":[112,112,129,54,54,79,79,108,108,108,108],"floor_reached":10,"language":"ENG","playtime":204,"items_purged":["Strike_R"],"score":198,"play_id":"1e62e52a-41de-47a6-8ccf-daad40a29a27","local_time":"20210126081221","is_ascension_mode":true,"campfire_choices":[],"circlet_count":0,"master_deck":["AscendersBane","Strike_R","Strike_R","Strike_R","Defend_R","Defend_R","Defend_R","Defend_R","Bash","Searing Blow","Metallicize","Anger"],"relics":["Burning Blood","NeowsBlessing","White Beast Statue","Dream Catcher","Gremlin Horn","The Courier"],"acts_visited":["Exordium"],"potions_floor_usage":[8,10],"damage_taken":[{"damage":0.0,"enemies":"Small Slimes","floor":1.0,"turns":1.0},{"damage":0.0,"enemies":"Cultist","floor":3.0,"turns":1.0},{"damage":0,"enemies":"Gremlin Nob","floor":6,"turns":1},{"damage":61,"enemies":"Lagavulin","floor":8,"turns":9},{"damage":25,"enemies":"Gremlin Nob","floor":10,"turns":3}],"seed_played":"4350198311105056349","potions_obtained":[{"floor":1.0,"key":"SmokeBomb"},{"floor":6,"key":"LiquidBronze"},{"floor":8,"key":"LiquidMemories"}],"is_trial":false,"path_per_floor":["M","?","M","$","T","E","$","E","T","E"],"character_chosen":"IRONCLAD","items_purchased":[],"campfire_rested":0,"item_purchase_floors":[],"current_hp_per_floor":[74,74,75,75,75,75,75,20,20,0,0],"gold":108,"neow_bonus":"THREE_ENEMY_KILL","is_daily":false,"chose_seed":false,"campfire_upgraded":0,"win_rate":0.0,"timestamp":1611666741,"path_taken":["M","?","?","$","?","E","?","E","T","E"],"items_purchased_type":[],"build_version":"2020-12-22","purchased_purges":1,"victory":false,"max_hp_per_floor":[75,75,75,75,75,75,75,75,75,75,75],"card_choices":[{"not_picked":["Power Through","Sword Boomerang","Body Slam"],"picked":"SKIP","floor":1.0},{"not_picked":["Sentinel","Pummel"],"picked":"Searing Blow","floor":3.0},{"not_picked":["Entrench","Anger"],"picked":"Metallicize","floor":6},{"not_picked":["Sword Boomerang","Power Through"],"picked":"Anger","floor":8}],"player_experience":2058950,"relics_obtained":[{"floor":5,"key":"White Beast Statue"},{"floor":6,"key":"Dream Catcher"},{"floor":8,"key":"Gremlin Horn"},{"floor":9,"key":"The Courier"}],"event_choices":[{"cards_removed":["Strike_R"],"damage_healed":0.0,"max_hp_gain":0.0,"max_hp_loss":0.0,"gold_gain":0.0,"event_name":"Bonfire Elementals","player_choice":"Offered Basic","floor":2.0,"gold_loss":0.0,"damage_taken":0.0}],"is_beta":false,"boss_relics":[],"items_purged_floors":[4],"is_endless":false,"potions_floor_spawned":[1,6,8],"killed_by":"Gremlin Nob","ascension_level":20}}