{"host":"9d9dhukr2jywmy0f","time":1611690990,"event":{"mods":["2.2 Compatiblity","Alarm Clock","BaseMod","Bestiary","Block Reminder","Colored Map","Colored Powertips","Curses Come First","DeckTracker","Displayed Cursed Tome","Highlight Path","Key Reminder","Minty Spire (QoL Compilation)","Quick Restart","Rare Cards Sparkle","Relic Sorter","Relic Stats","Reliquary","Spire Birthday Party","StSLib","SuperFastMode","Synergy Search","Unceasing Turn Reminder","Unknown Chances"],"gold_per_floor":[116,116,116,130,130,130,159,173,225,239,41,41,58,78,78,78,78],"floor_reached":16,"language":"ZHS","playtime":517,"items_purged":[],"score":254,"play_id":"94d82c4a-a1de-4cf6-b613-293409c9dd40","local_time":"20210127035630","is_ascension_mode":true,"campfire_choices":[{"data":"Inflame","floor":6,"key":"SMITH"},{"data":"Body Slam","floor":12,"key":"SMITH"},{"data":"Bash","floor":15,"key":"SMITH"}],"circlet_count":0,"master_deck":["AscendersBane","Strike_R","Strike_R","Strike_R","Strike_R","Defend_R","Defend_R","Defend_R","Defend_R","Bash+1","Shrug It Off","Inflame+1","Decay","Power Through","Feel No Pain","Body Slam+1","Rampage+1"],"relics":["Burning Blood","NeowsBlessing","Potion Belt","reliquary:TatteredRug","Molten Egg 2"],"acts_visited":["Exordium"],"potions_floor_usage":[],"damage_taken":[{"damage":1,"enemies":"2 Louse","floor":1,"turns":2},{"damage":0,"enemies":"Jaw Worm","floor":4,"turns":1},{"damage":0,"enemies":"Gremlin Nob","floor":7,"turns":1},{"damage":6,"enemies":"Cultist","floor":8,"turns":4},{"damage":17,"enemies":"Looter","floor":10,"turns":4},{"damage":13,"enemies":"Lots of Slimes","floor":13,"turns":6},{"damage":18,"enemies":"Large Slime","floor":14,"turns":6},{"damage":44,"enemies":"Slime Boss","floor":16,"turns":8}],"seed_played":"-2259489914818140872","potions_obtained":[{"floor":1,"key":"ColorlessPotion"},{"floor":8,"key":"BlessingOfTheForge"}],"is_trial":false,"path_per_floor":["M","?","?","M","?","R","E","M","T","M","$","R","M","M","R","B"],"character_chosen":"IRONCLAD","items_purchased":["Molten Egg 2"],"campfire_rested":0,"item_purchase_floors":[11],"current_hp_per_floor":[73,73,78,80,80,80,80,80,80,69,69,69,62,50,50,6,6],"gold":78,"neow_bonus":"THREE_ENEMY_KILL","is_daily":false,"chose_seed":false,"campfire_upgraded":3,"win_rate":0.0,"timestamp":1611690990,"path_taken":["M","?","?","M","?","R","E","M","T","M","$","R","?","M","R","BOSS"],"items_purchased_type":["Relic"],"build_version":"2020-11-30","purchased_purges":0,"victory":false,"max_hp_per_floor":[75,75,80,80,80,80,80,80,80,80,80,80,80,80,80,80,80],"relic_stats":{"counters":[8,32],"obtain_stats":[{"Potion Belt":7,"NeowsBlessing":0,"Molten Egg 2":11,"reliquary:TatteredRug":9,"Burning Blood":0},{"Potion Belt":3,"NeowsBlessing":0,"Molten Egg 2":5,"reliquary:TatteredRug":4,"Burning Blood":0},{"Potion Belt":4,"NeowsBlessing":0,"Molten Egg 2":12,"reliquary:TatteredRug":8,"Burning Blood":0}],"Burning Blood":32},"card_choices":[{"not_picked":["Blood for Blood","Carnage"],"picked":"Shrug It Off","floor":1},{"not_picked":["Flex","Clash","Headbutt"],"picked":"SKIP","floor":4},{"not_picked":["Twin Strike","Iron Wave"],"picked":"Power Through","floor":7},{"not_picked":["Anger","Rampage"],"picked":"Feel No Pain","floor":8},{"not_picked":["Iron Wave","Clash"],"picked":"Body Slam","floor":10},{"not_picked":["Cleave+1","Warcry"],"picked":"Rampage+1","floor":13},{"not_picked":["Clash+1","Heavy Blade+1","Dropkick+1"],"picked":"SKIP","floor":14}],"player_experience":859830,"relics_obtained":[{"floor":7,"key":"Potion Belt"},{"floor":9,"key":"reliquary:TatteredRug"}],"event_choices":[{"damage_healed":0,"gold_gain":0,"cards_transformed":["Strike_R"],"player_choice":"Change","damage_taken":0,"max_hp_gain":0,"max_hp_loss":0,"event_name":"Living Wall","floor":2,"gold_loss":0,"cards_obtained":["Inflame"]},{"damage_healed":0,"gold_gain":0,"player_choice":"Donut","damage_taken":0,"max_hp_gain":5,"max_hp_loss":0,"event_name":"Big Fish","floor":3,"gold_loss":0},{"damage_healed":0,"gold_gain":0,"player_choice":"Cursed","damage_taken":0,"max_hp_gain":0,"max_hp_loss":0,"event_name":"Wheel of Change","floor":5,"gold_loss":0,"cards_obtained":["Decay"]}],"is_beta":false,"boss_relics":[],"items_purged_floors":[],"is_endless":false,"potions_floor_spawned":[1,8],"killed_by":"Slime Boss","ascension_level":20}}