{"host":"1c17lcvl7acx821p","time":1611659790,"event":{"mods":["AchievementEnabler","BaseMod","Colored Map","Minty Spire (QoL Compilation)","Quick Restart","Relic Sorter","StSLib"],"gold_per_floor":[111,128,128,148,167,201,201,216,257,283,283,308,331,331,25,25,156,156,177,177,218,25,66,66,66,98,98,98,98,98,113,125,22,22,22,22],"floor_reached":35,"language":"ENG","playtime":1830,"items_purged":["Strike_P","Strike_P"],"score":448,"play_id":"450cb1f6-275c-4ffb-97b2-5a8c4d1d3c79","local_time":"20210126131630","is_ascension_mode":true,"campfire_choices":[{"floor":7.0,"key":"REST"},{"data":"TalkToTheHand","floor":14.0,"key":"SMITH"},{"data":"Wish","floor":16.0,"key":"SMITH"},{"data":"Vault","floor":24.0,"key":"SMITH"},{"floor":27.0,"key":"REST"},{"data":"Eruption","floor":30.0,"key":"SMITH"},{"data":"Adaptation","floor":34.0,"key":"SMITH"}],"circlet_count":0,"master_deck":["AscendersBane","Strike_P","Strike_P","Defend_P","Defend_P","Defend_P","Defend_P","Eruption+1","Vigilance","FearNoEvil","CutThroughFate","EmptyFist","SignatureMove","TalkToTheHand+1","FlurryOfBlows","EmptyMind","Wish+1","MentalFortress","Vault+1","ClearTheMind","LikeWater+1","FearNoEvil","EmptyBody","Writhe","Adaptation+1","Consecrate+1","TalkToTheHand","Sanctity"],"relics":["SacredBark","Bloody Idol","The Courier","Pen Nib","Toy Ornithopter","Strange Spoon","VioletLotus","Membership Card","Oddly Smooth Stone","Anchor","ClockworkSouvenir"],"acts_visited":["Exordium","TheCity"],"potions_floor_usage":[],"damage_taken":[{"damage":3.0,"enemies":"2 Louse","floor":1.0,"turns":4.0},{"damage":8.0,"enemies":"Small Slimes","floor":2.0,"turns":4.0},{"damage":0.0,"enemies":"Jaw Worm","floor":4.0,"turns":3.0},{"damage":6.0,"enemies":"Exordium Wildlife","floor":5.0,"turns":4.0},{"damage":19.0,"enemies":"Lagavulin","floor":6.0,"turns":8.0},{"damage":0.0,"enemies":"Large Slime","floor":8.0,"turns":3.0},{"damage":15.0,"enemies":"3 Sentries","floor":9.0,"turns":8.0},{"damage":5.0,"enemies":"Red Slaver","floor":12.0,"turns":3.0},{"damage":0.0,"enemies":"Exordium Thugs","floor":13.0,"turns":3.0},{"damage":27.0,"enemies":"Slime Boss","floor":17.0,"turns":7.0},{"damage":11.0,"enemies":"Shell Parasite","floor":19.0,"turns":6.0},{"damage":8.0,"enemies":"3 Byrds","floor":21.0,"turns":9.0},{"damage":0.0,"enemies":"3 Cultists","floor":23.0,"turns":6.0},{"damage":35.0,"enemies":"Slavers","floor":26.0,"turns":7.0},{"damage":19.0,"enemies":"Snake Plant","floor":31.0,"turns":8.0},{"damage":5.0,"enemies":"Shelled Parasite and Fungi","floor":32.0,"turns":5.0},{"damage":48,"enemies":"Champ","floor":35,"turns":16}],"seed_played":"3609456379985873193","potions_obtained":[{"floor":4.0,"key":"SkillPotion"},{"floor":5.0,"key":"Weak Potion"},{"floor":8.0,"key":"SneckoOil"},{"floor":12.0,"key":"DuplicationPotion"},{"floor":17.0,"key":"SteroidPotion"},{"floor":23.0,"key":"GamblersBrew"},{"floor":26.0,"key":"Explosive Potion"}],"is_trial":false,"path_per_floor":["M","M","?","M","M","E","R","M","E","T","?","M","M","R","$","R","B",null,"M","?","M","$","M","R","$","E","R","T","?","R","M","M","$","R","B"],"character_chosen":"WATCHER","items_purchased":["Strange Spoon","Wish","MentalFortress","Membership Card","SkillPotion","TalkToTheHand","Sanctity","ClockworkSouvenir"],"campfire_rested":2,"item_purchase_floors":[15,15,15,22,22,33,33,33],"current_hp_per_floor":[62,54,54,54,48,29,49,49,34,34,56,51,51,51,51,51,29,58,47,47,49,49,64,64,64,34,54,54,54,54,40,40,40,40,0,0],"gold":22,"neow_bonus":"BOSS_RELIC","is_daily":false,"chose_seed":false,"campfire_upgraded":5,"win_rate":0.0,"timestamp":1611659790,"path_taken":["M","M","?","M","M","E","R","M","E","T","?","M","M","R","$","R","BOSS","M","?","M","$","M","R","$","E","R","T","?","R","M","M","?","R","BOSS"],"items_purchased_type":["Relic","Card","Card","Relic","Potion","Card","Card","Relic"],"build_version":"2020-12-22","purchased_purges":2,"victory":false,"max_hp_per_floor":[72,72,67,67,67,67,67,67,67,67,67,67,67,67,67,67,67,67,67,67,67,67,67,67,67,67,67,67,67,67,67,67,67,67,67,67],"card_choices":[{"not_picked":["CrushJoints","Indignation"],"picked":"FearNoEvil","floor":1.0},{"not_picked":["FollowUp","EmptyFist"],"picked":"CutThroughFate","floor":2.0},{"not_picked":["Prostrate","BowlingBash"],"picked":"EmptyFist","floor":4.0},{"not_picked":["Consecrate","FollowUp"],"picked":"SignatureMove","floor":5.0},{"not_picked":["ReachHeaven","CrushJoints","WreathOfFlame"],"picked":"SKIP","floor":6.0},{"not_picked":["ThirdEye","JustLucky"],"picked":"TalkToTheHand","floor":8.0},{"not_picked":["SandsOfTime","Consecrate"],"picked":"FlurryOfBlows","floor":9.0},{"not_picked":["Nirvana","CrushJoints"],"picked":"EmptyMind","floor":12.0},{"not_picked":["SignatureMove","CarveReality","CrushJoints"],"picked":"SKIP","floor":13.0},{"not_picked":["MasterReality","ConjureBlade"],"picked":"Vault","floor":17.0},{"not_picked":["EmptyFist","JustLucky"],"picked":"ClearTheMind","floor":19.0},{"not_picked":["SignatureMove","EmptyFist"],"picked":"LikeWater+1","floor":21.0},{"not_picked":["SandsOfTime","Pray"],"picked":"FearNoEvil","floor":23.0},{"not_picked":["Brilliance","Crescendo"],"picked":"EmptyBody","floor":26.0},{"not_picked":["SashWhip+1","JustLucky"],"picked":"Adaptation","floor":31.0},{"not_picked":["PathToVictory","SandsOfTime"],"picked":"Consecrate+1","floor":32.0}],"player_experience":219256,"relics_obtained":[{"floor":6.0,"key":"The Courier"},{"floor":9.0,"key":"Pen Nib"},{"floor":10.0,"key":"Toy Ornithopter"},{"floor":26.0,"key":"Oddly Smooth Stone"}],"event_choices":[{"damage_healed":0.0,"max_hp_gain":0.0,"max_hp_loss":5.0,"gold_gain":0.0,"event_name":"Golden Idol","player_choice":"Lose Max HP","floor":3.0,"gold_loss":0.0,"damage_taken":0.0,"relics_obtained":["Golden Idol"]},{"damage_healed":22.0,"max_hp_gain":0.0,"max_hp_loss":0.0,"gold_gain":0.0,"event_name":"Big Fish","player_choice":"Banana","floor":11.0,"gold_loss":0.0,"damage_taken":0.0},{"damage_healed":0.0,"max_hp_gain":0.0,"max_hp_loss":0.0,"gold_gain":0.0,"event_name":"Forgotten Altar","player_choice":"Gave Idol","floor":20.0,"relics_lost":["Golden Idol"],"gold_loss":0.0,"damage_taken":0.0,"relics_obtained":["Bloody Idol"]},{"damage_healed":0.0,"max_hp_gain":0.0,"max_hp_loss":0.0,"gold_gain":0.0,"event_name":"The Mausoleum","player_choice":"Opened","floor":29.0,"gold_loss":0.0,"damage_taken":0.0,"relics_obtained":["Anchor"],"cards_obtained":["Writhe"]}],"is_beta":false,"boss_relics":[{"not_picked":["Coffee Dripper","Black Star"],"picked":"VioletLotus"}],"items_purged_floors":[15,22],"is_endless":false,"potions_floor_spawned":[4,5,8,12,17,23,26],"killed_by":"Champ","ascension_level":11}}