{"host":"48dm3tz8j4qwgdv8","time":1611641154,"event":{"mods":["Act Like it!","Aspiration","BaseMod","Bestiary","Better Altar","Better Match","Better Note","Better Sensory Stone","Better Skull","Better Third Choice","Colored Map","Colored Powertips","DeckTracker","Downfall","Energized Spire","Hallownest","Highlight Path","Hubris","Infinite Spire","Mimic Mod","Minty Spire (QoL Compilation)","Permanent Neow","Quick Restart","Relic Sorter","Relic Stats","Replay The Spire","Shop Mod","Spicy Shops","StSLib","SuperFastMode","The Blue Laboratory","Wandering Minibosses"],"gold_per_floor":[99,110,226,217,217,217,245,255,273,281,266,283,283,291,297,282,282,282],"floor_reached":16,"language":"ENG","playtime":1184,"items_purged":[],"score":106,"play_id":"ecad2992-7547-4a9d-a605-9f2ac3985d03","local_time":"20210126070554","is_ascension_mode":false,"campfire_choices":[{"data":"bronze:Goto","floor":1,"key":"SMITH"},{"data":"bronze:BuggyMess","floor":13,"key":"SMITH"}],"circlet_count":0,"master_deck":["bronze:Strike","bronze:Strike","bronze:Strike","bronze:Defend","bronze:Defend","bronze:Defend","bronze:Defend","bronze:Replicate","bronze:Goto+1","bronze:Shield","ReplayTheSpireMod:Splinters","bronze:Frontload","bronze:ForLoop","bronze:Assembly","bronze:WhirlingStrike","Injury","bronze:Deprecate","bronze:FineTuning","bronze:Shell","bronze:BuggyMess+1","bronze:Flail","bronze:BuggyMess"],"relics":["bronze:BronzeCore","Centennial Puzzle","Frozen Egg 2","Potion Belt","Oddly Smooth Stone"],"acts_visited":["Exordium"],"potions_floor_usage":[12,12,15,16],"damage_taken":[{"damage":0,"enemies":"Small Slimes","floor":2,"turns":4},{"damage":1,"enemies":"Jaw Worm","floor":4,"turns":6},{"damage":3,"enemies":"2 Louse","floor":7,"turns":9},{"damage":0,"enemies":"2 Louse","floor":8,"turns":2},{"damage":2,"enemies":"Blue Slaver","floor":9,"turns":5},{"damage":8,"enemies":"2 Fungi Beasts","floor":10,"turns":5},{"damage":2,"enemies":"Exordium Wildlife","floor":11,"turns":6},{"damage":21,"enemies":"Gremlin Nob","floor":12,"turns":7},{"damage":15,"enemies":"Large Slime","floor":14,"turns":10},{"damage":6,"enemies":"Exordium Thugs","floor":15,"turns":6},{"damage":29,"enemies":"SI_SHIV_ARCHETYPE","floor":16,"turns":7}],"seed_played":"8317817823386036642","potions_obtained":[{"floor":2,"key":"LiquidMemories"},{"floor":8,"key":"Block Potion"},{"floor":10,"key":"SneckoOil"},{"floor":12,"key":"infinitespire:BlackPotion"},{"floor":14,"key":"infinitespire:BlackPotion"}],"is_trial":false,"path_per_floor":["R","M","?","M","?","?","MIM","M","M","M","M","E","R","M","M","B"],"character_chosen":"THE_AUTOMATON","items_purchased":[],"campfire_rested":0,"item_purchase_floors":[],"current_hp_per_floor":[70,70,70,69,69,69,66,66,64,56,54,33,33,18,22,0,0,0],"gold":282,"neow_bonus":"RANDOM_COMMON_RELIC","is_daily":false,"chose_seed":false,"campfire_upgraded":2,"win_rate":0.0,"timestamp":1611641154,"path_taken":["R","M","?","M","?","?","MIM","?","M","M","M","E","R","M","M","BOSS"],"items_purchased_type":[],"build_version":"2020-12-22","purchased_purges":0,"victory":false,"max_hp_per_floor":[70,70,70,70,70,70,70,70,70,70,70,70,70,70,70,70,70,70],"relic_stats":{"Centennial Puzzle":[27],"counters":[11,67],"obtain_stats":[{"Potion Belt":7,"Centennial Puzzle":0,"bronze:BronzeCore":0,"Oddly Smooth Stone":12,"Frozen Egg 2":6},{"Potion Belt":3,"Centennial Puzzle":0,"bronze:BronzeCore":0,"Oddly Smooth Stone":8,"Frozen Egg 2":2},{"Potion Belt":19,"Centennial Puzzle":0,"bronze:BronzeCore":0,"Oddly Smooth Stone":44,"Frozen Egg 2":10}]},"card_choices":[{"not_picked":["bronze:BitShift","bronze:NullPointer"],"picked":"bronze:Shield","floor":2},{"not_picked":["bronze:DarkDash","bronze:CutThrough"],"picked":"bronze:Frontload","floor":3},{"not_picked":["bronze:CutThrough","bronze:Philosophize"],"picked":"bronze:ForLoop","floor":3},{"not_picked":["bronze:Philosophize","bronze:Shell"],"picked":"bronze:Assembly","floor":3},{"not_picked":["bronze:Branch","bronze:Fortify"],"picked":"bronze:WhirlingStrike","floor":4},{"not_picked":["bronze:WildBeam","bronze:Shield"],"picked":"bronze:Deprecate","floor":7},{"not_picked":["bronze:Turbo","bronze:GetLatest","bronze:Fortify"],"picked":"SKIP","floor":8},{"not_picked":["bronze:Overheat","bronze:Shell"],"picked":"bronze:FineTuning","floor":9},{"not_picked":["bronze:Frontload","bronze:CutThrough"],"picked":"bronze:Shell","floor":10},{"not_picked":["bronze:CutThrough","bronze:BurnOut"],"picked":"bronze:BuggyMess","floor":11},{"not_picked":["bronze:Frontload","bronze:NullPointer"],"picked":"bronze:Flail","floor":12},{"not_picked":["bronze:Branch","bronze:Fortify","bronze:Philosophize"],"picked":"SKIP","floor":14},{"not_picked":["bronze:DelayedSlice","bronze:CutThrough"],"picked":"bronze:BuggyMess","floor":15}],"player_experience":457623,"relics_obtained":[{"floor":7,"key":"Potion Belt"},{"floor":12,"key":"Oddly Smooth Stone"}],"event_choices":[],"is_beta":false,"boss_relics":[],"items_purged_floors":[],"is_endless":false,"potions_floor_spawned":[2,8,10,12,14],"killed_by":"SI_SHIV_ARCHETYPE","ascension_level":0}}