{"host":"iph0xvuia0glosgr","time":1611699244,"event":{"mods":["AchievementEnabler","BaseMod","Minty Spire (QoL Compilation)"],"gold_per_floor":[118,118,118,49,66,101,113,125,125,225,225,243,256,273,273,373,373,383,333,352,352,43,76,95,114,114,129,129,146,164,174,174,174,174],"floor_reached":33,"language":"ENG","playtime":2146,"items_purged":[],"score":277,"play_id":"8191f45f-f656-4ad7-a45e-620f65cc241c","local_time":"20210126221404","is_ascension_mode":false,"campfire_choices":[{"floor":11,"key":"RECALL"},{"floor":15,"key":"REST"},{"floor":28,"key":"REST"},{"floor":32,"key":"REST"}],"circlet_count":0,"master_deck":["Strike_G","Strike_G","Strike_G","Strike_G","Strike_G","Defend_G","Defend_G","Defend_G","Defend_G","Survivor","Neutralize","Deadly Poison","Quick Slash","Noxious Fumes","PiercingWail","Noxious Fumes","All Out Attack","Bane","Dagger Throw+1","Blade Dance","Dagger Spray+1","Die Die Die+1","Cloak And Dagger","Bane+1","Infinite Blades","Sadistic Nature","Flying Knee+1","Slice+1","Sucker Punch+1","Distraction+1","Accuracy","PiercingWail","Bane+1","Dagger Spray+1"],"relics":["Ring of the Snake","Peace Pipe","Molten Egg 2","Fusion Hammer","Bottled Tornado"],"acts_visited":["Exordium","TheCity"],"potions_floor_usage":[6,13,16,21,23,23,23,24,27,29,29],"damage_taken":[{"damage":0,"enemies":"Cultist","floor":1,"turns":4},{"damage":0,"enemies":"2 Louse","floor":5,"turns":2},{"damage":26,"enemies":"Gremlin Nob","floor":6,"turns":5},{"damage":0,"enemies":"Jaw Worm","floor":7,"turns":4},{"damage":2,"enemies":"Looter","floor":8,"turns":4},{"damage":4,"enemies":"Red Slaver","floor":12,"turns":3},{"damage":6,"enemies":"Gremlin Gang","floor":13,"turns":3},{"damage":3,"enemies":"3 Louse","floor":14,"turns":4},{"damage":27,"enemies":"Hexaghost","floor":16,"turns":8},{"damage":10,"enemies":"Shell Parasite","floor":18,"turns":4},{"damage":5,"enemies":"Spheric Guardian","floor":20,"turns":3},{"damage":0,"enemies":"Centurion and Healer","floor":21,"turns":1},{"damage":19,"enemies":"Slavers","floor":23,"turns":2},{"damage":7,"enemies":"Sentry and Sphere","floor":24,"turns":5},{"damage":16,"enemies":"Snake Plant","floor":25,"turns":4},{"damage":9,"enemies":"Chosen and Byrds","floor":27,"turns":5},{"damage":2,"enemies":"3 Cultists","floor":29,"turns":3},{"damage":18,"enemies":"Snecko","floor":30,"turns":5},{"damage":0,"enemies":"Chosen and Byrds","floor":31,"turns":4},{"damage":40,"enemies":"Champ","floor":33,"turns":3}],"seed_played":"7818300307211233092","potions_obtained":[{"floor":0,"key":"SmokeBomb"},{"floor":0,"key":"Fire Potion"},{"floor":0,"key":"LiquidBronze"},{"floor":1,"key":"Block Potion"},{"floor":12,"key":"SpeedPotion"},{"floor":14,"key":"CultistPotion"},{"floor":16,"key":"BlessingOfTheForge"},{"floor":18,"key":"EntropicBrew"},{"floor":24,"key":"PowerPotion"},{"floor":25,"key":"Strength Potion"}],"is_trial":false,"path_per_floor":["M","?","?","$","M","E","M","M","T","?","R","M","M","M","R","B",null,"M","?","M","M","$","E","M","M","T","M","R","M","M","M","R","B"],"character_chosen":"THE_SILENT","items_purchased":["Noxious Fumes","Infinite Blades","Sadistic Nature","Flying Knee+1"],"campfire_rested":3,"item_purchase_floors":[4,22,22,22],"current_hp_per_floor":[70,70,70,70,70,44,44,42,42,42,42,38,32,29,50,23,70,60,60,55,55,55,36,43,27,27,18,39,37,19,19,40,0,0],"gold":174,"neow_bonus":"THREE_SMALL_POTIONS","is_daily":false,"chose_seed":false,"campfire_upgraded":0,"win_rate":0.0,"timestamp":1611699244,"path_taken":["M","?","?","?","M","E","M","M","T","?","R","M","M","M","R","BOSS","M","?","M","?","$","E","M","M","T","M","R","M","M","M","R","BOSS"],"items_purchased_type":["Card","Card","Card","Card"],"build_version":"2020-12-22","purchased_purges":0,"victory":false,"max_hp_per_floor":[70,70,70,70,70,70,70,70,70,70,70,70,70,70,70,70,70,70,70,70,70,70,70,70,70,70,70,70,70,70,70,70,70,70],"card_choices":[{"not_picked":["Dagger Throw","All Out Attack"],"picked":"Deadly Poison","floor":1},{"not_picked":["Eviscerate","Slice"],"picked":"PiercingWail","floor":5},{"not_picked":["PiercingWail","Catalyst"],"picked":"Noxious Fumes","floor":6},{"not_picked":["Dodge and Roll","Outmaneuver"],"picked":"All Out Attack","floor":7},{"not_picked":["Blur","Unload"],"picked":"Bane","floor":8},{"not_picked":["Skewer+1","Backflip"],"picked":"Dagger Throw+1","floor":12},{"not_picked":["Deflect","Acrobatics"],"picked":"Blade Dance","floor":13},{"not_picked":["PiercingWail","Underhanded Strike+1"],"picked":"Dagger Spray+1","floor":14},{"not_picked":["Doppelganger","Unload+1"],"picked":"Die Die Die+1","floor":16},{"not_picked":["Skewer+1","Outmaneuver+1"],"picked":"Cloak And Dagger","floor":18},{"not_picked":["Dagger Throw+1","Caltrops+1"],"picked":"Bane+1","floor":20},{"not_picked":["Deflect","Quick Slash+1"],"picked":"Slice+1","floor":23},{"not_picked":["Deflect","Bullet Time"],"picked":"Sucker Punch+1","floor":24},{"not_picked":["Reflex+1","Prepared+1"],"picked":"Distraction+1","floor":25},{"not_picked":["Deflect","Flechettes+1"],"picked":"Accuracy","floor":27},{"not_picked":["Prepared","Backflip+1"],"picked":"PiercingWail","floor":29},{"not_picked":["Endless Agony+1","Riddle With Holes+1"],"picked":"Bane+1","floor":30},{"not_picked":["Bullet Time","Acrobatics"],"picked":"Dagger Spray+1","floor":31}],"player_experience":281171,"relics_obtained":[{"floor":6,"key":"Peace Pipe"},{"floor":9,"key":"Molten Egg 2"},{"floor":23,"key":"Bottled Tornado"}],"event_choices":[{"damage_healed":0,"gold_gain":0,"cards_transformed":["Defend_G"],"player_choice":"Change","damage_taken":0,"max_hp_gain":0,"max_hp_loss":0,"event_name":"Living Wall","floor":2,"gold_loss":0,"cards_obtained":["Quick Slash"]},{"damage_healed":0,"gold_gain":0,"player_choice":"Ignored","damage_taken":0,"max_hp_gain":0,"max_hp_loss":0,"event_name":"Golden Wing","floor":3,"gold_loss":0},{"damage_healed":0,"gold_gain":100,"player_choice":"Gold","damage_taken":0,"max_hp_gain":0,"max_hp_loss":0,"event_name":"Wheel of Change","floor":10,"gold_loss":0},{"damage_healed":0,"gold_gain":0,"player_choice":"Bet on Owner","damage_taken":0,"max_hp_gain":0,"max_hp_loss":0,"event_name":"The Joust","floor":19,"gold_loss":50}],"is_beta":false,"boss_relics":[{"not_picked":["Pandora\u0027s Box","Philosopher\u0027s Stone"],"picked":"Fusion Hammer"}],"items_purged_floors":[],"is_endless":false,"potions_floor_spawned":[1,5,12,14,16,18,24,25],"killed_by":"Champ","ascension_level":0}}