{"host":"c5j8t0wyh2hvx9ju","time":1611664051,"event":{"mods":["Act Like it!","Astrologer","BaseMod","BetterRewards","Gensokyo","Minty Spire (QoL Compilation)","Prisma Mod","StSLib"],"gold_per_floor":[114,127,127,145,164,164,179,207,207,242,242,261,278,290,290,393,393,406,422,439,454,50,50,300,300,324,351,351,351,351,351,351,351,351],"floor_reached":33,"language":"JPN","playtime":1893,"items_purged":["Defend_P","Strike_P"],"score":447,"play_id":"08f19cef-4da6-4519-9221-f563dff5ab8c","local_time":"20210126212731","is_ascension_mode":true,"campfire_choices":[{"data":"Eruption","floor":6,"key":"SMITH"},{"floor":11,"key":"REST"},{"data":"ClearTheMind","floor":15,"key":"SMITH"},{"floor":23,"key":"REST"},{"data":"MentalFortress","floor":25,"key":"SMITH"},{"data":"Vigilance","floor":28,"key":"SMITH"},{"floor":32,"key":"REST"}],"circlet_count":0,"master_deck":["Strike_P","Strike_P","Strike_P","Defend_P","Defend_P","Defend_P","Eruption+1","Vigilance+1","MentalFortress","Crescendo","WheelKick","DeceiveReality","CutThroughFate","Halt","FollowUp","ClearTheMind+1","BowlingBash","SashWhip","Omniscience","InnerPeace","Tantrum","Pray","FlurryOfBlows","MentalFortress+1","Tantrum"],"relics":["PureWater","Damaru","Gensokyo:Justice","PreservedInsect","Akabeko","Anchor","Sozu","Blood Vial","Regal Pillow","Bottled Lightning","FossilizedHelix"],"acts_visited":["Gensokyo:Gensokyo","Gensokyo:Gensokyoer"],"potions_floor_usage":[16,21,21],"damage_taken":[{"damage":3,"enemies":"Gensokyo:Gryphon","floor":1,"turns":5},{"damage":7,"enemies":"Gensokyo:Python","floor":2,"turns":4},{"damage":0,"enemies":"Gensokyo:3_Fairies","floor":4,"turns":3},{"damage":7,"enemies":"Gensokyo:2_Rabbits","floor":5,"turns":3},{"damage":8,"enemies":"Gensokyo:3_Kodama","floor":7,"turns":4},{"damage":4,"enemies":"Gensokyo:Aya","floor":8,"turns":5},{"damage":8,"enemies":"Gensokyo:Cirno","floor":10,"turns":6},{"damage":0,"enemies":"Gensokyo:5_Fairies","floor":12,"turns":4},{"damage":0,"enemies":"Gensokyo:Python_and_Kodama","floor":13,"turns":1},{"damage":4,"enemies":"Gensokyo:Kitsune","floor":14,"turns":3},{"damage":26,"enemies":"Gensokyo:Kokoro","floor":16,"turns":10},{"damage":2,"enemies":"Gensokyo:2_Gloops","floor":18,"turns":4},{"damage":0,"enemies":"Gensokyo:CosmicMonolith","floor":19,"turns":3},{"damage":54,"enemies":"Gensokyo:Wraith","floor":20,"turns":5},{"damage":35,"enemies":"Gensokyo:Slime_Group","floor":21,"turns":3},{"damage":6,"enemies":"Gensokyo:Koishi","floor":27,"turns":4},{"damage":68,"enemies":"Gensokyo:Kaguya","floor":33,"turns":10}],"seed_played":"-3369027051241994325","potions_obtained":[{"floor":1,"key":"LiquidBronze"},{"floor":5,"key":"FairyPotion"},{"floor":7,"key":"Regen Potion"},{"floor":16,"key":"LiquidBronze"}],"is_trial":false,"path_per_floor":["M","M","?","M","M","R","M","E","T","E","R","M","M","M","R","B",null,"M","M","M","M","$","R","?","R","T","E","R","?","?","T","R","B"],"character_chosen":"WATCHER","items_purchased":["Damaru","MentalFortress","FlurryOfBlows","Blood Vial","MentalFortress","Tantrum"],"campfire_rested":3,"item_purchase_floors":[0,0,22,22,22,22],"current_hp_per_floor":[59,52,52,52,45,45,37,33,33,25,46,46,46,42,42,25,72,70,70,16,21,21,42,42,42,42,38,38,38,38,38,68,0,0],"gold":351,"neow_bonus":"","is_daily":false,"chose_seed":false,"campfire_upgraded":4,"win_rate":0.0,"timestamp":1611664051,"path_taken":["M","M","?","M","M","R","M","E","T","E","R","M","M","M","R","BOSS","M","M","M","M","$","R","?","R","T","E","R","?","?","?","R","BOSS"],"items_purchased_type":["Relic","Card","Card","Relic","Card","Card"],"build_version":"2020-12-22","purchased_purges":2,"victory":false,"max_hp_per_floor":[72,72,72,72,72,72,72,72,72,72,72,72,72,72,72,72,72,72,72,72,72,72,72,68,68,68,68,68,68,68,68,68,68,68],"card_choices":[{"not_picked":["LikeWater","PathToVictory"],"picked":"Pray","floor":1},{"not_picked":["SignatureMove","ClearTheMind"],"picked":"Crescendo","floor":2},{"not_picked":["JustLucky","CutThroughFate"],"picked":"WheelKick","floor":4},{"not_picked":["MentalFortress","SignatureMove"],"picked":"DeceiveReality","floor":5},{"not_picked":["SpiritShield","Consecrate"],"picked":"CutThroughFate","floor":7},{"not_picked":["DeusExMachina","Crescendo"],"picked":"Halt","floor":8},{"not_picked":["Vengeance","SignatureMove"],"picked":"FollowUp","floor":10},{"not_picked":["EmptyBody","ForeignInfluence"],"picked":"ClearTheMind","floor":12},{"not_picked":["Halt","Consecrate"],"picked":"BowlingBash","floor":13},{"not_picked":["EmptyBody","ClearTheMind"],"picked":"SashWhip","floor":14},{"not_picked":["Alpha","Wish"],"picked":"Omniscience","floor":16},{"not_picked":["EmptyBody","Swivel"],"picked":"InnerPeace","floor":18},{"not_picked":["Crescendo","EmptyFist","FlyingSleeves"],"picked":"SKIP","floor":19},{"not_picked":["SandsOfTime","Consecrate"],"picked":"Tantrum","floor":20},{"not_picked":["FollowUp+1","ForeignInfluence"],"picked":"Pray","floor":21},{"not_picked":["Evaluate","BowlingBash","ClearTheMind"],"picked":"SKIP","floor":27}],"player_experience":861527,"relics_obtained":[{"floor":8,"key":"PreservedInsect"},{"floor":9,"key":"Akabeko"},{"floor":10,"key":"Anchor"},{"floor":26,"key":"Regal Pillow"},{"floor":27,"key":"Bottled Lightning"},{"floor":31,"key":"FossilizedHelix"}],"event_choices":[],"is_beta":false,"boss_relics":[{"not_picked":["Velvet Choker","Philosopher\u0027s Stone"],"picked":"Sozu"}],"items_purged_floors":[0,22],"is_endless":false,"potions_floor_spawned":[1,5,7,12,16,18,20,21,27],"killed_by":"Gensokyo:Kaguya","ascension_level":4}}