{"host":"qy1e0kd24tpj3i2m","time":1611683987,"event":{"mods":["Act Like it!","Alarm Clock","BaseMod","Better Skull","Better Vampires","Colored Map","Colored Powertips","Custom Start","Faster Ascension Climbing","Friendly Minions","GifTheSpireLib","Gremlin Skip","Highlight Path","Minty Spire (QoL Compilation)","Permanent Neow","Poor People Problems","Quick Restart","Red Circlet Mod","Relic Filter Mod","Relic Sorter","Reorder Act Four","SacredBarkPlus","Shop Mod","StSLib","SuperFastMode","Transform Curses","没有小屋子和绿帽子啦"],"gold_per_floor":[119,119,135,210,485,517,5,36,36,36,46,46,63,75,75,152,152,164,64,64,57,76,76,91,103,103,103,103,117,117,33,33,107,107,122,0,0,16,27,27,39,39,39,39,39,39,39],"floor_reached":46,"language":"ZHS","playtime":1575,"items_purged":["Regret","Bash"],"score":910,"play_id":"b98c5ecb-b048-4b72-a30f-1626fc2242ef","local_time":"20210127025947","is_ascension_mode":true,"campfire_choices":[{"floor":10.0,"key":"REST"},{"data":"Flame Barrier","floor":12.0,"key":"SMITH"},{"data":"Rage","floor":15.0,"key":"SMITH"},{"data":"True Grit","floor":23.0,"key":"SMITH"},{"data":"Juggernaut","floor":27.0,"key":"SMITH"},{"data":"Evolve","floor":30.0,"key":"SMITH"},{"floor":32.0,"key":"REST"},{"floor":40.0,"key":"RECALL"}],"circlet_count":0,"master_deck":["AscendersBane","Strike_R","Strike_R","Strike_R","Strike_R","Strike_R","Defend_R","Defend_R","Defend_R","Defend_R","Feel No Pain","Seeing Red","Power Through","Impatience","Metallicize","Flame Barrier+1","Evolve+1","Rage+1","Juggernaut+1","Shame","True Grit+1","Sentinel","Fire Breathing","Feed","Iron Wave+1","Flame Barrier+1","Sword Boomerang+1","Blind","Trip","Bandage Up"],"relics":["Burning Blood","NeowsBlessing","Pear","Ancient Tea Set","Bronze Scales","Orichalcum","Pen Nib","Mark of Pain","Bag of Preparation","Toy Ornithopter","Sozu","Red Mask","Ice Cream","Eternal Feather"],"acts_visited":["Exordium","TheCity","TheBeyond"],"potions_floor_usage":[],"damage_taken":[{"damage":0.0,"enemies":"2 Louse","floor":1.0,"turns":2.0},{"damage":0.0,"enemies":"Small Slimes","floor":3.0,"turns":1.0},{"damage":0.0,"enemies":"3 Sentries","floor":6.0,"turns":2.0},{"damage":37.0,"enemies":"Lagavulin","floor":8.0,"turns":7.0},{"damage":3.0,"enemies":"Cultist","floor":11.0,"turns":4.0},{"damage":1.0,"enemies":"Looter","floor":13.0,"turns":4.0},{"damage":0.0,"enemies":"2 Fungi Beasts","floor":14.0,"turns":4.0},{"damage":48.0,"enemies":"Hexaghost","floor":16.0,"turns":10.0},{"damage":30.0,"enemies":"Spheric Guardian","floor":18.0,"turns":7.0},{"damage":2.0,"enemies":"2 Thieves","floor":21.0,"turns":4.0},{"damage":1.0,"enemies":"Sentry and Sphere","floor":22.0,"turns":8.0},{"damage":4.0,"enemies":"Cultist and Chosen","floor":24.0,"turns":5.0},{"damage":0.0,"enemies":"Chosen and Byrds","floor":25.0,"turns":5.0},{"damage":5.0,"enemies":"Snake Plant","floor":29.0,"turns":4.0},{"damage":63.0,"enemies":"Automaton","floor":33.0,"turns":10.0},{"damage":10.0,"enemies":"3 Darklings","floor":35.0,"turns":2.0},{"damage":12.0,"enemies":"Orb Walker","floor":38.0,"turns":4.0},{"damage":0.0,"enemies":"4 Shapes","floor":39.0,"turns":4.0},{"damage":29,"enemies":"Spire Growth","floor":41,"turns":5},{"damage":55,"enemies":"Transient","floor":46,"turns":4}],"seed_played":"8601325379930723789","potions_obtained":[{"floor":6.0,"key":"ColorlessPotion"},{"floor":8.0,"key":"AttackPotion"},{"floor":18.0,"key":"SkillPotion"},{"floor":25.0,"key":"FearPotion"},{"floor":33.0,"key":"AttackPotion"}],"is_trial":false,"path_per_floor":["M","?","M","?","?","E","$","E","T","R","M","R","M","M","R","B",null,"M","$","?","M","M","R","M","M","T","R","?","M","R","$","R","B",null,"M","?","T","M","M","R","M","$","T","$","?","M"],"character_chosen":"IRONCLAD","items_purchased":["Bronze Scales","Orichalcum","Impatience","Fire Breathing"],"campfire_rested":2,"item_purchase_floors":[7,7,7,31],"current_hp_per_floor":[74,49,55,44,44,50,50,19,19,44,47,47,52,58,58,16,68,44,44,44,48,53,53,55,61,61,61,36,37,37,37,64,12,71,72,72,72,66,72,72,49,49,49,49,39,0,0],"gold":39,"neow_bonus":"THREE_ENEMY_KILL","is_daily":false,"chose_seed":false,"campfire_upgraded":5,"win_rate":0.0,"timestamp":1611683987,"path_taken":["M","?","M","?","?","E","$","E","T","R","M","R","M","?","R","BOSS","M","$","?","M","M","R","M","M","T","R","?","M","R","?","R","BOSS","M","?","?","M","M","R","M","$","T","?","?","M"],"items_purchased_type":["Relic","Relic","Card","Card"],"build_version":"2020-12-22","purchased_purges":2,"victory":false,"max_hp_per_floor":[75,85,85,85,85,85,85,85,85,85,85,85,85,85,85,85,85,85,85,85,85,85,85,85,85,85,85,90,90,90,90,90,90,90,90,90,90,90,90,90,90,90,90,90,90,90,90],"card_choices":[{"not_picked":["Armaments","Disarm"],"picked":"Feel No Pain","floor":1.0},{"not_picked":["Bloodletting","Clash"],"picked":"Seeing Red","floor":3.0},{"not_picked":["Warcry","Sword Boomerang"],"picked":"Power Through","floor":6.0},{"not_picked":["Disarm","Shrug It Off"],"picked":"Metallicize","floor":8.0},{"not_picked":["True Grit","Armaments"],"picked":"Flame Barrier","floor":11.0},{"not_picked":["Metallicize","True Grit"],"picked":"Evolve","floor":13.0},{"not_picked":["Clothesline","Rupture"],"picked":"Rage","floor":14.0},{"not_picked":["Brutality","Exhume"],"picked":"Juggernaut","floor":16.0},{"not_picked":["Battle Trance","Inflame","Armaments"],"picked":"SKIP","floor":18.0},{"not_picked":["Heavy Blade","Anger+1"],"picked":"True Grit","floor":21.0},{"not_picked":["Feel No Pain","Twin Strike","Evolve"],"picked":"SKIP","floor":22.0},{"not_picked":["Flex","Power Through"],"picked":"Sentinel","floor":24.0},{"not_picked":["Havoc+1","Sever Soul","Perfected Strike"],"picked":"SKIP","floor":25.0},{"not_picked":["True Grit","Armaments","Iron Wave"],"picked":"SKIP","floor":29.0},{"not_picked":["Exhume","Bludgeon"],"picked":"Feed","floor":33.0},{"not_picked":["Sentinel","Headbutt"],"picked":"Iron Wave+1","floor":35.0},{"not_picked":["Bloodletting","Cleave"],"picked":"Flame Barrier+1","floor":38.0},{"not_picked":["Havoc+1","Anger+1","Pummel"],"picked":"SKIP","floor":39.0},{"not_picked":["Inflame","Cleave"],"picked":"Sword Boomerang+1","floor":41},{"not_picked":["Magnetism","Enlightenment"],"picked":"Blind","floor":45},{"not_picked":["Dramatic Entrance","Secret Technique"],"picked":"Trip","floor":45},{"not_picked":["Impatience","Thinking Ahead"],"picked":"Bandage Up","floor":45}],"player_experience":952525,"relics_obtained":[{"floor":6.0,"key":"Ancient Tea Set"},{"floor":8.0,"key":"Pen Nib"},{"floor":26.0,"key":"Toy Ornithopter"},{"floor":37.0,"key":"Ice Cream"},{"floor":43,"key":"Eternal Feather"}],"event_choices":[{"damage_healed":0.0,"max_hp_gain":0.0,"max_hp_loss":0.0,"gold_gain":0.0,"event_name":"Scrap Ooze","player_choice":"Success","floor":2.0,"gold_loss":0.0,"damage_taken":35.0,"relics_obtained":["Pear"]},{"damage_healed":0.0,"max_hp_gain":0.0,"max_hp_loss":0.0,"gold_gain":75.0,"event_name":"World of Goop","player_choice":"Gather Gold","floor":4.0,"gold_loss":0.0,"damage_taken":11.0},{"damage_healed":0.0,"max_hp_gain":0.0,"max_hp_loss":0.0,"gold_gain":275.0,"event_name":"Golden Shrine","player_choice":"Desecrate","floor":5.0,"gold_loss":0.0,"damage_taken":0.0,"cards_obtained":["Regret"]},{"damage_healed":0.0,"max_hp_gain":0.0,"max_hp_loss":0.0,"gold_gain":0.0,"event_name":"Addict","player_choice":"Stole Relic","floor":20.0,"gold_loss":0.0,"damage_taken":0.0,"relics_obtained":["Bag of Preparation"],"cards_obtained":["Shame"]},{"damage_healed":0.0,"max_hp_gain":5.0,"max_hp_loss":0.0,"gold_gain":0.0,"event_name":"Forgotten Altar","player_choice":"Shed Blood","floor":28.0,"gold_loss":0.0,"damage_taken":30.0},{"damage_healed":0.0,"max_hp_gain":0.0,"max_hp_loss":0.0,"gold_gain":0.0,"event_name":"Tomb of Lord Red Mask","player_choice":"Paid","floor":36.0,"gold_loss":122.0,"damage_taken":0.0,"relics_obtained":["Red Mask"]},{"damage_healed":0,"gold_gain":0,"player_choice":"Memory 3","damage_taken":10,"max_hp_gain":0,"max_hp_loss":0,"event_name":"SensoryStone","floor":45,"gold_loss":0}],"is_beta":false,"boss_relics":[{"not_picked":["SlaversCollar","Fusion Hammer"],"picked":"Mark of Pain"},{"not_picked":["Black Star","Coffee Dripper"],"picked":"Sozu"}],"items_purged_floors":[7,19],"is_endless":false,"potions_floor_spawned":[6,8,18,25,33,39],"killed_by":"Transient","ascension_level":20}}