{"host":"w3q5ijqu8eoknil3","time":1611622829,"event":{"mods":["AchievementEnabler","BaseMod","Block Reminder","Colored Map","Colored Powertips","Curses Come First","Dark Map","Minty Spire (QoL Compilation)","Quick Restart","Relic Stats","StSLib","ojb\u0027s Better Paths Mod","ojb\u0027s Info Mod","slay the spire mod where everything is the same but ironclad has a cowboy hat"],"gold_per_floor":[110,124,139,150,150,150,180,180,180,194,205,6,6,6,6,77,77,96,96,96,116,116,116,144,156,220,258,25,25,25,42,42,115,115,130,149,161,180,180,208,208,22,48,48,75,75,86,86,86,86],"floor_reached":51,"language":"ENG","playtime":2217,"items_purged":["Strike_G+1"],"score":1369,"play_id":"aad48b6f-e67f-402f-86de-d5a0273be8ed","local_time":"20210126010029","is_ascension_mode":true,"campfire_choices":[{"floor":6,"key":"REST"},{"data":"Blade Dance","floor":8,"key":"SMITH"},{"floor":15,"key":"REST"},{"data":"Malaise","floor":23,"key":"SMITH"},{"data":"Bouncing Flask","floor":25,"key":"SMITH"},{"floor":30,"key":"REST"},{"data":"Leg Sweep","floor":32,"key":"SMITH"},{"floor":41,"key":"REST"},{"data":"Catalyst","floor":49,"key":"SMITH"}],"circlet_count":0,"master_deck":["AscendersBane","Strike_G+1","Defend_G+1","Defend_G+1","Defend_G+1","Defend_G+1","Survivor","Neutralize","Backstab","Eviscerate","Blade Dance+1","Leg Sweep+1","Poisoned Stab","Quick Slash","Acrobatics","After Image","Sucker Punch","Skewer+1","Poisoned Stab","Corpse Explosion","Malaise+1","Bane","Deadly Poison","Bouncing Flask+1","Flying Knee","Storm of Steel","Malaise+1","Dagger Throw+1","PiercingWail+1","Burst","Outmaneuver+1","Bullet Time+1","Phantasmal Killer+1","Calculated Gamble+1","Footwork","Dash","Acrobatics+1","Calculated Gamble","Doppelganger","Catalyst+1","Tools of the Trade","Crippling Poison","Finisher","Dark Shackles","Eviscerate+1","Dash"],"relics":["Ring of the Snake","Prayer Wheel","Pantograph","Bag of Preparation","Juzu Bracelet","Membership Card","Ornamental Fan","Philosopher\u0027s Stone","MawBank","Anchor","Tiny Chest","OrangePellets","Toy Ornithopter","Happy Flower","Astrolabe","Sundial","Frozen Eye","Oddly Smooth Stone","Orichalcum"],"acts_visited":["Exordium","TheCity","TheBeyond"],"potions_floor_usage":[3,11,16,24,33,33,37,38,50],"damage_taken":[{"damage":13,"enemies":"Cultist","floor":1,"turns":6},{"damage":0,"enemies":"2 Louse","floor":2,"turns":1},{"damage":0,"enemies":"Jaw Worm","floor":3,"turns":4},{"damage":6,"enemies":"Red Slaver","floor":4,"turns":4},{"damage":25,"enemies":"3 Sentries","floor":7,"turns":8},{"damage":2,"enemies":"2 Fungi Beasts","floor":10,"turns":3},{"damage":9,"enemies":"Exordium Wildlife","floor":11,"turns":4},{"damage":22,"enemies":"The Guardian","floor":16,"turns":12},{"damage":7,"enemies":"Shell Parasite","floor":18,"turns":7},{"damage":7,"enemies":"3 Byrds","floor":21,"turns":5},{"damage":12,"enemies":"Slavers","floor":24,"turns":3},{"damage":1,"enemies":"Centurion and Healer","floor":31,"turns":3},{"damage":38,"enemies":"Collector","floor":33,"turns":12},{"damage":17,"enemies":"Orb Walker","floor":35,"turns":5},{"damage":0,"enemies":"3 Shapes","floor":36,"turns":3},{"damage":35,"enemies":"Spire Growth","floor":37,"turns":5},{"damage":7,"enemies":"Jaw Worm Horde","floor":38,"turns":3},{"damage":0,"enemies":"Nemesis","floor":40,"turns":9},{"damage":0,"enemies":"4 Shapes","floor":47,"turns":5},{"damage":62,"enemies":"Awakened One","floor":50,"turns":20}],"seed_played":"-4612273777716014800","potions_obtained":[{"floor":1,"key":"EssenceOfSteel"},{"floor":7,"key":"ColorlessPotion"},{"floor":11,"key":"PowerPotion"},{"floor":18,"key":"Block Potion"},{"floor":21,"key":"SkillPotion"},{"floor":31,"key":"Poison Potion"},{"floor":35,"key":"SpeedPotion"},{"floor":37,"key":"SkillPotion"},{"floor":48,"key":"FairyPotion"}],"is_trial":false,"path_per_floor":["M","M","M","M","T","R","E","R","T","M","M","$","?","?","R","B",null,"M","?","?","M","?","R","E","R","T","T","$","?","R","M","R","B",null,"M","M","M","M","?","E","R","$","T","?","T","?","M","?","R","B",null],"character_chosen":"THE_SILENT","items_purchased":["Membership Card","Corpse Explosion","OrangePellets","Toy Ornithopter","Happy Flower","Frozen Eye","Finisher","Regen Potion"],"campfire_rested":4,"item_purchase_floors":[12,12,28,28,28,42,42,42],"current_hp_per_floor":[31,31,31,25,25,44,19,19,19,17,8,8,8,8,27,30,57,50,50,50,43,25,25,13,13,13,13,13,13,34,33,33,30,61,44,44,14,12,12,12,33,33,33,33,33,33,33,33,33,11],"gold":86,"neow_bonus":"ONE_RARE_RELIC","is_daily":false,"chose_seed":false,"campfire_upgraded":5,"win_rate":0.0,"timestamp":1611622829,"path_taken":["M","?","M","M","?","R","E","R","T","M","M","?","?","?","R","BOSS","M","?","?","M","?","R","E","R","T","?","$","?","R","M","R","BOSS","M","M","M","M","?","E","R","$","T","?","?","?","M","?","R","BOSS"],"items_purchased_type":["Relic","Card","Relic","Relic","Relic","Relic","Card","Potion"],"build_version":"2020-12-22","purchased_purges":1,"victory":true,"max_hp_per_floor":[66,66,66,66,66,66,66,66,66,66,66,66,66,66,66,66,66,66,66,66,66,71,71,71,71,71,71,71,71,71,71,71,71,71,71,71,71,71,71,71,71,71,71,67,67,67,67,67,67,67],"relic_stats":{"Happy Flower":[21],"counters":[20,122],"Astrolabe":["Outmaneuver","Bullet Time","Phantasmal Killer"],"Bag of Preparation":[30],"Juzu Bracelet":4,"Orichalcum":[12],"MawBank":48,"OrangePellets":[3],"Ornamental Fan":[188],"Sundial":[2],"Pantograph":75,"Prayer Wheel":14,"Tiny Chest":1,"obtain_stats":[{"Happy Flower":28,"Astrolabe":34,"Oddly Smooth Stone":43,"Bag of Preparation":7,"Juzu Bracelet":9,"Orichalcum":45,"MawBank":24,"OrangePellets":28,"Frozen Eye":42,"Anchor":26,"Ornamental Fan":14,"Sundial":40,"Pantograph":5,"Prayer Wheel":0,"Philosopher\u0027s Stone":17,"Tiny Chest":27,"Membership Card":12,"Toy Ornithopter":28,"Ring of the Snake":0},{"Happy Flower":11,"Astrolabe":13,"Oddly Smooth Stone":18,"Bag of Preparation":5,"Juzu Bracelet":5,"Orichalcum":18,"MawBank":11,"OrangePellets":11,"Frozen Eye":18,"Anchor":11,"Ornamental Fan":7,"Sundial":18,"Pantograph":4,"Prayer Wheel":0,"Philosopher\u0027s Stone":8,"Tiny Chest":11,"Membership Card":7,"Toy Ornithopter":11,"Ring of the Snake":0},{"Happy Flower":57,"Astrolabe":72,"Oddly Smooth Stone":97,"Bag of Preparation":23,"Juzu Bracelet":23,"Orichalcum":97,"MawBank":57,"OrangePellets":57,"Frozen Eye":97,"Anchor":57,"Ornamental Fan":30,"Sundial":97,"Pantograph":15,"Prayer Wheel":0,"Philosopher\u0027s Stone":42,"Tiny Chest":57,"Membership Card":30,"Toy Ornithopter":57,"Ring of the Snake":0}],"Toy Ornithopter":25,"Ring of the Snake":[40]},"card_choices":[{"not_picked":["Well Laid Plans","Acrobatics"],"picked":"Backstab","floor":1},{"not_picked":["Dagger Throw","Dodge and Roll"],"picked":"Eviscerate","floor":1},{"not_picked":["Reflex","Dodge and Roll"],"picked":"Blade Dance","floor":2},{"not_picked":["Escape Plan","Setup","Deflect"],"picked":"SKIP","floor":2},{"not_picked":["Quick Slash","Choke"],"picked":"Leg Sweep","floor":3},{"not_picked":["Reflex","Slice","Cloak And Dagger"],"picked":"SKIP","floor":3},{"not_picked":["Distraction","Caltrops"],"picked":"Poisoned Stab","floor":4},{"not_picked":["Eviscerate","Deflect"],"picked":"Quick Slash","floor":4},{"not_picked":["Leg Sweep","Accuracy"],"picked":"Acrobatics","floor":7},{"not_picked":["Outmaneuver","Bouncing Flask"],"picked":"After Image","floor":10},{"not_picked":["Eviscerate","Noxious Fumes"],"picked":"Sucker Punch","floor":10},{"not_picked":["Poisoned Stab","Footwork"],"picked":"Skewer","floor":11},{"not_picked":["Caltrops","Dodge and Roll"],"picked":"Poisoned Stab","floor":11},{"not_picked":["Tools of the Trade","A Thousand Cuts"],"picked":"Malaise","floor":16},{"not_picked":["Backstab","Dodge and Roll"],"picked":"Bane","floor":18},{"not_picked":["Acrobatics","Distraction"],"picked":"Deadly Poison","floor":18},{"not_picked":["Leg Sweep","Flying Knee"],"picked":"Bouncing Flask","floor":21},{"not_picked":["Dagger Throw","Deadly Poison"],"picked":"Flying Knee","floor":21},{"not_picked":["Predator","Dodge and Roll"],"picked":"Storm of Steel","floor":24},{"not_picked":["Escape Plan","Underhanded Strike"],"picked":"Dagger Throw+1","floor":31},{"not_picked":["Quick Slash","Underhanded Strike"],"picked":"PiercingWail+1","floor":31},{"not_picked":["Glass Knife","Venomology"],"picked":"Burst","floor":33},{"not_picked":["Underhanded Strike","Dagger Spray"],"picked":"Calculated Gamble+1","floor":35},{"not_picked":["Acrobatics","Concentrate"],"picked":"Footwork","floor":35},{"not_picked":["Dagger Throw","Dodge and Roll"],"picked":"Dash","floor":36},{"not_picked":["Noxious Fumes","Distraction"],"picked":"Acrobatics+1","floor":36},{"not_picked":["Dodge and Roll","Endless Agony"],"picked":"Calculated Gamble","floor":37},{"not_picked":["Acrobatics+1","Flying Knee"],"picked":"Doppelganger","floor":37},{"not_picked":["Poisoned Stab","Deflect"],"picked":"Catalyst","floor":38},{"not_picked":["Distraction","Slice"],"picked":"Tools of the Trade","floor":38},{"not_picked":["Tactician","Setup"],"picked":"Crippling Poison","floor":40},{"not_picked":["PanicButton","Jack Of All Trades"],"picked":"Dark Shackles","floor":46},{"not_picked":["Prepared","Backflip"],"picked":"Eviscerate+1","floor":47},{"not_picked":["Prepared","Skewer"],"picked":"Dash","floor":47}],"player_experience":1016629,"relics_obtained":[{"floor":5,"key":"Pantograph"},{"floor":7,"key":"Bag of Preparation"},{"floor":9,"key":"Juzu Bracelet"},{"floor":24,"key":"MawBank"},{"floor":26,"key":"Anchor"},{"floor":27,"key":"Tiny Chest"},{"floor":40,"key":"Sundial"},{"floor":43,"key":"Oddly Smooth Stone"},{"floor":45,"key":"Orichalcum"}],"event_choices":[{"damage_healed":0,"gold_gain":0,"player_choice":"Grow","damage_taken":0,"max_hp_gain":0,"max_hp_loss":0,"event_name":"Living Wall","floor":13,"gold_loss":0,"cards_upgraded":["Skewer"]},{"damage_healed":0,"gold_gain":0,"player_choice":"Searched \u00271\u0027 times","damage_taken":0,"relics_obtained":["Ornamental Fan"],"max_hp_gain":0,"max_hp_loss":0,"event_name":"Dead Adventurer","floor":14,"gold_loss":0},{"damage_healed":0,"gold_gain":0,"player_choice":"Ignored","damage_taken":0,"max_hp_gain":0,"max_hp_loss":0,"event_name":"N\u0027loth","floor":19,"gold_loss":0},{"damage_healed":0,"gold_gain":0,"player_choice":"Simplicity","damage_taken":0,"max_hp_gain":0,"max_hp_loss":0,"event_name":"Back to Basics","floor":20,"gold_loss":0,"cards_upgraded":["Strike_G","Strike_G","Strike_G","Strike_G","Strike_G","Defend_G","Defend_G","Defend_G","Defend_G","Defend_G"]},{"damage_healed":0,"gold_gain":0,"player_choice":"Shed Blood","damage_taken":23,"max_hp_gain":5,"max_hp_loss":0,"event_name":"Forgotten Altar","floor":22,"gold_loss":0},{"damage_healed":0,"gold_gain":0,"player_choice":"Copied","damage_taken":0,"max_hp_gain":0,"max_hp_loss":0,"event_name":"Duplicator","floor":29,"gold_loss":0,"cards_obtained":["Malaise"]},{"cards_removed":["Strike_G"],"damage_healed":0,"gold_gain":0,"player_choice":"Removed Attack","damage_taken":0,"max_hp_gain":0,"max_hp_loss":0,"event_name":"Falling","floor":39,"gold_loss":0},{"damage_healed":0,"gold_gain":0,"player_choice":"Max HP","damage_taken":0,"max_hp_gain":0,"max_hp_loss":4,"event_name":"Winding Halls","floor":44,"gold_loss":0},{"damage_healed":0,"gold_gain":0,"player_choice":"Memory 1","damage_taken":0,"max_hp_gain":0,"max_hp_loss":0,"event_name":"SensoryStone","floor":46,"gold_loss":0},{"damage_healed":0,"gold_gain":0,"player_choice":"Got Potions","damage_taken":0,"max_hp_gain":0,"max_hp_loss":0,"event_name":"Lab","floor":48,"gold_loss":0}],"is_beta":false,"boss_relics":[{"not_picked":["Velvet Choker","Fusion Hammer"],"picked":"Philosopher\u0027s Stone"},{"not_picked":["Empty Cage","SlaversCollar"],"picked":"Astrolabe"}],"items_purged_floors":[42],"is_endless":false,"potions_floor_spawned":[1,7,11,18,21,31,35,37],"ascension_level":18}}