{"host":"yvsfsto0agm53yt2","time":1611642538,"event":{"mods":["AchievementEnabler","Aspiration","BaseMod","Bestiary","Ironclad Rager","Minty Spire (QoL Compilation)","Practice Mode","Rare Cards Sparkle","Relic Stats","Replay The Spire","Spicy Shops","Spire Arcade","StSLib","The Edgeheg","everything is the same but u backflip on backflip"],"gold_per_floor":[111,111,111,111,111,137,137,147,147,147,164,164,12,38,38,139,139,154,154,154],"floor_reached":19,"language":"ENG","playtime":545,"items_purged":["ICR:RageStrike"],"score":277,"play_id":"e3d0fe1e-e037-4a8e-ba68-cb4be3f3401a","local_time":"20210126162858","is_ascension_mode":true,"campfire_choices":[{"floor":7,"key":"DIG"},{"floor":12,"key":"DIG"},{"floor":15,"key":"DIG"}],"circlet_count":0,"master_deck":["AscendersBane","Bash","ICR:RageStrike","ICR:RageStrike","ICR:RageStrike","ICR:ShieldBash","ICR:ShieldBash","ICR:ShieldBash","Rupture","Hemogenesis","Sword Boomerang","Blood for Blood","Demon Form","Feed","Sword Boomerang"],"relics":["Burning Blood","Shovel","Calipers","Lizard Tail","Replay:Bottled Flurry","Replay:Rubber Ducky","Orichalcum","aspiration:ChemicalBlood","Replay:Mystery Machine","Replay:Bronze Core"],"acts_visited":["Exordium","TheCity"],"potions_floor_usage":[],"damage_taken":[{"damage":8,"enemies":"Jaw Worm","floor":1,"turns":4},{"damage":52,"enemies":"Gremlin Nob","floor":6,"turns":5},{"damage":4,"enemies":"2 Louse","floor":8,"turns":3},{"damage":0,"enemies":"Small Slimes","floor":11,"turns":3},{"damage":41,"enemies":"Lagavulin","floor":14,"turns":6},{"damage":12,"enemies":"Hexaghost","floor":16,"turns":9},{"damage":25,"enemies":"Shell Parasite","floor":18,"turns":5},{"damage":0,"enemies":"Spheric Guardian","floor":19,"turns":3}],"seed_played":"1058812295493066627","potions_obtained":[{"floor":14,"key":"Elixir"},{"floor":16,"key":"BloodPotion"}],"is_trial":false,"path_per_floor":["M","?","?","$","$","E","R","M","T","?","M","R","$","E","R","B",null,"M","M"],"character_chosen":"IRONCLAD","items_purchased":["Orichalcum"],"campfire_rested":0,"item_purchase_floors":[13],"current_hp_per_floor":[70,63,57,57,57,11,11,18,18,18,24,24,24,46,46,51,73,67,67,67],"gold":154,"neow_bonus":"IRONCLAD_RAGER","is_daily":false,"chose_seed":false,"campfire_upgraded":0,"win_rate":0.0,"timestamp":1611642538,"path_taken":["M","?","?","?","$","E","R","M","T","?","M","R","$","E","R","BOSS","M","M"],"items_purchased_type":["Relic"],"build_version":"2020-12-22","purchased_purges":1,"victory":false,"max_hp_per_floor":[80,80,80,80,80,80,80,80,80,80,80,80,80,80,80,80,80,80,80,80],"relic_stats":{"Lizard Tail":40,"Shovel":3,"counters":[8,38],"Orichalcum":[72],"obtain_stats":[{"Lizard Tail":7,"Shovel":3,"Calipers":6,"Replay:Bronze Core":17,"Replay:Bottled Flurry":9,"Orichalcum":13,"Replay:Mystery Machine":15,"Burning Blood":0,"Replay:Rubber Ducky":12,"aspiration:ChemicalBlood":14},{"Lizard Tail":2,"Shovel":1,"Calipers":2,"Replay:Bronze Core":6,"Replay:Bottled Flurry":3,"Orichalcum":4,"Replay:Mystery Machine":5,"Burning Blood":0,"Replay:Rubber Ducky":4,"aspiration:ChemicalBlood":5},{"Lizard Tail":9,"Shovel":4,"Calipers":9,"Replay:Bronze Core":30,"Replay:Bottled Flurry":12,"Orichalcum":15,"Replay:Mystery Machine":21,"Burning Blood":0,"Replay:Rubber Ducky":15,"aspiration:ChemicalBlood":21}],"Burning Blood":42},"card_choices":[{"not_picked":["Run Through","True Grit"],"picked":"Rupture","floor":1},{"not_picked":["Pommel Strike","Flame Barrier"],"picked":"Hemogenesis","floor":6},{"not_picked":["Heavy Blade","Run Through"],"picked":"Sword Boomerang","floor":8},{"not_picked":["Body Slam","Inflame"],"picked":"Blood for Blood","floor":11},{"not_picked":["Fire Breathing","Flex"],"picked":"Demon Form","floor":14},{"not_picked":["Offering","Eclipse"],"picked":"Feed","floor":16},{"not_picked":["Shrug It Off+1","Clothesline"],"picked":"Sword Boomerang","floor":18}],"player_experience":283618,"relics_obtained":[{"floor":6,"key":"Calipers"},{"floor":7,"key":"Lizard Tail"},{"floor":9,"key":"Replay:Bottled Flurry"},{"floor":12,"key":"Replay:Rubber Ducky"},{"floor":14,"key":"aspiration:ChemicalBlood"},{"floor":15,"key":"Replay:Mystery Machine"}],"event_choices":[{"cards_removed":["ICR:ShieldBash"],"damage_healed":0,"gold_gain":0,"player_choice":"Card Removal","damage_taken":7,"max_hp_gain":0,"max_hp_loss":0,"event_name":"Golden Wing","floor":2,"gold_loss":0}],"is_beta":false,"boss_relics":[{"not_picked":["aspiration:RunicSpoon","aspiration:WatcherSkillbook"],"picked":"Replay:Bronze Core"}],"items_purged_floors":[13],"is_endless":false,"potions_floor_spawned":[14,16],"killed_by":"Spheric Guardian","ascension_level":12}}