{"host":"pgm1p3lvdjflie30","time":1611642437,"event":{"mods":["100% Spire Juice","AchievementEnabler","Act Like it!","Bard","BaseMod","Block Reminder","Colored Map","Colored Powertips","Conspire","Downfall","Energized Spire","Gremlin Mod","GungeonMod","Hermit","HornydragonMod","Minty Spire (QoL Compilation)","Nova Terra(?娃·泰拉)","Quarter Circle Forward PUNCH!","Reimu（博???）","Robot Space Explorer","SOS（斯巴?之子）","StSLib","The Bug Knight","The Dragon Tamer","The Gatherer","The Hierophant","The IronCluck","The Mystic","The Runesmith","The Saiyan","The Senshi","The Servant 0.9.4","TheHeartMod","Waifu the Spire","【功能Mod】混沌之?修复?丁","【?物卡牌】REMEMod"],"gold_per_floor":[118,132,166,10,29,29,64,64,143,175,175,350,350,364,364,364,364],"floor_reached":16,"language":"ZHS","playtime":657,"items_purged":[],"score":98,"play_id":"94eba678-af35-495c-a356-ffa1fd3e5bf2","local_time":"20210126142717","is_ascension_mode":false,"campfire_choices":[{"floor":6,"key":"RECALL"},{"data":"hermit:FatalDesire","floor":11,"key":"SMITH"},{"data":"hermit:Dissolve","floor":13,"key":"SMITH"},{"data":"hermit:Showdown","floor":15,"key":"SMITH"}],"circlet_count":0,"master_deck":["hermit:Strike_Hermit","hermit:Strike_Hermit","hermit:Strike_Hermit","hermit:Strike_Hermit","hermit:Defend_Hermit","hermit:Defend_Hermit","hermit:Defend_Hermit+1","hermit:Defend_Hermit","hermit:Snapshot","hermit:Covet","DTMod:ExcessFootwork+1","hermit:Scavenge+1","hermit:SprayPray","hermit:GoldenBullet","hermit:FatalDesire+1","hermit:Ricochet","hermit:Dissolve+1","Doubt","hermit:Showdown+1"],"relics":["hermit:Momento","REME_ComplimentaryCards","NeowsBlessing","War Paint","Sling","Pantograph","Odd Mushroom"],"acts_visited":["Exordium"],"potions_floor_usage":[7,7,16,16],"damage_taken":[{"damage":0,"enemies":"Jaw Worm","floor":1,"turns":1},{"damage":0,"enemies":"2 Louse","floor":2,"turns":1},{"damage":0,"enemies":"conspire:MimicChest","floor":3,"turns":1},{"damage":0,"enemies":"Small Slimes","floor":5,"turns":4},{"damage":10,"enemies":"3 Sentries","floor":7,"turns":6},{"damage":23,"enemies":"The Mushroom Lair","floor":10,"turns":5},{"damage":4,"enemies":"Red Slaver","floor":14,"turns":2},{"damage":68,"enemies":"Hexaghost","floor":16,"turns":11}],"seed_played":"8538958053825609322","potions_obtained":[{"floor":1,"key":"Block Potion"},{"floor":2,"key":"bronze:BurnAndBuffPotion"},{"floor":10,"key":"Fire Potion"},{"floor":14,"key":"FearPotion"}],"is_trial":false,"path_per_floor":["M","M","?","$","M","R","E","?","T","?","R","?","R","M","R","B"],"character_chosen":"HERMIT","items_purchased":["Sling"],"campfire_rested":0,"item_purchase_floors":[4],"current_hp_per_floor":[75,75,75,75,75,75,65,65,65,42,42,42,42,38,38,0,0],"gold":364,"neow_bonus":"THREE_ENEMY_KILL","is_daily":false,"chose_seed":false,"campfire_upgraded":3,"win_rate":0.0,"timestamp":1611642437,"path_taken":["M","M","?","$","M","R","E","?","T","?","R","?","R","M","R","BOSS"],"items_purchased_type":["Relic"],"build_version":"2020-12-22","purchased_purges":0,"victory":false,"max_hp_per_floor":[75,75,75,75,75,75,75,75,75,75,75,75,75,75,75,75,75],"card_choices":[{"not_picked":["hermit:Coalescence","hermit:Desperado"],"picked":"hermit:Scavenge","floor":1},{"not_picked":["hermit:Desperado","hermit:LowProfile"],"picked":"hermit:SprayPray","floor":2},{"not_picked":["hermit:FatalDesire","hermit:TrackingShot"],"picked":"hermit:GoldenBullet","floor":3},{"not_picked":["hermit:Showdown","hermit:BodyArmor"],"picked":"hermit:FatalDesire","floor":5},{"not_picked":["hermit:Manifest","hermit:DeadMansHand"],"picked":"hermit:Ricochet","floor":7},{"not_picked":["hermit:DeadMansHand","hermit:Dive"],"picked":"hermit:Dissolve","floor":10},{"not_picked":["hermit:BodyArmor","hermit:Spite"],"picked":"hermit:Showdown","floor":14}],"player_experience":327173,"relics_obtained":[{"floor":3,"key":"War Paint"},{"floor":7,"key":"Pantograph"},{"floor":10,"key":"Odd Mushroom"}],"event_choices":[{"damage_healed":0,"gold_gain":0,"player_choice":"Grow","damage_taken":0,"max_hp_gain":0,"max_hp_loss":0,"event_name":"Living Wall","floor":8,"gold_loss":0,"cards_upgraded":["DTMod:ExcessFootwork"]},{"damage_healed":0,"gold_gain":0,"player_choice":"Fought Mushrooms","damage_taken":0,"max_hp_gain":0,"max_hp_loss":0,"event_name":"Mushrooms","floor":10,"gold_loss":0},{"damage_healed":0,"gold_gain":175,"player_choice":"AGREE","damage_taken":0,"max_hp_gain":0,"max_hp_loss":0,"event_name":"Liars Game","floor":12,"gold_loss":0,"cards_obtained":["Doubt"]}],"is_beta":false,"boss_relics":[],"items_purged_floors":[],"is_endless":false,"potions_floor_spawned":[1,2,10,14],"killed_by":"Hexaghost","ascension_level":0}}