{"host":"nzq3d31h1j2g5t95","time":1611652306,"event":{"mods":["BaseMod","Hubris","Minty Spire (QoL Compilation)","Replay The Spire","StSLib","[IsaacMod]ÒÔÈö¼âËþ","¡¾ÒÅÎï¿¨ÅÆ¡¿REMEMod"],"gold_per_floor":[115,190,216,22,38,73,73,92,92,92,102,202,213,13,13,92,92,111,131,55,55,70,70,95,112,136,154,154,154,172,207,207,278,278,290,302,302,314,314,314,378,378,378,409,423,437,462,482,482,482],"floor_reached":51,"language":"ZHS","playtime":3361,"items_purged":["Strike_R","Strike_R","Strike_R","Strike_R","Strike_R"],"score":2095,"play_id":"6c7a411d-90f4-44c8-8538-475c0d65abec","local_time":"20210126171146","is_ascension_mode":true,"campfire_choices":[{"floor":7.0,"key":"REST"},{"data":"Creative AI","floor":10.0,"key":"SMITH"},{"data":"Crow Ritual","floor":15.0,"key":"SMITH"},{"data":"Corruption","floor":23.0,"key":"SMITH"},{"data":"EpicFetus","floor":23.0,"key":"SMITH"},{"data":"ReplayTheSpireMod:Limb From Limb","floor":28.0,"key":"SMITH"},{"data":"Abandon","floor":28.0,"key":"SMITH"},{"data":"Flame Barrier","floor":32.0,"key":"SMITH"},{"data":"Finesse","floor":32.0,"key":"SMITH"},{"data":"Dual Wield","floor":40,"key":"SMITH"},{"data":"Berserk","floor":40,"key":"SMITH"},{"data":"REME_EyeOfCthun","floor":49,"key":"SMITH"},{"data":"Flame Barrier","floor":49,"key":"SMITH"}],"circlet_count":0,"master_deck":["AscendersBane","Defend_R+1","Defend_R+1","Defend_R+1","Defend_R+1","Bash","EpicFetus+1","Creative AI+1","ReplayTheSpireMod:Limb From Limb+1","Flame Barrier+1","Abandon+1","Sever Soul","Crow Ritual+1","Corruption+1","Seeing Red","Finesse+1","Berserk+1","REME_EyeOfCthun+1","Dual Wield+1","Flame Barrier+1","REME_FearOfPain","ReplayTheSpireMod:Stacked"],"relics":["HushsDoor","REME_ComplimentaryCards","Runic Pyramid","SteamSale","King of Hearts","Toolbox","Pantograph","TheBible","Replay:Accelerometer","Strawberry","hubris:VirtuousBlindfold","Membership Card","Leech","Replay:Arrowhead","hubris:BottledHeart","Anchor","Tiny Chest","Potion Belt","Kunai","Strange Spoon","Juzu Bracelet","Replay:Bronze Core","Replay:Bottled Eggs","TheBattery","Counterbalance","Matryoshka","hubris:TinFlute","HandDrill","InkBottle","ReplayTheSpireMod:Lightbulb","ReplayTheSpireMod:Spearhead","hubris:BottledRain","hubris:SlimyHat","REME_PuzzleBoxRelic","Lizard Tail"],"acts_visited":["Exordium","TheCity","TheBeyond"],"potions_floor_usage":[41,41,46,50,50],"damage_taken":[{"damage":9.0,"enemies":"2 Louse","floor":1.0,"turns":3.0},{"damage":10.0,"enemies":"Small Slimes","floor":5.0,"turns":5.0},{"damage":35.0,"enemies":"Gremlin Nob","floor":6.0,"turns":5.0},{"damage":7.0,"enemies":"Jaw Worm","floor":8.0,"turns":5.0},{"damage":7.0,"enemies":"Large Slime","floor":11.0,"turns":5.0},{"damage":0.0,"enemies":"Lots of Slimes","floor":13.0,"turns":1.0},{"damage":19.0,"enemies":"Hexaghost","floor":16.0,"turns":10.0},{"damage":9.0,"enemies":"Shell Parasite","floor":18.0,"turns":4.0},{"damage":55.0,"enemies":"3 Byrds","floor":19.0,"turns":4.0},{"damage":0.0,"enemies":"Snecko","floor":22.0,"turns":4.0},{"damage":0.0,"enemies":"REME_1_Revenger","floor":24.0,"turns":4.0},{"damage":0.0,"enemies":"Snake Plant","floor":25.0,"turns":4.0},{"damage":0.0,"enemies":"Centurion and Healer","floor":27.0,"turns":2.0},{"damage":0.0,"enemies":"Snecko","floor":30.0,"turns":3.0},{"damage":0.0,"enemies":"Slavers","floor":31.0,"turns":5.0},{"damage":0.0,"enemies":"Pondfish","floor":33.0,"turns":8.0},{"damage":0,"enemies":"3 Shapes","floor":35,"turns":4},{"damage":0,"enemies":"Orb Walker","floor":36,"turns":3},{"damage":0,"enemies":"Transient","floor":38,"turns":5},{"damage":0,"enemies":"Nemesis","floor":41,"turns":5},{"damage":0,"enemies":"R_Hoarder","floor":44,"turns":5},{"damage":0,"enemies":"4 Shapes","floor":45,"turns":3},{"damage":0,"enemies":"3 Darklings","floor":46,"turns":5},{"damage":0,"enemies":"Mind Bloom Boss Battle","floor":47,"turns":3},{"damage":0,"enemies":"Maw","floor":48,"turns":5},{"damage":0,"enemies":"hubris:GrandSnecko","floor":50,"turns":7}],"seed_played":"6162608617850635848","potions_obtained":[{"floor":5.0,"key":"SkillPotion"},{"floor":8.0,"key":"PowerPotion"},{"floor":11.0,"key":"Weak Potion"},{"floor":22.0,"key":"PowerPotion"},{"floor":33.0,"key":"Doom Potion"},{"floor":41,"key":"Explosive Potion"},{"floor":48,"key":"GamblersBrew"}],"is_trial":false,"path_per_floor":["M","?","T","$","M","E","R","M","T","R","M","?","M","$","R","B",null,"M","M","$","?","M","R","E","M","T","M","R","$","M","E","R","B",null,"M","M","$","M","T","R","E","$","T","E","M","M","?","M","R","B",null],"character_chosen":"IRONCLAD","items_purchased":["Toolbox","Pantograph","Strawberry","Crow Ritual","Membership Card","Leech","Replay:Arrowhead","LiquidMemories","Potion Belt","Kunai","Strange Spoon","Weak Potion","Dexterity Potion","Finesse","Replay:Bottled Eggs","TheBattery","Counterbalance","REME_GoldPotion","Dexterity Potion","DistilledChaos","REME_EyeOfCthun","HandDrill","InkBottle","REME_FearOfPain","CultistPotion","ReplayTheSpireMod:Lightbulb","EssenceOfSteel"],"campfire_rested":1,"item_purchase_floors":[4,4,14,14,20,20,20,20,29,29,29,29,29,29,37,37,37,37,37,37,37,42,42,42,42,42,42],"current_hp_per_floor":[63,52,52,52,42,7,31,24,24,24,17,17,17,24,24,30,73,64,9,9,1,1,1,1,1,1,1,1,1,1,1,1,1,1,1,1,1,1,1,1,1,1,1,1,1,1,1,1,1,1],"gold":482,"neow_bonus":"BOSS_RELIC","is_daily":false,"chose_seed":false,"campfire_upgraded":12,"win_rate":0.0,"timestamp":1611652306,"path_taken":["M","?","?","$","M","E","R","M","T","R","M","?","?","$","R","BOSS","M","M","$","?","M","R","E","M","T","?","R","?","M","E","R","BOSS","M","M","?","M","?","R","E","$","T","E","M","M","?","M","R","BOSS"],"items_purchased_type":["Relic","Relic","Relic","Card","Relic","Relic","Relic","Potion","Relic","Relic","Relic","Potion","Potion","Card","Relic","Relic","Relic","Potion","Potion","Potion","Card","Relic","Relic","Card","Potion","Relic","Potion"],"build_version":"2020-12-22","purchased_purges":5,"victory":true,"max_hp_per_floor":[80,80,80,80,80,80,80,80,80,80,80,80,80,87,87,87,87,87,87,87,1,1,1,1,1,1,1,1,1,1,1,1,1,1,1,1,1,1,1,1,1,1,1,1,1,1,1,1,1,1],"card_choices":[{"not_picked":[],"picked":"EpicFetus","floor":0.0},{"not_picked":["Ghostly Armor","Bomb"],"picked":"ReplayTheSpireMod:Limb From Limb","floor":1.0},{"not_picked":["Headbutt","Sword Boomerang"],"picked":"Flame Barrier","floor":5.0},{"not_picked":["Sword Boomerang","Heavy Blade"],"picked":"Bomb","floor":6.0},{"not_picked":["Bludgeon","Shockwave"],"picked":"Abandon","floor":8.0},{"not_picked":["ReplayTheSpireMod:Corrosion Curse","Body Slam"],"picked":"Sever Soul","floor":11.0},{"not_picked":["hubris:ReadiedAction","Searing Blow","True Grit"],"picked":"SKIP","floor":13.0},{"not_picked":["Replay:Many Hands","Demonic Infusion"],"picked":"Corruption","floor":16.0},{"not_picked":["hubris:SharpeningStone","Anger","Carnage"],"picked":"SKIP","floor":18.0},{"not_picked":["Wild Strike","Dropkick","Warcry"],"picked":"SKIP","floor":19.0},{"not_picked":["Armaments","Warcry","Thunderclap"],"picked":"SKIP","floor":22.0},{"not_picked":["Body Slam+1","Fire Breathing"],"picked":"Seeing Red","floor":24.0},{"not_picked":["Wild Strike","Bloodletting","Run Through+1"],"picked":"SKIP","floor":25.0},{"not_picked":["Iron Wave","Shockwave","hubris:ReadiedAction+1"],"picked":"SKIP","floor":27.0},{"not_picked":["ReplayTheSpireMod:Strike From Hell+1","Cleave","Immolate"],"picked":"SKIP","floor":30.0},{"not_picked":["Reckless Charge","Pummel","Uppercut"],"picked":"SKIP","floor":31.0},{"not_picked":["REME_TheLastStrike","Barricade"],"picked":"Berserk","floor":33.0},{"not_picked":["Headbutt+1","Clash","True Grit+1"],"picked":"SKIP","floor":35},{"not_picked":["Shrug It Off","Perfected Strike","hubris:StunningStrike"],"picked":"SKIP","floor":36},{"not_picked":["Sword Boomerang","Pommel Strike"],"picked":"Dual Wield","floor":38},{"not_picked":["hubris:ReadiedAction+1","ReplayTheSpireMod:Stacked+1"],"picked":"Flame Barrier","floor":41},{"not_picked":["Warcry+1","Anger","Body Slam"],"picked":"SKIP","floor":44},{"not_picked":["Havoc+1","Body Slam","Armaments+1"],"picked":"SKIP","floor":45},{"not_picked":["Thunderclap","Clothesline","True Grit"],"picked":"SKIP","floor":46},{"not_picked":["Thunderclap","Iron Wave"],"picked":"ReplayTheSpireMod:Stacked","floor":48}],"player_experience":174684,"relics_obtained":[{"floor":3.0,"key":"King of Hearts"},{"floor":6.0,"key":"TheBible"},{"floor":9.0,"key":"Replay:Accelerometer"},{"floor":24.0,"key":"Anchor"},{"floor":26.0,"key":"Tiny Chest"},{"floor":31.0,"key":"Juzu Bracelet"},{"floor":39,"key":"Matryoshka"},{"floor":41,"key":"hubris:TinFlute"},{"floor":43,"key":"ReplayTheSpireMod:Spearhead"},{"floor":43,"key":"hubris:BottledRain"},{"floor":44,"key":"hubris:SlimyHat"},{"floor":47,"key":"Lizard Tail"}],"event_choices":[{"damage_healed":0.0,"max_hp_gain":0.0,"max_hp_loss":0.0,"gold_gain":75.0,"event_name":"World of Goop","player_choice":"Gather Gold","floor":2.0,"gold_loss":0.0,"damage_taken":11.0},{"damage_healed":0,"gold_gain":0,"player_choice":"Fight","damage_taken":0,"max_hp_gain":0,"max_hp_loss":0,"event_name":"MindBloom","floor":47,"gold_loss":0}],"is_beta":false,"boss_relics":[{"not_picked":["Replay:Wanted Poster","Philosopher\u0027s Stone"],"picked":"hubris:VirtuousBlindfold"},{"not_picked":[]},{"not_picked":["Cursed Key","Calling Bell"],"picked":"Replay:Bronze Core"},{"not_picked":[]}],"items_purged_floors":[14,20,29,37,42],"is_endless":false,"potions_floor_spawned":[5,8,11,22,25,27,33,38,41,45,48],"ascension_level":13}}