{"host":"8a72fthmlk1o8pdb","time":1611692201,"event":{"mods":["AchievementEnabler","BaseMod","Colored Map","Colored Powertips","Downfall","Duelist Mod","GifTheSpireLib","Googly Eyes","Hermit","Jorbs\u0027s Wanderer Trilogy","Minty Spire (QoL Compilation)","Rare Cards Sparkle","StSLib","The Construct","The Cursed","The Disciple","The Hierophant","The Necromancer","The Poker Player"],"gold_per_floor":[110,123,31,31,49,49,49,49,118,118,151,168,186,196,196,295,295,306,56,56,72,90,90,106,106,106,116,129,129,142,67,67,163,163,183,233,245,23,73,73,73,173,223,241,241,269,280,291,291,291,291],"floor_reached":50,"language":"ENG","playtime":5443,"items_purged":["TheCursedMod:Defend_TheCursed"],"score":526,"play_id":"81682cb0-c382-4cb7-8192-3455b51281c2","local_time":"20210126121641","is_ascension_mode":false,"campfire_choices":[{"data":"TheCursedMod:CursedWand","floor":6,"key":"SMITH"},{"data":"TheCursedMod:CursedBoomerang","floor":8,"key":"SMITH"},{"data":"TheCursedMod:CleanUpWorkshop","floor":10,"key":"SMITH"},{"floor":15,"key":"REST"},{"floor":23,"key":"REST"},{"floor":29,"key":"REST"},{"floor":32,"key":"REST"},{"floor":41,"key":"REST"},{"data":"TheCursedMod:CollectTribute","floor":45,"key":"SMITH"},{"floor":49,"key":"REST"}],"circlet_count":0,"master_deck":["TheCursedMod:Strike_TheCursed+1","TheCursedMod:Strike_TheCursed+1","TheCursedMod:Strike_TheCursed","TheCursedMod:Defend_TheCursed","TheCursedMod:Defend_TheCursed","TheCursedMod:CursedWand+1","TheCursedMod:CleanUpWorkshop+1","TheCursedMod:CircleOfBlood","TheCursedMod:CursedShiv","TheCursedMod:SurpriseAttack","TheCursedMod:SpitefulPlan","TheCursedMod:CursedBoomerang+1","TheCursedMod:HellsGateOpen","TheCursedMod:HellfireBreathing","TheCursedMod:CollectTribute+1","TheCursedMod:SpitefulStrike","TheCursedMod:SpitefulStrike+1","TheCursedMod:SmokeScreen","TheCursedMod:HellfireBreathing+1","TheCursedMod:DemonSword+1","TheCursedMod:BlessingInDisguise+1","TheCursedMod:SpitefulStrike+1","TheCursedMod:HellsGateOpen","TheCursedMod:FleshFromBone+1","TheCursedMod:SpitefulStrike+1","TheCursedMod:CursedShiv+1","TheCursedMod:CursedSpellbook+1"],"relics":["TheCursedMod:BlackMagicAdvanced","NeowsBlessing","TheCursedMod:Tack","WarpedTongs","Pear","HornCleat","TheCursedMod:OminousMark","Darkstone Periapt","Molten Egg 2","Mango","Vajra","Ginger","Regal Pillow","Whetstone"],"acts_visited":["Exordium","TheCity","TheBeyond"],"potions_floor_usage":[11,14,14,16,28,30,35,46,47,50],"damage_taken":[{"damage":0,"enemies":"2 Louse","floor":1,"turns":1},{"damage":0,"enemies":"Small Slimes","floor":2,"turns":1},{"damage":0,"enemies":"Cultist","floor":5,"turns":1},{"damage":40,"enemies":"Lagavulin","floor":11,"turns":6},{"damage":5,"enemies":"Lots of Slimes","floor":12,"turns":3},{"damage":1,"enemies":"Looter","floor":13,"turns":2},{"damage":11,"enemies":"2 Fungi Beasts","floor":14,"turns":2},{"damage":39,"enemies":"Slime Boss","floor":16,"turns":5},{"damage":20,"enemies":"Spheric Guardian","floor":18,"turns":4},{"damage":33,"enemies":"2 Thieves","floor":21,"turns":4},{"damage":36,"enemies":"Snecko","floor":22,"turns":6},{"damage":22,"enemies":"Cultist and Chosen","floor":24,"turns":4},{"damage":10,"enemies":"3 Cultists","floor":27,"turns":5},{"damage":13,"enemies":"Chosen and Byrds","floor":28,"turns":5},{"damage":12,"enemies":"Centurion and Healer","floor":30,"turns":4},{"damage":28,"enemies":"Collector","floor":33,"turns":6},{"damage":5,"enemies":"Orb Walker","floor":35,"turns":3},{"damage":0,"enemies":"Mind Bloom Boss Battle","floor":36,"turns":4},{"damage":20,"enemies":"3 Darklings","floor":37,"turns":4},{"damage":32,"enemies":"2 Orb Walkers","floor":39,"turns":5},{"damage":16,"enemies":"Spire Growth","floor":44,"turns":4},{"damage":33,"enemies":"Nemesis","floor":46,"turns":5},{"damage":13,"enemies":"Jaw Worm Horde","floor":47,"turns":4},{"damage":6,"enemies":"Transient","floor":48,"turns":5},{"damage":123,"enemies":"Awakened One","floor":50,"turns":7}],"seed_played":"3131651226765554849","potions_obtained":[{"floor":1,"key":"GamblersBrew"},{"floor":11,"key":"Slimebound:ThreeZeroPotion"},{"floor":12,"key":"Swift Potion"},{"floor":13,"key":"Slimebound:ThreeZeroPotion"},{"floor":22,"key":"Energy Potion"},{"floor":24,"key":"SpeedPotion"},{"floor":27,"key":"champ:CounterPotion"},{"floor":30,"key":"Fire Potion"},{"floor":37,"key":"LiquidBronze"},{"floor":39,"key":"FearPotion"},{"floor":46,"key":"Slimebound:ThreeZeroPotion"}],"is_trial":false,"path_per_floor":["M","M","$","?","M","R","?","R","T","R","E","M","M","M","R","B",null,"M","$","?","M","M","R","M","?","T","M","M","R","M","?","R","B",null,"M","?","M","$","?","?","R","?","T","M","R","E","M","M","R","B"],"character_chosen":"THE_CURSED","items_purchased":["TheCursedMod:SurpriseAttack","TheCursedMod:SpitefulPlan","Darkstone Periapt","Vajra"],"campfire_rested":6,"item_purchase_floors":[3,3,19,38],"current_hp_per_floor":[75,75,75,75,75,75,75,75,85,85,45,44,55,50,75,46,85,69,69,63,32,4,29,11,11,11,17,10,35,27,27,52,40,85,85,99,87,87,61,61,90,90,90,78,78,57,64,60,99,0,0],"gold":291,"neow_bonus":"THREE_ENEMY_KILL","is_daily":false,"chose_seed":false,"campfire_upgraded":4,"win_rate":0.0,"timestamp":1611692201,"path_taken":["M","M","$","?","M","R","?","R","T","R","E","M","M","?","R","BOSS","M","?","?","?","M","R","M","?","T","?","M","R","M","?","R","BOSS","M","?","M","$","?","?","R","?","T","?","R","E","M","M","R","BOSS"],"items_purchased_type":["Card","Card","Relic","Relic"],"build_version":"2020-12-22","purchased_purges":1,"victory":false,"max_hp_per_floor":[75,75,75,75,75,75,75,75,85,85,85,85,85,85,85,85,85,85,85,85,85,85,85,85,85,85,85,85,85,85,85,85,85,85,85,99,99,99,99,99,99,99,99,99,99,99,99,99,99,99,99],"card_choices":[{"not_picked":["TheCursedMod:LuckyCharm","TheCursedMod:RavingStaff"],"picked":"TheCursedMod:CircleOfBlood","floor":1},{"not_picked":["TheCursedMod:RapidMovement","TheCursedMod:TacticalStrike"],"picked":"TheCursedMod:CursedShiv","floor":2},{"not_picked":["TheCursedMod:LuckyCharm","TheCursedMod:SurpriseAttack"],"picked":"TheCursedMod:CursedBoomerang","floor":5},{"not_picked":["TheCursedMod:EmpowerCircles","TheCursedMod:DemonicPact"],"picked":"TheCursedMod:HellsGateOpen","floor":11},{"not_picked":["TheCursedMod:Hemoplague","TheCursedMod:Wield","TheCursedMod:PrepareRite"],"picked":"SKIP","floor":12},{"not_picked":["TheCursedMod:Wield","TheCursedMod:CursedBlade","TheCursedMod:Hemoplague"],"picked":"SKIP","floor":13},{"not_picked":["TheCursedMod:CursedBoomerang","TheCursedMod:UltimatePain"],"picked":"TheCursedMod:HellfireBreathing","floor":14},{"not_picked":["TheCursedMod:Neurasthenia","TheCursedMod:AntiAging"],"picked":"TheCursedMod:CollectTribute","floor":16},{"not_picked":["TheCursedMod:BloodBarrier","TheCursedMod:FleshFromBone"],"picked":"TheCursedMod:SpitefulStrike","floor":18},{"not_picked":["TheCursedMod:SurpriseAttack","TheCursedMod:LuckyCharm+1","TheCursedMod:Mangle"],"picked":"SKIP","floor":21},{"not_picked":["TheCursedMod:SurpriseAttack","TheCursedMod:CircleOfWindfury","TheCursedMod:LuckyCharm"],"picked":"SKIP","floor":22},{"not_picked":["TheCursedMod:WearCloak","TheCursedMod:CursedMace+1"],"picked":"TheCursedMod:SpitefulStrike+1","floor":24},{"not_picked":["TheCursedMod:LuckyCharm","TheCursedMod:SpitefulPray"],"picked":"TheCursedMod:SmokeScreen","floor":27},{"not_picked":["TheCursedMod:CursedBlade+1","TheCursedMod:EmpowerCircles","TheCursedMod:FuryStrike+1"],"picked":"SKIP","floor":28},{"not_picked":["TheCursedMod:StunningStrike+1","TheCursedMod:CircleOfBlood"],"picked":"TheCursedMod:HellfireBreathing+1","floor":30},{"not_picked":["TheCursedMod:DarkBarrier","TheCursedMod:StunningStrike+1"],"picked":"TheCursedMod:DemonSword+1","floor":33},{"not_picked":["TheCursedMod:LuckyCharm+1","TheCursedMod:CircleOfBlood+1"],"picked":"TheCursedMod:BlessingInDisguise+1","floor":35},{"not_picked":["TheCursedMod:CursedBlade+1","TheCursedMod:SpreadPlague+1"],"picked":"TheCursedMod:SpitefulStrike+1","floor":36},{"not_picked":["TheCursedMod:WearCloak","TheCursedMod:CircleOfFlame+1"],"picked":"TheCursedMod:HellsGateOpen","floor":37},{"not_picked":["TheCursedMod:CursedBoomerang+1","TheCursedMod:Obscuration+1"],"picked":"TheCursedMod:FleshFromBone+1","floor":39},{"not_picked":["TheCursedMod:PrepareRite+1","TheCursedMod:SpitefulPlan"],"picked":"TheCursedMod:SpitefulStrike+1","floor":44},{"not_picked":["TheCursedMod:CursedMace+1","TheCursedMod:CircleOfCorruption","TheCursedMod:StingEye+1"],"picked":"SKIP","floor":46},{"not_picked":["TheCursedMod:Mangle+1","TheCursedMod:RapidMovement"],"picked":"TheCursedMod:CursedShiv+1","floor":47},{"not_picked":["TheCursedMod:SpitefulPlan+1","TheCursedMod:CircleOfFlame+1"],"picked":"TheCursedMod:CursedSpellbook+1","floor":48}],"player_experience":3268,"relics_obtained":[{"floor":9,"key":"Pear"},{"floor":11,"key":"HornCleat"},{"floor":26,"key":"Molten Egg 2"},{"floor":36,"key":"Mango"},{"floor":39,"key":"Ginger"},{"floor":43,"key":"Regal Pillow"},{"floor":46,"key":"Whetstone"}],"event_choices":[{"damage_healed":0,"gold_gain":0,"player_choice":"Box","damage_taken":0,"relics_obtained":["TheCursedMod:Tack"],"max_hp_gain":0,"max_hp_loss":0,"event_name":"Big Fish","floor":4,"gold_loss":0,"cards_obtained":["Regret"]},{"damage_healed":0,"gold_gain":0,"player_choice":"Rummage","damage_taken":0,"relics_obtained":["WarpedTongs"],"max_hp_gain":0,"max_hp_loss":0,"event_name":"Accursed Blacksmith","floor":7,"gold_loss":0,"cards_obtained":["Pain"]},{"damage_healed":0,"gold_gain":0,"player_choice":"","damage_taken":6,"max_hp_gain":0,"max_hp_loss":0,"event_name":"Knowing Skull","floor":20,"potions_obtained":[],"gold_loss":0,"cards_obtained":[]},{"cards_removed":["Pain","Regret","TheCursedMod:Dregs"],"damage_healed":0,"gold_gain":0,"player_choice":"Removed Curses","damage_taken":0,"max_hp_gain":0,"max_hp_loss":0,"event_name":"Fountain of Cleansing","floor":25,"gold_loss":0},{"cards_removed":["TheCursedMod:Strike_TheCursed"],"damage_healed":0,"gold_gain":0,"player_choice":"Gave Gold","damage_taken":0,"max_hp_gain":0,"max_hp_loss":0,"event_name":"Beggar","floor":31,"gold_loss":75},{"damage_healed":0,"gold_gain":0,"player_choice":"Fight","damage_taken":0,"max_hp_gain":0,"max_hp_loss":0,"event_name":"MindBloom","floor":36,"gold_loss":0},{"damage_healed":0,"gold_gain":0,"player_choice":"Fight","damage_taken":0,"max_hp_gain":0,"max_hp_loss":0,"event_name":"Mysterious Sphere","floor":39,"gold_loss":0},{"cards_removed":["TheCursedMod:Defend_TheCursed"],"damage_healed":0,"gold_gain":0,"player_choice":"Removed Skill","damage_taken":0,"max_hp_gain":0,"max_hp_loss":0,"event_name":"Falling","floor":40,"gold_loss":0},{"damage_healed":0,"gold_gain":100,"player_choice":"Pray","damage_taken":0,"max_hp_gain":0,"max_hp_loss":0,"event_name":"Golden Shrine","floor":42,"gold_loss":0}],"is_beta":false,"boss_relics":[{"not_picked":["Velvet Choker","SacredBark"],"picked":"TheCursedMod:OminousMark"},{"not_picked":["Philosopher\u0027s Stone","Busted Crown"],"picked":"TheCursedMod:BlackMagicAdvanced"}],"items_purged_floors":[38],"is_endless":false,"potions_floor_spawned":[1,11,12,13,22,24,27,30,37,39,46],"killed_by":"Awakened One","ascension_level":0}}