{"host":"qlznacst95ifd6w5","time":1611704573,"event":{"mods":["BaseMod","Colored Map","Highlight Path","Minty Spire (QoL Compilation)","StSLib"],"gold_per_floor":[113,288,288,308,322,352,352,46,46,58,58,58,58,58,58,154,154,154],"floor_reached":17,"language":"ENG","playtime":358,"items_purged":["Strike_G"],"score":153,"play_id":"dbdb6037-ce8b-4c41-870c-ab68eafef888","local_time":"20210126184253","is_ascension_mode":false,"campfire_choices":[{"floor":7,"key":"REST"},{"floor":11,"key":"REST"},{"data":"Caltrops","floor":12,"key":"SMITH"},{"data":"Dash","floor":13,"key":"SMITH"},{"floor":15,"key":"REST"}],"circlet_count":0,"master_deck":["Strike_G","Strike_G","Strike_G","Strike_G","Defend_G","Defend_G","Defend_G","Defend_G","Defend_G","Survivor","Neutralize","Slice","Doubt","Quick Slash","Dash+1","Backstab","Caltrops+1","Poisoned Stab","Envenom"],"relics":["Ring of the Snake","Torii","Juzu Bracelet","Bronze Scales","WingedGreaves","Snecko Eye"],"acts_visited":["Exordium","TheCity"],"potions_floor_usage":[],"damage_taken":[{"damage":8,"enemies":"Small Slimes","floor":1,"turns":4},{"damage":8,"enemies":"Jaw Worm","floor":4,"turns":4},{"damage":0,"enemies":"2 Louse","floor":5,"turns":3},{"damage":43,"enemies":"Gremlin Nob","floor":6,"turns":6},{"damage":1,"enemies":"2 Fungi Beasts","floor":10,"turns":3},{"damage":6,"enemies":"Hexaghost","floor":16,"turns":9}],"seed_played":"-6481736629575981351","potions_obtained":[{"floor":6,"key":"DuplicationPotion"},{"floor":16,"key":"Swift Potion"}],"is_trial":false,"path_per_floor":["M","?","?","M","M","E","R","$","T","M","R","R","R","$","R","B",null],"character_chosen":"THE_SILENT","items_purchased":["Caltrops","Bronze Scales"],"campfire_rested":3,"item_purchase_floors":[8,8],"current_hp_per_floor":[69,69,66,58,58,15,38,38,38,37,60,60,60,60,77,71,77,77],"gold":154,"neow_bonus":"TEN_PERCENT_HP_BONUS","is_daily":false,"chose_seed":false,"campfire_upgraded":2,"win_rate":0.0,"timestamp":1611704573,"path_taken":["M","?","?","M","M","E","R","$","T","M","R","R","R","?","R","BOSS"],"items_purchased_type":["Card","Relic"],"build_version":"2020-12-22","purchased_purges":1,"victory":false,"max_hp_per_floor":[77,77,77,77,77,77,77,77,77,77,77,77,77,77,77,77,77,77],"card_choices":[{"not_picked":["Dagger Throw","Dodge and Roll"],"picked":"Slice","floor":1},{"not_picked":["Acrobatics","Outmaneuver"],"picked":"Quick Slash","floor":4},{"not_picked":["Sucker Punch","Flechettes"],"picked":"Dash","floor":5},{"not_picked":["Unload","Acrobatics"],"picked":"Backstab","floor":6},{"not_picked":["Endless Agony","Flechettes"],"picked":"Poisoned Stab","floor":10},{"not_picked":["Adrenaline","Doppelganger"],"picked":"Envenom","floor":16}],"player_experience":636,"relics_obtained":[{"floor":6,"key":"Juzu Bracelet"},{"floor":9,"key":"WingedGreaves"}],"event_choices":[{"damage_healed":0,"gold_gain":175,"player_choice":"AGREE","damage_taken":0,"max_hp_gain":0,"max_hp_loss":0,"event_name":"Liars Game","floor":2,"gold_loss":0,"cards_obtained":["Doubt"]},{"damage_healed":0,"gold_gain":0,"player_choice":"Success","damage_taken":3,"relics_obtained":["Torii"],"max_hp_gain":0,"max_hp_loss":0,"event_name":"Scrap Ooze","floor":3,"gold_loss":0}],"is_beta":false,"boss_relics":[{"not_picked":["Runic Dome","HoveringKite"],"picked":"Snecko Eye"}],"items_purged_floors":[8],"is_endless":false,"potions_floor_spawned":[6,16],"ascension_level":0}}