{"host":"kh6fvhxn285ncg0o","time":1611662590,"event":{"mods":["Act Like it!","BaseMod","Colored Map","Friendly Minions","Keyboard Shortcuts","Minty Spire (QoL Compilation)","Quick Restart","Relic Stats","StSLib","SuperFastMode","UnlockEverythingMod"],"gold_per_floor":[118,128,128,53,73,73,106,123,123,123,155,155,155,185,185,258,258,272,306,206,206,220,238,238,238,263,291,341,77,77,91,91,168,168,187,187,187,211,228,228,258,271,320,320,332,367,420,439,439,439,439,439,439,62,89,89,89],"floor_reached":56,"language":"KOR","playtime":3176,"items_purged":["Strike_R","Strike_R","Immolate+1"],"score":2007,"play_id":"70ed0368-ff35-4016-8bda-8a029808baa8","local_time":"20210126210310","is_ascension_mode":true,"campfire_choices":[{"data":"Uppercut","floor":6.0,"key":"SMITH"},{"data":"Strike_R","floor":10.0,"key":"PURGE"},{"data":"Strike_R","floor":13.0,"key":"PURGE"},{"data":"Fire Breathing","floor":15.0,"key":"SMITH"},{"data":"Strike_R","floor":24,"key":"PURGE"},{"data":"Bash","floor":30,"key":"PURGE"},{"data":"Evolve","floor":32,"key":"SMITH"},{"data":"Defend_R","floor":40,"key":"PURGE"},{"data":"Defend_R","floor":44,"key":"PURGE"},{"floor":49,"key":"RECALL"},{"data":"Apotheosis","floor":53,"key":"SMITH"}],"circlet_count":0,"master_deck":["AscendersBane","Defend_R","Uppercut+1","Fire Breathing+1","Battle Trance","Dropkick","Feel No Pain","Berserk","Impervious","Evolve+1","Seeing Red+1","True Grit+1","Pommel Strike+1","Double Tap","Apotheosis+1","Flash of Steel+1","Disarm","Dark Embrace","Intimidate","Barricade"],"relics":["Burning Blood","NeowsBlessing","Gambling Chip","Peace Pipe","Girya","Molten Egg 2","Runic Dome","Red Mask","Nilry\u0027s Codex","Anchor","Omamori","Meat on the Bone","Runic Pyramid","Torii","Boot","Blood Vial","Bird Faced Urn","ClockworkSouvenir","Akabeko"],"acts_visited":["Exordium","TheCity","TheBeyond","TheEnding"],"potions_floor_usage":[19,27,33,33,46,55,56],"damage_taken":[{"damage":0.0,"enemies":"Cultist","floor":1.0,"turns":1.0},{"damage":0.0,"enemies":"Jaw Worm","floor":2.0,"turns":1.0},{"damage":0.0,"enemies":"2 Louse","floor":5.0,"turns":1.0},{"damage":42.0,"enemies":"Gremlin Nob","floor":7.0,"turns":5.0},{"damage":7.0,"enemies":"Large Slime","floor":8.0,"turns":6.0},{"damage":18.0,"enemies":"3 Sentries","floor":11.0,"turns":4.0},{"damage":10.0,"enemies":"Lagavulin","floor":14.0,"turns":7.0},{"damage":13.0,"enemies":"Hexaghost","floor":16.0,"turns":9.0},{"damage":12.0,"enemies":"2 Thieves","floor":18.0,"turns":3.0},{"damage":15,"enemies":"Masked Bandits","floor":19,"turns":3},{"damage":0,"enemies":"Chosen","floor":22,"turns":3},{"damage":0,"enemies":"3 Cultists","floor":23,"turns":3},{"damage":0,"enemies":"Book of Stabbing","floor":27,"turns":3},{"damage":0,"enemies":"Snake Plant","floor":31,"turns":3},{"damage":36,"enemies":"Collector","floor":33,"turns":8},{"damage":0,"enemies":"3 Shapes","floor":35,"turns":2},{"damage":0,"enemies":"Orb Walker","floor":39,"turns":3},{"damage":0,"enemies":"Giant Head","floor":41,"turns":3},{"damage":0,"enemies":"Maw","floor":42,"turns":3},{"damage":15,"enemies":"Spire Growth","floor":45,"turns":3},{"damage":1,"enemies":"Reptomancer","floor":46,"turns":6},{"damage":1,"enemies":"2 Orb Walkers","floor":47,"turns":3},{"damage":12,"enemies":"Transient","floor":48,"turns":6},{"damage":14,"enemies":"Time Eater","floor":50,"turns":12},{"damage":10,"enemies":"Donu and Deca","floor":51,"turns":5},{"damage":13,"enemies":"Shield and Spear","floor":55,"turns":5},{"damage":103,"enemies":"The Heart","floor":56,"turns":9}],"seed_played":"6572432532163573782","potions_obtained":[{"floor":1.0,"key":"LiquidBronze"},{"floor":3.0,"key":"BloodPotion"},{"floor":8.0,"key":"Dexterity Potion"},{"floor":16.0,"key":"GamblersBrew"},{"floor":22,"key":"DistilledChaos"},{"floor":31,"key":"Dexterity Potion"},{"floor":33,"key":"FearPotion"},{"floor":41,"key":"ColorlessPotion"},{"floor":42,"key":"GamblersBrew"},{"floor":45,"key":"ColorlessPotion"},{"floor":47,"key":"BloodPotion"}],"is_trial":false,"path_per_floor":["M","M","?","$","M","R","E","M","T","R","E","?","R","E","R","B",null,"M","?","$","?","M","M","R","?","T","E","?","$","R","M","R","B",null,"M","?","?","T","M","R","E","M","T","R","M","E","?","M","R","B","B",null,"R","$","E","B"],"character_chosen":"IRONCLAD","items_purchased":["Meat on the Bone","ClockworkSouvenir","DistilledChaos"],"campfire_rested":0,"item_purchase_floors":[29,54,54],"current_hp_per_floor":[74,75,75,75,75,75,39,53,53,53,41,41,41,37,37,30,64,58,49,49,28,34,40,40,19,19,25,25,25,25,43,43,25,66,72,72,62,62,68,68,74,80,80,80,71,76,80,75,75,77,80,80,80,80,79,0,0],"gold":89,"neow_bonus":"THREE_ENEMY_KILL","is_daily":false,"chose_seed":false,"campfire_upgraded":4,"win_rate":0.0,"timestamp":1611662590,"path_taken":["M","?","?","?","?","R","E","M","T","R","E","?","R","E","R","BOSS","M","?","$","?","M","M","R","?","T","E","?","$","R","?","R","BOSS","M","?","?","?","?","R","E","M","T","R","M","E","?","M","R","BOSS","BOSS","R","$","E","BOSS"],"items_purchased_type":["Relic","Relic","Potion"],"build_version":"2020-12-22","purchased_purges":3,"victory":false,"max_hp_per_floor":[75,75,75,75,75,75,75,75,75,75,75,75,75,75,75,75,75,75,75,75,80,80,80,80,80,80,80,80,80,80,80,80,80,80,80,80,80,80,80,80,80,80,80,80,80,80,80,80,80,80,80,80,80,80,80,80,80],"relic_stats":{"Peace Pipe":6,"Blood Vial":7,"Torii":57,"counters":[27,120],"Gambling Chip":[59],"Bird Faced Urn":[25],"Boot":[5],"obtain_stats":[{"Girya":11,"NeowsBlessing":0,"Torii":41,"Nilry\u0027s Codex":25,"Omamori":27,"Boot":43,"Burning Blood":0,"Akabeko":55,"ClockworkSouvenir":54,"Peace Pipe":9,"Blood Vial":46,"Runic Dome":17,"Anchor":26,"Gambling Chip":7,"Bird Faced Urn":47,"Molten Egg 2":14,"Red Mask":19,"Meat on the Bone":29,"Runic Pyramid":34},{"Girya":6,"NeowsBlessing":0,"Torii":18,"Nilry\u0027s Codex":12,"Omamori":13,"Boot":19,"Burning Blood":0,"Akabeko":26,"ClockworkSouvenir":25,"Peace Pipe":5,"Blood Vial":21,"Runic Dome":8,"Anchor":12,"Gambling Chip":4,"Bird Faced Urn":22,"Molten Egg 2":7,"Red Mask":10,"Meat on the Bone":13,"Runic Pyramid":15},{"Girya":18,"NeowsBlessing":0,"Torii":68,"Nilry\u0027s Codex":46,"Omamori":49,"Boot":71,"Burning Blood":0,"Akabeko":111,"ClockworkSouvenir":106,"Peace Pipe":14,"Blood Vial":80,"Runic Dome":34,"Anchor":46,"Gambling Chip":8,"Bird Faced Urn":83,"Molten Egg 2":25,"Red Mask":40,"Meat on the Bone":49,"Runic Pyramid":60}],"Burning Blood":138,"Meat on the Bone":24},"card_choices":[{"not_picked":["Feel No Pain","Twin Strike"],"picked":"Uppercut","floor":1.0},{"not_picked":["True Grit","Dark Embrace"],"picked":"Fire Breathing","floor":2.0},{"not_picked":["Flex","Rupture"],"picked":"Battle Trance","floor":5.0},{"not_picked":["Cleave","Armaments"],"picked":"Dropkick","floor":7.0},{"not_picked":["Perfected Strike","True Grit"],"picked":"Feel No Pain","floor":8.0},{"not_picked":["Heavy Blade","Thunderclap"],"picked":"Berserk","floor":11.0},{"not_picked":["Exhume","Clothesline+1"],"picked":"Impervious","floor":14.0},{"not_picked":["Offering","Barricade"],"picked":"Immolate+1","floor":16.0},{"not_picked":["Armaments","Cleave+1"],"picked":"Evolve","floor":18.0},{"not_picked":["Metallicize","Sword Boomerang+1"],"picked":"Seeing Red+1","floor":19},{"not_picked":["Feel No Pain","Armaments"],"picked":"True Grit+1","floor":22},{"not_picked":["Havoc+1","Iron Wave+1","Wild Strike+1"],"picked":"SKIP","floor":23},{"not_picked":["Havoc+1","Iron Wave+1","Wild Strike+1"],"picked":"SKIP","floor":23},{"not_picked":["Armaments","True Grit+1","Metallicize"],"picked":"SKIP","floor":27},{"not_picked":["Armaments","True Grit+1","Metallicize"],"picked":"SKIP","floor":27},{"not_picked":["Rampage+1","Perfected Strike+1"],"picked":"Pommel Strike+1","floor":31},{"not_picked":["Limit Break","Brutality"],"picked":"Double Tap","floor":33},{"not_picked":["Perfected Strike+1","Clothesline+1","Sentinel"],"picked":"SKIP","floor":35},{"not_picked":["Impatience","Magnetism"],"picked":"Apotheosis","floor":37},{"not_picked":["Impatience","Apotheosis"],"picked":"Flash of Steel+1","floor":37},{"not_picked":["Sentinel","Uppercut+1","Flame Barrier"],"picked":"SKIP","floor":39},{"not_picked":["Pummel+1","Dropkick+1"],"picked":"Disarm","floor":41},{"not_picked":["Spot Weakness+1","Thunderclap+1"],"picked":"Dark Embrace","floor":42},{"not_picked":["Intimidate","Clothesline+1","Havoc+1"],"picked":"SKIP","floor":45},{"not_picked":["Evolve","Armaments+1"],"picked":"Intimidate","floor":46},{"not_picked":["Pommel Strike+1","Sword Boomerang+1"],"picked":"Barricade","floor":47},{"not_picked":["Disarm","Inflame","Blood for Blood+1"],"picked":"SKIP","floor":48},{"not_picked":["Pummel+1","Thunderclap+1","Searing Blow+1"],"picked":"SKIP","floor":55}],"player_experience":1277353,"relics_obtained":[{"floor":7.0,"key":"Gambling Chip"},{"floor":9.0,"key":"Peace Pipe"},{"floor":11.0,"key":"Girya"},{"floor":14.0,"key":"Molten Egg 2"},{"floor":19,"key":"Red Mask"},{"floor":25,"key":"Nilry\u0027s Codex"},{"floor":26,"key":"Anchor"},{"floor":27,"key":"Omamori"},{"floor":41,"key":"Torii"},{"floor":43,"key":"Boot"},{"floor":46,"key":"Blood Vial"},{"floor":47,"key":"Bird Faced Urn"},{"floor":55,"key":"Akabeko"}],"event_choices":[{"damage_healed":0.0,"max_hp_gain":0.0,"max_hp_loss":0.0,"gold_gain":0.0,"event_name":"Lab","player_choice":"Got Potions","floor":3.0,"gold_loss":0.0,"damage_taken":0.0},{"damage_healed":0.0,"max_hp_gain":0.0,"max_hp_loss":0.0,"gold_gain":0.0,"event_name":"WeMeetAgain","player_choice":"Ignored","floor":12.0,"gold_loss":0.0,"damage_taken":0.0},{"damage_healed":0,"gold_gain":0,"player_choice":"Fought Bandits","damage_taken":0,"max_hp_gain":0,"max_hp_loss":0,"event_name":"Masked Bandits","floor":19,"gold_loss":0},{"damage_healed":0,"gold_gain":0,"player_choice":"Shed Blood","damage_taken":26,"max_hp_gain":5,"max_hp_loss":0,"event_name":"Forgotten Altar","floor":21,"gold_loss":0},{"damage_healed":0,"gold_gain":0,"player_choice":"Obtained Book","damage_taken":21,"max_hp_gain":0,"max_hp_loss":0,"event_name":"Cursed Tome","floor":25,"gold_loss":0},{"damage_healed":0,"gold_gain":50,"player_choice":"Stole From Cult","damage_taken":0,"max_hp_gain":0,"max_hp_loss":0,"event_name":"Nest","floor":28,"gold_loss":0},{"cards_removed":["Defend_R"],"damage_healed":0,"gold_gain":0,"player_choice":"Removed Skill","damage_taken":0,"max_hp_gain":0,"max_hp_loss":0,"event_name":"Falling","floor":36,"gold_loss":0},{"damage_healed":0,"gold_gain":0,"player_choice":"Memory 3","damage_taken":10,"max_hp_gain":0,"max_hp_loss":0,"event_name":"SensoryStone","floor":37,"gold_loss":0},{"damage_healed":0,"gold_gain":0,"player_choice":"Fight","damage_taken":0,"max_hp_gain":0,"max_hp_loss":0,"event_name":"Mysterious Sphere","floor":47,"gold_loss":0}],"is_beta":false,"boss_relics":[{"not_picked":["Ectoplasm","Pandora\u0027s Box"],"picked":"Runic Dome"},{"not_picked":["Cursed Key","Philosopher\u0027s Stone"],"picked":"Runic Pyramid"}],"items_purged_floors":[4,20,54],"is_endless":false,"potions_floor_spawned":[1,8,16,22,31,33,41,42,45,47],"killed_by":"The Heart","ascension_level":20}}