{"host":"cijhj3091wf4aho3","time":1611633170,"event":{"mods":["BaseMod","Colored Map","Colored Powertips","Downfall","Friendly Minions","GifTheSpireLib","Highlight Path","Minty Spire (QoL Compilation)","Permanent Neow","Random Character Button","Relic Sorter","Relic Stats","StSLib","everything is the same but u backflip on backflip","slay the spire mod where everything is the same but ironclad has a cowboy hat"],"gold_per_floor":[99,110,127,227,227,127,127,161,60,128,178,3,70,135,145,248,248,248,262,312,326,376,402,402,422,422,248,248,281,181,231,246,349,349,349,360,372,104,154,169,169,219,236,250,265,315,215,310,325,325,325,325,325,325],"floor_reached":52,"language":"ENG","playtime":4016,"items_purged":["bronze:Strike","bronze:ForLoop+1","bronze:Replicate"],"score":694,"play_id":"de2529b1-f35d-4b61-ae4c-8b6d7e509f8b","local_time":"20210125195250","is_ascension_mode":false,"campfire_choices":[{"floor":1,"key":"RECALL"},{"data":"bronze:ForLoop","floor":6,"key":"SMITH"},{"data":"bronze:AlphaBuild","floor":18,"key":"SMITH"},{"data":"bronze:Boost","floor":26,"key":"SMITH"},{"data":"bronze:Break","floor":28,"key":"SMITH"},{"data":"bronze:ShipIt","floor":30,"key":"SMITH"},{"data":"bronze:Repair","floor":35,"key":"SMITH"},{"data":"bronze:Allocate","floor":47,"key":"SMITH"}],"circlet_count":0,"master_deck":["bronze:Defend","bronze:Defend","bronze:Defend","bronze:Defend","bronze:Goto","bronze:DelayedSlice","bronze:OilSpill","bronze:Return+1","bronze:OilSpill","bronze:ShipIt+1","bronze:Break+1","bronze:Repair+1","bronze:AlphaBuild+1","bronze:Boost+1","bronze:BugBarrage","bronze:Invalidate+1","Slimebound:Tackle+1","Slimebound:Tackle+1","Slimebound:Tackle+1","bronze:Allocate+1","bronze:BuggyMess+1","expansioncontent:PrepareCrush+1"],"relics":["bronze:BronzeCore","Nunchaku","SsserpentHead","downfall:HeartBlessingRed","bronze:CableSpool","Blood Vial","Runic Pyramid","Dream Catcher","Calipers","Shuriken","Happy Flower","HornCleat","downfall:HeartBlessingGreen","Coffee Dripper","Guardian:BottledAnomaly","bronze:BottledCode","Toxic Egg 2","downfall:HeartBlessingBlue","Bird Faced Urn"],"acts_visited":["Exordium","TheCity","TheBeyond","TheEnding"],"potions_floor_usage":[16,29,29,33,52],"damage_taken":[{"damage":11,"enemies":"Jaw Worm","floor":2,"turns":5},{"damage":0,"enemies":"Cultist","floor":3,"turns":4},{"damage":14,"enemies":"Gremlin Nob","floor":8,"turns":3},{"damage":0,"enemies":"downfall:FleeingMerchant","floor":9,"turns":4},{"damage":0,"enemies":"Small Slimes","floor":10,"turns":1},{"damage":10,"enemies":"downfall:FleeingMerchant","floor":12,"turns":4},{"damage":0,"enemies":"Exordium Wildlife","floor":13,"turns":1},{"damage":2,"enemies":"Blue Slaver","floor":14,"turns":2},{"damage":0,"enemies":"Exordium Wildlife","floor":15,"turns":1},{"damage":37,"enemies":"DF_ARCHETYPE_STREAMLINE","floor":16,"turns":6},{"damage":0,"enemies":"3 Byrds","floor":19,"turns":7},{"damage":0,"enemies":"Spheric Guardian","floor":21,"turns":3},{"damage":0,"enemies":"Gremlin Leader","floor":23,"turns":5},{"damage":4,"enemies":"Centurion and Healer","floor":25,"turns":3},{"damage":0,"enemies":"downfall:FleeingMerchant","floor":27,"turns":4},{"damage":28,"enemies":"Slavers","floor":29,"turns":3},{"damage":3,"enemies":"Snecko","floor":32,"turns":3},{"damage":29,"enemies":"IC_MUSHROOM_ARCHETYPE","floor":33,"turns":4},{"damage":13,"enemies":"3 Shapes","floor":36,"turns":3},{"damage":5,"enemies":"Orb Walker","floor":37,"turns":2},{"damage":0,"enemies":"Jaw Worm Horde","floor":40,"turns":3},{"damage":2,"enemies":"Maw","floor":43,"turns":6},{"damage":0,"enemies":"3 Darklings","floor":44,"turns":3},{"damage":11,"enemies":"Spire Growth","floor":45,"turns":3},{"damage":3,"enemies":"2 Orb Walkers","floor":48,"turns":3},{"damage":2,"enemies":"4 Shapes","floor":49,"turns":4},{"damage":1,"enemies":"SI_POISON_ARCHETYPE","floor":50,"turns":11},{"damage":109,"enemies":"downfall:CharBossMerchant","floor":52,"turns":6}],"seed_played":"-5842358797149491664","potions_obtained":[{"floor":3,"key":"bronze:CleanCodePotion"},{"floor":8,"key":"GamblersBrew"},{"floor":15,"key":"PowerPotion"},{"floor":23,"key":"SkillPotion"},{"floor":25,"key":"SkillPotion"},{"floor":36,"key":"LiquidBronze"},{"floor":45,"key":"BlessingOfTheForge"},{"floor":48,"key":"sneckomod:MuddlingPotion"}],"is_trial":false,"path_per_floor":["R","M","M","?","?","R","T","E","$","M","?","$","M","M","M","B",null,"R","M","?","M","?","E","T","M","R","$","R","E","R","?","M","B",null,"R","M","M","$","?","M","T","T","M","M","M","?","R","?","M","B",null,"E"],"character_chosen":"THE_AUTOMATON","items_purchased":["bronze:Return","bronze:OilSpill","bronze:Break","Shuriken","Happy Flower","Guardian:BottledAnomaly"],"campfire_rested":0,"item_purchase_floors":[9,9,12,27,27,38],"current_hp_per_floor":[70,59,59,59,59,59,59,45,47,49,49,41,43,43,45,17,70,70,70,70,70,70,70,70,70,70,70,70,49,49,49,48,28,70,70,67,65,65,60,60,60,60,58,60,49,49,59,67,68,69,70,0,0,0],"gold":325,"neow_bonus":"RANDOM_COMMON_RELIC","is_daily":false,"chose_seed":false,"campfire_upgraded":7,"win_rate":0.0,"timestamp":1611633170,"path_taken":["R","M","M","?","?","R","T","E","$","?","?","?","?","?","M","BOSS","R","M","?","M","?","E","T","M","R","$","R","E","R","?","M","BOSS","R","M","M","$","?","M","T","?","M","M","M","?","R","?","M","BOSS","E"],"items_purchased_type":["Card","Card","Card","Relic","Relic","Relic"],"build_version":"2020-12-22","purchased_purges":3,"victory":false,"max_hp_per_floor":[70,70,70,70,70,70,70,70,70,70,70,70,70,70,70,70,70,70,70,70,70,70,70,70,70,70,70,70,70,70,70,70,70,70,70,70,70,70,60,60,60,60,60,60,60,60,70,70,70,70,70,70,70,70],"relic_stats":{"Blood Vial":28,"SsserpentHead":600,"Nunchaku":[25],"Dream Catcher":0,"Happy Flower":[18],"counters":[28,107],"Shuriken":[25],"Bird Faced Urn":[0],"obtain_stats":[{"bronze:BronzeCore":0,"Calipers":24,"downfall:HeartBlessingRed":6,"Happy Flower":27,"downfall:HeartBlessingGreen":30,"bronze:CableSpool":7,"Blood Vial":8,"bronze:BottledCode":39,"SsserpentHead":5,"Nunchaku":0,"Dream Catcher":23,"HornCleat":29,"Shuriken":27,"downfall:HeartBlessingBlue":47,"Bird Faced Urn":48,"Coffee Dripper":34,"Guardian:BottledAnomaly":38,"Toxic Egg 2":42,"Runic Pyramid":17},{"bronze:BronzeCore":0,"Calipers":13,"downfall:HeartBlessingRed":2,"Happy Flower":15,"downfall:HeartBlessingGreen":16,"bronze:CableSpool":2,"Blood Vial":3,"bronze:BottledCode":20,"SsserpentHead":2,"Nunchaku":0,"Dream Catcher":13,"HornCleat":16,"Shuriken":15,"downfall:HeartBlessingBlue":24,"Bird Faced Urn":25,"Coffee Dripper":18,"Guardian:BottledAnomaly":20,"Toxic Egg 2":21,"Runic Pyramid":10},{"bronze:BronzeCore":0,"Calipers":46,"downfall:HeartBlessingRed":9,"Happy Flower":53,"downfall:HeartBlessingGreen":56,"bronze:CableSpool":9,"Blood Vial":12,"bronze:BottledCode":68,"SsserpentHead":9,"Nunchaku":0,"Dream Catcher":46,"HornCleat":56,"Shuriken":53,"downfall:HeartBlessingBlue":83,"Bird Faced Urn":86,"Coffee Dripper":63,"Guardian:BottledAnomaly":68,"Toxic Egg 2":71,"Runic Pyramid":31}]},"card_choices":[{"not_picked":["bronze:Shield","bronze:Deprecate"],"picked":"bronze:ForLoop","floor":2},{"not_picked":["bronze:Safeguard","bronze:CutThrough"],"picked":"bronze:DelayedSlice","floor":3},{"not_picked":["bronze:ShipIt","bronze:Deprecate","bronze:DelayedGuard"],"picked":"SKIP","floor":8},{"not_picked":["bronze:BuggyMess","bronze:DarkDash"],"picked":"bronze:OilSpill","floor":9},{"not_picked":["bronze:Branch","bronze:Deprecate","bronze:BitShift"],"picked":"SKIP","floor":10},{"not_picked":["bronze:BuggyMess","bronze:WhirlingStrike"],"picked":"bronze:ShipIt","floor":12},{"not_picked":["bronze:WildBeam","bronze:ChildClass"],"picked":"bronze:Repair","floor":13},{"not_picked":["bronze:ForceShield","bronze:Separator","bronze:FollowUp"],"picked":"SKIP","floor":14},{"not_picked":["bronze:Philosophize","bronze:BronzeArmor","bronze:Separator"],"picked":"SKIP","floor":15},{"not_picked":["bronze:BurnOut","bronze:Break"],"picked":"bronze:AlphaBuild","floor":16},{"not_picked":["bronze:Backtrace","bronze:Constructor"],"picked":"bronze:Boost","floor":19},{"not_picked":["bronze:Invalidate","bronze:FollowUp+1","bronze:ClassDefault+1"],"picked":"SKIP","floor":21},{"not_picked":["bronze:WhirlingStrike","bronze:SpaghettiCode"],"picked":"bronze:Invalidate+1","floor":23},{"not_picked":["bronze:Frontload","bronze:DelayedSlice+1","bronze:Separator"],"picked":"SKIP","floor":25},{"not_picked":["bronze:CleanCode","bronze:BronzeArmor","bronze:BronzeOrb+1"],"picked":"SKIP","floor":27},{"not_picked":["bronze:WildBeam","bronze:Optimize","bronze:BuggyMess"],"picked":"SKIP","floor":29},{"not_picked":["bronze:DigitalCarnage","bronze:DarkDash","bronze:Deprecate"],"picked":"SKIP","floor":32},{"not_picked":["bronze:DelayedSlice+1","bronze:CloningBeam+1","bronze:CutThrough"],"picked":"SKIP","floor":36},{"not_picked":["bronze:WhirlingStrike+1","bronze:Overheat","bronze:Optimize+1"],"picked":"SKIP","floor":37},{"not_picked":["bronze:WhirlingStrike+1","bronze:DelayedSlice+1","bronze:Allocate"],"picked":"SKIP","floor":40},{"not_picked":["bronze:WhirlingStrike+1","bronze:DelayedSlice+1"],"picked":"bronze:Allocate","floor":40},{"not_picked":["bronze:BugBarrage+1","bronze:Separator","bronze:Branch"],"picked":"SKIP","floor":43},{"not_picked":["bronze:WhirlingStrike+1","bronze:BugBarrage","bronze:Constructor+1"],"picked":"SKIP","floor":44},{"not_picked":["bronze:Separator+1","bronze:BronzeOrb+1"],"picked":"bronze:BuggyMess+1","floor":45},{"not_picked":["expansioncontent:Chronoboost","expansioncontent:LastStand"],"picked":"expansioncontent:PrepareCrush+1","floor":46},{"not_picked":["bronze:Overheat","bronze:FineTuning+1","bronze:CutThrough+1"],"picked":"SKIP","floor":49}],"player_experience":502903,"relics_obtained":[{"floor":7,"key":"bronze:CableSpool"},{"floor":8,"key":"Blood Vial"},{"floor":23,"key":"Dream Catcher"},{"floor":24,"key":"Calipers"},{"floor":29,"key":"HornCleat"},{"floor":42,"key":"Toxic Egg 2"},{"floor":48,"key":"Bird Faced Urn"}],"event_choices":[{"damage_healed":0,"gold_gain":0,"player_choice":"Trade","damage_taken":0,"relics_obtained":["SsserpentHead"],"max_hp_gain":0,"max_hp_loss":0,"event_name":"FaceTrader","floor":5,"gold_loss":0},{"damage_healed":0,"gold_gain":0,"player_choice":"Read","damage_taken":0,"max_hp_gain":0,"max_hp_loss":0,"event_name":"The Library","floor":20,"gold_loss":0,"cards_obtained":["bronze:BugBarrage"]},{"damage_healed":0,"gold_gain":0,"player_choice":"Ignored","damage_taken":0,"max_hp_gain":0,"max_hp_loss":0,"event_name":"Vampires","floor":22,"gold_loss":0},{"damage_healed":0,"gold_gain":0,"player_choice":"Fight","damage_taken":0,"max_hp_gain":0,"max_hp_loss":0,"event_name":"Mysterious Sphere","floor":48,"gold_loss":0}],"is_beta":false,"boss_relics":[{"not_picked":["Fusion Hammer","Calling Bell"],"picked":"Runic Pyramid"},{"not_picked":["SacredBark","Busted Crown"],"picked":"Coffee Dripper"}],"items_purged_floors":[12,27,38],"is_endless":false,"potions_floor_spawned":[3,8,15,23,25,36,45,48,49],"killed_by":"downfall:CharBossMerchant","ascension_level":0}}