{"host":"am9dcwhv7hq2nlsk","time":1611663499,"event":{"mods":["ATMod(°¢èªMod)","AchievementEnabler","Act Like it!","Ascension Reborn","Aspiration","BaseMod","BetterRewards","Conspire","Custom Start","Dota2Spire","Marisa£¨ìFÓê¡¡Ä§ÀíÉ³£©","Minty Spire (QoL Compilation)","Reimu£¨²©ÀöÁéÃÎ£©","Remilia£¨ÀÙÃ×ÀòÑÇ£©","Replay The Spire","RumiaBox-Â¶Ã×æ«µÄÉñÃØºÐ×Ó","Shop Mod","Spicy Shops","StSLib","TestMod","The Cursed","The Hierophant","UnlockEverythingMod","[IsaacMod]ÒÔÈö¼âËþ","noobMod","¡¾ÒÅÎï¿¨ÅÆ¡¿REMEMod","óô»ðÖ¸ÄÏ"],"gold_per_floor":[125,152,302,319,319,319,369,392,446,11,22,41,229,268,268,396,396,421,434,355,360,360,411,273,318,318,155,195,225,225,225,225,250,290,290,290,317,359,460,528,581,581,600,600,600,637,637,738,738,738,738,781,930],"floor_reached":39,"language":"ZHS","playtime":3743,"items_purged":["Strike_G","Strike_G","Defend_G","Strike_G","Injury","Defend_G","SuicideKing","Defend_G","AT_ArcaneSupremacy","Writhe","Defend_G","AT_ArcaneSupremacy","Wrath_TH","Defend_G","Writhe","Strike_G"],"score":2965,"play_id":"505344c4-5a39-4815-9e4e-4f96abee800c","local_time":"20210126201819","is_ascension_mode":true,"campfire_choices":[{"data":"AT_ThistleTea","floor":6.0,"key":"SMITH"},{"floor":15.0,"key":"RECALL"}],"circlet_count":0,"master_deck":["AscendersBane","Strike_G+1","Survivor","Neutralize+1","Backflip+1","AT_EmpoweredMortalDraw+1","AT_ThistleTea+1","Quick Slash+1","Finesse+1","Deadly Poison+1","AT_ArcaneSupremacy+1","Footwork+1","Escape Plan+1","ReplayTheSpireMod:Necrosis+1","Well Laid Plans+1","Deep Breath+1","AT_LightSaberMaster+1","Chrysalis+1","Noxious Fumes+1","Outmaneuver+1","testmod-Collector+1","Escape Plan+1","AT_FocusSwordFire+1","EndlessPower+1","Footwork+1","Chrysalis+1","Bouncing Flask+1","Concentrate+1","testmod-DisillusionmentEcho+1","Footwork+1","Adrenaline+1"],"relics":["Ring of the Snake","testmod-TestBox","HushsDoor","REME_ComplimentaryCards","AT_ATBox","ice","testmod-ObsoleteBoomerang","REME_OnlineShoppingPlatform","MerchantsRug","aspiration:HummingbirdHeart","Dota2Spire:AghanimScepter","Pen Nib","SatanicBible","Ice Cream","Membership Card","testmod-Acrobat","MoreBug","ReplayTheSpireMod:Ninjato","TwistedFunnel","Tough Bandages","Pear","AT_SilvercatRing","Turnip","Replay:Bandana","testmod-HarvestTotem","GnawedLeaf","BookOfRevelations","SSSystem","Replay:Bottled Snecko","MagicDraw1","Medical Kit","Lee\u0027s Waffle","testmod-Maize","Dota2Spire:ArcaneBoots","Golden Egg","REME_LowDesire","DeathBook","Oddly Smooth Stone","Potion Belt","SteamSale","Shovel","PlanX","Bag of Preparation","Orrery","GodSword3","Divine Protection","AT_BellDemon","aspiration:FetidBarrel","Replay:Rubber Ducky","BFFS","Du-Vu Doll","SalivaCoin","White Beast Statue","REME_CardOfGreed","Dota2Spire:OrchidMalevolence","REME_HourglassOfDeath","Gremlin Horn","TungstenRod","conspire:TopHat","HandDrill","Torii","ReplayTheSpireMod:Lightbulb","Iron Hammer","conspire:TreasureMap","Dota2Spire:PowerTreads","aspiration:SeaSaltIceCream","Replay:Bandana","Habit","aspiration:Nostalgia","ScarletHat","conspire:DecoderRing","TentaclePot:ReiMu","TheBible","Dota2Spire:UrnOfShadows","Anchor","FossilizedHelix","Strange Spoon","Chaos","aspiration:MysteriousAuxiliaryCore","aspiration:StickyExplosives_weak","ReplayTheSpireMod:TigerMarble","NineVolt","YumHeart","AT_DeathDance","Dota2Spire:EtherealBlade","Dota2Spire:EyeOfSkadi","AT_RabadonDeathcap","Darkstone Periapt","Dota2Spire:DrumOfEndurance","testmod-Nyarlathotep","Cursed Key","Pondfish Scales","REME_HandOfSuture","Incubus","Cables","testmod-ThousandKnives","Red Mask","GuppysTail","Mirror","AT_TrinityForce","Carrot","NineLifeCat","Dota2Spire:Vanguard","Dota2Spire:PhaseBoots","Calipers","Toxic Egg 2","SacredBark","MyShadow","ReplayFunnel","Blood Vial","BookofShadows"],"acts_visited":["Exordium","TheCity","TheEnding"],"potions_floor_usage":[],"damage_taken":[{"damage":0.0,"enemies":"conspire:RoseBush","floor":1.0,"turns":2.0},{"damage":0.0,"enemies":"Jaw Worm","floor":2.0,"turns":2.0},{"damage":0.0,"enemies":"Small Slimes","floor":4.0,"turns":1.0},{"damage":0.0,"enemies":"3 Sentries","floor":7.0,"turns":1.0},{"damage":0.0,"enemies":"Gremlin Gang","floor":8.0,"turns":2.0},{"damage":0.0,"enemies":"2 Fungi Beasts","floor":11.0,"turns":1.0},{"damage":0.0,"enemies":"Looter","floor":12.0,"turns":2.0},{"damage":0.0,"enemies":"Replay:BlueRogue","floor":14.0,"turns":2.0},{"damage":0.0,"enemies":"Fading Forest","floor":16.0,"turns":13.0},{"damage":0.0,"enemies":"3 Byrds","floor":18.0,"turns":1.0},{"damage":0.0,"enemies":"Spheric Guardian","floor":19.0,"turns":1.0},{"damage":0.0,"enemies":"Centurion and Healer","floor":21.0,"turns":1.0},{"damage":0.0,"enemies":"Book of Stabbing","floor":23.0,"turns":3.0},{"damage":0.0,"enemies":"Replay:Snechameleon","floor":25.0,"turns":1.0},{"damage":0.0,"enemies":"Slavers","floor":28.0,"turns":1.0},{"damage":0.0,"enemies":"Snecko","floor":29.0,"turns":1.0},{"damage":0.0,"enemies":"Spheric Guardian","floor":18.0,"turns":1.0},{"damage":0.0,"enemies":"Chosen","floor":19.0,"turns":1.0},{"damage":0.0,"enemies":"Snecko","floor":22.0,"turns":1.0},{"damage":0.0,"enemies":"Gremlin Leader","floor":23.0,"turns":1.0},{"damage":0.0,"enemies":"Centurion and Healer","floor":24.0,"turns":1.0},{"damage":0.0,"enemies":"conspire:Head Lice","floor":25.0,"turns":1.0},{"damage":0.0,"enemies":"Snake Plant","floor":28.0,"turns":1.0},{"damage":0.0,"enemies":"Masked Bandits","floor":31.0,"turns":1.0},{"damage":0.0,"enemies":"conspire:MysteriousRune","floor":33.0,"turns":1.0},{"damage":0.0,"enemies":"Shield and Spear","floor":37.0,"turns":1.0},{"damage":0,"enemies":"The Heart","floor":38,"turns":4}],"seed_played":"5483969858197317581","potions_obtained":[{"floor":21.0,"key":"testmod-SpacePotion"}],"is_trial":false,"path_per_floor":["M","M","?","M","?","R","E","M","T","R","M","M","R","E","R","B",null,"M","M","$","M","?","E","R","E","T","R","E","M","R","$","R","M","M","?","$","M","E","M","E","T","R","M","$","R","?","R","B",null,"R","$","E","B",null],"character_chosen":"THE_SILENT","items_purchased":["REME_OnlineShoppingPlatform","MerchantsRug","AT_BladeRuinedKing","aspiration:HummingbirdHeart","Dota2Spire:AghanimScepter","Pen Nib","Membership Card","testmod-Acrobat","MoreBug","ReplayTheSpireMod:Ninjato","TwistedFunnel","Tough Bandages","Pear","AT_SilvercatRing","Backflip","Replay:Bandana","Guide Book","SSSystem","Replay:Bottled Snecko","MagicDraw1","Quick Slash","Finesse","Medical Kit","Lee\u0027s Waffle","testmod-Maize","Dota2Spire:ArcaneBoots","AT_ArcaneSupremacy","DeathBook","SteamSale","Shovel","PlanX","Bag of Preparation","Escape Plan","Orrery","Well Laid Plans","AT_BellDemon","aspiration:FetidBarrel","Replay:Rubber Ducky","BFFS","Du-Vu Doll","REME_CardOfGreed","Dota2Spire:OrchidMalevolence","AT_LightSaberMaster","Chrysalis","REME_HourglassOfDeath","HandDrill","Torii","ReplayTheSpireMod:Lightbulb","Iron Hammer","conspire:TreasureMap","Dota2Spire:PowerTreads","Noxious Fumes","aspiration:SeaSaltIceCream","Outmaneuver","Habit","testmod-Collector","aspiration:Nostalgia","conspire:DecoderRing","Escape Plan","TentaclePot:ReiMu","AT_ArcaneSupremacy","Anchor","FossilizedHelix","Strange Spoon","Chaos","Footwork","Dota2Spire:EyeOfSkadi","AT_RabadonDeathcap","Darkstone Periapt","Dota2Spire:DrumOfEndurance","testmod-Nyarlathotep","Bouncing Flask","Pondfish Scales","REME_HandOfSuture","Concentrate","Incubus","Cables","testmod-ThousandKnives","testmod-DisillusionmentEcho","Footwork","Mirror","AT_TrinityForce","NineLifeCat","Dota2Spire:Vanguard","Dota2Spire:PhaseBoots","Calipers","Toxic Egg 2","SacredBark","MyShadow","ReplayFunnel"],"campfire_rested":0,"item_purchase_floors":[0,0,0,0,0,0,0,0,0,0,0,0,0,0,0,0,0,10,10,10,10,10,13,13,13,13,13,17,20,20,20,20,20,20,20,24,24,24,24,24,27,27,27,27,27,30,30,30,30,31,31,31,31,31,31,31,32,32,32,32,32,21,21,21,21,21,27,27,27,27,27,27,29,29,29,29,30,30,30,30,32,32,35,35,35,36,36,36,36,36],"current_hp_per_floor":[113,113,113,113,104,104,104,104,104,104,104,104,186,186,186,186,176,176,176,176,176,176,176,176,176,176,176,176,176,176,176,176,176,176,176,176,176,176,176,176,176,186,186,198,198,198,198,198,198,50,50,50,50],"gold":930,"neow_bonus":"","is_daily":false,"chose_seed":false,"campfire_upgraded":1,"win_rate":0.0,"timestamp":1611663499,"path_taken":["M","M","?","M","?","R","E","M","T","R","?","M","R","E","R","BOSS","M","?","$","M","?","E","R","E","T","R","E","M","R","$","R","M","M","?","$","M","E","?","E","T","R","M","$","R","?","R","BOSS","R","$","E","BOSS"],"items_purchased_type":["Relic","Relic","Relic","Relic","Relic","Relic","Relic","Relic","Relic","Relic","Relic","Relic","Relic","Relic","Card","Relic","Relic","Relic","Relic","Relic","Card","Card","Relic","Relic","Relic","Relic","Card","Relic","Relic","Relic","Relic","Relic","Card","Relic","Card","Relic","Relic","Relic","Relic","Relic","Relic","Relic","Card","Card","Relic","Relic","Relic","Relic","Relic","Relic","Relic","Card","Relic","Card","Relic","Card","Relic","Relic","Card","Relic","Card","Relic","Relic","Relic","Card","Card","Relic","Relic","Relic","Relic","Relic","Card","Relic","Relic","Card","Relic","Relic","Relic","Card","Card","Relic","Relic","Relic","Relic","Relic","Relic","Relic","Relic","Relic","Relic"],"build_version":"2020-12-22","purchased_purges":16,"victory":true,"max_hp_per_floor":[162,162,162,162,162,162,162,162,162,162,162,162,186,186,186,186,176,176,176,176,176,176,176,176,176,176,176,176,176,176,176,176,176,176,176,176,176,176,176,176,176,186,186,198,198,198,198,198,198,50,50,50,50],"card_choices":[{"not_picked":[],"picked":"SuicideKing","floor":0.0},{"not_picked":["Tactician","ReplayTheSpireMod:Tripwire","Hidden Blade"],"picked":"SKIP","floor":1.0},{"not_picked":["Sneak Up","Leg Sweep"],"picked":"AT_ThistleTea","floor":2.0},{"not_picked":["REME_ShadowStrike","Tactician"],"picked":"Bomb","floor":4.0},{"not_picked":["Replay:Poison Smokescreen","Hidden Blade"],"picked":"Bomb","floor":7.0},{"not_picked":["Slice","AT_WindFlip","Backflip"],"picked":"SKIP","floor":8.0},{"not_picked":["Dagger Throw","Backstab","Dash"],"picked":"SKIP","floor":11.0},{"not_picked":["Expertise","Slice"],"picked":"Deadly Poison","floor":12.0},{"not_picked":["ReplayTheSpireMod:Shiv Toss","Poison Darts"],"picked":"Footwork","floor":14.0},{"not_picked":["Deflect+1","PiercingWail","AT_WindFlip","testmod-SunMoon"],"picked":"SKIP","floor":18.0},{"not_picked":["Infinite Blades","Deadly Poison","Sucker Punch","REME_ShortnessOfBreath"],"picked":"SKIP","floor":19.0},{"not_picked":["Sneak Up","PiercingWail","testmod-Recap"],"picked":"ReplayTheSpireMod:Necrosis","floor":20.0},{"not_picked":["Dagger Spray","Prepared","Crippling Poison+1","testmod-TemporaryDeletion"],"picked":"SKIP","floor":21.0},{"not_picked":["Bane","Deflect","REME_GreenPollution"],"picked":"Deep Breath","floor":23.0},{"not_picked":["Leg Sweep","PiercingWail+1","REME_ShadowStrike","Bandage Up"],"picked":"SKIP","floor":25.0},{"not_picked":["AT_WindFlip","Accuracy","Hidden Blade","Enlightenment"],"picked":"SKIP","floor":28.0},{"not_picked":["Dagger Spray","Acrobatics+1","Dodge and Roll","Enlightenment"],"picked":"SKIP","floor":29.0},{"not_picked":["AT_KneejerkReflex","PiercingWail+1","Slice+1","testmod-Superconductor"],"picked":"SKIP","floor":18.0},{"not_picked":["Accuracy","AT_TwilightShroud","REME_WheelOfFate"],"picked":"AT_FocusSwordFire","floor":19.0},{"not_picked":["Sucker Punch+1","REME_CopyPotion","PiercingWail","testmod-DeathImprint+1"],"picked":"SKIP","floor":22.0},{"not_picked":["REME_GreenPollution","Dodge and Roll","Dagger Spray","ReplayTheSpireMod:Brewmster"],"picked":"SKIP","floor":23.0},{"not_picked":["Deflect","Underhanded Strike+1","Deadly Poison","testmod-EternalityOfKhronos"],"picked":"SKIP","floor":24.0},{"not_picked":["Sucker Punch","AT_Desolate","Underhanded Strike","Madness"],"picked":"SKIP","floor":25.0},{"not_picked":["Deadly Poison","Predator+1","Dagger Throw","testmod-BloodBlade"],"picked":"SKIP","floor":28.0},{"not_picked":["Storm of Steel","Bullet Time","Mayhem"],"picked":"Adrenaline","floor":33.0},{"not_picked":["Prepared+1","Quick Slash","Dagger Spray","AT_CelerityRune+1"],"picked":"SKIP","floor":37.0}],"player_experience":509595,"relics_obtained":[{"floor":7.0,"key":"GnawedLeaf"},{"floor":9.0,"key":"BookOfRevelations"},{"floor":14.0,"key":"Golden Egg"},{"floor":17.0,"key":"Oddly Smooth Stone"},{"floor":17.0,"key":"Potion Belt"},{"floor":23.0,"key":"Divine Protection"},{"floor":25.0,"key":"SalivaCoin"},{"floor":25.0,"key":"White Beast Statue"},{"floor":28.0,"key":"Gremlin Horn"},{"floor":28.0,"key":"TungstenRod"},{"floor":29.0,"key":"conspire:TopHat"},{"floor":18.0,"key":"TheBible"},{"floor":19.0,"key":"Dota2Spire:UrnOfShadows"},{"floor":22.0,"key":"aspiration:MysteriousAuxiliaryCore"},{"floor":23.0,"key":"aspiration:StickyExplosives_weak"},{"floor":23.0,"key":"ReplayTheSpireMod:TigerMarble"},{"floor":24.0,"key":"NineVolt"},{"floor":25.0,"key":"YumHeart"},{"floor":25.0,"key":"AT_DeathDance"},{"floor":26.0,"key":"Dota2Spire:EtherealBlade"},{"floor":28.0,"key":"Cursed Key"},{"floor":31.0,"key":"Red Mask"},{"floor":31.0,"key":"GuppysTail"},{"floor":33.0,"key":"Carrot"},{"floor":37.0,"key":"Blood Vial"},{"floor":37.0,"key":"BookofShadows"}],"event_choices":[{"damage_healed":0.0,"max_hp_gain":0.0,"max_hp_loss":0.0,"gold_gain":150.0,"event_name":"¶÷ÂåË¹µÄÅÌ×Ó","player_choice":"Sell","floor":3.0,"relics_lost":["Guide Book"],"gold_loss":0.0,"damage_taken":0.0},{"damage_healed":0.0,"max_hp_gain":0.0,"max_hp_loss":0.0,"gold_gain":0.0,"event_name":"conspire:Investor","player_choice":"Leave","floor":5.0,"gold_loss":0.0,"damage_taken":0.0},{"damage_healed":0.0,"max_hp_gain":0.0,"max_hp_loss":0.0,"gold_gain":0.0,"event_name":"The Mausoleum","player_choice":"Opened","floor":22.0,"gold_loss":0.0,"damage_taken":0.0,"relics_obtained":["GodSword3"],"cards_obtained":["Writhe"]},{"damage_healed":0.0,"max_hp_gain":0.0,"max_hp_loss":0.0,"gold_gain":0.0,"event_name":"Masked Bandits","player_choice":"Fought Bandits","floor":31.0,"gold_loss":0.0,"damage_taken":0.0}],"is_beta":false,"boss_relics":[{"not_picked":["WristBlade","conspire:SlowCooker"],"picked":"REME_LowDesire"},{"not_picked":[]}],"items_purged_floors":[0,0,0,10,13,13,20,24,24,27,27,32,21,27,29,32],"is_endless":false,"potions_floor_spawned":[7,11,14,16,18,21,25,28,29,18,19,22,23,24,25,28,31,33,37],"ascension_level":20}}