{"host":"l84l8xigz5v5foa2","time":1611670731,"event":{"mods":["2.2 Compatiblity","AchievementEnabler","BaseMod","Better Note","Better Vampires","Card Filter","Colored Map","DeckTracker","Downfall","Gremlin Skip","Highlight Path","Keyboard Shortcuts","Minty Spire (QoL Compilation)","Permanent Neow","Quick Restart","Relic Filter","Relic Stats","StSLib","SuperFastMode","Transform Curses","Unknown Chances"],"gold_per_floor":[110,126,140,140,150,150,181,181,207,219,247,275,287,287,287],"floor_reached":13,"language":"ENG","playtime":388,"items_purged":[],"score":174,"play_id":"db877ea2-1a28-44f7-a9a7-36c1c940c125","local_time":"20210126231851","is_ascension_mode":true,"campfire_choices":[{"data":"hexamod:Float","floor":6.0,"key":"SMITH"},{"data":"hexamod:NecessarySacrifice","floor":8.0,"key":"SMITH"},{"data":"hexamod:FastForward","floor":10.0,"key":"SMITH"}],"circlet_count":0,"master_deck":["AscendersBane","hexamod:Strike","hexamod:Strike","hexamod:Strike","hexamod:Defend","hexamod:Defend","hexamod:Defend","hexamod:Defend","hexamod:Sear","hexamod:Float+1","Panache","hexamod:NightmareGuise","hexamod:SwordOfDarkness","hexamod:FastForward+1","hexamod:HeatMetal","hexamod:NecessarySacrifice+1","hexamod:ThirdSeal","hexamod:TimeWarp"],"relics":["hexamod:SpiritBrand","sneckomod:BlankCard","MawBank"],"acts_visited":["Exordium"],"potions_floor_usage":[13],"damage_taken":[{"damage":0.0,"enemies":"Small Slimes","floor":1.0,"turns":3.0},{"damage":1.0,"enemies":"Cultist","floor":2.0,"turns":4.0},{"damage":2.0,"enemies":"Jaw Worm","floor":3.0,"turns":4.0},{"damage":0.0,"enemies":"2 Fungi Beasts","floor":5.0,"turns":3.0},{"damage":15.0,"enemies":"3 Sentries","floor":7.0,"turns":8.0},{"damage":0.0,"enemies":"Large Slime","floor":11.0,"turns":3.0},{"damage":19,"enemies":"Gremlin Gang","floor":12,"turns":5},{"damage":40,"enemies":"Gremlin Nob","floor":13,"turns":3}],"seed_played":"-2538176456828540690","potions_obtained":[{"floor":2.0,"key":"Block Potion"},{"floor":5.0,"key":"FearPotion"},{"floor":12,"key":"hexamod:DoubleChargePotion"}],"is_trial":false,"path_per_floor":["M","M","M","?","M","R","E","R","T","R","M","M","E"],"character_chosen":"THE_SPIRIT","items_purchased":[],"campfire_rested":0,"item_purchase_floors":[],"current_hp_per_floor":[42,41,39,39,39,39,24,24,24,24,24,5,0,0,0],"gold":287,"neow_bonus":"RANDOM_COLORLESS_2","is_daily":false,"chose_seed":false,"campfire_upgraded":3,"win_rate":0.0,"timestamp":1611670731,"path_taken":["M","M","M","?","?","R","E","R","T","R","M","M","E"],"items_purchased_type":[],"build_version":"2020-12-22","purchased_purges":0,"victory":false,"max_hp_per_floor":[63,63,63,63,63,63,63,63,63,63,63,63,63,63,63],"relic_stats":{"counters":[8,33],"MawBank":48,"obtain_stats":[{"sneckomod:BlankCard":7,"MawBank":9,"hexamod:SpiritBrand":0},{"sneckomod:BlankCard":5,"MawBank":5,"hexamod:SpiritBrand":0},{"sneckomod:BlankCard":22,"MawBank":22,"hexamod:SpiritBrand":0}]},"card_choices":[{"not_picked":["Apotheosis","Mayhem"],"picked":"Panache","floor":0.0},{"not_picked":["hexamod:BacktrackSmack","hexamod:BurningTouch"],"picked":"hexamod:NightmareGuise","floor":1.0},{"not_picked":["hexamod:ShieldOfDarkness","hexamod:BurningTouch"],"picked":"hexamod:SwordOfDarkness","floor":2.0},{"not_picked":["hexamod:SuperheatedStrike","hexamod:SearingWound"],"picked":"hexamod:FastForward","floor":3.0},{"not_picked":["hexamod:FlamesFromBeyond","hexamod:EtherealExpedition"],"picked":"hexamod:HeatMetal","floor":5.0},{"not_picked":["hexamod:InspiringFlames","hexamod:ShieldOfDarkness"],"picked":"hexamod:NecessarySacrifice","floor":7.0},{"not_picked":["hexamod:GhostLash","hexamod:Incineration"],"picked":"hexamod:ThirdSeal","floor":11.0},{"not_picked":["hexamod:EmpoweredFlame","hexamod:PowerFromBeyond"],"picked":"hexamod:TimeWarp","floor":12},{"not_picked":["hexamod:BacktrackSmack","hexamod:SuperheatedStrike","hexamod:SwordOfDarkness"],"picked":"SKIP","floor":12}],"player_experience":3431810,"relics_obtained":[{"floor":7.0,"key":"sneckomod:BlankCard"},{"floor":9.0,"key":"MawBank"}],"event_choices":[{"cards_removed":["hexamod:Strike"],"damage_healed":0.0,"max_hp_gain":0.0,"max_hp_loss":0.0,"gold_gain":0.0,"event_name":"Purifier","player_choice":"Purged","floor":4.0,"gold_loss":0.0,"damage_taken":0.0}],"is_beta":false,"boss_relics":[],"items_purged_floors":[],"is_endless":false,"potions_floor_spawned":[2,5,12],"killed_by":"Gremlin Nob","ascension_level":20}}