{"host":"Lincoln","time":1611684071,"event":{"mods":["AchievementEnabler","BaseMod","Minty Spire (QoL Compilation)","Reliquary","Robot Space Explorer","StSLib"],"gold_per_floor":[112,112,287,300,375,375,42,42,68,84,118,136,28,48,48,144,144,158,53,63,63,63,63,63,63],"floor_reached":24,"language":"ENG","playtime":1589,"items_purged":["Doubt"],"score":204,"play_id":"edb2aeff-c2be-4ec5-a58f-915eaeb2a8d5","local_time":"20210126130111","is_ascension_mode":true,"campfire_choices":[{"data":"RobotSpaceExplorer:Arsenal","floor":6.0,"key":"SMITH"},{"data":"RobotSpaceExplorer:Reload","floor":8.0,"key":"SMITH"},{"data":"RobotSpaceExplorer:MiniBoosters","floor":15.0,"key":"SMITH"},{"data":"RobotSpaceExplorer:StarDust","floor":23,"key":"SMITH"}],"circlet_count":0,"master_deck":["RobotSpaceExplorer:Strike","RobotSpaceExplorer:Strike","RobotSpaceExplorer:Strike","RobotSpaceExplorer:Defend","RobotSpaceExplorer:Defend","RobotSpaceExplorer:Scan","RobotSpaceExplorer:MiniLasers","RobotSpaceExplorer:Arsenal+1","RobotSpaceExplorer:FrostMissile","RobotSpaceExplorer:TurboDodge","RobotSpaceExplorer:Reload+1","RobotSpaceExplorer:ScrapShield","RobotSpaceExplorer:JunkDive","RobotSpaceExplorer:MiniBoosters+1","RobotSpaceExplorer:GlueShot","RobotSpaceExplorer:Accelerator","RobotSpaceExplorer:DoubleBlock","RobotSpaceExplorer:StarDust+1","RobotSpaceExplorer:GearShield","RobotSpaceExplorer:Pulsar+1","Writhe","RobotSpaceExplorer:SlimeMissile","RobotSpaceExplorer:StunGrenade"],"relics":["RobotSpaceExplorer:RoboCore","White Beast Statue","Bag of Preparation","Smiling Mask","reliquary:Aerogel","reliquary:WritOfMandamus","Incense Burner"],"acts_visited":["Exordium","TheCity"],"potions_floor_usage":[20,24,24],"damage_taken":[{"damage":2.0,"enemies":"2 Louse","floor":1.0,"turns":3.0},{"damage":1.0,"enemies":"Jaw Worm","floor":4.0,"turns":3.0},{"damage":4.0,"enemies":"Small Slimes","floor":10.0,"turns":3.0},{"damage":9.0,"enemies":"Lagavulin","floor":11.0,"turns":9.0},{"damage":0.0,"enemies":"Looter","floor":12.0,"turns":3.0},{"damage":12.0,"enemies":"Exordium Wildlife","floor":14.0,"turns":3.0},{"damage":12.0,"enemies":"The Guardian","floor":16.0,"turns":16.0},{"damage":20.0,"enemies":"Shell Parasite","floor":18.0,"turns":10.0},{"damage":0,"enemies":"Chosen","floor":20,"turns":5},{"damage":56,"enemies":"Gremlin Leader","floor":24,"turns":7}],"seed_played":"-9160122037949817990","potions_obtained":[{"floor":1.0,"key":"Weak Potion"},{"floor":4.0,"key":"Swift Potion"},{"floor":10.0,"key":"Explosive Potion"},{"floor":11.0,"key":"RobotSpaceExplorer:PlasmaFlask"},{"floor":12.0,"key":"DistilledChaos"},{"floor":14.0,"key":"PowerPotion"},{"floor":16.0,"key":"SneckoOil"},{"floor":18.0,"key":"SkillPotion"},{"floor":20,"key":"SmokeBomb"}],"is_trial":false,"path_per_floor":["M","?","?","M","?","R","$","R","T","M","E","M","$","M","R","B",null,"M","$","M","?","?","R","E"],"character_chosen":"RobotSpaceExplorer","items_purchased":["Bag of Preparation","RobotSpaceExplorer:Reload","RobotSpaceExplorer:ScrapShield","RobotSpaceExplorer:JunkDive","RobotSpaceExplorer:MiniBoosters","RobotSpaceExplorer:StarDust","RobotSpaceExplorer:GearShield"],"campfire_rested":0,"item_purchase_floors":[7,7,7,13,13,19,19],"current_hp_per_floor":[73,70,70,69,58,58,58,58,58,54,45,45,45,33,33,21,75,55,55,55,55,55,55,0,0],"gold":63,"neow_bonus":"ONE_RANDOM_RARE_CARD","is_daily":false,"chose_seed":false,"campfire_upgraded":4,"win_rate":0.0,"timestamp":1611684071,"path_taken":["M","?","?","M","?","R","$","R","T","M","E","M","?","M","R","BOSS","M","$","M","?","?","R","E"],"items_purchased_type":["Relic","Card","Card","Card","Card","Card","Card"],"build_version":"2020-12-18","purchased_purges":1,"victory":false,"max_hp_per_floor":[75,75,75,75,75,75,75,75,75,75,75,75,75,75,75,75,75,75,75,75,75,75,75,75,75],"card_choices":[{"not_picked":["RobotSpaceExplorer:Discharger","RobotSpaceExplorer:MetalStrike"],"picked":"RobotSpaceExplorer:FrostMissile","floor":1.0},{"not_picked":["RobotSpaceExplorer:Ammunition","RobotSpaceExplorer:Electropulse"],"picked":"RobotSpaceExplorer:TurboDodge","floor":4.0},{"not_picked":["RobotSpaceExplorer:Calculate","RobotSpaceExplorer:Ammunition","RobotSpaceExplorer:ScrapMissile"],"picked":"SKIP","floor":10.0},{"not_picked":["RobotSpaceExplorer:SwiftStep","RobotSpaceExplorer:LaserBurst","RobotSpaceExplorer:SurgingStrike"],"picked":"SKIP","floor":11.0},{"not_picked":["RobotSpaceExplorer:LuckyStrike","RobotSpaceExplorer:Electropulse"],"picked":"RobotSpaceExplorer:Wormhole","floor":12.0},{"not_picked":["RobotSpaceExplorer:DoubleFind","RobotSpaceExplorer:FranticSearch"],"picked":"RobotSpaceExplorer:GlueShot","floor":14.0},{"not_picked":["RobotSpaceExplorer:ShockMissile","RobotSpaceExplorer:HighVoltage"],"picked":"RobotSpaceExplorer:Accelerator","floor":16.0},{"not_picked":["RobotSpaceExplorer:ShockKick","RobotSpaceExplorer:TurboDodge+1"],"picked":"RobotSpaceExplorer:DoubleBlock","floor":18.0},{"not_picked":["RobotSpaceExplorer:SlimeMissile","RobotSpaceExplorer:SurgingShield"],"picked":"RobotSpaceExplorer:Pulsar+1","floor":20}],"player_experience":2197889,"relics_obtained":[{"floor":9.0,"key":"Smiling Mask"},{"floor":11.0,"key":"reliquary:Aerogel"}],"event_choices":[{"damage_healed":0.0,"max_hp_gain":0.0,"max_hp_loss":0.0,"gold_gain":0.0,"event_name":"Scrap Ooze","player_choice":"Success","floor":2.0,"gold_loss":0.0,"damage_taken":3.0,"relics_obtained":["White Beast Statue"]},{"damage_healed":0.0,"max_hp_gain":0.0,"max_hp_loss":0.0,"gold_gain":175.0,"event_name":"Liars Game","player_choice":"AGREE","floor":3.0,"gold_loss":0.0,"damage_taken":0.0,"cards_obtained":["Doubt"]},{"damage_healed":0.0,"max_hp_gain":0.0,"max_hp_loss":0.0,"gold_gain":75.0,"event_name":"World of Goop","player_choice":"Gather Gold","floor":5.0,"gold_loss":0.0,"damage_taken":11.0},{"damage_healed":0,"gold_gain":0,"player_choice":"Opened","damage_taken":0,"relics_obtained":["Incense Burner"],"max_hp_gain":0,"max_hp_loss":0,"event_name":"The Mausoleum","floor":21,"gold_loss":0,"cards_obtained":["Writhe"]},{"damage_healed":0,"gold_gain":0,"cards_transformed":["RobotSpaceExplorer:Defend","RobotSpaceExplorer:Strike"],"player_choice":"Became Test Subject","damage_taken":0,"max_hp_gain":0,"max_hp_loss":0,"event_name":"Drug Dealer","floor":22,"gold_loss":0,"cards_obtained":["RobotSpaceExplorer:SlimeMissile","RobotSpaceExplorer:StunGrenade"]}],"is_beta":true,"boss_relics":[{"not_picked":["Runic Dome","Velvet Choker"],"picked":"reliquary:WritOfMandamus"}],"items_purged_floors":[7],"is_endless":false,"potions_floor_spawned":[1,4,10,11,12,14,16,18,20],"killed_by":"Gremlin Leader","ascension_level":1}}