{"host":"thn8o1tmql8xszd5","time":1611619300,"event":{"mods":["AchievementEnabler","Act Like it!","BaseMod","Bestiary","Better Third Choice","Block Reminder","Colored Map","Conspire","Curses Come First","DeckTracker","Gensokyo","Highlight Path","Hubris","Jorbs\u0027s Wanderer Trilogy","Minty Spire (QoL Compilation)","Permanent Neow","Quick Restart","Random Character Button","Relic Sorter","Relic Stats","Robot Space Explorer","StSLib","The Blackbeard","The Blue Laboratory","The Marked","TheVelvet"],"gold_per_floor":[119,134,145,145,161,193,193,193,261,272,132,132,162,180,180,280,280,296,0,20,2,22,22,351,351,351,351,362,362,393,408,408,503,503,513,523,523,543,543,543,554,583,583,583,583,593,593,603,603,603],"floor_reached":51,"language":"ENG","playtime":5195,"items_purged":[],"score":978,"play_id":"178ff620-b2c9-4917-96e6-1616002834e2","local_time":"20210125190140","is_ascension_mode":true,"campfire_choices":[{"floor":7,"key":"REST"},{"data":"Gensokyo:CrescentMoonSlash","floor":12,"key":"SMITH"},{"data":"RobotSpaceExplorer:Discharger","floor":15,"key":"SMITH"},{"data":"RobotSpaceExplorer:Pulsar","floor":23,"key":"SMITH"},{"data":"RobotSpaceExplorer:Electropulse","floor":27,"key":"SMITH"},{"data":"RobotSpaceExplorer:Electroshield","floor":29,"key":"SMITH"},{"floor":32,"key":"REST"},{"floor":40,"key":"REST"},{"data":"RobotSpaceExplorer:Counterblock","floor":45,"key":"SMITH"},{"floor":47,"key":"REST"},{"data":"RobotSpaceExplorer:FreezeRay","floor":49,"key":"SMITH"}],"circlet_count":0,"master_deck":["RobotSpaceExplorer:Strike","RobotSpaceExplorer:Strike","RobotSpaceExplorer:Strike","RobotSpaceExplorer:Defend","RobotSpaceExplorer:Defend","RobotSpaceExplorer:Defend","RobotSpaceExplorer:Defend","RobotSpaceExplorer:Scan","RobotSpaceExplorer:Discharger+1","RobotSpaceExplorer:Pulsar","RobotSpaceExplorer:Pulsar+1","Gensokyo:CrescentMoonSlash+1","RobotSpaceExplorer:ShockKick+1","RobotSpaceExplorer:StunGrenade","RobotSpaceExplorer:ScrapMissile","RobotSpaceExplorer:ShockMissile+1","RobotSpaceExplorer:FrostMissile+1","RobotSpaceExplorer:RigExplosive","RobotSpaceExplorer:GlueShot","RobotSpaceExplorer:Electropulse+1","RobotSpaceExplorer:Electroshield+1","RobotSpaceExplorer:FreezeRay+1","RobotSpaceExplorer:MetalStrike+1","RobotSpaceExplorer:HighVoltage","RobotSpaceExplorer:Counterblock+1","RobotSpaceExplorer:Autoloader","Gensokyo:PrivateSquare","Pride","RobotSpaceExplorer:StunGrenade+1","RobotSpaceExplorer:Counterblock+1"],"relics":["RobotSpaceExplorer:RoboCore","Gambling Chip","Gensokyo:OccultBall","Eternal Feather","FossilizedHelix","RobotSpaceExplorer:ToughPlating","hubris:Backtick","Dead Branch","Bronze Scales","hubris:Metronome","hubris:DeckOfHolding","conspire:RoyalGoblet","Shuriken","Centennial Puzzle"],"acts_visited":["Exordium","Gensokyo:Gensokyo","Gensokyo:Gensokyoer"],"potions_floor_usage":[6,6,16,18,22,30,33,36,36,38,38,41,42,50,50,50,50],"damage_taken":[{"damage":0,"enemies":"Gensokyo:2_Kodama","floor":1,"turns":4},{"damage":12,"enemies":"Gensokyo:Gryphon","floor":2,"turns":5},{"damage":0,"enemies":"Gensokyo:Python","floor":3,"turns":4},{"damage":0,"enemies":"Gensokyo:3_Kodama","floor":5,"turns":1},{"damage":26,"enemies":"Gensokyo:Aya","floor":6,"turns":8},{"damage":10,"enemies":"Gensokyo:2_Rabbits","floor":10,"turns":6},{"damage":0,"enemies":"Gensokyo:Cirno","floor":13,"turns":6},{"damage":1,"enemies":"Gensokyo:VengefulSpirit","floor":14,"turns":2},{"damage":17,"enemies":"Gensokyo:Reimu","floor":16,"turns":7},{"damage":14,"enemies":"Gensokyo:Chomper","floor":18,"turns":5},{"damage":11,"enemies":"Gensokyo:2_Gloops","floor":20,"turns":5},{"damage":0,"enemies":"Gensokyo:Swordslinger","floor":22,"turns":7},{"damage":4,"enemies":"Gensokyo:Reisen","floor":24,"turns":5},{"damage":29,"enemies":"Gensokyo:Slime_Group","floor":28,"turns":4},{"damage":18,"enemies":"Gensokyo:Tenshi","floor":30,"turns":2},{"damage":13,"enemies":"Gensokyo:Wraith","floor":31,"turns":4},{"damage":20,"enemies":"Gensokyo:Eternal_Rivals","floor":33,"turns":8},{"damage":23,"enemies":"Gensokyo:3_Boulders","floor":35,"turns":5},{"damage":10,"enemies":"Gensokyo:AncientGuardian","floor":36,"turns":6},{"damage":20,"enemies":"Gensokyo:Rafflesia","floor":38,"turns":7},{"damage":0,"enemies":"Gensokyo:Dusk_and_Dawn","floor":41,"turns":4},{"damage":14,"enemies":"Gensokyo:Doremy","floor":42,"turns":5},{"damage":0,"enemies":"Gensokyo:AtlasGolem","floor":46,"turns":6},{"damage":19,"enemies":"Gensokyo:Rafflesia","floor":48,"turns":5},{"damage":112,"enemies":"Gensokyo:Scarlet_Devils","floor":50,"turns":12}],"seed_played":"-5988721576091056912","potions_obtained":[{"floor":1,"key":"Ancient Potion"},{"floor":2,"key":"blueLaboratory:BottleOfRum"},{"floor":3,"key":"blueLaboratory:BottleOfVodka"},{"floor":5,"key":"Ancient Potion"},{"floor":16,"key":"blueLaboratory:EmptyBottle"},{"floor":28,"key":"blueLaboratory:AbyssPotion"},{"floor":30,"key":"blueLaboratory:HorrorPotion"},{"floor":33,"key":"Swift Potion"},{"floor":36,"key":"blueLaboratory:StoneskinPotion"},{"floor":38,"key":"RobotSpaceExplorer:RecyclePotion"},{"floor":42,"key":"blueLaboratory:HummingbirdPotion"},{"floor":46,"key":"GamblersBrew"},{"floor":48,"key":"FairyPotion"}],"is_trial":false,"path_per_floor":["M","M","M","?","M","E","R","?","T","M","?","R","E","M","R","B",null,"M","?","M","COS","M","R","E","?","T","R","M","R","E","M","R","B",null,"M","M","?","M","?","R","M","E","T","?","R","M","R","M","R","B",null],"character_chosen":"RobotSpaceExplorer","items_purchased":[],"campfire_rested":4,"item_purchase_floors":[],"current_hp_per_floor":[68,56,56,45,45,23,45,45,45,35,35,44,44,43,52,35,65,51,51,40,40,40,52,48,48,48,60,31,43,25,12,46,26,63,40,30,30,10,10,47,47,33,33,22,37,37,75,56,74,22],"gold":603,"neow_bonus":"TRANSFORM_CARD","is_daily":false,"chose_seed":false,"campfire_upgraded":7,"win_rate":0.0,"timestamp":1611619300,"path_taken":["M","M","M","?","M","E","R","?","T","?","?","R","E","M","R","BOSS","M","?","M","COS","M","R","E","?","T","R","M","R","E","M","R","BOSS","M","?","?","?","?","R","M","E","T","?","R","?","R","M","R","BOSS"],"items_purchased_type":[],"build_version":"2020-12-22","purchased_purges":0,"victory":true,"max_hp_per_floor":[75,75,75,75,75,75,75,75,75,75,75,75,75,75,75,75,75,75,75,75,75,75,75,75,75,75,75,75,75,75,75,75,75,75,75,75,75,75,75,75,75,75,75,75,75,75,75,75,75,75],"relic_stats":{"Centennial Puzzle":[6],"counters":[25,133],"Shuriken":[9],"Gambling Chip":[62],"Dead Branch":[117],"Bronze Scales":[140],"Eternal Feather":132,"obtain_stats":[{"hubris:Metronome":26,"conspire:RoyalGoblet":34,"Dead Branch":17,"RobotSpaceExplorer:RoboCore":0,"Eternal Feather":9,"Centennial Puzzle":43,"hubris:Backtick":17,"Shuriken":42,"Gambling Chip":6,"RobotSpaceExplorer:ToughPlating":13,"Bronze Scales":24,"Gensokyo:OccultBall":8,"hubris:DeckOfHolding":30,"FossilizedHelix":11},{"hubris:Metronome":13,"conspire:RoyalGoblet":17,"Dead Branch":9,"RobotSpaceExplorer:RoboCore":0,"Eternal Feather":5,"Centennial Puzzle":22,"hubris:Backtick":9,"Shuriken":22,"Gambling Chip":5,"RobotSpaceExplorer:ToughPlating":7,"Bronze Scales":13,"Gensokyo:OccultBall":5,"hubris:DeckOfHolding":15,"FossilizedHelix":6},{"hubris:Metronome":65,"conspire:RoyalGoblet":83,"Dead Branch":43,"RobotSpaceExplorer:RoboCore":0,"Eternal Feather":22,"Centennial Puzzle":110,"hubris:Backtick":43,"Shuriken":110,"Gambling Chip":22,"RobotSpaceExplorer:ToughPlating":34,"Bronze Scales":65,"Gensokyo:OccultBall":22,"hubris:DeckOfHolding":71,"FossilizedHelix":28}]},"card_choices":[{"not_picked":["RobotSpaceExplorer:ScrapMissile","RobotSpaceExplorer:Discharger"],"picked":"RobotSpaceExplorer:Pulsar","floor":1},{"not_picked":["RobotSpaceExplorer:Fix","RobotSpaceExplorer:Ammunition"],"picked":"RobotSpaceExplorer:Pulsar","floor":2},{"not_picked":["RobotSpaceExplorer:Ammunition","RobotSpaceExplorer:FreezingShield"],"picked":"RobotSpaceExplorer:Fix","floor":3},{"not_picked":["RobotSpaceExplorer:SlimeMissile","RobotSpaceExplorer:SurgingShield","RobotSpaceExplorer:DoubleFind"],"picked":"SKIP","floor":5},{"not_picked":["RobotSpaceExplorer:SlimeMissile","RobotSpaceExplorer:SurgingShield","RobotSpaceExplorer:DoubleFind"],"picked":"SKIP","floor":5},{"not_picked":["RobotSpaceExplorer:Blitz","RobotSpaceExplorer:Discharger"],"picked":"RobotSpaceExplorer:ShockKick","floor":6},{"not_picked":["RobotSpaceExplorer:Counterblock","RobotSpaceExplorer:FrostMissile"],"picked":"RobotSpaceExplorer:StunGrenade","floor":10},{"not_picked":["RobotSpaceExplorer:Pulsar","RobotSpaceExplorer:FreezingShield","RobotSpaceExplorer:TrailblazerForm"],"picked":"SKIP","floor":13},{"not_picked":["RobotSpaceExplorer:ShockKick","RobotSpaceExplorer:SurgingStrike"],"picked":"RobotSpaceExplorer:ScrapMissile","floor":14},{"not_picked":["RobotSpaceExplorer:Exploration","RobotSpaceExplorer:TrailblazerForm"],"picked":"RobotSpaceExplorer:ShockMissile","floor":16},{"not_picked":["RobotSpaceExplorer:SwiftStep","RobotSpaceExplorer:SurgingStrike"],"picked":"RobotSpaceExplorer:FrostMissile","floor":18},{"not_picked":["RobotSpaceExplorer:Ammunition","RobotSpaceExplorer:DoubleFind"],"picked":"RobotSpaceExplorer:RigExplosive","floor":20},{"not_picked":["RobotSpaceExplorer:Ammunition","RobotSpaceExplorer:ExhaustFan+1","RobotSpaceExplorer:MiniDrones"],"picked":"SKIP","floor":22},{"not_picked":["RobotSpaceExplorer:DoubleBlock","RobotSpaceExplorer:TrailblazerForm"],"picked":"RobotSpaceExplorer:GlueShot","floor":24},{"not_picked":["RobotSpaceExplorer:SlimeMissile","RobotSpaceExplorer:LuckyStrike+1"],"picked":"RobotSpaceExplorer:Electroshield","floor":28},{"not_picked":["RobotSpaceExplorer:Ammunition","RobotSpaceExplorer:GlueShot"],"picked":"RobotSpaceExplorer:FreezeRay","floor":30},{"not_picked":["RobotSpaceExplorer:RigExplosive","RobotSpaceExplorer:PowerGlove+1"],"picked":"RobotSpaceExplorer:MetalStrike+1","floor":31},{"not_picked":["RobotSpaceExplorer:ShockMissile","RobotSpaceExplorer:BlastShield"],"picked":"RobotSpaceExplorer:HighVoltage","floor":33},{"not_picked":["RobotSpaceExplorer:SwiftStep","RobotSpaceExplorer:FrostMissile"],"picked":"RobotSpaceExplorer:Counterblock","floor":35},{"not_picked":["RobotSpaceExplorer:Fix","RobotSpaceExplorer:Counterblock","RobotSpaceExplorer:SurgingStrike+1"],"picked":"SKIP","floor":36},{"not_picked":["RobotSpaceExplorer:TurboDodge+1","RobotSpaceExplorer:IronShell+1","RobotSpaceExplorer:BigMissile"],"picked":"SKIP","floor":38},{"not_picked":["RobotSpaceExplorer:ShockKick","RobotSpaceExplorer:Counterblock","RobotSpaceExplorer:Fix"],"picked":"SKIP","floor":41},{"not_picked":["RobotSpaceExplorer:DroneSwarm","RobotSpaceExplorer:ShovelStrike"],"picked":"RobotSpaceExplorer:StunGrenade+1","floor":42},{"not_picked":["RobotSpaceExplorer:PowerGlove","RobotSpaceExplorer:ScrapMissile"],"picked":"RobotSpaceExplorer:Counterblock+1","floor":46},{"not_picked":["RobotSpaceExplorer:Ammunition+1","RobotSpaceExplorer:StarDust","RobotSpaceExplorer:StunGrenade"],"picked":"SKIP","floor":48},{"not_picked":["RobotSpaceExplorer:Ammunition+1","RobotSpaceExplorer:StarDust","RobotSpaceExplorer:StunGrenade"],"picked":"SKIP","floor":48}],"player_experience":640245,"relics_obtained":[{"floor":6,"key":"Gambling Chip"},{"floor":9,"key":"Eternal Feather"},{"floor":13,"key":"Gensokyo:OccultBall"},{"floor":13,"key":"RobotSpaceExplorer:ToughPlating"},{"floor":16,"key":"Gensokyo:OccultBall"},{"floor":24,"key":"Bronze Scales"},{"floor":26,"key":"hubris:Metronome"},{"floor":30,"key":"hubris:DeckOfHolding"},{"floor":33,"key":"Gensokyo:OccultBall"},{"floor":42,"key":"Shuriken"},{"floor":43,"key":"Centennial Puzzle"}],"event_choices":[],"is_beta":false,"boss_relics":[{"not_picked":["Empty Cage","Runic Dome"],"picked":"hubris:Backtick"},{"not_picked":["conspire:RunicOctahedron","SlaversCollar"],"picked":"conspire:RoyalGoblet"}],"items_purged_floors":[],"is_endless":false,"potions_floor_spawned":[1,2,3,5,16,28,30,33,36,38,42,46,48],"ascension_level":7}}