{"host":"2yhbarjh4s9lrrzt","time":1611697771,"event":{"mods":["2.2 Compatiblity","BaseMod","Better Note","Better Third Choice","Block Reminder","Hubris","Marked Mod","Minty Spire (QoL Compilation)","Replay The Spire","StSLib"],"gold_per_floor":[111,123,133,183,210,222,267,295,307,386,410,422,399,428,440,452,452],"floor_reached":16,"language":"ENG","playtime":3644,"items_purged":[],"score":104,"play_id":"89203ec3-639d-4758-a3e4-5e85806b1bfc","local_time":"20210126164931","is_ascension_mode":false,"campfire_choices":[{"floor":6,"key":"REST"},{"floor":12,"key":"REST"},{"floor":15,"key":"REST"}],"circlet_count":0,"master_deck":["Strike_P","Strike_P","Strike_P","Strike_P+1","Defend_P","Defend_P","Defend_P","Defend_P","Eruption","Vigilance","Evaluate","Ragnarok","FollowUp+1","Looming Evil","Replay:Anticipation","Wireheading","Shame","Weave","Adaptation","hubris:Gluttony","EmptyMind"],"relics":["PureWater","NeowsBlessing","Ring of Hypnosis","Ring of Greed","MawBank","Membership Card","Whetstone","hubris:BundleOfHerbs"],"acts_visited":["Exordium"],"potions_floor_usage":[7,16,16],"damage_taken":[{"damage":0,"enemies":"Cultist","floor":1,"turns":1},{"damage":0,"enemies":"Jaw Worm","floor":2,"turns":1},{"damage":0,"enemies":"Small Slimes","floor":3,"turns":1},{"damage":19,"enemies":"Exordium Wildlife","floor":5,"turns":5},{"damage":43,"enemies":"Gremlin Nob","floor":7,"turns":6},{"damage":22,"enemies":"Lots of Slimes","floor":8,"turns":9},{"damage":7,"enemies":"Large Slime","floor":11,"turns":6},{"damage":3,"enemies":"2 Fungi Beasts","floor":14,"turns":4},{"damage":84,"enemies":"Hexaghost","floor":16,"turns":10}],"seed_played":"1410327522129445522","potions_obtained":[{"floor":5,"key":"EssenceOfSteel"},{"floor":11,"key":"ColorlessPotion"},{"floor":14,"key":"Strength Potion"}],"is_trial":false,"path_per_floor":["M","M","M","?","M","R","E","M","T","?","M","R","?","M","R","B"],"character_chosen":"WATCHER","items_purchased":[],"campfire_rested":3,"item_purchase_floors":[],"current_hp_per_floor":[72,72,72,72,53,72,29,7,7,7,17,38,56,53,72,0,0],"gold":452,"neow_bonus":"THREE_ENEMY_KILL","is_daily":false,"chose_seed":false,"campfire_upgraded":0,"win_rate":0.0,"timestamp":1611697771,"path_taken":["M","?","M","?","M","R","E","M","T","?","M","R","?","M","R","BOSS"],"items_purchased_type":[],"build_version":"2020-12-22","purchased_purges":0,"victory":false,"max_hp_per_floor":[72,72,72,72,72,72,72,72,72,72,72,72,72,72,72,72,72],"card_choices":[{"not_picked":["Prostrate","SashWhip"],"picked":"Evaluate","floor":1},{"not_picked":["Replay:Battleflow","EmptyBody"],"picked":"Ragnarok","floor":2},{"not_picked":["CrushJoints","SashWhip"],"picked":"FollowUp","floor":3},{"not_picked":["JustLucky","PathToVictory"],"picked":"Replay:Anticipation","floor":5},{"not_picked":["Perseverance","EmptyFist"],"picked":"Wireheading","floor":7},{"not_picked":["Consecrate","Indignation"],"picked":"Weave","floor":8},{"not_picked":["Fasting2","FlyingSleeves"],"picked":"Adaptation","floor":11},{"not_picked":["MarkedMod:GentlePulse","Crescendo"],"picked":"EmptyMind","floor":14}],"player_experience":257168,"relics_obtained":[{"floor":4,"key":"Ring of Hypnosis"},{"floor":4,"key":"Ring of Greed"},{"floor":4,"key":"MawBank"},{"floor":4,"key":"Membership Card"},{"floor":7,"key":"Whetstone"},{"floor":9,"key":"hubris:BundleOfHerbs"}],"event_choices":[{"damage_healed":0,"gold_gain":67,"player_choice":"Gained Gold","damage_taken":0,"max_hp_gain":0,"max_hp_loss":0,"event_name":"Golden Wing","floor":10,"gold_loss":0},{"damage_healed":18,"gold_gain":0,"player_choice":"Healed","damage_taken":0,"max_hp_gain":0,"max_hp_loss":0,"event_name":"The Cleric","floor":13,"gold_loss":35}],"is_beta":false,"boss_relics":[],"items_purged_floors":[],"is_endless":false,"potions_floor_spawned":[5,11,14],"killed_by":"Hexaghost","ascension_level":0}}