{"host":"ujyomg7d1f18u2we","time":1611703207,"event":{"mods":["AchievementEnabler","AlwaysNeverKeys","Aspiration","BaseMod","Colored Map","DeckTracker","Gremlin Skip","Highlight Path","Hubris","Minty Spire (QoL Compilation)","Quick Restart","Random Character Button","StSLib"],"gold_per_floor":[210,210,210,223,154,190,214,184,184,184,41,41,68,88,88,222,222,207,223,246,246,90,90,90],"floor_reached":23,"language":"ENG","playtime":739,"items_purged":["Strike_G"],"score":189,"play_id":"cc3a4eb3-e7f2-4907-b627-a092affb073f","local_time":"20210126202007","is_ascension_mode":false,"campfire_choices":[{"floor":15,"key":"REST"}],"circlet_count":0,"master_deck":["Strike_G","Strike_G+1","Strike_G","Strike_G","Defend_G","Defend_G","Defend_G","Defend_G","Defend_G","Survivor","Neutralize+1","Cloak And Dagger","Accuracy","Blur","Infinite Blades","Die Die Die"],"relics":["Ring of the Snake","Golden Idol","Whetstone","Bottled Tornado","hubris:Towel","CeramicFish","Blood Vial","SacredBark","Anchor"],"acts_visited":["Exordium","TheCity"],"potions_floor_usage":[16,20,20],"damage_taken":[{"damage":0,"enemies":"Cultist","floor":1,"turns":5},{"damage":5,"enemies":"Small Slimes","floor":4,"turns":4},{"damage":29,"enemies":"3 Sentries","floor":6,"turns":15},{"damage":0,"enemies":"Jaw Worm","floor":7,"turns":4},{"damage":0,"enemies":"Looter","floor":8,"turns":4},{"damage":3,"enemies":"Red Slaver","floor":14,"turns":5},{"damage":38,"enemies":"Slime Boss","floor":16,"turns":12},{"damage":15,"enemies":"2 Thieves","floor":18,"turns":4},{"damage":14,"enemies":"3 Byrds","floor":19,"turns":7},{"damage":11,"enemies":"Centurion and Healer","floor":20,"turns":11},{"damage":7,"enemies":"Gremlin Leader","floor":23,"turns":5}],"seed_played":"-8175595364783368563","potions_obtained":[{"floor":7,"key":"Explosive Potion"},{"floor":14,"key":"GamblersBrew"},{"floor":16,"key":"Ancient Potion"},{"floor":20,"key":"FearPotion"}],"is_trial":false,"path_per_floor":["M","?","?","M","$","E","M","M","T","?","$","?","T","M","R","B",null,"M","M","M","?","$","E"],"character_chosen":"THE_SILENT","items_purchased":["Accuracy","Infinite Blades","Anchor"],"campfire_rested":1,"item_purchase_floors":[5,11,22],"current_hp_per_floor":[70,70,65,60,60,31,31,31,31,31,31,24,24,23,42,6,65,50,38,29,29,29,24,24],"gold":90,"neow_bonus":"HUNDRED_GOLD","is_daily":false,"chose_seed":false,"campfire_upgraded":0,"win_rate":0.0,"timestamp":1611703207,"path_taken":["M","?","?","M","?","E","M","?","T","?","?","?","?","M","R","BOSS","M","M","?","?","$","E"],"items_purchased_type":["Card","Card","Relic"],"build_version":"2020-12-22","purchased_purges":1,"victory":false,"max_hp_per_floor":[70,70,65,65,65,65,65,65,65,65,65,65,65,65,65,65,65,65,65,65,65,65,65,65],"card_choices":[{"not_picked":["Quick Slash","Prepared","Underhanded Strike"],"picked":"SKIP","floor":1},{"not_picked":["Infinite Blades","Setup"],"picked":"Cloak And Dagger","floor":4},{"not_picked":["Acrobatics","Bullet Time","Endless Agony"],"picked":"SKIP","floor":6},{"not_picked":["Endless Agony","Underhanded Strike"],"picked":"Blur","floor":7},{"not_picked":["Dodge and Roll","Eviscerate","Deflect"],"picked":"SKIP","floor":8},{"not_picked":["Flechettes","Sucker Punch","Caltrops"],"picked":"SKIP","floor":14},{"not_picked":["Unload","Grand Finale"],"picked":"Die Die Die","floor":16},{"not_picked":["Prepared","hubris:Sniper","hubris:Counter"],"picked":"SKIP","floor":18},{"not_picked":["All Out Attack","Poisoned Stab","Bane+1"],"picked":"SKIP","floor":19},{"not_picked":["Endless Agony+1","Bane+1","Prepared+1"],"picked":"SKIP","floor":20}],"player_experience":1574630,"relics_obtained":[{"floor":6,"key":"Whetstone"},{"floor":9,"key":"Bottled Tornado"},{"floor":13,"key":"Blood Vial"}],"event_choices":[{"damage_healed":0,"gold_gain":0,"player_choice":"Ignored","damage_taken":0,"max_hp_gain":0,"max_hp_loss":0,"event_name":"Shining Light","floor":2,"gold_loss":0},{"damage_healed":0,"gold_gain":0,"player_choice":"Lose Max HP","damage_taken":0,"relics_obtained":["Golden Idol"],"max_hp_gain":0,"max_hp_loss":5,"event_name":"Golden Idol","floor":3,"gold_loss":0},{"damage_healed":0,"gold_gain":0,"player_choice":"Success","damage_taken":7,"relics_obtained":["CeramicFish"],"max_hp_gain":0,"max_hp_loss":0,"event_name":"Scrap Ooze","floor":12,"gold_loss":0}],"is_beta":false,"boss_relics":[{"not_picked":["hubris:RunicObelisk","hubris:Backtick"],"picked":"SacredBark"}],"items_purged_floors":[11],"is_endless":false,"potions_floor_spawned":[7,14,16,20],"killed_by":"Gremlin Leader","ascension_level":0}}