{"host":"ajzb762wgznenkzt","time":1611652017,"event":{"mods":["Act Like it!","Arknights The Spire","BaseMod","CapriCore","Gensokyo","Hallownest","HololiveMod","Koishi","Minty Spire (QoL Compilation)","Quick Restart","Remilia£®¿Ÿ√◊¿Ú—«£©","Replay The Spire","Shop Mod","StSLib","The Bug Knight","The Immortal"],"gold_per_floor":[114,114,37,37,37,66,79,114,114,114,114,136,136,61,91,109,109,214,214,226,476,489,318,333,663,663,663,663,663,673,699,709,709,709],"floor_reached":33,"language":"ZHS","playtime":1276,"items_purged":["ats:Strike G","ats:Defend"],"score":367,"play_id":"58a2b3aa-7596-4fe3-994b-ceee604d5b6f","local_time":"20210126170657","is_ascension_mode":true,"campfire_choices":[{"floor":13.0,"key":"REST"},{"data":"ats:Rapid Magazine","floor":26.0,"key":"SMITH"},{"data":"ats:Demon Strength","floor":29.0,"key":"SMITH"}],"circlet_count":0,"master_deck":["ats:Strike C","ats:Strike S","ats:Armor Crushing Shot","ats:Defend+1","ats:Defend","ats:Defend+1","ats:Emotion Absorption","ats:Healing Drone","ats:Overload+1","ats:Overload","ats:Ignite","ats:Demon Strength+1","ats:Healing Drone","ats:Wolf Pack","ats:Rapid Magazine+1","ats:Guard Mode","ats:Curse Doll","ats:Overload+1"],"relics":["ats:Sanity","NeowsBlessing","Replay:Bottled Steam","ats:Originium","Pantograph","InkBottle","Odd Mushroom","Singing Bowl","Philosopher\u0027s Stone","Old Coin","Gensokyo:ConquerorOfFear","Bottled Lightning","Replay:Bottled Snecko"],"acts_visited":["Exordium","Gensokyo:Gensokyoer"],"potions_floor_usage":[32],"damage_taken":[{"damage":0.0,"enemies":"Small Slimes","floor":1.0,"turns":1.0},{"damage":0.0,"enemies":"Gremlin Nob","floor":6.0,"turns":1.0},{"damage":0.0,"enemies":"2 Louse","floor":7.0,"turns":1.0},{"damage":30.0,"enemies":"Lagavulin","floor":8.0,"turns":6.0},{"damage":9.0,"enemies":"The Mushroom Lair","floor":12.0,"turns":4.0},{"damage":16.0,"enemies":"Gremlin Nob","floor":15.0,"turns":3.0},{"damage":11.0,"enemies":"Jaw Worm","floor":16.0,"turns":3.0},{"damage":37.0,"enemies":"Hexaghost","floor":18.0,"turns":7.0},{"damage":20.0,"enemies":"Gensokyo:Chomper","floor":20.0,"turns":4.0},{"damage":0.0,"enemies":"Gensokyo:2_Gloops","floor":22.0,"turns":4.0},{"damage":34.0,"enemies":"Gensokyo:Monolith_and_Dog","floor":24.0,"turns":7.0},{"damage":51.0,"enemies":"Gensokyo:Reisen","floor":25.0,"turns":5.0},{"damage":26.0,"enemies":"Gensokyo:Wraith","floor":30.0,"turns":5.0},{"damage":0.0,"enemies":"Gensokyo:Koishi","floor":31.0,"turns":4.0},{"damage":38,"enemies":"Gensokyo:3_Gloops","floor":32,"turns":5},{"damage":22,"enemies":"Gensokyo:Tenshi","floor":33,"turns":2}],"seed_played":"6278467857402126068","potions_obtained":[{"floor":1.0,"key":"Ancient Potion"},{"floor":8.0,"key":"SkillPotion"},{"floor":12.0,"key":"ColorlessPotion"},{"floor":15.0,"key":"SkillPotion"},{"floor":31.0,"key":"Ancient Potion"},{"floor":32,"key":"Milkshake"}],"is_trial":false,"path_per_floor":["M","?","$","?","?","E","M","E","PTL","PTL","T","?","R","$","E","M","R","B",null,"M","?","M","$","M","E","R","?","T","R","M","E","M","E"],"character_chosen":"DOCTOR_CLASS","items_purchased":["ats:Overload","ats:Rapid Magazine"],"campfire_rested":1,"item_purchase_floors":[3,23],"current_hp_per_floor":[72,58,58,40,40,40,40,22,22,22,22,16,37,37,29,26,26,50,76,61,61,75,75,70,34,34,34,34,34,26,28,8,0,0],"gold":709,"neow_bonus":"THREE_ENEMY_KILL","is_daily":false,"chose_seed":false,"campfire_upgraded":2,"win_rate":0.0,"timestamp":1611652017,"path_taken":["M","?","$","?","?","E","?","E","PTL","PTL","T","?","R","?","E","M","R","BOSS","M","?","?","$","M","E","R","?","T","R","M","E","M","E"],"items_purchased_type":["Card","Card"],"build_version":"2020-12-22","purchased_purges":2,"victory":false,"max_hp_per_floor":[72,72,72,72,72,72,72,72,72,72,72,72,72,72,74,76,76,76,76,78,74,76,76,78,78,78,78,78,78,78,80,80,80,80],"card_choices":[{"not_picked":["ats:Blood Oath","ats:Consecutive Shot Auto"],"picked":"ats:Healing Drone","floor":1.0},{"not_picked":["ats:Healing Drone","ats:Closed Bolt Burst Fire"],"picked":"ats:Overload","floor":6.0},{"not_picked":["ats:Revitalization","ats:Closed Bolt Burst Fire"],"picked":"ats:Ignite","floor":7.0},{"not_picked":["ats:Powerful Strike","ats:Counter Healing Mode"],"picked":"ats:Demon Strength","floor":8.0},{"not_picked":["ats:Curse Doll","ats:Consecutive Shot Auto","ats:Collapsing Strike"],"picked":"Singing Bowl","floor":15.0},{"not_picked":["ats:LN2 Cannon","ats:Fractured Body","ats:Assault Order"],"picked":"Singing Bowl","floor":16.0},{"not_picked":["ats:Fractured Body","ats:Shadow Assault"],"picked":"ats:Wolf Pack","floor":18.0},{"not_picked":["ats:Revitalization","ats:Directed Diagnosis","ats:Absolute Focus"],"picked":"Singing Bowl","floor":20.0},{"not_picked":["ats:Revitalization","ats:Healing Strengthening","ats:Apocalypse+1"],"picked":"Singing Bowl","floor":22.0},{"not_picked":["ats:Steam Pump","ats:Literary Storm+1","ats:Consecutive Shot Auto+1"],"picked":"Singing Bowl","floor":24.0},{"not_picked":["ats:Powerful Strike","ats:Leaping Hammer"],"picked":"ats:Guard Mode","floor":25.0},{"not_picked":["ats:Flexible Camouflage","ats:Soul Rend"],"picked":"ats:Curse Doll","floor":30.0},{"not_picked":["ats:Revitalization","ats:Absolute Focus","ats:LN2 Cannon"],"picked":"Singing Bowl","floor":31.0},{"not_picked":["ats:Shell Defense","ats:Demon Strength"],"picked":"ats:Overload+1","floor":32}],"player_experience":782362,"relics_obtained":[{"floor":6.0,"key":"ats:Originium"},{"floor":6.0,"key":"Pantograph"},{"floor":8.0,"key":"ats:Originium"},{"floor":11.0,"key":"InkBottle"},{"floor":12.0,"key":"Odd Mushroom"},{"floor":15.0,"key":"ats:Originium"},{"floor":15.0,"key":"Singing Bowl"},{"floor":25.0,"key":"ats:Originium"},{"floor":25.0,"key":"Old Coin"},{"floor":28.0,"key":"Bottled Lightning"},{"floor":30.0,"key":"Gensokyo:ConquerorOfFear"},{"floor":31.0,"key":"Replay:Bottled Snecko"}],"event_choices":[{"damage_healed":0.0,"max_hp_gain":0.0,"max_hp_loss":0.0,"gold_gain":0.0,"event_name":"Shining Light","player_choice":"Entered Light","floor":2.0,"gold_loss":0.0,"damage_taken":14.0,"cards_upgraded":["ats:Defend","ats:Defend"]},{"damage_healed":0.0,"max_hp_gain":0.0,"max_hp_loss":0.0,"gold_gain":0.0,"event_name":"Scrap Ooze","player_choice":"Success","floor":4.0,"gold_loss":0.0,"damage_taken":18.0,"relics_obtained":["Replay:Bottled Steam"]},{"damage_healed":0.0,"max_hp_gain":0.0,"max_hp_loss":0.0,"gold_gain":0.0,"event_name":"Living Wall","player_choice":"Grow","floor":5.0,"gold_loss":0.0,"damage_taken":0.0,"cards_upgraded":["ats:Overload"]},{"damage_healed":0.0,"max_hp_gain":0.0,"max_hp_loss":0.0,"gold_gain":0.0,"event_name":"Mushrooms","player_choice":"Fought Mushrooms","floor":12.0,"gold_loss":0.0,"damage_taken":0.0}],"is_beta":false,"boss_relics":[{"not_picked":["Fusion Hammer","Kintsugi"],"picked":"Philosopher\u0027s Stone"}],"items_purged_floors":[14,23],"is_endless":false,"potions_floor_spawned":[1,8,12,15,20,31,32],"killed_by":"Gensokyo:Tenshi","ascension_level":1}}