{"host":"8acv0qhwpm62j8pm","time":1611644038,"event":{"mods":["BaseMod","Downfall","Hermit","Minty Spire (QoL Compilation)","StSLib"],"gold_per_floor":[99,109,124,124,124,124,124,24,24,24,54,51,76,113,145,157,157,157],"floor_reached":16,"language":"ENG","playtime":934,"items_purged":[],"score":100,"play_id":"6cfa93b8-29b9-4265-94c3-d57055854230","local_time":"20210126035358","is_ascension_mode":false,"campfire_choices":[{"floor":1,"key":"RECALL"},{"data":"hexamod:Sear","floor":8,"key":"SMITH"}],"circlet_count":0,"master_deck":["hexamod:Strike","hexamod:Strike+1","hexamod:Strike","hexamod:Strike","hexamod:Defend+1","hexamod:Defend","hexamod:Defend","hexamod:Defend","hexamod:Sear+1","hexamod:Float+1","hexamod:RadiantFlame","hexamod:SwordOfDarkness","hexamod:FourthSeal","hexamod:ExtraCrispy","hexamod:FlamesFromBeyond","hexamod:ThirdSeal","hexamod:VolcanoVisage","hexamod:SpectersWail"],"relics":["hexamod:SpiritBrand","downfall:BrokenWingStatue","downfall:HeartBlessingRed","MawBank","Eternal Feather"],"acts_visited":["Exordium"],"potions_floor_usage":[16],"damage_taken":[{"damage":0,"enemies":"Small Slimes","floor":2,"turns":4},{"damage":0,"enemies":"2 Louse","floor":3,"turns":3},{"damage":0,"enemies":"Jaw Worm","floor":11,"turns":3},{"damage":0,"enemies":"downfall:FleeingMerchant","floor":12,"turns":4},{"damage":0,"enemies":"3 Louse","floor":13,"turns":3},{"damage":5,"enemies":"Lagavulin","floor":14,"turns":7},{"damage":31,"enemies":"Lots of Slimes","floor":15,"turns":6},{"damage":48,"enemies":"IC_STATUS_ARCHETYPE","floor":16,"turns":8}],"seed_played":"-6044554947494332460","potions_obtained":[{"floor":11,"key":"Energy Potion"},{"floor":12,"key":"Guardian:BlockOnCardUsePotion"},{"floor":13,"key":"SkillPotion"},{"floor":14,"key":"BlessingOfTheForge"}],"is_trial":false,"path_per_floor":["R","M","M","?","?","?","T","R","?","T","M","$","M","E","M","B"],"character_chosen":"THE_SPIRIT","items_purchased":[],"campfire_rested":0,"item_purchase_floors":[],"current_hp_per_floor":[77,77,77,77,77,77,77,77,77,77,77,77,77,72,41,0,0,0],"gold":157,"neow_bonus":"TEN_PERCENT_HP_BONUS","is_daily":false,"chose_seed":false,"campfire_upgraded":1,"win_rate":0.0,"timestamp":1611644038,"path_taken":["R","M","M","?","?","?","T","R","?","?","M","$","M","E","M","BOSS"],"items_purchased_type":[],"build_version":"2020-12-22","purchased_purges":0,"victory":false,"max_hp_per_floor":[77,77,77,77,77,77,77,77,77,77,77,77,77,77,77,77,77,77],"card_choices":[{"not_picked":["hexamod:ShieldOfDarkness","hexamod:HeatCrush"],"picked":"hexamod:RadiantFlame","floor":2},{"not_picked":["hexamod:ShieldOfDarkness","hexamod:NightmareStrike"],"picked":"hexamod:SwordOfDarkness","floor":3},{"not_picked":["hexamod:Firestarter","hexamod:FirstSeal"],"picked":"hexamod:FourthSeal","floor":11},{"not_picked":["hexamod:ChargedBarrage","hexamod:UnlimitedPower"],"picked":"hexamod:ExtraCrispy","floor":12},{"not_picked":["hexamod:CatchUp","hexamod:FastForward"],"picked":"hexamod:FlamesFromBeyond","floor":13},{"not_picked":["hexamod:PhantomFireball","hexamod:BurningTouch"],"picked":"hexamod:ThirdSeal","floor":14},{"not_picked":["hexamod:NightmareStrike","hexamod:ExtraCrispy"],"picked":"hexamod:VolcanoVisage","floor":15},{"not_picked":["hexamod:FastForward","hexamod:SwordOfDarkness"],"picked":"hexamod:SpectersWail","floor":15}],"player_experience":117246,"relics_obtained":[{"floor":10,"key":"MawBank"},{"floor":14,"key":"Eternal Feather"}],"event_choices":[{"cards_removed":["downfall:Malfunctioning"],"damage_healed":0,"gold_gain":0,"player_choice":"Card Removal","damage_taken":0,"max_hp_gain":0,"max_hp_loss":0,"event_name":"The Cleric","floor":6,"gold_loss":0}],"is_beta":false,"boss_relics":[],"items_purged_floors":[],"is_endless":false,"potions_floor_spawned":[11,13,14,15],"killed_by":"IC_STATUS_ARCHETYPE","ascension_level":0}}