{"host":"86exz9sc3zcspcml","time":1611705263,"event":{"mods":["AchievementEnabler","BaseMod","Better Third Choice","Colored Map","Colored Powertips","Gold Saver","Minty Spire (QoL Compilation)","Quick Restart","Rare Cards Sparkle","Spire Birthday Party","StSLib"],"gold_per_floor":[702,721,741,741,305,331,348,365,365,377,377,377,390,409,409,504,504,524,27,52,82,112,112,60,60,60,60,102,115,115,115,115,245,295,313,5,5,5,24,24,40,40,65,85,85,10,21,63,63,63,63],"floor_reached":50,"language":"ENG","playtime":3000,"items_purged":["Decay"],"score":473,"play_id":"0823b137-e1c9-40c1-ba32-b2e8394c636f","local_time":"20210126175423","is_ascension_mode":false,"campfire_choices":[{"floor":11,"key":"REST"},{"floor":15,"key":"REST"},{"floor":23,"key":"RECALL"},{"data":"HandOfGreed","floor":27,"key":"SMITH"},{"data":"Eruption","floor":30,"key":"SMITH"},{"floor":32,"key":"REST"},{"floor":40,"key":"REST"},{"floor":45,"key":"REST"},{"floor":49,"key":"REST"}],"circlet_count":0,"master_deck":["Strike_P","Strike_P","Strike_P","Defend_P","Defend_P","Defend_P","Defend_P","Eruption+1","Vigilance","Prostrate","Consecrate","CutThroughFate","PathToVictory","EmptyFist","Devotion+1","EmptyFist","Consecrate","ThirdEye","Devotion+1","CarveReality","HandOfGreed+1","EmptyFist+1","Protect","Establishment+1","Consecrate","Sanctity+1","DeusExMachina","PathToVictory","CutThroughFate+1","WindmillStrike+1","Parasite","Halt+1","Jack Of All Trades","SignatureMove","CarveReality","Nirvana+1","Prostrate"],"relics":["HolyWater","Centennial Puzzle","Frozen Egg 2","Toy Ornithopter","Orichalcum","Mercury Hourglass","Sling","Blood Vial","PreservedInsect","HornCleat","Tiny House","Ice Cream","Bag of Preparation"],"acts_visited":["Exordium","TheCity","TheBeyond"],"potions_floor_usage":[6,13,16,16,29,33,39,47,47,50],"damage_taken":[{"damage":1,"enemies":"Cultist","floor":1,"turns":3},{"damage":0,"enemies":"Jaw Worm","floor":2,"turns":3},{"damage":0,"enemies":"Small Slimes","floor":3,"turns":2},{"damage":48,"enemies":"3 Sentries","floor":6,"turns":11},{"damage":9,"enemies":"Blue Slaver","floor":7,"turns":3},{"damage":4,"enemies":"Red Slaver","floor":8,"turns":3},{"damage":3,"enemies":"Looter","floor":10,"turns":3},{"damage":0,"enemies":"Gremlin Gang","floor":13,"turns":2},{"damage":7,"enemies":"Blue Slaver","floor":14,"turns":3},{"damage":7,"enemies":"Slime Boss","floor":16,"turns":9},{"damage":5,"enemies":"Chosen","floor":18,"turns":4},{"damage":9,"enemies":"Shell Parasite","floor":21,"turns":4},{"damage":3,"enemies":"Cultist and Chosen","floor":22,"turns":4},{"damage":22,"enemies":"Snake Plant","floor":28,"turns":6},{"damage":12,"enemies":"Chosen and Byrds","floor":29,"turns":6},{"damage":44,"enemies":"Automaton","floor":33,"turns":8},{"damage":0,"enemies":"3 Shapes","floor":35,"turns":2},{"damage":30,"enemies":"3 Darklings","floor":39,"turns":5},{"damage":26,"enemies":"Writhing Mass","floor":41,"turns":5},{"damage":41,"enemies":"Spire Growth","floor":44,"turns":5},{"damage":23,"enemies":"3 Darklings","floor":47,"turns":4},{"damage":28,"enemies":"4 Shapes","floor":48,"turns":3},{"damage":35,"enemies":"Donu and Deca","floor":50,"turns":3}],"seed_played":"-2426545054384713566","potions_obtained":[{"floor":2,"key":"LiquidBronze"},{"floor":3,"key":"Swift Potion"},{"floor":7,"key":"Explosive Potion"},{"floor":8,"key":"Fire Potion"},{"floor":18,"key":"Fire Potion"},{"floor":33,"key":"GamblersBrew"},{"floor":34,"key":"Energy Potion"},{"floor":44,"key":"Swift Potion"},{"floor":48,"key":"BottledMiracle"}],"is_trial":false,"path_per_floor":["M","M","M","?","$","E","M","M","T","M","R","T","M","M","R","B",null,"M","$","T","M","M","R","$","?","T","R","M","M","R","?","R","B",null,"M","$","?","?","M","R","M","?","T","M","R","$","M","M","R","B"],"character_chosen":"WATCHER","items_purchased":["Frozen Egg 2","Toy Ornithopter","Fire Potion","Sling","Blood Vial","HandOfGreed","FearPotion","Ice Cream"],"campfire_rested":6,"item_purchase_floors":[5,5,5,19,19,19,24,36],"current_hp_per_floor":[71,71,71,76,76,33,24,20,20,17,40,40,45,38,61,64,77,72,72,72,65,64,64,64,77,77,77,55,50,50,50,73,33,82,82,82,82,82,57,81,56,56,56,17,41,41,30,4,28,0,0],"gold":63,"neow_bonus":"RANDOM_COMMON_RELIC","is_daily":false,"chose_seed":false,"campfire_upgraded":2,"win_rate":0.0,"timestamp":1611705263,"path_taken":["M","?","M","?","$","E","M","M","T","M","R","?","M","M","R","BOSS","M","$","?","M","M","R","$","?","T","R","M","?","R","?","R","BOSS","M","$","?","?","?","R","M","?","T","M","R","?","M","M","R","BOSS"],"items_purchased_type":["Relic","Relic","Potion","Relic","Relic","Card","Potion","Relic"],"build_version":"2020-12-22","purchased_purges":1,"victory":false,"max_hp_per_floor":[72,72,72,77,77,77,77,77,77,77,77,77,77,77,77,77,77,77,77,77,77,77,77,77,77,77,77,77,77,77,77,77,77,82,82,82,82,82,82,82,82,82,82,82,82,82,82,82,82,82,82],"card_choices":[{"not_picked":["ThirdEye","FlurryOfBlows"],"picked":"Prostrate","floor":1},{"not_picked":["Meditate","EmptyMind"],"picked":"Consecrate","floor":2},{"not_picked":["FlurryOfBlows","ForeignInfluence"],"picked":"CutThroughFate","floor":3},{"not_picked":["Nirvana+1","LikeWater+1"],"picked":"PathToVictory","floor":6},{"not_picked":["ClearTheMind","CutThroughFate"],"picked":"EmptyFist","floor":7},{"not_picked":["Prostrate","Crescendo"],"picked":"Devotion+1","floor":8},{"not_picked":["WaveOfTheHand","FlurryOfBlows"],"picked":"EmptyFist","floor":10},{"not_picked":["Study+1","CutThroughFate"],"picked":"Consecrate","floor":13},{"not_picked":["Worship","LikeWater+1"],"picked":"ThirdEye","floor":14},{"not_picked":["MasterReality+1","Omniscience"],"picked":"Devotion+1","floor":16},{"not_picked":["EmptyBody+1","Crescendo+1"],"picked":"CarveReality","floor":18},{"not_picked":["Collect+1","Prostrate+1"],"picked":"EmptyFist+1","floor":21},{"not_picked":["Halt","Fasting2+1"],"picked":"Protect","floor":22},{"not_picked":["Halt","FollowUp+1"],"picked":"Establishment+1","floor":28},{"not_picked":["Crescendo+1","Prostrate"],"picked":"Consecrate","floor":29},{"not_picked":["Establishment+1","Wish"],"picked":"DeusExMachina","floor":33},{"not_picked":["CutThroughFate","SashWhip"],"picked":"PathToVictory","floor":34},{"not_picked":["SashWhip","Establishment+1"],"picked":"CutThroughFate+1","floor":35},{"not_picked":["Consecrate","Prostrate"],"picked":"WindmillStrike+1","floor":39},{"not_picked":["FlurryOfBlows","Protect"],"picked":"Halt+1","floor":41},{"not_picked":["EmptyBody+1","DeceiveReality+1"],"picked":"CarveReality","floor":44},{"not_picked":["ThirdEye+1","Fasting2+1"],"picked":"Nirvana+1","floor":47},{"not_picked":["Scrawl","Evaluate+1"],"picked":"Prostrate","floor":48}],"player_experience":96959,"relics_obtained":[{"floor":6,"key":"Orichalcum"},{"floor":12,"key":"Mercury Hourglass"},{"floor":20,"key":"PreservedInsect"},{"floor":26,"key":"HornCleat"},{"floor":43,"key":"Bag of Preparation"}],"event_choices":[{"damage_healed":0,"gold_gain":0,"player_choice":"Donut","damage_taken":0,"max_hp_gain":5,"max_hp_loss":0,"event_name":"Big Fish","floor":4,"gold_loss":0},{"damage_healed":13,"gold_gain":0,"player_choice":"Full Heal","damage_taken":0,"max_hp_gain":0,"max_hp_loss":0,"event_name":"Wheel of Change","floor":25,"gold_loss":0},{"damage_healed":0,"gold_gain":0,"player_choice":"1 cards matched","damage_taken":0,"max_hp_gain":0,"max_hp_loss":0,"event_name":"Match and Keep!","floor":31,"gold_loss":0,"cards_obtained":["Sanctity"]},{"cards_removed":["Strike_P"],"damage_healed":0,"gold_gain":0,"player_choice":"Removed Attack","damage_taken":0,"max_hp_gain":0,"max_hp_loss":0,"event_name":"Falling","floor":37,"gold_loss":0},{"damage_healed":0,"gold_gain":0,"player_choice":"Ignored","damage_taken":0,"max_hp_gain":0,"max_hp_loss":0,"event_name":"Purifier","floor":38,"gold_loss":0},{"damage_healed":0,"gold_gain":0,"player_choice":"3 cards matched","damage_taken":0,"max_hp_gain":0,"max_hp_loss":0,"event_name":"Match and Keep!","floor":42,"gold_loss":0,"cards_obtained":["Decay","Jack Of All Trades","SignatureMove"]}],"is_beta":false,"boss_relics":[{"not_picked":["Astrolabe","Snecko Eye"],"picked":"HolyWater"},{"not_picked":["SlaversCollar","Busted Crown"],"picked":"Tiny House"}],"items_purged_floors":[46],"is_endless":false,"potions_floor_spawned":[2,3,7,8,18,28,33,44,48],"killed_by":"Donu and Deca","ascension_level":0}}