{"host":"dvpvhz1t6etneyb3","time":1611627669,"event":{"mods":["AchievementEnabler","BaseMod","Colored Map","Highlight Path","Minty Spire (QoL Compilation)","Permanent Neow","Quick Restart"],"gold_per_floor":[115,129,140,215,215,215,243,243,243,257,273,273,304,42,42,42,42],"floor_reached":16,"language":"ENG","playtime":675,"items_purged":[],"score":220,"play_id":"0c3060a5-eab2-46b1-9ad4-d79798063770","local_time":"20210125212109","is_ascension_mode":true,"campfire_choices":[{"data":"Zap","floor":6.0,"key":"SMITH"},{"floor":8.0,"key":"REST"},{"floor":12.0,"key":"REST"},{"data":"Capacitor","floor":15.0,"key":"SMITH"}],"circlet_count":0,"master_deck":["AscendersBane","Strike_B","Strike_B","Strike_B","Strike_B","Defend_B","Defend_B+1","Defend_B+1","Defend_B","Zap+1","Dualcast","Ball Lightning","Cold Snap","Compile Driver","Reinforced Body+1","Hologram+1","Coolheaded+1","Capacitor+1"],"relics":["Philosopher\u0027s Stone","Toxic Egg 2","WingedGreaves","Sundial","War Paint"],"acts_visited":["Exordium"],"potions_floor_usage":[],"damage_taken":[{"damage":2.0,"enemies":"Cultist","floor":1.0,"turns":3.0},{"damage":0.0,"enemies":"2 Louse","floor":2.0,"turns":3.0},{"damage":8.0,"enemies":"Jaw Worm","floor":3.0,"turns":3.0},{"damage":29.0,"enemies":"3 Sentries","floor":7.0,"turns":8.0},{"damage":9.0,"enemies":"Lots of Slimes","floor":10.0,"turns":3.0},{"damage":21.0,"enemies":"Exordium Thugs","floor":11.0,"turns":4.0},{"damage":1.0,"enemies":"Lagavulin","floor":13.0,"turns":5.0},{"damage":28,"enemies":"The Guardian","floor":16,"turns":10}],"seed_played":"473997973941255409","potions_obtained":[{"floor":1.0,"key":"SneckoOil"},{"floor":7.0,"key":"SteroidPotion"},{"floor":11.0,"key":"EssenceOfDarkness"}],"is_trial":false,"path_per_floor":["M","M","M","?","?","R","E","R","T","M","M","R","E","$","R","B"],"character_chosen":"DEFECT","items_purchased":["Coolheaded+1","War Paint","Capacitor"],"campfire_rested":2,"item_purchase_floors":[14,14,14],"current_hp_per_floor":[62,62,54,43,43,43,14,35,35,26,5,26,25,25,25,0,0],"gold":42,"neow_bonus":"BOSS_RELIC","is_daily":false,"chose_seed":false,"campfire_upgraded":2,"win_rate":0.0,"timestamp":1611627669,"path_taken":["M","M","M","?","?","R","E","R","T","M","M","R","E","$","R","BOSS"],"items_purchased_type":["Card","Relic","Card"],"build_version":"2020-12-22","purchased_purges":0,"victory":false,"max_hp_per_floor":[71,71,71,71,71,71,71,71,71,71,71,71,71,71,71,71,71],"card_choices":[{"not_picked":["Barrage","Lockon"],"picked":"Ball Lightning","floor":1.0},{"not_picked":["Hologram","Tempest","Stack"],"picked":"SKIP","floor":2.0},{"not_picked":["Hologram","Gash"],"picked":"Cold Snap","floor":3.0},{"not_picked":["Barrage","Sweeping Beam","Go for the Eyes"],"picked":"SKIP","floor":7.0},{"not_picked":["Stack+1","Blizzard"],"picked":"Compile Driver","floor":10.0},{"not_picked":["Go for the Eyes","Barrage"],"picked":"Reinforced Body+1","floor":11.0},{"not_picked":["Consume+1","Ball Lightning"],"picked":"Hologram+1","floor":13.0}],"player_experience":2075371,"relics_obtained":[{"floor":7.0,"key":"Toxic Egg 2"},{"floor":9.0,"key":"WingedGreaves"},{"floor":13.0,"key":"Sundial"}],"event_choices":[{"damage_healed":0.0,"max_hp_gain":0.0,"max_hp_loss":0.0,"gold_gain":75.0,"event_name":"World of Goop","player_choice":"Gather Gold","floor":4.0,"gold_loss":0.0,"damage_taken":11.0},{"damage_healed":0.0,"max_hp_gain":0.0,"max_hp_loss":0.0,"gold_gain":0.0,"event_name":"Liars Game","player_choice":"Ignored","floor":5.0,"gold_loss":0.0,"damage_taken":0.0}],"is_beta":false,"boss_relics":[],"items_purged_floors":[],"is_endless":false,"potions_floor_spawned":[1,7,11],"killed_by":"The Guardian","ascension_level":20}}