{"host":"ow66nzv2xecjoor3","time":1611644639,"event":{"mods":["BaseMod","Bestiary","Block Reminder","Colored Powertips","Curses Come First","Downfall","Highlight Path","Keyboard Shortcuts","Minty Spire (QoL Compilation)","Permanent Neow","Relic Stats","StSLib","UnlockEverythingMod"],"gold_per_floor":[99,119,269,279,297,297,323,340,340,350,393,421,330,362,387,387,387,387],"floor_reached":16,"language":"ENG","playtime":756,"items_purged":[],"score":104,"play_id":"7bd136dc-a964-483f-bcf3-ccb01f41c63d","local_time":"20210126010359","is_ascension_mode":false,"campfire_choices":[{"data":"sneckomod:SnekBite","floor":1.0,"key":"SMITH"},{"data":"sneckomod:QuickMove","floor":9.0,"key":"SMITH"}],"circlet_count":0,"master_deck":["sneckomod:Strike","sneckomod:Strike","sneckomod:Strike","sneckomod:Defend","sneckomod:Defend","sneckomod:Defend","sneckomod:TailWhip","sneckomod:SnekBite+1","sneckomod:Unknown","sneckomod:Unknown3Cost","downfall:Icky","sneckomod:Nope","sneckomod:SerpentMind","Fiend Fire","sneckomod:QuickMove+1","sneckomod:UnknownVulnerable","sneckomod:SerpentIdol","sneckomod:SerpentMind","Secret Technique","sneckomod:MasterEye","sneckomod:UnknownStrength"],"relics":["sneckomod:SneckoSoul","Regal Pillow","CeramicFish","downfall:HeartBlessingGreen","Odd Mushroom"],"acts_visited":["Exordium"],"potions_floor_usage":[16],"damage_taken":[{"damage":4.0,"enemies":"2 Louse","floor":2.0,"turns":3.0},{"damage":0.0,"enemies":"Jaw Worm","floor":4.0,"turns":2.0},{"damage":7.0,"enemies":"Small Slimes","floor":5.0,"turns":3.0},{"damage":13.0,"enemies":"3 Louse","floor":8.0,"turns":2.0},{"damage":3.0,"enemies":"Large Slime","floor":10.0,"turns":6.0},{"damage":5,"enemies":"Lagavulin","floor":11,"turns":5},{"damage":10,"enemies":"Blue Slaver","floor":12,"turns":4},{"damage":22,"enemies":"The Mushroom Lair","floor":14,"turns":4},{"damage":11,"enemies":"Lots of Slimes","floor":15,"turns":4},{"damage":15,"enemies":"SI_SHIV_ARCHETYPE","floor":16,"turns":3}],"seed_played":"4400711084447224738","potions_obtained":[{"floor":4.0,"key":"Weak Potion"},{"floor":5.0,"key":"Dexterity Potion"},{"floor":10.0,"key":"SmokeBomb"}],"is_trial":false,"path_per_floor":["R","M","?","M","M","R","T","M","R","M","E","M","R","?","M","B"],"character_chosen":"THE_SNECKO","items_purchased":[],"campfire_rested":0,"item_purchase_floors":[],"current_hp_per_floor":[90,86,86,86,79,79,79,66,66,63,58,48,48,26,15,0,0,0],"gold":387,"neow_bonus":"ONE_RANDOM_RARE_CARD","is_daily":false,"chose_seed":false,"campfire_upgraded":2,"win_rate":0.0,"timestamp":1611644639,"path_taken":["R","M","?","M","M","R","T","M","R","M","E","M","R","?","M","BOSS"],"items_purchased_type":[],"build_version":"2020-12-22","purchased_purges":0,"victory":false,"max_hp_per_floor":[90,90,90,90,90,90,90,90,90,90,90,90,90,90,90,90,90,90],"relic_stats":{"Regal Pillow":0,"counters":[10,36],"CeramicFish":45,"obtain_stats":[{"Regal Pillow":7,"CeramicFish":11,"downfall:HeartBlessingGreen":13,"Odd Mushroom":14,"sneckomod:SneckoSoul":0},{"Regal Pillow":3,"CeramicFish":6,"downfall:HeartBlessingGreen":7,"Odd Mushroom":8,"sneckomod:SneckoSoul":0},{"Regal Pillow":8,"CeramicFish":21,"downfall:HeartBlessingGreen":25,"Odd Mushroom":29,"sneckomod:SneckoSoul":0}]},"card_choices":[{"not_picked":["sneckomod:SnakeSap","sneckomod:DiceBlock"],"picked":"sneckomod:UnknownColorless","floor":2.0},{"not_picked":["sneckomod:UnknownBlock","sneckomod:UnknownCommonAttack"],"picked":"sneckomod:Nope","floor":4.0},{"not_picked":["sneckomod:UnknownBlock","sneckomod:QuickMove"],"picked":"sneckomod:SerpentMind","floor":5.0},{"not_picked":["sneckomod:Unknown1Cost","sneckomod:UnknownVulnerable"],"picked":"sneckomod:QuickMove","floor":8.0},{"not_picked":["sneckomod:RainOfDice","sneckomod:Nope"],"picked":"sneckomod:UnknownVulnerable","floor":10.0},{"not_picked":["sneckomod:Unknown1Cost","sneckomod:QuickBite"],"picked":"sneckomod:SerpentIdol","floor":11},{"not_picked":["sneckomod:Unknown0Cost","sneckomod:SoulDraw"],"picked":"sneckomod:SerpentMind","floor":12},{"not_picked":["sneckomod:UnknownCommonAttack","sneckomod:UnknownBlock"],"picked":"sneckomod:MasterEye","floor":14},{"not_picked":["sneckomod:UnknownExhaust","sneckomod:CheapStock"],"picked":"sneckomod:UnknownStrength","floor":15}],"player_experience":2833845,"relics_obtained":[{"floor":7.0,"key":"Regal Pillow"},{"floor":11,"key":"CeramicFish"},{"floor":14,"key":"Odd Mushroom"}],"event_choices":[{"damage_healed":0,"gold_gain":0,"player_choice":"Fought Mushrooms","damage_taken":0,"max_hp_gain":0,"max_hp_loss":0,"event_name":"Mushrooms","floor":14,"gold_loss":0}],"is_beta":false,"boss_relics":[],"items_purged_floors":[],"is_endless":false,"potions_floor_spawned":[4,5,10],"killed_by":"SI_SHIV_ARCHETYPE","ascension_level":0}}