{"host":"p7j7o00jacnw7qzt","time":1611648595,"event":{"mods":["BaseMod","Colored Map","Colored Powertips","DeckTracker","Highlight Path","Minty Spire (QoL Compilation)","Relic Stats"],"gold_per_floor":[118,118,118,134,134,170,170,205,205,219,219,237,237,251,251,251,251],"floor_reached":16,"language":"ZHS","playtime":447,"items_purged":[],"score":270,"play_id":"f1578ffd-bb51-4377-9220-f0b388ccaad3","local_time":"20210126030955","is_ascension_mode":true,"campfire_choices":[{"data":"Eviscerate","floor":7,"key":"SMITH"},{"data":"Reflex","floor":11,"key":"SMITH"},{"data":"Concentrate","floor":13,"key":"SMITH"},{"data":"Neutralize","floor":15,"key":"SMITH"}],"circlet_count":0,"master_deck":["AscendersBane","Strike_G","Strike_G","Strike_G","Strike_G","Strike_G","Defend_G","Defend_G","Defend_G","Defend_G","Defend_G+1","Survivor+1","Neutralize+1","Concentrate+1","Footwork","Eviscerate+1","After Image","Reflex+1","PiercingWail"],"relics":["Ring of the Snake","NeowsBlessing","Golden Idol","StrikeDummy","War Paint","MealTicket","Anchor"],"acts_visited":["Exordium"],"potions_floor_usage":[14],"damage_taken":[{"damage":0.0,"enemies":"Jaw Worm","floor":1.0,"turns":1.0},{"damage":0,"enemies":"Small Slimes","floor":4,"turns":1},{"damage":0,"enemies":"Gremlin Nob","floor":6,"turns":1},{"damage":20,"enemies":"3 Sentries","floor":8,"turns":10},{"damage":0,"enemies":"2 Louse","floor":10,"turns":2},{"damage":0,"enemies":"Gremlin Gang","floor":12,"turns":7},{"damage":6,"enemies":"Exordium Thugs","floor":14,"turns":5},{"damage":41,"enemies":"Hexaghost","floor":16,"turns":11}],"seed_played":"-2974887804858081080","potions_obtained":[{"floor":10,"key":"AttackPotion"},{"floor":14,"key":"Weak Potion"}],"is_trial":false,"path_per_floor":["M","?","?","M","T","E","R","E","T","M","R","M","R","M","R","B"],"character_chosen":"THE_SILENT","items_purchased":[],"campfire_rested":0,"item_purchase_floors":[],"current_hp_per_floor":[59,59,59,59,59,59,59,39,39,39,39,39,39,33,33,0,0],"gold":251,"neow_bonus":"THREE_ENEMY_KILL","is_daily":false,"chose_seed":false,"campfire_upgraded":4,"win_rate":0.0,"timestamp":1611648595,"path_taken":["M","?","?","M","?","E","R","E","T","M","R","M","R","M","R","BOSS"],"items_purchased_type":[],"build_version":"2020-12-22","purchased_purges":0,"victory":false,"max_hp_per_floor":[66,66,60,60,60,60,60,60,60,60,60,60,60,60,60,60,60],"relic_stats":{"counters":[8,38],"Golden Idol":27,"MealTicket":0,"War Paint":["Survivor","Defend_G"],"obtain_stats":[{"Anchor":9,"NeowsBlessing":0,"Golden Idol":3,"MealTicket":8,"War Paint":6,"StrikeDummy":5,"Ring of the Snake":0},{"Anchor":4,"NeowsBlessing":0,"Golden Idol":1,"MealTicket":4,"War Paint":3,"StrikeDummy":2,"Ring of the Snake":0},{"Anchor":13,"NeowsBlessing":0,"Golden Idol":1,"MealTicket":13,"War Paint":3,"StrikeDummy":2,"Ring of the Snake":0}],"Ring of the Snake":[16]},"card_choices":[{"not_picked":["Deflect","Sucker Punch"],"picked":"Concentrate","floor":1.0},{"not_picked":["Deadly Poison","Finisher"],"picked":"Footwork","floor":4},{"not_picked":["Dagger Spray","Predator"],"picked":"Eviscerate","floor":6},{"not_picked":["Dagger Throw","All Out Attack"],"picked":"After Image","floor":8},{"not_picked":["Sucker Punch","All Out Attack"],"picked":"Reflex","floor":10},{"not_picked":["Dodge and Roll","Endless Agony"],"picked":"PiercingWail","floor":12},{"not_picked":["Outmaneuver","Flying Knee","Predator"],"picked":"SKIP","floor":14}],"player_experience":1054441,"relics_obtained":[{"floor":5,"key":"StrikeDummy"},{"floor":6,"key":"War Paint"},{"floor":8,"key":"MealTicket"},{"floor":9,"key":"Anchor"}],"event_choices":[{"damage_healed":0,"gold_gain":0,"player_choice":"Ignored","damage_taken":0,"max_hp_gain":0,"max_hp_loss":0,"event_name":"Shining Light","floor":2,"gold_loss":0},{"damage_healed":0,"gold_gain":0,"player_choice":"Lose Max HP","damage_taken":0,"relics_obtained":["Golden Idol"],"max_hp_gain":0,"max_hp_loss":6,"event_name":"Golden Idol","floor":3,"gold_loss":0}],"is_beta":false,"boss_relics":[],"items_purged_floors":[],"is_endless":false,"potions_floor_spawned":[10,14],"killed_by":"Hexaghost","ascension_level":20}}