{"host":"xmrw7jl1ir2912vf","time":1611627871,"event":{"mods":["BaseMod","Minty Spire (QoL Compilation)","Relic Stats"],"gold_per_floor":[118,134,134,134,134,134,154,193,193],"floor_reached":8,"language":"ENG","playtime":323,"items_purged":[],"score":109,"play_id":"3979d315-63cf-46b1-81a3-9d1795d92eb3","local_time":"20210125212431","is_ascension_mode":true,"campfire_choices":[{"floor":6,"key":"REST"}],"circlet_count":0,"master_deck":["AscendersBane","Strike_R","Strike_R","Strike_R","Strike_R","Strike_R","Defend_R+1","Defend_R","Defend_R","Defend_R+1","Bash","Ghostly Armor","Shockwave"],"relics":["Burning Blood","Omamori","Akabeko","Golden Idol","Regal Pillow"],"acts_visited":["Exordium"],"potions_floor_usage":[8],"damage_taken":[{"damage":12,"enemies":"Small Slimes","floor":1,"turns":5},{"damage":19,"enemies":"Jaw Worm","floor":2,"turns":5},{"damage":0,"enemies":"2 Louse","floor":7,"turns":3},{"damage":52,"enemies":"Lagavulin","floor":8,"turns":7}],"seed_played":"-3227100175760257361","potions_obtained":[{"floor":1,"key":"Explosive Potion"},{"floor":7,"key":"BlessingOfTheForge"}],"is_trial":false,"path_per_floor":["M","M","?","?","?","R","M","E"],"character_chosen":"IRONCLAD","items_purchased":[],"campfire_rested":1,"item_purchase_floors":[],"current_hp_per_floor":[62,49,49,26,26,48,54,8,8],"gold":193,"neow_bonus":"RANDOM_COMMON_RELIC","is_daily":false,"chose_seed":false,"campfire_upgraded":0,"win_rate":0.0,"timestamp":1611627871,"path_taken":["M","M","?","?","?","R","M","E"],"items_purchased_type":[],"build_version":"2020-12-22","purchased_purges":0,"victory":false,"max_hp_per_floor":[75,75,75,75,75,75,75,75,75],"relic_stats":{"Regal Pillow":0,"counters":[4,20],"Golden Idol":12,"obtain_stats":[{"Regal Pillow":8,"Golden Idol":5,"Omamori":0,"Burning Blood":0,"Akabeko":3},{"Regal Pillow":4,"Golden Idol":2,"Omamori":0,"Burning Blood":0,"Akabeko":2},{"Regal Pillow":20,"Golden Idol":10,"Omamori":0,"Burning Blood":0,"Akabeko":10}],"Burning Blood":24},"card_choices":[{"not_picked":["Seeing Red","Warcry"],"picked":"Ghostly Armor","floor":1},{"not_picked":["Inflame","Sever Soul"],"picked":"Shockwave","floor":2},{"not_picked":["Flex","Shockwave","Entrench"],"picked":"SKIP","floor":7},{"not_picked":["Flex","Shockwave","Entrench"],"picked":"SKIP","floor":7}],"player_experience":468955,"relics_obtained":[{"floor":8,"key":"Regal Pillow"}],"event_choices":[{"damage_healed":0,"gold_gain":0,"player_choice":"Box","damage_taken":0,"relics_obtained":["Akabeko"],"max_hp_gain":0,"max_hp_loss":0,"event_name":"Big Fish","floor":3,"gold_loss":0,"cards_obtained":["Regret"]},{"damage_healed":0,"gold_gain":0,"player_choice":"Entered Light","damage_taken":23,"max_hp_gain":0,"max_hp_loss":0,"event_name":"Shining Light","floor":4,"gold_loss":0,"cards_upgraded":["Defend_R","Defend_R"]},{"damage_healed":0,"gold_gain":0,"player_choice":"Take Wound","damage_taken":0,"relics_obtained":["Golden Idol"],"max_hp_gain":0,"max_hp_loss":0,"event_name":"Golden Idol","floor":5,"gold_loss":0,"cards_obtained":["Injury"]}],"is_beta":false,"boss_relics":[],"items_purged_floors":[],"is_endless":false,"potions_floor_spawned":[1,7],"killed_by":"Lagavulin","ascension_level":19}}