{"host":"wq0pzln9h9r005f2","time":1611632317,"event":{"mods":["AchievementEnabler","BaseMod","Googly Eyes","Highlight Path","Minty Spire (QoL Compilation)","Quick Restart","Rare Cards Sparkle","Relic Stats","The IronCluck","egg"],"gold_per_floor":[119,119,294,294,244,278,51,83,155,155,174,249,280,280,280,357,357,376,86,104,4,4,4,4],"floor_reached":23,"language":"ENG","playtime":601,"items_purged":["Strike_R","Strike_R"],"score":363,"play_id":"a340e5d4-1b23-46d3-8429-dd3bc2ba0f01","local_time":"20210125203837","is_ascension_mode":true,"campfire_choices":[{"data":"Bash","floor":10,"key":"SMITH"},{"data":"Whirlwind","floor":15,"key":"SMITH"}],"circlet_count":0,"master_deck":["AscendersBane","Strike_R","Strike_R","Strike_R","Defend_R","Defend_R","Defend_R","Bash+1","Cleave","Whirlwind+1"],"relics":["Burning Blood","Juzu Bracelet","Darkstone Periapt","PreservedInsect","Lee\u0027s Waffle","Torii","Blue Candle","Pear","Gremlin Horn","Philosopher\u0027s Stone","Vajra","Chemical X"],"acts_visited":["Exordium","TheCity"],"potions_floor_usage":[6,16,22,22],"damage_taken":[{"damage":16,"enemies":"Jaw Worm","floor":1,"turns":8},{"damage":25,"enemies":"3 Sentries","floor":6,"turns":8},{"damage":30,"enemies":"Lagavulin","floor":8,"turns":6},{"damage":7,"enemies":"2 Louse","floor":11,"turns":2},{"damage":16,"enemies":"Gremlin Nob","floor":13,"turns":3},{"damage":34,"enemies":"Slime Boss","floor":16,"turns":7},{"damage":38,"enemies":"2 Thieves","floor":18,"turns":3},{"damage":7,"enemies":"Spheric Guardian","floor":20,"turns":3},{"damage":13,"enemies":"Shelled Parasite and Fungi","floor":22,"turns":2},{"damage":53,"enemies":"Book of Stabbing","floor":23,"turns":3}],"seed_played":"3209566720170381340","potions_obtained":[{"floor":1,"key":"Fire Potion"},{"floor":11,"key":"GamblersBrew"},{"floor":13,"key":"SmokeBomb"},{"floor":20,"key":"ElixirPotion"}],"is_trial":false,"path_per_floor":["M","?","?","?","?","E","$","E","T","R","M","?","E","T","R","B",null,"M","$","M","$","M","E"],"character_chosen":"IRONCLAD","items_purchased":["Lee\u0027s Waffle","Vajra","Chemical X"],"campfire_rested":0,"item_purchase_floors":[7,19,19],"current_hp_per_floor":[62,55,61,61,61,42,93,69,69,69,68,57,57,57,57,29,85,53,53,52,52,45,0,0],"gold":4,"neow_bonus":"RANDOM_COMMON_RELIC","is_daily":false,"chose_seed":false,"campfire_upgraded":2,"win_rate":0.0,"timestamp":1611632317,"path_taken":["M","?","?","?","?","E","$","E","T","R","M","?","E","?","R","BOSS","M","$","M","$","M","E"],"items_purchased_type":["Relic","Relic","Relic"],"build_version":"2020-12-22","purchased_purges":2,"victory":false,"max_hp_per_floor":[80,80,86,86,86,86,93,93,93,93,93,93,103,103,103,103,103,103,103,103,103,103,103,103],"relic_stats":{"Darkstone Periapt":6,"Lee\u0027s Waffle":51,"Torii":5,"Gremlin Horn":[1,1],"counters":[10,45],"Blue Candle":[0],"PreservedInsect":94,"Juzu Bracelet":1,"Chemical X":[4],"obtain_stats":[{"Darkstone Periapt":2,"Lee\u0027s Waffle":7,"Pear":13,"Torii":8,"Gremlin Horn":14,"Blue Candle":9,"Vajra":19,"Philosopher\u0027s Stone":17,"PreservedInsect":6,"Juzu Bracelet":0,"Chemical X":19,"Burning Blood":0},{"Darkstone Periapt":1,"Lee\u0027s Waffle":2,"Pear":5,"Torii":3,"Gremlin Horn":5,"Blue Candle":3,"Vajra":7,"Philosopher\u0027s Stone":6,"PreservedInsect":2,"Juzu Bracelet":0,"Chemical X":7,"Burning Blood":0},{"Darkstone Periapt":8,"Lee\u0027s Waffle":16,"Pear":27,"Torii":22,"Gremlin Horn":27,"Blue Candle":22,"Vajra":37,"Philosopher\u0027s Stone":34,"PreservedInsect":16,"Juzu Bracelet":0,"Chemical X":37,"Burning Blood":0}],"Burning Blood":54},"card_choices":[{"not_picked":["Rage","Ghostly Armor"],"picked":"Cleave","floor":1},{"not_picked":["Armaments","Spot Weakness","Rampage"],"picked":"SKIP","floor":6},{"not_picked":["Battle Trance","Armaments","Ghostly Armor"],"picked":"SKIP","floor":8},{"not_picked":["Clothesline","Iron Wave","Seeing Red"],"picked":"SKIP","floor":11},{"not_picked":["Headbutt","Body Slam"],"picked":"Whirlwind","floor":13},{"not_picked":["True Grit","Clash+1","Headbutt+1"],"picked":"SKIP","floor":18},{"not_picked":["Body Slam","Shrug It Off","Battle Trance"],"picked":"SKIP","floor":20}],"player_experience":91266,"relics_obtained":[{"floor":6,"key":"PreservedInsect"},{"floor":8,"key":"Torii"},{"floor":9,"key":"Blue Candle"},{"floor":13,"key":"Pear"},{"floor":14,"key":"Gremlin Horn"}],"event_choices":[{"damage_healed":0,"gold_gain":0,"player_choice":"Success","damage_taken":7,"relics_obtained":["Darkstone Periapt"],"max_hp_gain":0,"max_hp_loss":0,"event_name":"Scrap Ooze","floor":2,"gold_loss":0},{"damage_healed":0,"gold_gain":175,"player_choice":"AGREE","damage_taken":0,"max_hp_gain":0,"max_hp_loss":0,"event_name":"Liars Game","floor":3,"gold_loss":0,"cards_obtained":["Doubt"]},{"cards_removed":["Doubt"],"damage_healed":0,"gold_gain":0,"player_choice":"Forget","damage_taken":0,"max_hp_gain":0,"max_hp_loss":0,"event_name":"Living Wall","floor":4,"gold_loss":0},{"cards_removed":["Defend_R"],"damage_healed":0,"gold_gain":0,"player_choice":"Card Removal","damage_taken":0,"max_hp_gain":0,"max_hp_loss":0,"event_name":"The Cleric","floor":5,"gold_loss":50},{"damage_healed":0,"gold_gain":75,"player_choice":"Gather Gold","damage_taken":11,"max_hp_gain":0,"max_hp_loss":0,"event_name":"World of Goop","floor":12,"gold_loss":0}],"is_beta":false,"boss_relics":[{"not_picked":["Calling Bell","Black Blood"],"picked":"Philosopher\u0027s Stone"}],"items_purged_floors":[7,21],"is_endless":false,"potions_floor_spawned":[1,11,13,20],"killed_by":"Book of Stabbing","ascension_level":13}}