{"host":"39cwv5sgq9xx7422","time":1611657865,"event":{"mods":["BaseMod","Colored Map","Downfall","Minty Spire (QoL Compilation)","Permanent Neow","StSLib"],"gold_per_floor":[0,18,29,46,321,331,331,391,391,491,516,516,527,527,539,643,643,643,653,653,653,671,671,695,713,742,742,773,313,213,232,247,351,351,251,263,317,317,317],"floor_reached":37,"language":"ENG","playtime":2950,"items_purged":["bronze:Strike"],"score":509,"play_id":"0b6109bf-6a42-4cc3-a3f9-58a274af5fdf","local_time":"20210126114425","is_ascension_mode":false,"campfire_choices":[{"data":"bronze:SpaghettiCode","floor":1.0,"key":"SMITH"},{"data":"bronze:Goto","floor":9.0,"key":"SMITH"},{"data":"bronze:Optimize","floor":12.0,"key":"SMITH"},{"data":"bronze:GetLatest","floor":18,"key":"SMITH"},{"data":"bronze:Constructor","floor":23,"key":"SMITH"},{"data":"bronze:FineTuning","floor":30,"key":"SMITH"},{"floor":35,"key":"RECALL"}],"circlet_count":0,"master_deck":["bronze:Defend","bronze:Defend","bronze:Defend","bronze:Replicate+1","bronze:Goto+1","bronze:ItsAFeature","bronze:SpaghettiCode+1","bronze:ChildClass","bronze:Return","bronze:Constructor+1","bronze:WhirlingStrike","bronze:Optimize+1","bronze:GetLatest+1","bronze:Assembly","bronze:FineTuning+1","bronze:FineTuning","expansioncontent:Chronoboost","bronze:Library","bronze:Deprecate+1","bronze:SpaghettiCode+1"],"relics":["bronze:PlatinumCore","White Beast Statue","Nunchaku","Sozu","Happy Flower","Tiny Chest","Peace Pipe","Membership Card","Toxic Egg 2","downfall:HeartBlessingGreen","downfall:HeartBlessingBlue","Ice Cream"],"acts_visited":["Exordium","TheCity","TheBeyond"],"potions_floor_usage":[16,28,33,33],"damage_taken":[{"damage":0.0,"enemies":"Cultist","floor":2.0,"turns":3.0},{"damage":0.0,"enemies":"Jaw Worm","floor":3.0,"turns":4.0},{"damage":1.0,"enemies":"2 Louse","floor":4.0,"turns":3.0},{"damage":9.0,"enemies":"Large Slime","floor":6.0,"turns":7.0},{"damage":2.0,"enemies":"Gremlin Nob","floor":8.0,"turns":2.0},{"damage":25.0,"enemies":"downfall:Heads","floor":10.0,"turns":8.0},{"damage":6.0,"enemies":"3 Sentries","floor":11.0,"turns":5.0},{"damage":0.0,"enemies":"3 Louse","floor":13.0,"turns":2.0},{"damage":0.0,"enemies":"Blue Slaver","floor":15.0,"turns":3.0},{"damage":0,"enemies":"IC_STATUS_ARCHETYPE","floor":16,"turns":11},{"damage":0,"enemies":"3 Byrds","floor":19,"turns":4},{"damage":0,"enemies":"Chosen","floor":22,"turns":4},{"damage":0,"enemies":"Snecko","floor":25,"turns":6},{"damage":12,"enemies":"Gremlin Leader","floor":26,"turns":5},{"damage":0,"enemies":"Slavers","floor":28,"turns":2},{"damage":0,"enemies":"downfall:FleeingMerchant","floor":29,"turns":4},{"damage":5,"enemies":"Snake Plant","floor":31,"turns":5},{"damage":0,"enemies":"Cultist and Chosen","floor":32,"turns":4},{"damage":2,"enemies":"SI_MIRROR_ARCHETYPE","floor":33,"turns":4},{"damage":0,"enemies":"3 Darklings","floor":36,"turns":3},{"damage":15,"enemies":"2 Orb Walkers","floor":37,"turns":6}],"seed_played":"-4549188372148035784","potions_obtained":[{"floor":2.0,"key":"EntropicBrew"},{"floor":4.0,"key":"Dexterity Potion"},{"floor":8.0,"key":"BlessingOfTheForge"},{"floor":16,"key":"Strength Potion"}],"is_trial":false,"path_per_floor":["R","M","M","M","?","M","T","?","R","?","E","R","M","?","M","B",null,"R","M","?","?","M","R","T","M","E","?","E","$","R","M","M","B",null,"R","M","?"],"character_chosen":"THE_AUTOMATON","items_purchased":["Membership Card","expansioncontent:Chronoboost","bronze:Library","Toxic Egg 2"],"campfire_rested":0,"item_purchase_floors":[29,29,29,29],"current_hp_per_floor":[70,70,70,69,69,60,60,58,58,33,27,27,27,27,27,27,70,70,70,70,70,70,70,70,70,58,58,58,58,58,53,53,51,70,80,80,65,65,65],"gold":317,"neow_bonus":"TRANSFORM_TWO_CARDS","is_daily":false,"chose_seed":false,"campfire_upgraded":6,"win_rate":0.0,"timestamp":1611657865,"path_taken":["R","M","M","?","?","?","T","?","R","?","E","R","M","?","M","BOSS","R","M","?","?","M","R","T","M","E","?","E","$","R","M","M","BOSS","R","M","?"],"items_purchased_type":["Relic","Card","Card","Relic"],"build_version":"2020-12-22","purchased_purges":1,"victory":false,"max_hp_per_floor":[70,70,70,70,70,70,70,70,70,70,70,70,70,70,70,70,70,70,70,70,70,70,70,70,70,70,70,70,70,70,70,70,70,70,80,80,80,80,80],"card_choices":[{"not_picked":["bronze:Fortify","bronze:WhirlingStrike"],"picked":"bronze:ChildClass","floor":2.0},{"not_picked":["bronze:Backtrace","bronze:Shield"],"picked":"bronze:Return","floor":3.0},{"not_picked":["bronze:Turbo","bronze:BugBarrage"],"picked":"bronze:Constructor","floor":4.0},{"not_picked":["bronze:Iterate","bronze:Constructor","bronze:BuggyMess"],"picked":"SKIP","floor":6.0},{"not_picked":["bronze:GetLatest","bronze:BitShift"],"picked":"bronze:Optimize","floor":11.0},{"not_picked":["bronze:Invalidate","bronze:DarkDash","bronze:Safeguard"],"picked":"SKIP","floor":13.0},{"not_picked":["bronze:OilSpill","bronze:BurnOut"],"picked":"bronze:GetLatest","floor":15.0},{"not_picked":["bronze:HyperBeam","bronze:Break"],"picked":"bronze:Assembly","floor":16},{"not_picked":["bronze:Turbo","bronze:Backtrace","bronze:Shield"],"picked":"SKIP","floor":19},{"not_picked":["bronze:ItsAFeature+1","bronze:CutThrough","bronze:Return"],"picked":"SKIP","floor":22},{"not_picked":["bronze:Iterate","bronze:WildBeam"],"picked":"bronze:FineTuning","floor":25},{"not_picked":["bronze:FindAndReplace","bronze:OilSpill"],"picked":"bronze:FineTuning","floor":26},{"not_picked":["bronze:DelayedGuard","bronze:MaxOutput+1","bronze:ForceShield"],"picked":"SKIP","floor":28},{"not_picked":["bronze:Deprecate","bronze:Refactor","bronze:Assembly"],"picked":"SKIP","floor":29},{"not_picked":["bronze:Shell+1","bronze:Repair+1","bronze:Overheat"],"picked":"SKIP","floor":31},{"not_picked":["bronze:DelayedGuard+1","bronze:ForceShield+1"],"picked":"bronze:Deprecate+1","floor":32},{"not_picked":["bronze:FindAndReplace+1","bronze:Mutator"],"picked":"bronze:SpaghettiCode+1","floor":33},{"not_picked":["bronze:WildBeam+1","bronze:BitShift+1","bronze:BugBarrage+1"],"picked":"SKIP","floor":36}],"player_experience":626823,"relics_obtained":[{"floor":11.0,"key":"Nunchaku"},{"floor":24,"key":"Happy Flower"},{"floor":26,"key":"Tiny Chest"},{"floor":28,"key":"Peace Pipe"},{"floor":37,"key":"Ice Cream"}],"event_choices":[{"cards_removed":["Regret"],"damage_healed":0.0,"max_hp_gain":0.0,"max_hp_loss":0.0,"gold_gain":0.0,"event_name":"The Cleric","player_choice":"Card Removal","floor":14.0,"gold_loss":0.0,"damage_taken":0.0},{"damage_healed":0,"gold_gain":0,"player_choice":"Ignored","damage_taken":0,"max_hp_gain":0,"max_hp_loss":0,"event_name":"Ghosts","floor":27,"gold_loss":0},{"damage_healed":0,"gold_gain":0,"player_choice":"Fight","damage_taken":0,"max_hp_gain":0,"max_hp_loss":0,"event_name":"Mysterious Sphere","floor":37,"gold_loss":0}],"is_beta":false,"boss_relics":[{"not_picked":["SacredBark","Empty Cage"],"picked":"Sozu"},{"not_picked":["Cursed Key","Calling Bell"],"picked":"bronze:PlatinumCore"}],"items_purged_floors":[29],"is_endless":false,"potions_floor_spawned":[2,4,8,10,11,13,15,16,19,22,25,26,28,29,31,32,33,36,37],"killed_by":"2 Orb Walkers","ascension_level":0}}