{"host":"Haneous","time":1611629466,"event":{"mods":["AchievementEnabler","BaseMod","Better Altar","Better Match","Better Note","Better Sensory Stone","Better Skull","Better Third Choice","BetterRewards","Conspire","Hubris","Infinite Spire","Jorbs\u0027s Wanderer Trilogy","Minty Spire (QoL Compilation)","Rare Cards Sparkle","Spire Arcade","StSLib","The Cursed","The Runesmith","Unceasing Turn Reminder"],"gold_per_floor":[113,5,21,21,21,38,72,82,82,44,57,72,72,72],"floor_reached":13,"language":"ENG","playtime":521,"items_purged":[],"score":87,"play_id":"19a67dc5-132b-4798-a116-7056576bcd0c","local_time":"20210125205106","is_ascension_mode":false,"campfire_choices":[],"circlet_count":0,"master_deck":["Runesmith:Strike_RS","Runesmith:Strike_RS","Runesmith:Strike_RS","Runesmith:Strike_RS","Runesmith:Defend_RS","Runesmith:Defend_RS","Runesmith:Defend_RS","Runesmith:Defend_RS","Runesmith:CraftFirestone","Runesmith:Fortify","Runesmith:ChiselStab","Runesmith:LithiumIon","Runesmith:FieryHammer","Runesmith:CraftIncendium","conspire:Banana","Runesmith:Grindstone","Runesmith:HeatedChisel","Runesmith:PoweredAnvil","Runesmith:CraftMagma"],"relics":["Runesmith:BrokenRuby","Boot","Runesmith:EmergencyProvisions"],"acts_visited":["Exordium"],"potions_floor_usage":[11,12,13],"damage_taken":[{"damage":1,"enemies":"Cultist","floor":1,"turns":4},{"damage":0,"enemies":"2 Louse","floor":3,"turns":3},{"damage":0,"enemies":"conspire:RoseBush","floor":6,"turns":4},{"damage":21,"enemies":"3 Sentries","floor":7,"turns":5},{"damage":13,"enemies":"2 Fungi Beasts","floor":8,"turns":4},{"damage":1,"enemies":"Exordium Wildlife","floor":11,"turns":2},{"damage":5,"enemies":"Looter","floor":12,"turns":3},{"damage":43,"enemies":"Gremlin Nob","floor":13,"turns":4}],"seed_played":"3347710203782263418","potions_obtained":[{"floor":1,"key":"EssenceOfSteel"},{"floor":3,"key":"Energy Potion"},{"floor":8,"key":"FearPotion"}],"is_trial":false,"path_per_floor":["M","$","M","?","?","M","E","M","T","$","M","M","E"],"character_chosen":"RUNESMITH_CLASS","items_purchased":["Runesmith:LithiumIon","Runesmith:FieryHammer","Runesmith:PoweredAnvil"],"campfire_rested":0,"item_purchase_floors":[2,2,10],"current_hp_per_floor":[76,76,76,76,76,77,57,45,45,45,45,41,0,0],"gold":72,"neow_bonus":"TEN_PERCENT_HP_BONUS","is_daily":false,"chose_seed":false,"campfire_upgraded":0,"win_rate":0.0,"timestamp":1611629466,"path_taken":["M","?","M","?","?","M","E","?","T","$","M","M","E"],"items_purchased_type":["Card","Card","Card"],"build_version":"2020-12-18","purchased_purges":0,"victory":false,"max_hp_per_floor":[77,77,77,77,77,78,79,80,80,80,81,82,83,83],"card_choices":[{"not_picked":["Runesmith:Repurpose","Runesmith:HeatExchange"],"picked":"Runesmith:ChiselStab","floor":1},{"not_picked":["Runesmith:RuneHurl","Runesmith:FieryHammer"],"picked":"Runesmith:CraftIncendium","floor":3},{"not_picked":["Dramatic Entrance","Deep Breath"],"picked":"conspire:Banana","floor":5},{"not_picked":["Runesmith:ChiselStab","Runesmith:CraftMagma"],"picked":"Runesmith:Grindstone","floor":6},{"not_picked":["Runesmith:CraftPrismatica","Runesmith:MakeshiftArmor"],"picked":"Runesmith:HeatedChisel","floor":7},{"not_picked":["Runesmith:CraftObretio","Runesmith:Overpower","Runesmith:UnstableHammer"],"picked":"SKIP","floor":8},{"not_picked":["Runesmith:UnstableHammer","Runesmith:Grindstone"],"picked":"Runesmith:CraftMagma","floor":11},{"not_picked":["Runesmith:UnstableHammer","Runesmith:Overpower","Runesmith:CraftSpiculum"],"picked":"SKIP","floor":12}],"player_experience":1366087,"relics_obtained":[{"floor":7,"key":"Boot"},{"floor":9,"key":"Runesmith:EmergencyProvisions"}],"event_choices":[{"damage_healed":0,"gold_gain":1,"player_choice":"1","damage_taken":0,"max_hp_gain":0,"max_hp_loss":0,"event_name":"betterStone:BetterStone","floor":5,"gold_loss":0}],"is_beta":true,"boss_relics":[],"items_purged_floors":[],"is_endless":false,"potions_floor_spawned":[1,3,8],"killed_by":"Gremlin Nob","ascension_level":0}}