{"host":"7eytxr1oawi6r5nr","time":1611697887,"event":{"mods":["BaseMod","Better Third Choice","Curses Come First","Dark Map","Hermit","Hubris","Ironclad Rager","Jorbs\u0027s Wanderer Trilogy","Minty Spire (QoL Compilation)","Permanent Neow","Quick Restart","Rare Cards Sparkle","Reliquary","Replay The Spire","Robot Space Explorer","StSLib","The Cursed","The Disciple","The Dragon Tamer","The Forsaken","The Marked","The Mystic","The Runesmith","UnlockEverythingMod","Wide Potions"],"gold_per_floor":[109,119,132,132,145,145,320,354,354,389,400,195,195,213,213,309,309,325,343,243,340,166,166,166,166,166,81,41,41,53,53,53],"floor_reached":31,"language":"ENG","playtime":1403,"items_purged":["Doubt","Regret","Strike_R"],"score":292,"play_id":"ed7fb262-edd5-4852-8613-ff5da32597d4","local_time":"20210126215127","is_ascension_mode":true,"campfire_choices":[{"data":"Bludgeon","floor":6,"key":"SMITH"},{"data":"True Grit","floor":13,"key":"SMITH"},{"floor":15,"key":"REST"},{"data":"True Grit","floor":24,"key":"SMITH"}],"circlet_count":0,"master_deck":["Strike_R","Strike_R","Strike_R","Strike_R","Defend_R+1","Defend_R+1","Defend_R+1","Defend_R+1","Bash","Bludgeon+1","Seeing Red","Anger","Combust","Wild Strike","Iron Wave","Evolve","Fire Breathing","True Grit+1","Feel No Pain","True Grit+1","Demon Form","Rage","ReplayTheSpireMod:Splinters","Hemokinesis","Disarm+1","Flame Barrier","Flame Barrier","Entrench","Offering","hubris:NaturalOne"],"relics":["Burning Blood","Replay:Bottled Eggs","Nunchaku","Replay:Bottled Snecko","hubris:ToyBattleship","hubris:Backtick","Self Forming Clay","Strawberry","hubris:Icosahedron","Molten Egg 2","Incense Burner"],"acts_visited":["Exordium","TheCity"],"potions_floor_usage":[19],"damage_taken":[{"damage":12.0,"enemies":"Jaw Worm","floor":1.0,"turns":2.0},{"damage":6.0,"enemies":"Small Slimes","floor":2.0,"turns":2.0},{"damage":1,"enemies":"2 Louse","floor":3,"turns":2},{"damage":2,"enemies":"2 Fungi Beasts","floor":5,"turns":2},{"damage":20,"enemies":"3 Sentries","floor":8,"turns":6},{"damage":28,"enemies":"Gremlin Nob","floor":10,"turns":4},{"damage":7,"enemies":"3 Louse","floor":11,"turns":3},{"damage":11,"enemies":"Large Slime","floor":14,"turns":4},{"damage":46,"enemies":"Hexaghost","floor":16,"turns":6},{"damage":27,"enemies":"Spheric Guardian","floor":18,"turns":7},{"damage":24,"enemies":"2 Thieves","floor":19,"turns":5},{"damage":23,"enemies":"Centurion and Healer","floor":30,"turns":10},{"damage":33,"enemies":"Gremlin Leader","floor":31,"turns":6}],"seed_played":"-1966055469435657789","potions_obtained":[{"floor":2.0,"key":"Strength Potion"},{"floor":3,"key":"Swift Potion"},{"floor":5,"key":"Explosive Potion"}],"is_trial":false,"path_per_floor":["M","M","M","?","M","R","?","E","T","E","M","$","R","M","R","B",null,"M","M","$","?","$","?","R","?","T","?","$","?","M","E"],"character_chosen":"IRONCLAD","items_purchased":["True Grit","Feel No Pain","Flame Barrier","Entrench"],"campfire_rested":1,"item_purchase_floors":[12,12,22,28],"current_hp_per_floor":[74,74,79,79,80,80,80,66,66,44,43,43,43,38,62,22,80,59,41,41,48,48,48,48,48,48,48,48,48,31,0,0],"gold":53,"neow_bonus":"ONE_RANDOM_RARE_CARD","is_daily":false,"chose_seed":false,"campfire_upgraded":3,"win_rate":0.0,"timestamp":1611697887,"path_taken":["M","M","M","?","M","R","?","E","T","E","M","$","R","M","R","BOSS","M","M","$","?","$","?","R","?","T","?","$","?","?","E"],"items_purchased_type":["Card","Card","Card","Card"],"build_version":"2020-12-22","purchased_purges":3,"victory":false,"max_hp_per_floor":[80,80,80,80,80,80,80,80,80,80,80,80,80,80,80,80,80,80,80,80,87,87,87,87,87,87,87,87,87,87,87,87],"card_choices":[{"not_picked":["Headbutt","Massacre"],"picked":"Seeing Red","floor":1.0},{"not_picked":["Body Slam","ReplayTheSpireMod:Strike From Hell"],"picked":"Anger","floor":2.0},{"not_picked":["Flex","Body Slam"],"picked":"Combust","floor":3},{"not_picked":["ReplayReversal","Carnage"],"picked":"Wild Strike","floor":5},{"not_picked":["Perfected Strike","Havoc"],"picked":"Iron Wave","floor":8},{"not_picked":["Body Slam","Flex"],"picked":"Evolve","floor":10},{"not_picked":["Clash","Run Through"],"picked":"Fire Breathing","floor":11},{"not_picked":["Sword Boomerang","Perfected Strike"],"picked":"True Grit","floor":14},{"not_picked":["hubris:StunningStrike","Offering"],"picked":"Demon Form","floor":16},{"not_picked":["Twin Strike","Havoc","Anger+1"],"picked":"SKIP","floor":18},{"not_picked":["Havoc","Evolve"],"picked":"Rage","floor":19},{"not_picked":["Pommel Strike","Havoc"],"picked":"Hemokinesis","floor":21},{"not_picked":["True Grit+1","Perfected Strike+1"],"picked":"Disarm+1","floor":21},{"not_picked":["Shrug It Off","Replay:Undeath\u0027s Touch+1"],"picked":"Offering","floor":30}],"player_experience":140235,"relics_obtained":[{"floor":8,"key":"Nunchaku"},{"floor":9,"key":"Replay:Bottled Snecko"},{"floor":10,"key":"hubris:ToyBattleship"},{"floor":21,"key":"Strawberry"},{"floor":26,"key":"Molten Egg 2"}],"event_choices":[{"damage_healed":0,"gold_gain":0,"player_choice":"Box","damage_taken":0,"relics_obtained":["Replay:Bottled Eggs"],"max_hp_gain":0,"max_hp_loss":0,"event_name":"Big Fish","floor":4,"gold_loss":0,"cards_obtained":["Regret"]},{"damage_healed":0,"gold_gain":175,"player_choice":"AGREE","damage_taken":145,"max_hp_gain":0,"max_hp_loss":0,"event_name":"betterThird:BetterSerpent","floor":7,"gold_loss":0},{"damage_healed":0,"gold_gain":0,"player_choice":"Obtained Relic","damage_taken":0,"relics_obtained":["Incense Burner"],"max_hp_gain":0,"max_hp_loss":0,"event_name":"Addict","floor":27,"gold_loss":85},{"damage_healed":0,"gold_gain":0,"player_choice":"Ignored","damage_taken":0,"max_hp_gain":0,"max_hp_loss":0,"event_name":"NoteForYourself","floor":29,"gold_loss":0}],"is_beta":false,"boss_relics":[{"not_picked":["hubris:VirtuousBlindfold","hubris:TerracottaHorce"],"picked":"hubris:Backtick"}],"items_purged_floors":[12,20,22],"is_endless":false,"potions_floor_spawned":[2,3,5,11,18,30],"killed_by":"Gremlin Leader","ascension_level":4}}