{"host":"qy1e0kd24tpj3i2m","time":1611687180,"event":{"mods":["Act Like it!","Alarm Clock","BaseMod","Better Skull","Better Vampires","Colored Map","Colored Powertips","Custom Start","Faster Ascension Climbing","Friendly Minions","GifTheSpireLib","Gremlin Skip","Highlight Path","Minty Spire (QoL Compilation)","Permanent Neow","Poor People Problems","Quick Restart","Red Circlet Mod","Relic Filter Mod","Relic Sorter","Reorder Act Four","SacredBarkPlus","Shop Mod","StSLib","SuperFastMode","Transform Curses","没有小屋子和绿帽子啦"],"gold_per_floor":[114,8,28,28,38,38,63,63,63,88,88,116,129,158,158,231,-269,-249,-249,-249,-249,-249,-249,-222,-222,-195,-183,-155,-137,-87,-61,-61,-61,-61],"floor_reached":33,"language":"ZHS","playtime":1015,"items_purged":[],"score":578,"play_id":"d8743031-7c6d-49c5-8998-d9035928c21d","local_time":"20210127035300","is_ascension_mode":true,"campfire_choices":[{"data":"Demon Form","floor":6.0,"key":"SMITH"},{"data":"Panacea","floor":11.0,"key":"SMITH"},{"data":"Whirlwind","floor":15.0,"key":"SMITH"},{"data":"Juggernaut","floor":23.0,"key":"SMITH"},{"data":"True Grit","floor":32.0,"key":"SMITH"}],"circlet_count":0,"master_deck":["AscendersBane","Strike_R","Strike_R","Strike_R","Strike_R","Strike_R","Defend_R","Defend_R","Defend_R","Defend_R","Bash","Clumsy","Demon Form+1","Ghostly Armor","Panacea+1","Metallicize","True Grit+1","Reaper","Double Tap","Shrug It Off","Whirlwind+1","Juggernaut+1","Dark Embrace","Writhe","Uppercut","Feel No Pain","Flame Barrier"],"relics":["Burning Blood","Gremlin Horn","The Courier","Eternal Feather","Tiny Chest","Blood Vial","Tiny House","Art of War","Bronze Scales","Mummified Hand","Red Mask","CeramicFish"],"acts_visited":["Exordium","TheCity"],"potions_floor_usage":[33],"damage_taken":[{"damage":9.0,"enemies":"Jaw Worm","floor":1.0,"turns":6.0},{"damage":2.0,"enemies":"Small Slimes","floor":3.0,"turns":4.0},{"damage":6.0,"enemies":"2 Louse","floor":5.0,"turns":4.0},{"damage":24.0,"enemies":"Gremlin Nob","floor":7.0,"turns":5.0},{"damage":34.0,"enemies":"Lagavulin","floor":10.0,"turns":6.0},{"damage":31.0,"enemies":"Gremlin Nob","floor":12.0,"turns":5.0},{"damage":12.0,"enemies":"2 Fungi Beasts","floor":13.0,"turns":5.0},{"damage":25.0,"enemies":"3 Sentries","floor":14.0,"turns":10.0},{"damage":57.0,"enemies":"Hexaghost","floor":16.0,"turns":16.0},{"damage":0.0,"enemies":"3 Byrds","floor":18.0,"turns":4.0},{"damage":60.0,"enemies":"Gremlin Leader","floor":24.0,"turns":6.0},{"damage":12.0,"enemies":"Spheric Guardian","floor":27.0,"turns":4.0},{"damage":22.0,"enemies":"Masked Bandits","floor":28.0,"turns":4.0},{"damage":16.0,"enemies":"Snake Plant","floor":29.0,"turns":4.0},{"damage":48,"enemies":"Automaton","floor":33,"turns":6}],"seed_played":"-6475320396275228519","potions_obtained":[{"floor":3.0,"key":"Weak Potion"},{"floor":7.0,"key":"FearPotion"},{"floor":10.0,"key":"ColorlessPotion"},{"floor":13.0,"key":"SpeedPotion"},{"floor":24.0,"key":"Ancient Potion"},{"floor":27.0,"key":"EntropicBrew"},{"floor":28.0,"key":"EssenceOfSteel"}],"is_trial":false,"path_per_floor":["M","$","M","$","M","R","E","?","T","E","R","E","M","E","R","B",null,"M","?","?","$","?","R","E","T","T","M","?","M","?","T","R","B"],"character_chosen":"IRONCLAD","items_purchased":["Panacea"],"campfire_rested":0,"item_purchase_floors":[2],"current_hp_per_floor":[65,65,69,69,69,69,51,56,56,43,52,37,48,59,71,50,73,80,80,80,80,80,80,26,26,26,22,28,25,25,25,40,0,0],"gold":-61,"neow_bonus":"THREE_RARE_CARDS","is_daily":false,"chose_seed":false,"campfire_upgraded":5,"win_rate":0.0,"timestamp":1611687180,"path_taken":["M","$","M","$","M","R","E","?","T","E","R","E","M","E","R","BOSS","M","?","?","$","?","R","E","?","T","M","?","M","?","?","R","BOSS"],"items_purchased_type":["Card"],"build_version":"2020-12-22","purchased_purges":0,"victory":false,"max_hp_per_floor":[75,75,75,75,75,75,75,80,80,80,80,80,80,80,80,80,80,80,80,80,80,80,80,80,80,80,80,80,80,80,80,80,80,80],"card_choices":[{"not_picked":["Double Tap","Feed"],"picked":"Demon Form","floor":0.0},{"not_picked":["Searing Blow","Flex"],"picked":"Ghostly Armor","floor":1.0},{"not_picked":["Dual Wield","True Grit"],"picked":"Metallicize","floor":3.0},{"not_picked":["Pummel","Twin Strike"],"picked":"True Grit","floor":5.0},{"not_picked":["Carnage","Uppercut"],"picked":"Reaper","floor":7.0},{"not_picked":["Battle Trance","Disarm"],"picked":"Double Tap","floor":10.0},{"not_picked":["Blood for Blood","Anger"],"picked":"Shrug It Off","floor":12.0},{"not_picked":["Warcry","Armaments","Sever Soul"],"picked":"SKIP","floor":13.0},{"not_picked":["Thunderclap","Pummel"],"picked":"Whirlwind","floor":14.0},{"not_picked":["Corruption","Impervious"],"picked":"Juggernaut","floor":16.0},{"not_picked":["Rampage","Cleave","Infernal Blade"],"picked":"SKIP","floor":18.0},{"not_picked":["Warcry","Armaments"],"picked":"Uppercut","floor":24.0},{"not_picked":["Sword Boomerang","Cleave"],"picked":"Feel No Pain","floor":27.0},{"not_picked":["Warcry","Cleave"],"picked":"Flame Barrier","floor":28.0},{"not_picked":["True Grit","Clothesline","Havoc"],"picked":"SKIP","floor":29.0}],"player_experience":954962,"relics_obtained":[{"floor":7.0,"key":"Gremlin Horn"},{"floor":9.0,"key":"The Courier"},{"floor":10.0,"key":"Eternal Feather"},{"floor":12.0,"key":"Tiny Chest"},{"floor":14.0,"key":"Blood Vial"},{"floor":24.0,"key":"Bronze Scales"},{"floor":25.0,"key":"Mummified Hand"},{"floor":28.0,"key":"Red Mask"},{"floor":31.0,"key":"CeramicFish"}],"event_choices":[{"damage_healed":0.0,"max_hp_gain":5.0,"max_hp_loss":0.0,"gold_gain":0.0,"event_name":"Big Fish","player_choice":"Donut","floor":8.0,"gold_loss":0.0,"damage_taken":0.0},{"damage_healed":0.0,"max_hp_gain":0.0,"max_hp_loss":0.0,"gold_gain":0.0,"event_name":"The Library","player_choice":"Read","floor":20.0,"gold_loss":0.0,"damage_taken":0.0,"cards_obtained":["Dark Embrace"]},{"damage_healed":0.0,"max_hp_gain":0.0,"max_hp_loss":0.0,"gold_gain":0.0,"event_name":"The Mausoleum","player_choice":"Opened","floor":22.0,"gold_loss":0.0,"damage_taken":0.0,"relics_obtained":["Art of War"],"cards_obtained":["Writhe"]},{"damage_healed":0.0,"max_hp_gain":0.0,"max_hp_loss":0.0,"gold_gain":0.0,"event_name":"Masked Bandits","player_choice":"Fought Bandits","floor":28.0,"gold_loss":0.0,"damage_taken":0.0},{"damage_healed":0.0,"max_hp_gain":0.0,"max_hp_loss":0.0,"gold_gain":50.0,"event_name":"Nest","player_choice":"Stole From Cult","floor":30.0,"gold_loss":0.0,"damage_taken":0.0}],"is_beta":false,"boss_relics":[{"not_picked":["Black Star","Cursed Key"],"picked":"Tiny House"}],"items_purged_floors":[],"is_endless":false,"potions_floor_spawned":[3,7,10,13,24,27,28],"killed_by":"Automaton","ascension_level":20}}