{"host":"4ag909k4xupnj24b","time":1611671320,"event":{"mods":["BaseMod","Minty Spire (QoL Compilation)","StSLib"],"gold_per_floor":[109,121,121,196,196,196,211,211,211,211,211,9,38,71,71,71,71],"floor_reached":16,"language":"ENG","playtime":628,"items_purged":[],"score":164,"play_id":"b2d4b835-2ee7-4de8-9f1f-92244f4193ba","local_time":"20210126062840","is_ascension_mode":true,"campfire_choices":[{"data":"Corpse Explosion","floor":6,"key":"SMITH"},{"data":"Deadly Poison","floor":8,"key":"SMITH"},{"floor":10,"key":"REST"},{"floor":15,"key":"REST"}],"circlet_count":0,"master_deck":["AscendersBane","Strike_G","Strike_G","Strike_G","Strike_G","Strike_G","Defend_G","Defend_G","Defend_G","Defend_G","Defend_G","Survivor","Neutralize","Corpse Explosion+1","Bouncing Flask+1","Cloak And Dagger","Deadly Poison+1","Bullet Time","Escape Plan","Dagger Spray","Backflip"],"relics":["Ring of the Snake","Paper Crane","White Beast Statue","WingedGreaves","Matryoshka"],"acts_visited":["Exordium"],"potions_floor_usage":[14,16,16],"damage_taken":[{"damage":6,"enemies":"2 Louse","floor":1,"turns":3},{"damage":2,"enemies":"Small Slimes","floor":2,"turns":3},{"damage":0,"enemies":"Cultist","floor":7,"turns":3},{"damage":15,"enemies":"3 Sentries","floor":13,"turns":5},{"damage":17,"enemies":"Lagavulin","floor":14,"turns":4},{"damage":35,"enemies":"Slime Boss","floor":16,"turns":7}],"seed_played":"-4267754882875227750","potions_obtained":[{"floor":1,"key":"Dexterity Potion"},{"floor":13,"key":"Strength Potion"},{"floor":14,"key":"SpeedPotion"}],"is_trial":false,"path_per_floor":["M","M","?","?","?","R","M","R","T","R","?","$","E","E","R","B"],"character_chosen":"THE_SILENT","items_purchased":["Bullet Time","Escape Plan"],"campfire_rested":2,"item_purchase_floors":[12,12],"current_hp_per_floor":[57,55,60,49,24,24,24,24,24,44,44,44,29,12,32,0,0],"gold":71,"neow_bonus":"THREE_RARE_CARDS","is_daily":false,"chose_seed":false,"campfire_upgraded":2,"win_rate":0.0,"timestamp":1611671320,"path_taken":["M","M","?","?","?","R","M","R","T","R","?","$","E","E","R","BOSS"],"items_purchased_type":["Card","Card"],"build_version":"2020-12-22","purchased_purges":0,"victory":false,"max_hp_per_floor":[63,63,68,68,68,68,68,68,68,68,68,68,68,68,68,68,68],"card_choices":[{"not_picked":["Wraith Form v2","Night Terror"],"picked":"Corpse Explosion","floor":0},{"not_picked":["Distraction","Acrobatics"],"picked":"Bouncing Flask","floor":1},{"not_picked":["Endless Agony","Flying Knee"],"picked":"Cloak And Dagger","floor":2},{"not_picked":["Calculated Gamble","Cloak And Dagger"],"picked":"Deadly Poison","floor":7},{"not_picked":["Phantasmal Killer","Deflect"],"picked":"Dagger Spray","floor":13},{"not_picked":["Choke","Deadly Poison"],"picked":"Backflip","floor":14}],"player_experience":880719,"relics_obtained":[{"floor":9,"key":"White Beast Statue"},{"floor":13,"key":"WingedGreaves"},{"floor":14,"key":"Matryoshka"}],"event_choices":[{"damage_healed":0,"gold_gain":0,"player_choice":"Donut","damage_taken":0,"max_hp_gain":5,"max_hp_loss":0,"event_name":"Big Fish","floor":3,"gold_loss":0},{"damage_healed":0,"gold_gain":75,"player_choice":"Gather Gold","damage_taken":11,"max_hp_gain":0,"max_hp_loss":0,"event_name":"World of Goop","floor":4,"gold_loss":0},{"damage_healed":0,"gold_gain":0,"player_choice":"Success","damage_taken":25,"relics_obtained":["Paper Crane"],"max_hp_gain":0,"max_hp_loss":0,"event_name":"Scrap Ooze","floor":5,"gold_loss":0},{"damage_healed":0,"gold_gain":0,"player_choice":"Upgraded","damage_taken":0,"max_hp_gain":0,"max_hp_loss":0,"event_name":"Upgrade Shrine","floor":11,"gold_loss":0,"cards_upgraded":["Bouncing Flask"]}],"is_beta":false,"boss_relics":[],"items_purged_floors":[],"is_endless":false,"potions_floor_spawned":[1,13,14],"killed_by":"Slime Boss","ascension_level":11}}