{"host":"p8f0otjoacyb9giz","time":1611680782,"event":{"mods":["AchievementEnabler","BaseMod","Downfall","Minty Spire (QoL Compilation)","StSLib"],"gold_per_floor":[99,110,110,125,125,153,205,205,234,134,134,152,182,195,212,310,310,210,220,235,65,65,65,65,65,302,319,353,371,405,417,429,530,530,430,441,441,460,505,530,556,556,556,556,589,606,606,606,606],"floor_reached":47,"language":"ENG","playtime":2031,"items_purged":[],"score":760,"play_id":"f9f24239-877a-4d82-9482-d2b946d95f6d","local_time":"20210126200622","is_ascension_mode":true,"campfire_choices":[{"data":"bronze:Goto","floor":1.0,"key":"SMITH"},{"floor":8.0,"key":"RECALL"},{"data":"Panache","floor":10.0,"key":"SMITH"},{"data":"bronze:Mutator","floor":18.0,"key":"SMITH"},{"data":"bronze:Verify","floor":23.0,"key":"SMITH"},{"data":"bronze:Virus","floor":25.0,"key":"SMITH"},{"data":"bronze:AlphaBuild","floor":35.0,"key":"SMITH"},{"data":"bronze:MaxOutput","floor":42.0,"key":"SMITH"},{"data":"bronze:BitShift","floor":44.0,"key":"SMITH"}],"circlet_count":0,"master_deck":["bronze:Strike","bronze:Strike","bronze:Strike","bronze:Strike","bronze:Defend","bronze:Defend","bronze:Defend","bronze:Replicate","bronze:Goto+1","Panache+1","bronze:DelayedSlice","bronze:BitShift+1","bronze:Virus+1","bronze:DazingPulse","bronze:ChildClass","bronze:Format","bronze:Mutator+1","bronze:Optimize","bronze:Verify+1","J.A.X.","bronze:MaxOutput+1","bronze:BuggyMess+1","bronze:Iterate+1","bronze:DelayedSlice","bronze:DelayedSlice","bronze:AlphaBuild+1","bronze:Iterate+1","bronze:Optimize+1"],"relics":["bronze:BronzeCore","Potion Belt","Guardian:PocketSentry","White Beast Statue","downfall:HeartBlessingRed","Bird Faced Urn","Runic Dome","downfall:HeartBlessingGreen","Pear","Gremlin Horn","expansioncontent:StudyCardRelic","downfall:HeartBlessingBlue","Peace Pipe","WingedGreaves","Anchor","Shuriken"],"acts_visited":["Exordium","TheCity","TheBeyond"],"potions_floor_usage":[],"damage_taken":[{"damage":2.0,"enemies":"Jaw Worm","floor":2.0,"turns":3.0},{"damage":0.0,"enemies":"Cultist","floor":4.0,"turns":2.0},{"damage":10.0,"enemies":"Gremlin Nob","floor":6.0,"turns":3.0},{"damage":15.0,"enemies":"Lagavulin","floor":9.0,"turns":5.0},{"damage":0.0,"enemies":"Lagavulin","floor":11.0,"turns":2.0},{"damage":0.0,"enemies":"2 Louse","floor":12.0,"turns":1.0},{"damage":2.0,"enemies":"Gremlin Nob","floor":13.0,"turns":3.0},{"damage":0.0,"enemies":"Large Slime","floor":14.0,"turns":3.0},{"damage":0.0,"enemies":"Blue Slaver","floor":15.0,"turns":2.0},{"damage":16.0,"enemies":"IC_STATUS_ARCHETYPE","floor":16.0,"turns":5.0},{"damage":0.0,"enemies":"Spheric Guardian","floor":19.0,"turns":3.0},{"damage":2.0,"enemies":"Shell Parasite","floor":20.0,"turns":3.0},{"damage":0.0,"enemies":"downfall:FleeingMerchant","floor":21.0,"turns":4.0},{"damage":6.0,"enemies":"downfall:FleeingMerchant","floor":26.0,"turns":4.0},{"damage":15.0,"enemies":"Centurion and Healer","floor":27.0,"turns":5.0},{"damage":20.0,"enemies":"Slavers","floor":28.0,"turns":5.0},{"damage":3.0,"enemies":"3 Cultists","floor":29.0,"turns":3.0},{"damage":26.0,"enemies":"Gremlin Leader","floor":30.0,"turns":4.0},{"damage":21.0,"enemies":"Snake Plant","floor":31.0,"turns":3.0},{"damage":3.0,"enemies":"Centurion and Healer","floor":32.0,"turns":2.0},{"damage":37.0,"enemies":"DF_ARCHETYPE_CLAW","floor":33.0,"turns":5.0},{"damage":0.0,"enemies":"Orb Walker","floor":36.0,"turns":2.0},{"damage":9.0,"enemies":"3 Shapes","floor":38.0,"turns":3.0},{"damage":26.0,"enemies":"2 Orb Walkers","floor":39.0,"turns":4.0},{"damage":3.0,"enemies":"Reptomancer","floor":40.0,"turns":3.0},{"damage":58.0,"enemies":"Giant Head","floor":45.0,"turns":8.0},{"damage":0,"enemies":"Transient","floor":46,"turns":5},{"damage":94,"enemies":"Nemesis","floor":47,"turns":7}],"seed_played":"1120049656930412921","potions_obtained":[{"floor":3.0,"key":"SkillPotion"},{"floor":3.0,"key":"champ:CounterPotion"},{"floor":3.0,"key":"Swift Potion"},{"floor":6.0,"key":"SneckoOil"},{"floor":11.0,"key":"LiquidMemories"},{"floor":16.0,"key":"bronze:BurnAndBuffPotion"},{"floor":33.0,"key":"SkillPotion"},{"floor":36.0,"key":"champ:CounterPotion"},{"floor":38.0,"key":"GamblersBrew"},{"floor":40.0,"key":"SkillPotion"},{"floor":45.0,"key":"Explosive Potion"},{"floor":46,"key":"Guardian:BlockOnCardUsePotion"}],"is_trial":false,"path_per_floor":["R","M","?","M","?","E","T","R","E","R","?","M","E","M","M","B",null,"R","M","M","$","?","R","T","R","$","M","E","M","E","M","M","B",null,"R","M","?","M","?","E","T","R","?","R","E","M","E"],"character_chosen":"THE_AUTOMATON","items_purchased":["bronze:Verify","bronze:MaxOutput"],"campfire_rested":0,"item_purchase_floors":[21,26],"current_hp_per_floor":[49,47,47,47,47,37,37,37,22,22,22,22,20,22,24,10,55,55,59,61,65,65,65,65,65,65,65,73,76,62,49,50,21,65,75,83,83,84,66,69,69,69,69,69,37,49,0,0,0],"gold":606,"neow_bonus":"RANDOM_COLORLESS_2","is_daily":false,"chose_seed":false,"campfire_upgraded":8,"win_rate":0.0,"timestamp":1611680782,"path_taken":["R","M","?","?","?","E","T","R","E","R","?","M","E","M","M","BOSS","R","M","M","$","?","R","T","R","$","M","E","M","E","M","M","BOSS","R","M","?","M","?","E","T","R","?","R","E","?","E"],"items_purchased_type":["Card","Card"],"build_version":"2020-12-22","purchased_purges":0,"victory":false,"max_hp_per_floor":[70,70,70,70,70,70,70,70,70,70,70,70,70,70,70,70,70,70,70,70,70,70,70,70,70,70,70,80,80,80,80,80,80,80,90,90,90,90,90,90,90,90,90,90,90,90,90,90,90],"card_choices":[{"not_picked":["Mayhem","Secret Technique"],"picked":"Panache","floor":0.0},{"not_picked":["bronze:BitShift","bronze:Backtrace"],"picked":"bronze:DelayedSlice","floor":2.0},{"not_picked":["bronze:WhirlingStrike","bronze:Separator","bronze:DarkDash"],"picked":"SKIP","floor":4.0},{"not_picked":["bronze:Shield","bronze:Backtrace","bronze:Overload"],"picked":"SKIP","floor":6.0},{"not_picked":["bronze:Separator","bronze:Allocate"],"picked":"bronze:Virus","floor":9.0},{"not_picked":[],"picked":"bronze:DazingPulse","floor":11.0},{"not_picked":["bronze:CutThrough","bronze:BitShift"],"picked":"bronze:ChildClass","floor":11.0},{"not_picked":["bronze:DigitalCarnage","bronze:Overheat"],"picked":"bronze:Format","floor":12.0},{"not_picked":["bronze:DelayedGuard","bronze:Overheat","bronze:Return"],"picked":"SKIP","floor":13.0},{"not_picked":["bronze:BronzeArmor","bronze:CutThrough","bronze:Separator"],"picked":"SKIP","floor":14.0},{"not_picked":["bronze:Branch","bronze:Flail","bronze:WhirlingStrike"],"picked":"SKIP","floor":15.0},{"not_picked":["bronze:CleanCode","bronze:RecursiveStrike"],"picked":"bronze:Mutator","floor":16.0},{"not_picked":["bronze:BuggyMess+1","bronze:Iterate"],"picked":"bronze:Optimize","floor":19.0},{"not_picked":["bronze:Repulsor","bronze:Overload","bronze:Flail"],"picked":"SKIP","floor":20.0},{"not_picked":["bronze:Deprecate","bronze:ForLoop","bronze:Backtrace"],"picked":"SKIP","floor":21.0},{"not_picked":["bronze:BugBarrage+1","bronze:CutThrough","bronze:SpaghettiCode"],"picked":"SKIP","floor":26.0},{"not_picked":["bronze:CutThrough","bronze:WildBeam","bronze:BitShift+1"],"picked":"SKIP","floor":27.0},{"not_picked":["bronze:BuggyMess+1","bronze:ForLoop","bronze:Repair"],"picked":"SKIP","floor":28.0},{"not_picked":["bronze:ForLoop","bronze:Repair"],"picked":"bronze:BuggyMess+1","floor":28.0},{"not_picked":["bronze:BronzeArmor+1","bronze:ItsAFeature"],"picked":"bronze:Iterate+1","floor":29.0},{"not_picked":["bronze:Branch","bronze:CloningBeam"],"picked":"bronze:DelayedSlice","floor":30.0},{"not_picked":["bronze:BuggyMess","bronze:Hardcode","bronze:DarkDash"],"picked":"SKIP","floor":31.0},{"not_picked":["bronze:Constructor+1","bronze:GetLatest"],"picked":"bronze:DelayedSlice","floor":32.0},{"not_picked":["bronze:Break","bronze:Assembly"],"picked":"bronze:AlphaBuild","floor":33.0},{"not_picked":["bronze:WhirlingStrike","bronze:Shield+1","bronze:Boost"],"picked":"SKIP","floor":36.0},{"not_picked":["bronze:CutThrough+1","bronze:OilSpill+1"],"picked":"bronze:Iterate+1","floor":38.0},{"not_picked":["bronze:CutThrough","bronze:Branch+1","bronze:GetLatest"],"picked":"SKIP","floor":40.0},{"not_picked":["bronze:OilSpill+1","bronze:WildBeam","bronze:BurnOut"],"picked":"SKIP","floor":45.0},{"not_picked":["bronze:DelayedSlice","bronze:Separator+1"],"picked":"bronze:Optimize+1","floor":46}],"player_experience":411659,"relics_obtained":[{"floor":6.0,"key":"Potion Belt"},{"floor":7.0,"key":"Guardian:PocketSentry"},{"floor":9.0,"key":"White Beast Statue"},{"floor":13.0,"key":"Bird Faced Urn"},{"floor":28.0,"key":"Pear"},{"floor":30.0,"key":"Gremlin Horn"},{"floor":39.0,"key":"Peace Pipe"},{"floor":40.0,"key":"WingedGreaves"},{"floor":41.0,"key":"Anchor"},{"floor":45.0,"key":"Shuriken"}],"event_choices":[{"damage_healed":0.0,"max_hp_gain":0.0,"max_hp_loss":0.0,"gold_gain":0.0,"event_name":"Lab","player_choice":"Got Potions","floor":3.0,"gold_loss":0.0,"damage_taken":0.0},{"damage_healed":0.0,"max_hp_gain":0.0,"max_hp_loss":0.0,"gold_gain":0.0,"cards_transformed":["bronze:Defend"],"event_name":"Living Wall","player_choice":"Change","floor":5.0,"gold_loss":0.0,"damage_taken":0.0,"cards_obtained":["bronze:BitShift"]},{"damage_healed":0.0,"max_hp_gain":0.0,"max_hp_loss":0.0,"gold_gain":0.0,"event_name":"Drug Dealer","player_choice":"Obtain J.A.X.","floor":22.0,"gold_loss":0.0,"damage_taken":0.0,"cards_obtained":["J.A.X."]},{"damage_healed":0.0,"max_hp_gain":0.0,"max_hp_loss":0.0,"gold_gain":0.0,"event_name":"Mysterious Sphere","player_choice":"Fight","floor":39.0,"gold_loss":0.0,"damage_taken":0.0}],"is_beta":false,"boss_relics":[{"not_picked":["bronze:PlatinumCore","Velvet Choker"],"picked":"Runic Dome"},{"not_picked":["SacredBark","Astrolabe"],"picked":"expansioncontent:StudyCardRelic"}],"items_purged_floors":[],"is_endless":false,"potions_floor_spawned":[4,6,11,12,13,14,15,16,19,20,21,26,27,28,29,30,31,32,33,36,38,39,40,45,46],"killed_by":"Nemesis","ascension_level":5}}