{"host":"scy0o1xotfn36lpl","time":1611629687,"event":{"mods":["AchievementEnabler","Aspiration","BaseMod","Better Altar","Better Note","Better Sensory Stone","Better Skull","Better Third Choice","Colored Map","Curses Come First","Downfall","GifTheSpireLib","Googly Eyes","Highlight Path","Minty Spire (QoL Compilation)","Permanent Neow","Spicy Shops","StSLib","everything is the same but u backflip on backflip"],"gold_per_floor":[113,124,74,85,96,96,115,115,183,197,216,216,243,262,262,262,262],"floor_reached":16,"language":"ENG","playtime":2730,"items_purged":[],"score":108,"play_id":"4e93743b-1c56-4699-97a8-a6c34ee16a04","local_time":"20210125185447","is_ascension_mode":false,"campfire_choices":[{"data":"Eruption","floor":6,"key":"SMITH"},{"floor":12,"key":"REST"},{"floor":15,"key":"REST"}],"circlet_count":0,"master_deck":["Strike_P","Strike_P","Strike_P","Strike_P","Defend_P","Defend_P","Defend_P","Eruption+1","Vigilance","Crescendo","ClearTheMind","Consecrate","CutThroughFate","Prostrate","ThirdEye+1","Halt+1"],"relics":["PureWater","Oddly Smooth Stone","Question Card","Toxic Egg 2"],"acts_visited":["Exordium"],"potions_floor_usage":[5,16,16,16],"damage_taken":[{"damage":0,"enemies":"Small Slimes","floor":1,"turns":2},{"damage":0,"enemies":"Cultist","floor":2,"turns":3},{"damage":5,"enemies":"Jaw Worm","floor":4,"turns":2},{"damage":23,"enemies":"Exordium Thugs","floor":5,"turns":4},{"damage":10,"enemies":"3 Louse","floor":7,"turns":4},{"damage":1,"enemies":"Gremlin Gang","floor":8,"turns":4},{"damage":10,"enemies":"Exordium Thugs","floor":10,"turns":5},{"damage":0,"enemies":"2 Fungi Beasts","floor":11,"turns":3},{"damage":10,"enemies":"3 Sentries","floor":13,"turns":4},{"damage":0,"enemies":"Blue Slaver","floor":14,"turns":2},{"damage":55,"enemies":"Hexaghost","floor":16,"turns":11}],"seed_played":"1488925820105471718","potions_obtained":[{"floor":1,"key":"hexamod:SoulburnPotion"},{"floor":2,"key":"Block Potion"},{"floor":5,"key":"Swift Potion"},{"floor":11,"key":"BlessingOfTheForge"}],"is_trial":false,"path_per_floor":["M","M","?","M","M","R","M","M","T","M","M","R","E","M","R","B"],"character_chosen":"WATCHER","items_purchased":[],"campfire_rested":2,"item_purchase_floors":[],"current_hp_per_floor":[72,72,72,67,44,44,34,33,33,23,23,44,34,34,55,0,0],"gold":262,"neow_bonus":"RANDOM_COMMON_RELIC","is_daily":false,"chose_seed":false,"campfire_upgraded":1,"win_rate":0.0,"timestamp":1611629687,"path_taken":["M","M","?","M","M","R","M","M","T","M","M","R","E","M","R","BOSS"],"items_purchased_type":[],"build_version":"2020-12-22","purchased_purges":0,"victory":false,"max_hp_per_floor":[72,72,72,72,72,72,72,72,72,72,72,72,72,72,72,72,72],"card_choices":[{"not_picked":["Wallop","WaveOfTheHand"],"picked":"Crescendo","floor":1},{"not_picked":["Meditate","PathToVictory"],"picked":"ClearTheMind","floor":2},{"not_picked":["ClearTheMind","SashWhip"],"picked":"Consecrate","floor":4},{"not_picked":["Worship","Study"],"picked":"CutThroughFate","floor":5},{"not_picked":["EmptyMind","Establishment","WaveOfTheHand"],"picked":"SKIP","floor":7},{"not_picked":["PathToVictory","Evaluate","FlurryOfBlows"],"picked":"SKIP","floor":8},{"not_picked":["EmptyFist","Crescendo","ThirdEye"],"picked":"Prostrate","floor":10},{"not_picked":["ThirdEye","EmptyFist","Fasting2","EmptyBody"],"picked":"SKIP","floor":11},{"not_picked":["Ragnarok","SignatureMove","ClearTheMind+1"],"picked":"ThirdEye+1","floor":13},{"not_picked":["Indignation+1","CrushJoints","FollowUp"],"picked":"Halt+1","floor":14}],"player_experience":51839,"relics_obtained":[{"floor":9,"key":"Question Card"},{"floor":13,"key":"Toxic Egg 2"}],"event_choices":[{"cards_removed":["Defend_P"],"damage_healed":0,"gold_gain":0,"player_choice":"Card Removal","damage_taken":0,"max_hp_gain":0,"max_hp_loss":0,"event_name":"The Cleric","floor":3,"gold_loss":50}],"is_beta":false,"boss_relics":[],"items_purged_floors":[],"is_endless":false,"potions_floor_spawned":[1,2,5,11,13],"killed_by":"Hexaghost","ascension_level":0}}