{"host":"nwd160me4iqdtr8u","time":1611648042,"event":{"mods":["AchievementEnabler","Act Like it!","BaseMod","Colored Map","DeckTracker","Minty Spire (QoL Compilation)","Quick Restart","Rare Cards Sparkle","StSLib","SuperFastMode","everything is the same but u backflip on backflip"],"gold_per_floor":[113,113,38,113,130,130,146,146,146,179,179,196,214,228,228,228,228],"floor_reached":16,"language":"KOR","playtime":599,"items_purged":["Strike_G"],"score":143,"play_id":"0773fb23-6cef-42be-a9d0-780ff1b0ad97","local_time":"20210126170042","is_ascension_mode":true,"campfire_choices":[{"data":"Neutralize","floor":6,"key":"SMITH"},{"data":"Dagger Spray","floor":8,"key":"SMITH"},{"floor":15,"key":"REST"}],"circlet_count":0,"master_deck":["Strike_G","Strike_G","Defend_G","Defend_G","Defend_G","Defend_G","Defend_G","Survivor","Neutralize+1","Dagger Spray+1","Quick Slash","Blur","PiercingWail","Reflex","Dagger Throw"],"relics":["Ring of the Snake","Pocketwatch","PreservedInsect"],"acts_visited":["Exordium"],"potions_floor_usage":[10,16],"damage_taken":[{"damage":12,"enemies":"Small Slimes","floor":1,"turns":8},{"damage":0,"enemies":"2 Louse","floor":5,"turns":3},{"damage":0,"enemies":"Cultist","floor":7,"turns":4},{"damage":12,"enemies":"3 Sentries","floor":10,"turns":3},{"damage":0,"enemies":"Lots of Slimes","floor":12,"turns":1},{"damage":0,"enemies":"Exordium Thugs","floor":13,"turns":6},{"damage":3,"enemies":"Looter","floor":14,"turns":3},{"damage":56,"enemies":"Slime Boss","floor":16,"turns":12}],"seed_played":"-4586706035546878236","potions_obtained":[{"floor":1,"key":"Explosive Potion"},{"floor":7,"key":"Ancient Potion"}],"is_trial":false,"path_per_floor":["M","?","$","?","M","R","M","R","T","E","?","M","M","M","R","B"],"character_chosen":"THE_SILENT","items_purchased":[],"campfire_rested":1,"item_purchase_floors":[],"current_hp_per_floor":[51,56,56,45,45,45,45,45,45,33,33,33,33,30,52,0,0],"gold":228,"neow_bonus":"REMOVE_CARD","is_daily":false,"chose_seed":false,"campfire_upgraded":2,"win_rate":0.0,"timestamp":1611648042,"path_taken":["M","?","$","?","M","R","M","R","T","E","?","M","?","M","R","BOSS"],"items_purchased_type":[],"build_version":"2020-12-22","purchased_purges":1,"victory":false,"max_hp_per_floor":[70,75,75,75,75,75,75,75,75,75,75,75,75,75,75,75,75],"card_choices":[{"not_picked":["Footwork","Acrobatics"],"picked":"Dagger Spray","floor":1},{"not_picked":["Reflex","Bane"],"picked":"Quick Slash","floor":5},{"not_picked":["Cloak And Dagger","Poisoned Stab","Outmaneuver"],"picked":"SKIP","floor":7},{"not_picked":["Cloak And Dagger","Dodge and Roll"],"picked":"Blur","floor":10},{"not_picked":["Underhanded Strike","Terror"],"picked":"Reflex","floor":12},{"not_picked":["Dagger Throw","Predator","Underhanded Strike"],"picked":"SKIP","floor":13},{"not_picked":["Cloak And Dagger","Caltrops"],"picked":"Dagger Throw","floor":14}],"player_experience":255824,"relics_obtained":[{"floor":9,"key":"Pocketwatch"},{"floor":10,"key":"PreservedInsect"}],"event_choices":[{"damage_healed":0,"gold_gain":0,"player_choice":"Donut","damage_taken":0,"max_hp_gain":5,"max_hp_loss":0,"event_name":"Big Fish","floor":2,"gold_loss":0},{"damage_healed":0,"gold_gain":75,"player_choice":"Gather Gold","damage_taken":11,"max_hp_gain":0,"max_hp_loss":0,"event_name":"World of Goop","floor":4,"gold_loss":0},{"damage_healed":0,"gold_gain":0,"cards_transformed":["Strike_G"],"player_choice":"Transformed","damage_taken":0,"max_hp_gain":0,"max_hp_loss":0,"event_name":"Transmorgrifier","floor":11,"gold_loss":0,"cards_obtained":["PiercingWail"]}],"is_beta":false,"boss_relics":[],"items_purged_floors":[3],"is_endless":false,"potions_floor_spawned":[1,7],"killed_by":"Slime Boss","ascension_level":8}}