{"host":"bxn2em57qlx5u4i0","time":1611624313,"event":{"mods":["BaseMod","Colored Map","Colored Powertips","Highlight Path","Minty Spire (QoL Compilation)","Random Character Button","Relic Sorter","Relic Stats","StSLib","SuperFastMode"],"gold_per_floor":[119,131,206,206,12,42,67,67,112,139,139,170,205,237,237,314,314,334,334,348,371,381,414,442,477,477,510,535,230,263,87,87,164,214,231,245,23,49,67,98,133,162,234,261,301,341,375,400,400,400,400,400,400,117,144,144],"floor_reached":57,"language":"ENG","playtime":2618,"items_purged":["Slice"],"score":4452,"play_id":"e81aaf59-f364-4774-aba9-6b372812034a","local_time":"20210125202513","daily_mods":["SealedDeck","Heirloom","Flight","DeadlyEvents","Elite Swarm","Lethality"],"is_ascension_mode":true,"campfire_choices":[{"data":"1","floor":8.0,"key":"LIFT"},{"data":"2","floor":11.0,"key":"LIFT"},{"data":"3","floor":15.0,"key":"LIFT"},{"data":"Adrenaline","floor":32,"key":"SMITH"},{"floor":49,"key":"RECALL"},{"data":"Burst","floor":53,"key":"SMITH"}],"circlet_count":0,"master_deck":["AscendersBane","Cloak And Dagger","Backstab+1","Backstab","Backflip","Deflect","Backflip","Quick Slash+1","Dagger Spray","Slice+1","Escape Plan","Blur","Deflect","Burst+1","Adrenaline+1","Venomology","After Image","Night Terror","Night Terror+1","Blade Dance","Blade Dance","After Image","After Image","Adrenaline+1","Adrenaline+1","Adrenaline","Adrenaline","Night Terror+1","Burst+1","Malaise+1"],"relics":["Ring of the Snake","Ginger","Membership Card","Art of War","Girya","Potion Belt","Bottled Lightning","Anchor","Bottled Flame","Orichalcum","WristBlade","Nunchaku","InkBottle","PreservedInsect","Snake Skull","MealTicket","Peace Pipe","Strawberry","Lee\u0027s Waffle","Sundial","MawBank","Medical Kit","Tiny House","Matryoshka","DollysMirror","Singing Bowl","Shuriken","Meat on the Bone","Happy Flower","CeramicFish","Toxic Egg 2","Pear","Blue Candle","Ninja Scroll","War Paint","Lantern","ClockworkSouvenir","Akabeko","Whetstone","White Beast Statue"],"acts_visited":["Exordium","TheCity","TheBeyond","TheEnding"],"potions_floor_usage":[16,20,22,22,23,23,25,25,31,33,39,40,56,56,56,56,56,56,56,56,56],"damage_taken":[{"damage":0.0,"enemies":"2 Louse","floor":1.0,"turns":1.0},{"damage":0.0,"enemies":"Jaw Worm","floor":2.0,"turns":1.0},{"damage":0.0,"enemies":"3 Sentries","floor":6.0,"turns":4.0},{"damage":14.0,"enemies":"Lagavulin","floor":7.0,"turns":4.0},{"damage":0.0,"enemies":"Gremlin Nob","floor":10.0,"turns":3.0},{"damage":0.0,"enemies":"3 Sentries","floor":12.0,"turns":2.0},{"damage":0.0,"enemies":"Gremlin Nob","floor":13.0,"turns":3.0},{"damage":0.0,"enemies":"Lagavulin","floor":14.0,"turns":3.0},{"damage":21,"enemies":"Hexaghost","floor":16,"turns":11},{"damage":0,"enemies":"Spheric Guardian","floor":18,"turns":2},{"damage":0,"enemies":"Chosen","floor":20,"turns":2},{"damage":0,"enemies":"Snake Plant","floor":22,"turns":1},{"damage":14,"enemies":"Book of Stabbing","floor":23,"turns":3},{"damage":0,"enemies":"Gremlin Leader","floor":24,"turns":4},{"damage":0,"enemies":"Slavers","floor":25,"turns":4},{"damage":1,"enemies":"Book of Stabbing","floor":27,"turns":3},{"damage":0,"enemies":"Slavers","floor":28,"turns":2},{"damage":0,"enemies":"Book of Stabbing","floor":30,"turns":2},{"damage":21,"enemies":"Collector","floor":33,"turns":7},{"damage":0,"enemies":"3 Darklings","floor":35,"turns":2},{"damage":0,"enemies":"Orb Walker","floor":36,"turns":1},{"damage":0,"enemies":"Reptomancer","floor":38,"turns":4},{"damage":0,"enemies":"Spire Growth","floor":39,"turns":4},{"damage":12,"enemies":"Nemesis","floor":40,"turns":7},{"damage":0,"enemies":"Reptomancer","floor":41,"turns":2},{"damage":0,"enemies":"Giant Head","floor":42,"turns":1},{"damage":0,"enemies":"Nemesis","floor":44,"turns":3},{"damage":0,"enemies":"Giant Head","floor":45,"turns":2},{"damage":0,"enemies":"Nemesis","floor":46,"turns":2},{"damage":1,"enemies":"Giant Head","floor":47,"turns":2},{"damage":0,"enemies":"Nemesis","floor":48,"turns":1},{"damage":44,"enemies":"Time Eater","floor":50,"turns":7},{"damage":0,"enemies":"Awakened One","floor":51,"turns":13},{"damage":0,"enemies":"Shield and Spear","floor":55,"turns":3},{"damage":27,"enemies":"The Heart","floor":56,"turns":9}],"seed_played":"-5709574299410875442","potions_obtained":[{"floor":1.0,"key":"SteroidPotion"},{"floor":6.0,"key":"FairyPotion"},{"floor":12.0,"key":"EntropicBrew"},{"floor":14.0,"key":"Fire Potion"},{"floor":20,"key":"PowerPotion"},{"floor":22,"key":"Fruit Juice"},{"floor":24,"key":"Regen Potion"},{"floor":25,"key":"DistilledChaos"},{"floor":34,"key":"Swift Potion"}],"is_trial":true,"path_per_floor":["M","M","?","?","$","E","E","R","T","E","R","E","E","E","R","B",null,"M","?","M","T","M","E","E","E","T","E","E","$","E","$","R","B",null,"M","M","$","E","M","E","E","E","T","E","E","E","E","E","R","B","B",null,"R","$","E","B",null],"character_chosen":"THE_SILENT","items_purchased":["Membership Card","Deflect","Strawberry","Lee\u0027s Waffle","Sundial","Medical Kit","Fruit Juice","CultistPotion","Matryoshka","DollysMirror","ClockworkSouvenir","Akabeko","Whetstone"],"campfire_rested":0,"item_purchase_floors":[5,5,29,29,29,31,31,31,37,37,54,54,54],"current_hp_per_floor":[59,59,48,66,66,66,52,52,52,52,52,52,52,52,52,31,57,57,57,57,57,57,48,48,67,67,66,66,85,85,90,90,69,90,90,90,95,95,97,85,87,89,89,101,101,101,100,102,102,58,58,101,101,115,117,90],"gold":144,"neow_bonus":"","is_daily":false,"chose_seed":false,"campfire_upgraded":2,"win_rate":0.0,"timestamp":1611624313,"path_taken":["M","M","?","?","$","E","E","R","T","E","R","E","E","E","R","BOSS","M","?","?","?","?","E","E","E","T","E","E","$","E","$","R","BOSS","M","?","?","?","?","E","E","E","T","E","E","E","E","E","R","BOSS","BOSS","R","$","E","BOSS"],"items_purchased_type":["Relic","Card","Relic","Relic","Relic","Relic","Potion","Potion","Relic","Relic","Relic","Relic","Relic"],"build_version":"2020-12-22","purchased_purges":1,"victory":true,"max_hp_per_floor":[66,66,66,66,66,66,66,66,66,66,66,66,66,66,66,66,66,66,66,66,66,66,71,71,71,71,71,71,85,85,90,90,90,95,95,95,95,95,97,97,99,101,101,113,113,113,113,115,115,115,115,115,115,115,117,117],"relic_stats":{"Lee\u0027s Waffle":7,"Singing Bowl":12,"Happy Flower":[14],"counters":[35,125],"CeramicFish":27,"Blue Candle":[0],"PreservedInsect":958,"Snake Skull":[1],"Ginger":[10],"Whetstone":["Backstab","Slice"],"Orichalcum":[0],"War Paint":["Night Terror","Adrenaline"],"MawBank":12,"Medical Kit":[13],"Peace Pipe":0,"Nunchaku":[34],"Sundial":[18],"Shuriken":[57],"MealTicket":24,"Art of War":[14],"obtain_stats":[{"Lantern":48,"Tiny House":34,"Singing Bowl":38,"CeramicFish":43,"Snake Skull":25,"Ginger":0,"Whetstone":54,"ClockworkSouvenir":54,"Nunchaku":21,"Matryoshka":37,"WristBlade":17,"Sundial":29,"DollysMirror":37,"Ninja Scroll":46,"Strawberry":29,"MealTicket":27,"Toxic Egg 2":43,"InkBottle":23,"Ring of the Snake":0,"Potion Belt":9,"Girya":7,"Lee\u0027s Waffle":29,"Pear":44,"Happy Flower":42,"Blue Candle":45,"PreservedInsect":24,"Orichalcum":14,"War Paint":47,"MawBank":30,"Medical Kit":31,"Akabeko":54,"White Beast Statue":55,"Peace Pipe":28,"Anchor":12,"Bottled Flame":13,"Shuriken":40,"Art of War":6,"Membership Card":5,"Bottled Lightning":10,"Meat on the Bone":41},{"Lantern":31,"Tiny House":19,"Singing Bowl":22,"CeramicFish":26,"Snake Skull":15,"Ginger":0,"Whetstone":33,"ClockworkSouvenir":33,"Nunchaku":11,"Matryoshka":21,"WristBlade":9,"Sundial":17,"DollysMirror":21,"Ninja Scroll":29,"Strawberry":17,"MealTicket":16,"Toxic Egg 2":26,"InkBottle":13,"Ring of the Snake":0,"Potion Belt":4,"Girya":4,"Lee\u0027s Waffle":17,"Pear":27,"Happy Flower":26,"Blue Candle":28,"PreservedInsect":14,"Orichalcum":8,"War Paint":30,"MawBank":18,"Medical Kit":18,"Akabeko":33,"White Beast Statue":34,"Peace Pipe":17,"Anchor":6,"Bottled Flame":7,"Shuriken":24,"Art of War":3,"Membership Card":2,"Bottled Lightning":5,"Meat on the Bone":25},{"Lantern":93,"Tiny House":62,"Singing Bowl":69,"CeramicFish":83,"Snake Skull":48,"Ginger":0,"Whetstone":113,"ClockworkSouvenir":113,"Nunchaku":36,"Matryoshka":65,"WristBlade":32,"Sundial":53,"DollysMirror":65,"Ninja Scroll":90,"Strawberry":53,"MealTicket":51,"Toxic Egg 2":83,"InkBottle":40,"Ring of the Snake":0,"Potion Belt":10,"Girya":10,"Lee\u0027s Waffle":53,"Pear":86,"Happy Flower":83,"Blue Candle":88,"PreservedInsect":44,"Orichalcum":21,"War Paint":92,"MawBank":55,"Medical Kit":55,"Akabeko":113,"White Beast Statue":116,"Peace Pipe":53,"Anchor":15,"Bottled Flame":18,"Shuriken":80,"Art of War":6,"Membership Card":2,"Bottled Lightning":13,"Meat on the Bone":82}],"InkBottle":[85],"Ring of the Snake":[70],"Meat on the Bone":0},"card_choices":[{"not_picked":["Caltrops","Backstab"],"picked":"Escape Plan","floor":1.0},{"not_picked":["Quick Slash","Accuracy"],"picked":"Blur","floor":2.0},{"not_picked":["Wraith Form v2","Tools of the Trade"],"picked":"Burst","floor":6.0},{"not_picked":["Wraith Form v2","Bullet Time","Grand Finale"],"picked":"SKIP","floor":7.0},{"not_picked":["Burst","Phantasmal Killer"],"picked":"Adrenaline","floor":10.0},{"not_picked":["Corpse Explosion","Doppelganger"],"picked":"Venomology","floor":12.0},{"not_picked":["Corpse Explosion","Adrenaline"],"picked":"After Image","floor":13.0},{"not_picked":["Doppelganger","Malaise"],"picked":"Night Terror","floor":14.0},{"not_picked":["A Thousand Cuts","Storm of Steel"],"picked":"Night Terror","floor":16},{"not_picked":["Prepared+1","Outmaneuver","Masterful Stab"],"picked":"SKIP","floor":18},{"not_picked":["Sucker Punch","Dodge and Roll"],"picked":"Blade Dance","floor":20},{"not_picked":["Well Laid Plans","Dagger Spray","Acrobatics"],"picked":"SKIP","floor":22},{"not_picked":["Venomology","Tools of the Trade"],"picked":"After Image","floor":23},{"not_picked":["Wraith Form v2","Storm of Steel"],"picked":"After Image","floor":24},{"not_picked":["Doppelganger","Envenom","Glass Knife"],"picked":"SKIP","floor":25},{"not_picked":["Corpse Explosion","Doppelganger"],"picked":"Adrenaline","floor":27},{"not_picked":["Storm of Steel","Corpse Explosion","Doppelganger"],"picked":"SKIP","floor":28},{"not_picked":["Bullet Time","Doppelganger","Phantasmal Killer"],"picked":"SKIP","floor":30},{"not_picked":["Dagger Spray","Deadly Poison","Dagger Throw+1"],"picked":"SKIP","floor":35},{"not_picked":["Caltrops","Bane+1","Acrobatics"],"picked":"SKIP","floor":36},{"not_picked":["A Thousand Cuts","Corpse Explosion"],"picked":"Adrenaline","floor":38},{"not_picked":["Bane","Poisoned Stab","Noxious Fumes+1"],"picked":"Singing Bowl","floor":39},{"not_picked":["After Image","Storm of Steel"],"picked":"Adrenaline","floor":40},{"not_picked":["Glass Knife","Venomology","Doppelganger"],"picked":"Singing Bowl","floor":41},{"not_picked":["A Thousand Cuts","Storm of Steel","Bullet Time"],"picked":"Singing Bowl","floor":42},{"not_picked":["Wraith Form v2","Corpse Explosion+1","Phantasmal Killer+1"],"picked":"Singing Bowl","floor":44},{"not_picked":["Die Die Die","Tools of the Trade"],"picked":"Night Terror+1","floor":45},{"not_picked":["Wraith Form v2","Grand Finale"],"picked":"Burst+1","floor":46},{"not_picked":["Grand Finale","Doppelganger+1"],"picked":"Malaise+1","floor":47},{"not_picked":["A Thousand Cuts","Corpse Explosion+1","Phantasmal Killer+1"],"picked":"Singing Bowl","floor":48},{"not_picked":["Unload","Tools of the Trade","Glass Knife"],"picked":"Singing Bowl","floor":55}],"player_experience":2931304,"relics_obtained":[{"floor":6.0,"key":"Art of War"},{"floor":7.0,"key":"Girya"},{"floor":9.0,"key":"Potion Belt"},{"floor":10.0,"key":"Bottled Lightning"},{"floor":12.0,"key":"Anchor"},{"floor":13.0,"key":"Bottled Flame"},{"floor":14.0,"key":"Orichalcum"},{"floor":21,"key":"Nunchaku"},{"floor":23,"key":"InkBottle"},{"floor":24,"key":"PreservedInsect"},{"floor":25,"key":"Snake Skull"},{"floor":27,"key":"MealTicket"},{"floor":28,"key":"Peace Pipe"},{"floor":30,"key":"MawBank"},{"floor":38,"key":"Singing Bowl"},{"floor":40,"key":"Shuriken"},{"floor":41,"key":"Meat on the Bone"},{"floor":42,"key":"Happy Flower"},{"floor":43,"key":"CeramicFish"},{"floor":43,"key":"Toxic Egg 2"},{"floor":44,"key":"Pear"},{"floor":45,"key":"Blue Candle"},{"floor":46,"key":"Ninja Scroll"},{"floor":47,"key":"War Paint"},{"floor":48,"key":"Lantern"},{"floor":55,"key":"White Beast Statue"}],"event_choices":[{"damage_healed":0.0,"max_hp_gain":0.0,"max_hp_loss":0.0,"gold_gain":75.0,"event_name":"World of Goop","player_choice":"Gather Gold","floor":3.0,"gold_loss":0.0,"damage_taken":11.0},{"damage_healed":22.0,"max_hp_gain":0.0,"max_hp_loss":0.0,"gold_gain":0.0,"event_name":"Big Fish","player_choice":"Banana","floor":4.0,"gold_loss":0.0,"damage_taken":0.0},{"damage_healed":0,"gold_gain":0,"player_choice":"Read","damage_taken":0,"max_hp_gain":0,"max_hp_loss":0,"event_name":"The Library","floor":19,"gold_loss":0,"cards_obtained":["Blade Dance"]}],"is_beta":false,"boss_relics":[{"not_picked":["Velvet Choker","Cursed Key"],"picked":"WristBlade"},{"not_picked":["Astrolabe","Snecko Eye"],"picked":"Tiny House"}],"items_purged_floors":[54],"is_endless":false,"potions_floor_spawned":[1,6,12,14,20,22,24,25,30,35,40,41,42],"ascension_level":20}}