{"host":"3ghcx3e93lhog3cp","time":1611628172,"event":{"mods":["AchievementEnabler","BaseMod","Downfall","Minty Spire (QoL Compilation)","Replay The Spire","StSLib"],"gold_per_floor":[109,109,125,44,62,89,89,14,14,14,14],"floor_reached":10,"language":"ENG","playtime":537,"items_purged":["Strike_B"],"score":73,"play_id":"6e4ebaf7-0ad7-4702-a677-db28695ab921","local_time":"20210125182932","is_ascension_mode":true,"campfire_choices":[{"data":"Self Repair","floor":7,"key":"SMITH"}],"circlet_count":0,"master_deck":["Strike_B","Strike_B","Strike_B","Defend_B","Defend_B","Defend_B","Defend_B","Zap","Dualcast","Heatsinks+1","Self Repair+1","Hologram","Melter"],"relics":["Cracked Core","Centennial Puzzle","Kunai"],"acts_visited":["Exordium"],"potions_floor_usage":[6],"damage_taken":[{"damage":6,"enemies":"Small Slimes","floor":1,"turns":4},{"damage":1,"enemies":"Cultist","floor":3,"turns":4},{"damage":12,"enemies":"2 Louse","floor":5,"turns":3},{"damage":43,"enemies":"3 Sentries","floor":6,"turns":10},{"damage":44,"enemies":"Gremlin Nob","floor":10,"turns":4}],"seed_played":"1977522892101324567","potions_obtained":[{"floor":1,"key":"PotionOfCapacity"},{"floor":3,"key":"bronze:BurnAndBuffPotion"}],"is_trial":false,"path_per_floor":["M","?","M","$","M","E","R","$","T","E"],"character_chosen":"DEFECT","items_purchased":["Self Repair"],"campfire_rested":0,"item_purchase_floors":[4],"current_hp_per_floor":[76,76,75,75,70,34,34,34,34,0,0],"gold":14,"neow_bonus":"TEN_PERCENT_HP_BONUS","is_daily":false,"chose_seed":false,"campfire_upgraded":1,"win_rate":0.0,"timestamp":1611628172,"path_taken":["M","?","M","$","M","E","R","$","T","E"],"items_purchased_type":["Card"],"build_version":"2020-12-22","purchased_purges":1,"victory":false,"max_hp_per_floor":[82,82,82,82,82,82,82,82,82,82,82],"card_choices":[{"not_picked":["Sunder","Stack"],"picked":"Heatsinks","floor":1},{"not_picked":["Consume","Defragment","BasicCrystalCard"],"picked":"SKIP","floor":3},{"not_picked":["Sunder","Coolheaded"],"picked":"Hologram","floor":5},{"not_picked":["Scrape","Aggregate"],"picked":"Melter","floor":6}],"player_experience":190993,"relics_obtained":[{"floor":6,"key":"Centennial Puzzle"},{"floor":9,"key":"Kunai"}],"event_choices":[{"damage_healed":0,"gold_gain":0,"player_choice":"Upgraded","damage_taken":0,"max_hp_gain":0,"max_hp_loss":0,"event_name":"Upgrade Shrine","floor":2,"gold_loss":0,"cards_upgraded":["Heatsinks"]}],"is_beta":false,"boss_relics":[],"items_purged_floors":[8],"is_endless":false,"potions_floor_spawned":[1,3],"killed_by":"Gremlin Nob","ascension_level":2}}