{"host":"gn96mxb33x5p409u","time":1611622013,"event":{"mods":["2.2 Compatiblity","AchievementEnabler","Act Like it!","BaseMod","Colored Powertips","Downfall","Hubris","Infinite Spire","Minty Spire (QoL Compilation)","Replay The Spire","StSLib"],"gold_per_floor":[99,99,99,99,117,117,117,144,161,179,212,112,127,139,154,250,250,250,265,265,4,21,21,21,21,21,33,46,59,77,77,92,92,92,92],"floor_reached":33,"language":"ENG","playtime":1998,"items_purged":["Slimebound:Strike_Slimebound"],"score":261,"play_id":"3252c207-b28e-413b-9a7d-df3c64ad8d1b","local_time":"20210126024653","is_ascension_mode":false,"campfire_choices":[{"data":"Slimebound:CorrosiveSpit","floor":1,"key":"SMITH"},{"data":"Slimebound:Split","floor":12,"key":"SMITH"},{"data":"Slimebound:CheckThePlaybook","floor":18,"key":"SMITH"},{"data":"Slimebound:LeadByExample","floor":23,"key":"SMITH"},{"floor":25,"key":"RECALL"}],"circlet_count":0,"master_deck":["Slimebound:Strike_Slimebound","Slimebound:Strike_Slimebound","Slimebound:Tackle","Slimebound:Defend_Slimebound","Slimebound:Defend_Slimebound","Slimebound:Defend_Slimebound","Slimebound:Defend_Slimebound","Slimebound:Split+1","Slimebound:CorrosiveSpit+1","Slimebound:HauntingLick","Slimebound:SplitSpecialist","Slimebound:Gluttony","Slimebound:LeadByExample+1","Slimebound:LevelUp","Pot Of Greed","Pot Of Greed","Slimebound:Schlurp","Slimebound:LeechEnergy","Slimebound:CheckThePlaybook+1","Slimebound:SamplingLick","Slimebound:SamplingLick","Slimebound:LeechingTouch","Slimebound:SpikyOuterGoop","Slimebound:OozeBath","Slimebound:SlimeSpikes+1","Pot Of Greed","expansioncontent:DashGenerateEvil+1","Slimebound:ViciousTackle","ReplayTheSpireMod:Private Reserves","Slimebound:SlimeTap","Slimebound:SplitMire+1","ReplayTheSpireMod:IOU"],"relics":["Slimebound:AbsorbEndCombat","downfall:HeartsMalice","Anchor","Grinning Jar","Smiling Mask","downfall:HeartBlessingGreen","hubris:ScarierMask","hubris:Towel"],"acts_visited":["Exordium","TheCity"],"potions_floor_usage":[8,11,11,13,21,33,33,33],"damage_taken":[{"damage":0,"enemies":"Cultist","floor":2,"turns":1},{"damage":0,"enemies":"Jaw Worm","floor":3,"turns":1},{"damage":0,"enemies":"Small Slimes","floor":4,"turns":1},{"damage":16,"enemies":"Gremlin Gang","floor":5,"turns":6},{"damage":27,"enemies":"Lagavulin","floor":8,"turns":6},{"damage":7,"enemies":"Exordium Wildlife","floor":9,"turns":4},{"damage":8,"enemies":"2 Fungi Beasts","floor":10,"turns":3},{"damage":14,"enemies":"3 Sentries","floor":11,"turns":4},{"damage":6,"enemies":"3 Louse","floor":13,"turns":2},{"damage":0,"enemies":"Large Slime","floor":14,"turns":4},{"damage":0,"enemies":"Blue Slaver","floor":15,"turns":2},{"damage":21,"enemies":"IC_STATUS_ARCHETYPE","floor":16,"turns":6},{"damage":3,"enemies":"Spheric Guardian","floor":19,"turns":3},{"damage":8,"enemies":"downfall:FleeingMerchant","floor":21,"turns":5},{"damage":0,"enemies":"Chosen","floor":22,"turns":2},{"damage":2,"enemies":"Centurion and Healer","floor":27,"turns":4},{"damage":3,"enemies":"Cultist and Chosen","floor":28,"turns":3},{"damage":14,"enemies":"Snake Plant","floor":29,"turns":4},{"damage":0,"enemies":"Sentry and Sphere","floor":30,"turns":3},{"damage":37,"enemies":"Chosen and Byrds","floor":32,"turns":6},{"damage":59,"enemies":"DF_ARCHETYPE_CLAW","floor":33,"turns":5}],"seed_played":"-4223350587498375800","potions_obtained":[{"floor":5,"key":"Languid Potion"},{"floor":8,"key":"champ:CounterPotion"},{"floor":10,"key":"Fire Potion"},{"floor":11,"key":"LiquidBronze"},{"floor":16,"key":"Flashbang"},{"floor":22,"key":"Venom Potion"},{"floor":28,"key":"sneckomod:MuddlingPotion"},{"floor":29,"key":"AttackPotion"}],"is_trial":false,"path_per_floor":["R","M","M","M","M","?","T","E","M","M","E","R","M","M","M","B",null,"R","M","?","$","M","R","T","R","?","M","M","M","M","?","M","B"],"character_chosen":"SLIMEBOUND","items_purchased":["expansioncontent:DashGenerateEvil"],"campfire_rested":0,"item_purchase_floors":[21],"current_hp_per_floor":[65,65,65,65,55,55,55,36,33,31,21,21,23,29,35,22,65,65,64,64,62,65,65,65,65,65,65,64,53,55,55,22,0,0,0],"gold":92,"neow_bonus":"THREE_ENEMY_KILL","is_daily":false,"chose_seed":false,"campfire_upgraded":4,"win_rate":0.0,"timestamp":1611622013,"path_taken":["R","M","M","?","M","?","T","E","M","M","E","R","?","M","M","BOSS","R","M","?","$","M","R","T","R","?","M","M","M","?","?","M","BOSS"],"items_purchased_type":["Card"],"build_version":"2020-12-22","purchased_purges":1,"victory":false,"max_hp_per_floor":[65,65,65,65,65,65,65,65,65,65,65,65,65,65,65,65,65,65,65,65,65,65,65,65,65,65,65,65,65,65,65,65,65,65,65],"card_choices":[{"not_picked":["Slimebound:SplitLeeching","Slimebound:SplitMire"],"picked":"Slimebound:HauntingLick","floor":2},{"not_picked":["Slimebound:GoopSpray","Slimebound:ComboTackle"],"picked":"Slimebound:SplitSpecialist","floor":3},{"not_picked":["Slimebound:ComboTackle","Slimebound:PressTheAttack"],"picked":"Slimebound:Gluttony","floor":4},{"not_picked":["Slimebound:FormOfPuddle","Slimebound:PressTheAttack"],"picked":"Slimebound:LeadByExample","floor":5},{"not_picked":["Slimebound:Gluttony","Slimebound:PressTheAttack"],"picked":"Slimebound:Schlurp","floor":8},{"not_picked":["Slimebound:ItLooksTasty","Slimebound:SplitAcid"],"picked":"Slimebound:LeechEnergy","floor":9},{"not_picked":["Slimebound:HauntingLick","Slimebound:SlimeSpikes"],"picked":"Slimebound:CheckThePlaybook","floor":10},{"not_picked":["Slimebound:PressTheAttack","Slimebound:PrepareCrush"],"picked":"Slimebound:SamplingLick","floor":11},{"not_picked":["Slimebound:Prepare","Slimebound:GoopTackle"],"picked":"Slimebound:SamplingLick","floor":13},{"not_picked":["Slimebound:Gluttony","Slimebound:SplitBruiser"],"picked":"Slimebound:LeechingTouch","floor":14},{"not_picked":["Slimebound:LevelUp","Slimebound:Prepare"],"picked":"Slimebound:SpikyOuterGoop","floor":15},{"not_picked":["Slimebound:RallyTheTroops","Slimebound:OneTwoCombo"],"picked":"Slimebound:OozeBath","floor":16},{"not_picked":["Slimebound:SamplingLick","Slimebound:ProtectTheBoss"],"picked":"Slimebound:SlimeSpikes+1","floor":19},{"not_picked":["Slimebound:Chomp+1","Slimebound:Gluttony","Slimebound:Prepare+1"],"picked":"SKIP","floor":21},{"not_picked":["Slimebound:Prepare+1","Slimebound:LevelUp"],"picked":"Slimebound:ViciousTackle","floor":22},{"not_picked":["Slimebound:GrowthPunch","Slimebound:DisruptingSlam+1"],"picked":"Slimebound:SlimeTap","floor":27},{"not_picked":["Slimebound:FinishingTackle","Slimebound:Schlurp","Slimebound:LeechEnergy+1"],"picked":"SKIP","floor":28},{"not_picked":["Slimebound:Chomp","Slimebound:ComboTackle","Slimebound:SpikyOuterGoop+1"],"picked":"SKIP","floor":29},{"not_picked":["Slimebound:HungryTackle","Slimebound:LeechingTouch"],"picked":"Slimebound:SplitMire","floor":30},{"not_picked":["Slimebound:Grow+1","Slimebound:PressTheAttack","Slimebound:Gluttony+1"],"picked":"SKIP","floor":32}],"player_experience":453716,"relics_obtained":[{"floor":7,"key":"Anchor"},{"floor":8,"key":"Grinning Jar"},{"floor":11,"key":"Smiling Mask"}],"event_choices":[],"is_beta":false,"boss_relics":[{"not_picked":["Runic Dome","Replay:Drink Me"],"picked":"hubris:ScarierMask"}],"items_purged_floors":[21],"is_endless":false,"potions_floor_spawned":[5,8,10,11,16,22,28,29,32],"killed_by":"DF_ARCHETYPE_CLAW","ascension_level":0}}