{"host":"0fm1w3v00gid44jl","time":1611702711,"event":{"mods":["AchievementEnabler","BaseMod","Colored Map","Colored Powertips","Displayed Cursed Tome","Downfall","Googly Eyes","Highlight Path","Minty Spire (QoL Compilation)","Permanent Neow","Relic Stats","StSLib","SuperFastMode","slay the spire mod where everything is the same but ironclad has a cowboy hat"],"gold_per_floor":[99,118,137,34,19,53,53,66,66,66,85,96,96,96,116,217,217,217,235,235,235,249,10,10,10,10,124,124,124,124],"floor_reached":28,"language":"ENG","playtime":929,"items_purged":["bronze:NullPointer+1"],"score":248,"play_id":"049d336f-601a-4001-a954-39a13760526e","local_time":"20210126171151","is_ascension_mode":true,"campfire_choices":[{"data":"bronze:DigitalCarnage","floor":1,"key":"SMITH"},{"floor":13,"key":"REST"},{"data":"bronze:ChosenStrike","floor":18,"key":"SMITH"},{"data":"bronze:Boost","floor":26,"key":"SMITH"}],"circlet_count":0,"master_deck":["bronze:Strike","bronze:Strike","bronze:Defend","bronze:Defend","bronze:Defend","bronze:Replicate","bronze:Goto","bronze:DigitalCarnage+1","bronze:BuggyMess","bronze:WildBeam","bronze:Shield","bronze:Separator","bronze:ForLoop","bronze:ChosenStrike+1","bronze:Terminator","bronze:Overheat+1","bronze:ClassDefault","bronze:AlphaBuild+1","bronze:Optimize","bronze:CloningBeam+1","bronze:Terminator","bronze:Boost+1","bronze:BronzeOrb+1","bronze:BugBarrage+1","bronze:Iterate+1"],"relics":["bronze:BronzeCore","Molten Egg 2","Matryoshka","bronze:BottledCode","bronze:ElectromagneticCoil","Guardian:PocketSentry","Centennial Puzzle","Pantograph","Chemical X"],"acts_visited":["Exordium","TheCity"],"potions_floor_usage":[],"damage_taken":[{"damage":0,"enemies":"Cultist","floor":2,"turns":2},{"damage":7,"enemies":"Jaw Worm","floor":3,"turns":2},{"damage":0,"enemies":"downfall:FleeingMerchant","floor":4,"turns":4},{"damage":5,"enemies":"downfall:FleeingMerchant","floor":5,"turns":4},{"damage":20,"enemies":"Lagavulin","floor":6,"turns":4},{"damage":0,"enemies":"Small Slimes","floor":8,"turns":2},{"damage":1,"enemies":"Exordium Wildlife","floor":11,"turns":2},{"damage":16,"enemies":"2 Fungi Beasts","floor":12,"turns":3},{"damage":6,"enemies":"Lots of Slimes","floor":15,"turns":4},{"damage":69,"enemies":"WA_ARCHETYPE_RETAIN","floor":16,"turns":7},{"damage":0,"enemies":"Spheric Guardian","floor":19,"turns":2},{"damage":0,"enemies":"Chosen","floor":20,"turns":1},{"damage":9,"enemies":"Snecko","floor":22,"turns":3},{"damage":0,"enemies":"downfall:FleeingMerchant","floor":23,"turns":4},{"damage":20,"enemies":"downfall:FleeingMerchant","floor":27,"turns":3},{"damage":41,"enemies":"Chosen and Byrds","floor":28,"turns":6}],"seed_played":"-5279396707495290304","potions_obtained":[{"floor":6,"key":"bronze:BurnAndBuffPotion"},{"floor":8,"key":"FairyPotion"},{"floor":11,"key":"SpeedPotion"},{"floor":16,"key":"bronze:FreeFunctionsPotion"}],"is_trial":false,"path_per_floor":["R","M","M","$","$","E","T","M","?","?","M","M","R","?","M","B",null,"R","M","M","?","M","$","T","?","R","$","M"],"character_chosen":"THE_AUTOMATON","items_purchased":["bronze:Separator","bronze:ForLoop","bronze:BronzeOrb+1","Guardian:PocketSentry","Chemical X"],"campfire_rested":1,"item_purchase_floors":[4,4,23,23,27],"current_hp_per_floor":[63,63,56,56,51,31,31,31,31,52,51,35,53,53,47,15,53,53,53,53,53,44,44,44,44,44,24,0,0,0],"gold":124,"neow_bonus":"TRANSFORM_TWO_CARDS","is_daily":false,"chose_seed":false,"campfire_upgraded":3,"win_rate":0.0,"timestamp":1611702711,"path_taken":["R","M","M","?","$","E","T","M","?","?","?","M","R","?","M","BOSS","R","M","M","?","?","$","T","?","R","$","?"],"items_purchased_type":["Card","Card","Card","Relic","Relic"],"build_version":"2020-12-22","purchased_purges":1,"victory":false,"max_hp_per_floor":[63,63,63,63,63,63,63,63,63,63,63,63,63,53,53,53,53,53,53,53,53,53,53,53,53,53,53,53,53,53],"relic_stats":{"Centennial Puzzle":[6],"counters":[16,53],"Pantograph":0,"Chemical X":[2],"obtain_stats":[{"bronze:BottledCode":14,"bronze:ElectromagneticCoil":17,"Centennial Puzzle":24,"bronze:BronzeCore":0,"Matryoshka":7,"downfall:BrokenWingStatue":9,"Pantograph":24,"Molten Egg 2":6,"Guardian:PocketSentry":23,"Chemical X":27},{"bronze:BottledCode":8,"bronze:ElectromagneticCoil":10,"Centennial Puzzle":14,"bronze:BronzeCore":0,"Matryoshka":5,"downfall:BrokenWingStatue":6,"Pantograph":14,"Molten Egg 2":5,"Guardian:PocketSentry":14,"Chemical X":15},{"bronze:BottledCode":23,"bronze:ElectromagneticCoil":34,"Centennial Puzzle":44,"bronze:BronzeCore":0,"Matryoshka":16,"downfall:BrokenWingStatue":18,"Pantograph":44,"Molten Egg 2":16,"Guardian:PocketSentry":44,"Chemical X":47}]},"card_choices":[{"not_picked":["bronze:Branch","bronze:DelayedSlice","bronze:OilSpill"],"picked":"SKIP","floor":2},{"not_picked":["bronze:BronzeArmor","bronze:BuggyMess"],"picked":"bronze:WildBeam","floor":3},{"not_picked":["bronze:Shell","bronze:MaxOutput"],"picked":"bronze:Shield","floor":4},{"not_picked":["bronze:DelayedGuard","bronze:Repair"],"picked":"bronze:ChosenStrike","floor":5},{"not_picked":["bronze:Optimize","bronze:NullPointer+1"],"picked":"bronze:Terminator","floor":6},{"not_picked":["bronze:Separator+1","bronze:CutThrough+1"],"picked":"bronze:Overheat+1","floor":8},{"not_picked":["bronze:Separator+1","bronze:Shell"],"picked":"bronze:NullPointer+1","floor":11},{"not_picked":["bronze:Constructor","bronze:TinkerersToolbox"],"picked":"bronze:ClassDefault","floor":12},{"not_picked":["bronze:ForceShield","bronze:Shield","bronze:CutThrough+1"],"picked":"SKIP","floor":15},{"not_picked":["bronze:Break+1","bronze:Library"],"picked":"bronze:AlphaBuild+1","floor":16},{"not_picked":["bronze:InfiniteBeams","bronze:Turbo"],"picked":"bronze:Optimize","floor":19},{"not_picked":["bronze:Overheat+1","bronze:WildBeam+1"],"picked":"bronze:CloningBeam+1","floor":20},{"not_picked":["bronze:BitShift","bronze:Invalidate","bronze:BronzeArmor+1"],"picked":"SKIP","floor":22},{"not_picked":["bronze:ForLoop+1","bronze:Constructor"],"picked":"bronze:Boost","floor":23},{"not_picked":["bronze:WildBeam+1","bronze:FineTuning"],"picked":"bronze:Iterate+1","floor":27}],"player_experience":1502993,"relics_obtained":[{"floor":6,"key":"Molten Egg 2"},{"floor":7,"key":"Matryoshka"},{"floor":24,"key":"Centennial Puzzle"},{"floor":24,"key":"Pantograph"}],"event_choices":[{"damage_healed":21,"gold_gain":0,"player_choice":"Banana","damage_taken":0,"max_hp_gain":0,"max_hp_loss":0,"event_name":"Big Fish","floor":10,"gold_loss":0}],"is_beta":false,"boss_relics":[{"not_picked":["Fusion Hammer","bronze:PlatinumCore"],"picked":"bronze:ElectromagneticCoil"}],"items_purged_floors":[27],"is_endless":false,"potions_floor_spawned":[6,8,11,15,16],"killed_by":"Chosen and Byrds","ascension_level":3}}