{"host":"359hz4210ybch7ku","time":1611634658,"event":{"mods":["BaseMod","Block Reminder","Colored Map","Colored Powertips","Highlight Path","Minty Spire (QoL Compilation)","Slay the Relics Exporter","StSLib"],"gold_per_floor":[169,169,180,355,355,355,383,111,138,138,153,168,194,205,205,300,300,316,316,62,79,79,79,114,114,141,141,141,151,1,18,18,18,18],"floor_reached":33,"language":"ENG","playtime":1973,"items_purged":["Doubt","Strike_R"],"score":328,"play_id":"c8c1f514-93ad-4034-afbf-c8e1002bb093","local_time":"20210125201738","is_ascension_mode":true,"campfire_choices":[{"data":"Rage","floor":6,"key":"SMITH"},{"data":"Sever Soul","floor":10,"key":"SMITH"},{"floor":15,"key":"REST"},{"data":"Feel No Pain","floor":23,"key":"SMITH"},{"floor":25,"key":"REST"},{"data":"Offering","floor":27,"key":"SMITH"},{"data":"Shockwave","floor":32,"key":"SMITH"}],"circlet_count":0,"master_deck":["Strike_R","Strike_R","Strike_R","Defend_R","Defend_R","Defend_R+1","Defend_R","Bash","Rage+1","Feel No Pain+1","Sever Soul+1","Seeing Red","Bloodletting","Exhume","Shockwave+1","Offering+1","Sever Soul+1","Writhe","Feel No Pain+1","Double Tap"],"relics":["Tiny House","Anchor","InkBottle","Pen Nib","Lantern","Ornamental Fan","Empty Cage","Art of War","ClockworkSouvenir","Ancient Tea Set","Toy Ornithopter","MutagenicStrength","Strange Spoon"],"acts_visited":["Exordium","TheCity"],"potions_floor_usage":[3,13,16,16,24,33,33],"damage_taken":[{"damage":0,"enemies":"Small Slimes","floor":1,"turns":3},{"damage":9,"enemies":"Jaw Worm","floor":3,"turns":5},{"damage":33,"enemies":"Gremlin Nob","floor":7,"turns":5},{"damage":0,"enemies":"Cultist","floor":11,"turns":2},{"damage":18,"enemies":"Red Slaver","floor":12,"turns":5},{"damage":11,"enemies":"3 Sentries","floor":13,"turns":7},{"damage":0,"enemies":"Large Slime","floor":14,"turns":5},{"damage":24,"enemies":"Slime Boss","floor":16,"turns":10},{"damage":15,"enemies":"3 Byrds","floor":18,"turns":5},{"damage":19,"enemies":"Shell Parasite","floor":21,"turns":3},{"damage":17,"enemies":"Book of Stabbing","floor":24,"turns":3},{"damage":16,"enemies":"Snake Plant","floor":29,"turns":3},{"damage":0,"enemies":"Snecko","floor":31,"turns":2},{"damage":53,"enemies":"Automaton","floor":33,"turns":8}],"seed_played":"6416348697959893932","potions_obtained":[{"floor":0,"key":"Block Potion"},{"floor":3,"key":"SteroidPotion"},{"floor":11,"key":"GamblersBrew"},{"floor":13,"key":"Block Potion"},{"floor":16,"key":"ColorlessPotion"},{"floor":29,"key":"PowerPotion"}],"is_trial":false,"path_per_floor":["M","?","M","?","?","R","E","$","T","R","M","M","E","M","R","B",null,"M","?","$","M","?","R","E","R","T","R","?","M","$","M","R","B"],"character_chosen":"IRONCLAD","items_purchased":["Pen Nib","AttackPotion","ClockworkSouvenir","Strange Spoon"],"campfire_rested":2,"item_purchase_floors":[8,8,20,30],"current_hp_per_floor":[85,85,76,76,76,76,43,43,43,43,43,25,14,14,39,15,85,70,70,70,51,35,35,18,45,45,45,45,29,29,29,29,0,0],"gold":18,"neow_bonus":"BOSS_RELIC","is_daily":false,"chose_seed":false,"campfire_upgraded":5,"win_rate":0.0,"timestamp":1611634658,"path_taken":["M","?","M","?","?","R","E","$","T","R","M","M","E","M","R","BOSS","M","?","$","M","?","R","E","R","T","R","?","M","?","M","R","BOSS"],"items_purchased_type":["Relic","Potion","Relic","Relic"],"build_version":"2020-12-22","purchased_purges":2,"victory":false,"max_hp_per_floor":[85,85,85,85,85,85,85,85,85,85,85,85,85,85,85,85,85,85,85,85,85,90,90,90,90,90,90,90,90,90,90,90,90,90],"card_choices":[{"not_picked":["Anger","Flame Barrier"],"picked":"Rage","floor":0},{"not_picked":["Cleave","Dual Wield"],"picked":"Feel No Pain","floor":1},{"not_picked":["Sword Boomerang","Whirlwind"],"picked":"Sever Soul","floor":3},{"not_picked":["Havoc","Clothesline"],"picked":"Seeing Red","floor":7},{"not_picked":["Perfected Strike","Rage"],"picked":"Bloodletting","floor":11},{"not_picked":["Havoc","Battle Trance","Wild Strike"],"picked":"SKIP","floor":12},{"not_picked":["Second Wind","Body Slam"],"picked":"Exhume","floor":13},{"not_picked":["Twin Strike","Havoc"],"picked":"Shockwave","floor":14},{"not_picked":["Impervious","Barricade"],"picked":"Offering","floor":16},{"not_picked":["Heavy Blade","Thunderclap"],"picked":"Sever Soul+1","floor":18},{"not_picked":["Intimidate","Sever Soul"],"picked":"Feel No Pain","floor":21},{"not_picked":["Sword Boomerang","Ghostly Armor+1","Fire Breathing"],"picked":"SKIP","floor":24},{"not_picked":["Reckless Charge+1","Headbutt"],"picked":"Double Tap","floor":29},{"not_picked":["Body Slam+1","Clothesline+1","Flex+1"],"picked":"SKIP","floor":31}],"player_experience":289703,"relics_obtained":[{"floor":7,"key":"InkBottle"},{"floor":9,"key":"Lantern"},{"floor":13,"key":"Ornamental Fan"},{"floor":24,"key":"Ancient Tea Set"},{"floor":26,"key":"Toy Ornithopter"}],"event_choices":[{"damage_healed":0,"gold_gain":0,"player_choice":"Grow","damage_taken":0,"max_hp_gain":0,"max_hp_loss":0,"event_name":"Living Wall","floor":2,"gold_loss":0,"cards_upgraded":["Feel No Pain"]},{"damage_healed":0,"gold_gain":175,"player_choice":"AGREE","damage_taken":0,"max_hp_gain":0,"max_hp_loss":0,"event_name":"Liars Game","floor":4,"gold_loss":0,"cards_obtained":["Doubt"]},{"damage_healed":0,"gold_gain":0,"player_choice":"Box","damage_taken":0,"relics_obtained":["Anchor"],"max_hp_gain":0,"max_hp_loss":0,"event_name":"Big Fish","floor":5,"gold_loss":0,"cards_obtained":["Regret"]},{"damage_healed":0,"gold_gain":0,"player_choice":"Opened","damage_taken":0,"relics_obtained":["Art of War"],"max_hp_gain":0,"max_hp_loss":0,"event_name":"The Mausoleum","floor":19,"gold_loss":0,"cards_obtained":["Writhe"]},{"damage_healed":0,"gold_gain":0,"player_choice":"Shed Blood","damage_taken":21,"max_hp_gain":5,"max_hp_loss":0,"event_name":"Forgotten Altar","floor":22,"gold_loss":0},{"damage_healed":0,"gold_gain":0,"player_choice":"Inject Mutagens","damage_taken":0,"relics_obtained":["MutagenicStrength"],"max_hp_gain":0,"max_hp_loss":0,"event_name":"Drug Dealer","floor":28,"gold_loss":0}],"is_beta":false,"boss_relics":[{"not_picked":["Velvet Choker","Mark of Pain"],"picked":"Empty Cage"}],"items_purged_floors":[8,20],"is_endless":false,"potions_floor_spawned":[3,11,13,16,29],"killed_by":"Automaton","ascension_level":4}}