{"host":"f5h077e5av00giy4","time":1611634356,"event":{"mods":["100% Spire Juice","Act Like it!","Aspiration","BaseMod","Colored Powertips","Conspire","Decade(王小明)","Hermit","Hunter 猎人","KinomotoSakuraMod(木之本樱)","Koishi","KomeijiMod","Marisa（F雨　魔理沙）","Marked Mod","Minty Spire (QoL Compilation)","MostiFishMod","Pale of the Ancients","Quick Restart","Reimu（博丽灵梦）","Relic Stats","Remilia（蕾米莉亚）","Replay The Spire","RumiaBox-露米娅的神秘盒子","SOS（斯巴达之子）","Shop Mod","Spicy Shops","StSLib","TestMod","The Blackbeard","The Gatherer","The Mystic","The Poker Player","The Runesmith","The Servant 0.9.4","Yakumo Yukari mod","Youmu（魂魄妖梦）","Yuri Mod","Yuyuko","noobMod","【功能Mod】聪明的最终Boss","【遗物卡牌】REMEMod","篝火指南"],"gold_per_floor":[111,111,131,31,31,31,63,94,94,111,91,102,19,51,51,132,132,147,147,213,32,32,63,75,93,93,93,129,129,129,129,70,106,10,83,83,104,157,173,175,194,222,238,251,333,353,381,393,423,440,318,1093,1093],"floor_reached":52,"language":"ZHS","playtime":4236,"items_purged":[],"score":1691,"play_id":"e643dbec-356a-4e78-bbf9-e35a1e817286","local_time":"20210126121236","is_ascension_mode":true,"campfire_choices":[{"data":"MarkedMod:GracefulMovements","floor":6.0,"key":"SMITH"},{"data":"testmod-Reverberation","floor":15.0,"key":"SMITH"},{"floor":31.0,"key":"REST"}],"circlet_count":0,"master_deck":["Strike_P+1","Strike_P+1","Strike_P+1","Strike_P+1","Defend_P+1","Defend_P+1","Defend_P+1","Defend_P+1","Eruption+1","Vigilance+1","MostiFishMod:KingOfFree+1","BattleHymn+1","MarkedMod:GracefulMovements+1","Ghostly+1","MostiFishMod:Minus+1","ThirdEye+1","EmptyFist+1","testmod-Reverberation+1","ConjureBlade+1","EmptyMind+1","MostiFishMod:Dust+1","MostiFishMod:LegendTransform+1","FlurryOfBlows+1","Consecrate+1","testmod-AutoReboundSystem+1","testmod-AutoReboundSystem+1","Replay:LoomingThreat+1","MarkedMod:PinPointDefense+1","CutThroughFate+1","REME_Repentance+1","MostiFishMod:StarHerder+1","Replay:AllIn+1","Adaptation+1","MarkedMod:FirstStrike+1","Swivel+1","Replay:AtTheReady+1","Replay:DivineShield","Replay:ManipulateFuture+1","REME_MusicOfDeath","REME_MusicOfDeath","REME_WorshipGod","MostiFishMod:PathToVictory","Crescendo+1","WaveOfTheHand","MostiFishMod:StarWish","Replay:Battleflow+1"],"relics":["PureWater","testmod-TestBox","ice","DaveBox","REME_ComplimentaryCards","testmod-CrystalShield","ChiXiaoBlade","SynthV:TestCard","Bottled Flame","GoldenEye","testmod-Register","FeatherPendant","Replay:Wax Seal","MostiFishMod:AdaptiveDefenses","aspiration:FetidBarrel","MerchantsRug","TeardropLocket","Bag of Marbles","Enchiridion","Darkstone Periapt","ChiLing","Chi","Ling","aspiration:Lifesprig","Omamori","RhineSuit","Replay:Towering Pillar of Hats","Anchor","SynthV:C4","Replay:Bandana"],"acts_visited":["Exordium","TheCity","TheBeyond"],"potions_floor_usage":[],"damage_taken":[{"damage":0.0,"enemies":"Small Slimes","floor":1.0,"turns":5.0},{"damage":0.0,"enemies":"Cultist","floor":3.0,"turns":4.0},{"damage":64.0,"enemies":"Gremlin Nob","floor":7.0,"turns":6.0},{"damage":37.0,"enemies":"The Mushroom Lair","floor":8.0,"turns":6.0},{"damage":0.0,"enemies":"2 Louse","floor":10.0,"turns":2.0},{"damage":0.0,"enemies":"Exordium Wildlife","floor":12.0,"turns":4.0},{"damage":6.0,"enemies":"Replay:BlueRogue","floor":14.0,"turns":7.0},{"damage":17.0,"enemies":"The Guardian","floor":16.0,"turns":9.0},{"damage":1.0,"enemies":"Spheric Guardian","floor":18.0,"turns":3.0},{"damage":3.0,"enemies":"Book of Stabbing","floor":23.0,"turns":3.0},{"damage":1.0,"enemies":"Shell Parasite","floor":24.0,"turns":2.0},{"damage":3.0,"enemies":"conspire:HollyBat","floor":25.0,"turns":12.0},{"damage":7.0,"enemies":"Replay:Snechameleon","floor":28.0,"turns":3.0},{"damage":2.0,"enemies":"conspire:Head Lice","floor":33.0,"turns":2.0},{"damage":27.0,"enemies":"Automaton","floor":35.0,"turns":6.0},{"damage":2.0,"enemies":"3 Darklings","floor":37.0,"turns":1.0},{"damage":29.0,"enemies":"2 Orb Walkers","floor":38.0,"turns":2.0},{"damage":30.0,"enemies":"3 Shapes","floor":39.0,"turns":1.0},{"damage":9.0,"enemies":"3 Shapes","floor":40.0,"turns":10.0},{"damage":0.0,"enemies":"Spire Growth","floor":41.0,"turns":2.0},{"damage":2.0,"enemies":"Reptomancer","floor":42.0,"turns":2.0},{"damage":2.0,"enemies":"Jaw Worm Horde","floor":44.0,"turns":1.0},{"damage":22.0,"enemies":"4 Shapes","floor":46.0,"turns":1.0},{"damage":0.0,"enemies":"R_Hoarder","floor":47.0,"turns":3.0},{"damage":2,"enemies":"Maw","floor":48,"turns":3},{"damage":2,"enemies":"Reptomancer","floor":49,"turns":1},{"damage":2,"enemies":"Transient","floor":50,"turns":3},{"damage":100,"enemies":"Awakened One","floor":52,"turns":3}],"seed_played":"-642269118108582398","potions_obtained":[{"floor":1.0,"key":"ZuzhouPotion:ReiMu"},{"floor":2.0,"key":"Venom Potion"},{"floor":2.0,"key":"Languid Potion"},{"floor":7.0,"key":"CalmPotion"},{"floor":8.0,"key":"Strength Potion"},{"floor":10.0,"key":"Dexterity Potion"},{"floor":18.0,"key":"PowerPotion"},{"floor":23.0,"key":"DuplicationPotion"},{"floor":33.0,"key":"ColorlessPotion"},{"floor":38.0,"key":"Block Potion"},{"floor":39.0,"key":"Block Potion"},{"floor":47.0,"key":"Toxic Potion"},{"floor":48,"key":"SteroidPotion"}],"is_trial":false,"path_per_floor":["M","?","M","?","$","R","E","?","T","M","$","M","$","E","R","B",null,"M","$","?","$","?","E","M","M","T","?","E","PTL","PTL","R","$","E","R","B",null,"M","?","M","?","M","E","$","M","T","M","E","M","E","M","R","B"],"character_chosen":"WATCHER","items_purchased":["testmod-Reverberation","testmod-Register","Replay:Wax Seal","MostiFishMod:AdaptiveDefenses","aspiration:FetidBarrel","MerchantsRug","testmod-AutoReboundSystem","ChiLing","Omamori","REME_MusicOfDeath","Replay:Bandana"],"campfire_rested":1,"item_purchase_floors":[11,13,21,21,21,21,21,32,34,43,51],"current_hp_per_floor":[68,68,69,69,69,69,7,46,46,47,47,48,48,44,44,30,83,84,84,44,44,44,43,44,47,47,26,21,21,21,54,54,54,54,51,97,97,84,78,112,112,111,111,111,111,93,95,95,95,95,95,0,0],"gold":1093,"neow_bonus":"TEN_PERCENT_HP_BONUS","is_daily":false,"chose_seed":false,"campfire_upgraded":2,"win_rate":0.0,"timestamp":1611634356,"path_taken":["M","?","?","?","?","R","E","?","T","M","$","M","?","E","R","BOSS","M","$","?","$","?","E","?","?","T","?","E","PTL","PTL","R","$","E","R","BOSS","M","?","M","?","M","E","?","M","T","M","E","M","E","M","R","BOSS"],"items_purchased_type":["Card","Relic","Relic","Relic","Relic","Relic","Card","Relic","Relic","Card","Relic"],"build_version":"2020-12-22","purchased_purges":0,"victory":false,"max_hp_per_floor":[74,74,74,74,74,74,74,76,76,77,77,79,79,83,83,100,100,101,101,101,101,101,104,105,112,112,112,112,112,112,112,112,112,112,112,112,112,112,112,112,112,112,112,112,112,112,112,112,112,112,112,112,112],"relic_stats":{"Darkstone Periapt":0,"counters":[28,107],"GoldenEye":[54],"obtain_stats":[{"ReplayFunnel":20,"Darkstone Periapt":28,"aspiration:Lifesprig":33,"Calipers":38,"DaveBox":0,"Chi":32,"Enchiridion":27,"MostiFishMod:AdaptiveDefenses":21,"RhineSuit":36,"ice":0,"TeardropLocket":23,"SynthV:C4":49,"testmod-CrystalShield":0,"Replay:Bandana":51,"Replay:Wax Seal":21,"MerchantsRug":21,"testmod-TestBox":0,"Replay:Towering Pillar of Hats":42,"testmod-Register":13,"aspiration:FetidBarrel":21,"Omamori":34,"Odd Mushroom":8,"GoldenEye":9,"Bottled Flame":7,"Ling":32,"Anchor":47,"SynthV:TestCard":1,"FeatherPendant":17,"ChiXiaoBlade":0,"Bag of Marbles":26,"PureWater":0,"testmod-OneHitWonder":14,"REME_ComplimentaryCards":0,"ChiLing":32},{"ReplayFunnel":9,"Darkstone Periapt":13,"aspiration:Lifesprig":14,"Calipers":17,"DaveBox":0,"Chi":13,"Enchiridion":12,"MostiFishMod:AdaptiveDefenses":9,"RhineSuit":15,"ice":0,"TeardropLocket":10,"SynthV:C4":26,"testmod-CrystalShield":0,"Replay:Bandana":27,"Replay:Wax Seal":9,"MerchantsRug":9,"testmod-TestBox":0,"Replay:Towering Pillar of Hats":21,"testmod-Register":6,"aspiration:FetidBarrel":9,"Omamori":14,"Odd Mushroom":4,"GoldenEye":4,"Bottled Flame":3,"Ling":13,"Anchor":24,"SynthV:TestCard":1,"FeatherPendant":8,"ChiXiaoBlade":0,"Bag of Marbles":12,"PureWater":0,"testmod-OneHitWonder":7,"REME_ComplimentaryCards":0,"ChiLing":13},{"ReplayFunnel":46,"Darkstone Periapt":66,"aspiration:Lifesprig":68,"Calipers":77,"DaveBox":0,"Chi":66,"Enchiridion":63,"MostiFishMod:AdaptiveDefenses":46,"RhineSuit":74,"ice":0,"TeardropLocket":49,"SynthV:C4":101,"testmod-CrystalShield":0,"Replay:Bandana":104,"Replay:Wax Seal":46,"MerchantsRug":46,"testmod-TestBox":0,"Replay:Towering Pillar of Hats":92,"testmod-Register":27,"aspiration:FetidBarrel":46,"Omamori":68,"Odd Mushroom":21,"GoldenEye":21,"Bottled Flame":15,"Ling":66,"Anchor":97,"SynthV:TestCard":5,"FeatherPendant":43,"ChiXiaoBlade":0,"Bag of Marbles":63,"PureWater":0,"testmod-OneHitWonder":34,"REME_ComplimentaryCards":0,"ChiLing":66}]},"card_choices":[{"not_picked":["FlyingSleeves","CrushJoints"],"picked":"BattleHymn","floor":1.0},{"not_picked":["Crescendo","ThirdEye","WreathOfFlame","Replay:BluntJabs"],"picked":"MarkedMod:GracefulMovements","floor":3.0},{"not_picked":["DeceiveReality","Replay:AtTheReady","LikeWater","EmptyMind"],"picked":"MostiFishMod:Minus","floor":7.0},{"not_picked":["Crescendo","WaveOfTheHand","ClearTheMind","SashWhip"],"picked":"ThirdEye","floor":8.0},{"not_picked":["WaveOfTheHand","Crescendo","Replay:ManipulateFuture","Fasting2"],"picked":"EmptyFist","floor":10.0},{"not_picked":["Halt","Protect","MostiFishMod:Clarity","Consecrate"],"picked":"ConjureBlade","floor":12.0},{"not_picked":["Evaluate","EmptyFist","FollowUp","ThirdEye"],"picked":"EmptyMind","floor":14.0},{"not_picked":["SpiritShield","MarkedMod:NorthStar","MostiFishMod:DustFall","Blasphemy"],"picked":"MostiFishMod:Dust","floor":16.0},{"not_picked":["Replay:BluntJabs","Prostrate","Replay:Cycle+1","MarkedMod:GentlePulse"],"picked":"MostiFishMod:LegendTransform","floor":18.0},{"not_picked":["Indignation+1","Replay:BluntJabs","REME_Repentance","Replay:AtTheReady"],"picked":"FlurryOfBlows","floor":20.0},{"not_picked":["REME_Repentance","Collect","MostiFishMod:LegendTransform","MarkedMod:GentlePulse"],"picked":"Consecrate","floor":20.0},{"not_picked":["MarkedMod:GentlePulse+1","FollowUp","MostiFishMod:Speedup","CutThroughFate"],"picked":"Replay:LoomingThreat","floor":23.0},{"not_picked":["Protect","MentalFortress","Perseverance","ThirdEye"],"picked":"MarkedMod:PinPointDefense","floor":24.0},{"not_picked":["Adaptation","ClearTheMind","LikeWater","Meditate"],"picked":"CutThroughFate","floor":25.0},{"not_picked":["Perseverance","LikeWater","Replay:DivineShield","Conclude"],"picked":"REME_Repentance","floor":28.0},{"not_picked":["EmptyBody","Evaluate","MostiFishMod:PathToVictory","BowlingBash"],"picked":"MostiFishMod:StarHerder","floor":33.0},{"not_picked":["MostiFishMod:Moonprays","MostiFishMod:DisColor","REME_WorshipGod","REME_EmptyShield"],"picked":"Replay:AllIn","floor":35.0},{"not_picked":["Replay:BluntJabs","DeceiveReality+1","ClearTheMind","JustLucky"],"picked":"Adaptation","floor":37.0},{"not_picked":["WreathOfFlame","CutThroughFate","Replay:BluntJabs","Vengeance"],"picked":"MarkedMod:FirstStrike+1","floor":38.0},{"not_picked":["Fasting2+1","Evaluate","FlurryOfBlows+1","EmptyMind"],"picked":"Swivel+1","floor":39.0},{"not_picked":["Evaluate+1","FollowUp","JustLucky","SashWhip"],"picked":"Replay:AtTheReady+1","floor":40.0},{"not_picked":["ClearTheMind","MostiFishMod:Moonprays","Consecrate+1","Halt"],"picked":"Replay:DivineShield","floor":41.0},{"not_picked":["BowlingBash","EmptyFist","Protect+1","SashWhip"],"picked":"Replay:ManipulateFuture+1","floor":42.0},{"not_picked":["MentalFortress","MarkedMod:OneThousandNeedles","Replay:Battleflow","CrushJoints"],"picked":"REME_WorshipGod","floor":44.0},{"not_picked":["Replay:AtTheReady","Swivel","Nirvana","PathToVictory"],"picked":"MostiFishMod:PathToVictory","floor":46.0},{"not_picked":["REME_Repentance+1","SignatureMove","Collect","Wallop"],"picked":"Crescendo+1","floor":47.0},{"not_picked":["FlurryOfBlows","BowlingBash","Perseverance","Evaluate"],"picked":"WaveOfTheHand","floor":48},{"not_picked":["Study","Replay:Battleflow","CutThroughFate","ThirdEye"],"picked":"MostiFishMod:StarWish","floor":49},{"not_picked":["FlurryOfBlows","ClearTheMind+1","Replay:ManipulateFuture","JustLucky+1"],"picked":"Replay:Battleflow+1","floor":50}],"player_experience":302640,"relics_obtained":[{"floor":1.0,"key":"SynthV:TestCard"},{"floor":7.0,"key":"Bottled Flame"},{"floor":8.0,"key":"Odd Mushroom"},{"floor":9.0,"key":"GoldenEye"},{"floor":14.0,"key":"testmod-OneHitWonder"},{"floor":20.0,"key":"ReplayFunnel"},{"floor":23.0,"key":"TeardropLocket"},{"floor":26.0,"key":"Bag of Marbles"},{"floor":27.0,"key":"Enchiridion"},{"floor":28.0,"key":"Darkstone Periapt"},{"floor":33.0,"key":"aspiration:Lifesprig"},{"floor":38.0,"key":"Calipers"},{"floor":42.0,"key":"Replay:Towering Pillar of Hats"},{"floor":47.0,"key":"Anchor"},{"floor":49,"key":"SynthV:C4"}],"event_choices":[{"damage_healed":0.0,"max_hp_gain":0.0,"max_hp_loss":0.0,"gold_gain":0.0,"event_name":"Lab","player_choice":"Got Potions","floor":2.0,"gold_loss":0.0,"damage_taken":0.0},{"damage_healed":0.0,"max_hp_gain":0.0,"max_hp_loss":0.0,"gold_gain":0.0,"event_name":"conspire:LoneGhost","player_choice":"Argue","floor":4.0,"gold_loss":0.0,"damage_taken":0.0},{"damage_healed":0.0,"max_hp_gain":0.0,"max_hp_loss":0.0,"gold_gain":0.0,"event_name":"Mushrooms","player_choice":"Fought Mushrooms","floor":8.0,"gold_loss":0.0,"damage_taken":0.0},{"damage_healed":0.0,"max_hp_gain":0.0,"max_hp_loss":0.0,"gold_gain":0.0,"event_name":"Duplicator","player_choice":"Copied","floor":22.0,"gold_loss":0.0,"damage_taken":0.0,"cards_obtained":["testmod-AutoReboundSystem"]},{"damage_healed":0.0,"max_hp_gain":0.0,"max_hp_loss":0.0,"gold_gain":0.0,"event_name":"Cursed Tome","player_choice":"Obtained Book","floor":27.0,"gold_loss":0.0,"damage_taken":21.0},{"damage_healed":0.0,"max_hp_gain":0.0,"max_hp_loss":0.0,"gold_gain":0.0,"event_name":"Mysterious Sphere","player_choice":"Fight","floor":38.0,"gold_loss":0.0,"damage_taken":0.0}],"is_beta":false,"boss_relics":[{"not_picked":["RhineCircuit","aspiration:SecretTechniqueScroll"],"picked":"FeatherPendant"},{"not_picked":["Replay:Grab Bag","Sozu"],"picked":"RhineSuit"}],"items_purged_floors":[],"is_endless":false,"potions_floor_spawned":[1,7,8,10,18,23,33,38,39,40,47,48],"killed_by":"Awakened One","ascension_level":20}}