{"host":"i98650m3tufgrrto","time":1611660528,"event":{"mods":["100% Spire Juice","Act Like it!","BaseMod","CapriCore","KomeijiMod","Marisa£®ÏF”Í°°ƒß¿Ì…≥£©","Minty Spire (QoL Compilation)","Reimu£®≤©¿ˆ¡È√Œ£©","Remilia£®¿Ÿ√◊¿Ú—«£©","StSLib","The Immortal","The Servant 0.9.4","Yakumo Yukari mod","Youmu£®ªÍ∆«—˝√Œ£©"],"gold_per_floor":[178,253,253,267,267,295,295,329,356,388,388,412,4,24,24,122,122,136,136,152,165,181,225,225,225],"floor_reached":24,"language":"ZHS","playtime":929,"items_purged":["Strike_Remiria"],"score":672,"play_id":"75415f53-5cc4-48f8-aa20-4e9bfed87f65","local_time":"20210126192848","is_ascension_mode":true,"campfire_choices":[{"data":"Absorbed","floor":7.0,"key":"SMITH"},{"data":"LifeBreak","floor":15.0,"key":"SMITH"}],"circlet_count":0,"master_deck":["AscendersBane","Strike_Remiria","Strike_Remiria","Strike_Remiria","Defend_Remirira","Defend_Remirira","Defend_Remirira","Defend_Remirira","Absorbed+1","Scratch","LifeBreak+1","ScarletNetherworld","SealingFear","Paradox","FateConcerto","BloodCoagulation","DamonLordCradle_Remiria","VampireKiss_Remiria"],"relics":["ThirstyCrossSpe","Pen Nib","PreservedInsect","Potion Belt","Peace Pipe","Golden Idol","Gambling Chip","Philosopher\u0027s Stone","Nloth\u0027s Gift","Pantograph"],"acts_visited":["Exordium","TheCity"],"potions_floor_usage":[24,24],"damage_taken":[{"damage":0.0,"enemies":"2 Louse","floor":1.0,"turns":1.0},{"damage":0.0,"enemies":"Jaw Worm","floor":4.0,"turns":1.0},{"damage":0.0,"enemies":"Gremlin Nob","floor":6.0,"turns":1.0},{"damage":10.0,"enemies":"Lagavulin","floor":8.0,"turns":6.0},{"damage":8.0,"enemies":"3 Sentries","floor":10.0,"turns":5.0},{"damage":11.0,"enemies":"Small Slimes","floor":12.0,"turns":3.0},{"damage":0.0,"enemies":"Blue Slaver","floor":14.0,"turns":1.0},{"damage":18.0,"enemies":"Slime Boss","floor":16.0,"turns":5.0},{"damage":34.0,"enemies":"3 Byrds","floor":18.0,"turns":3.0},{"damage":25.0,"enemies":"2 Thieves","floor":20.0,"turns":4.0},{"damage":3.0,"enemies":"Snecko","floor":21.0,"turns":4.0},{"damage":22.0,"enemies":"3 Cultists","floor":22.0,"turns":6.0},{"damage":0.0,"enemies":"Gremlin Leader","floor":23.0,"turns":1.0},{"damage":7,"enemies":"Cultist and Chosen","floor":24,"turns":3}],"seed_played":"-8758619022524609678","potions_obtained":[{"floor":4.0,"key":"BlessingOfTheForge"},{"floor":6.0,"key":"Fire Potion"},{"floor":10.0,"key":"Explosive Potion"},{"floor":14.0,"key":"BlessingOfTheForge"},{"floor":21.0,"key":"GrandPatriotsElixir:ReiMu"},{"floor":22.0,"key":"Regen Potion"}],"is_trial":false,"path_per_floor":["M","?","?","M","?","E","R","E","T","E","?","M","$","M","R","B",null,"M","?","M","M","M","E","M"],"character_chosen":"RemiriaScarlet","items_purchased":["Gambling Chip"],"campfire_rested":0,"item_purchase_floors":[13],"current_hp_per_floor":[90,79,79,79,84,84,84,74,74,66,66,55,55,55,55,40,81,47,47,24,21,3,3,5,5],"gold":225,"neow_bonus":"THREE_ENEMY_KILL","is_daily":false,"chose_seed":false,"campfire_upgraded":2,"win_rate":0.0,"timestamp":1611660528,"path_taken":["M","?","?","M","?","E","R","E","T","E","?","?","?","M","R","BOSS","M","?","?","M","M","E","M"],"items_purchased_type":["Relic"],"build_version":"2020-12-22","purchased_purges":1,"victory":false,"max_hp_per_floor":[100,100,100,100,105,105,105,105,105,105,95,95,95,95,95,95,95,95,95,95,95,95,95,95,95],"card_choices":[{"not_picked":["BodyStrengthen","ScarletNetherworld"],"picked":"LifeBreak","floor":1.0},{"not_picked":["RocketKickup","StigmaNizer"],"picked":"ScarletNetherworld","floor":4.0},{"not_picked":["FateMeister","BloodySuit"],"picked":"SealingFear","floor":6.0},{"not_picked":["RocketKickup","Warpath","BloodSurge"],"picked":"SKIP","floor":8.0},{"not_picked":["ServantFlier","DemonLordWalk"],"picked":"Paradox","floor":10.0},{"not_picked":["DemonLordWalk","FierceSweep","RocketKickup"],"picked":"SKIP","floor":12.0},{"not_picked":["ScarletNetherworld","Feint"],"picked":"FateConcerto","floor":14.0},{"not_picked":["RemiliaStalker","BombardNight"],"picked":"BloodCoagulation","floor":16.0},{"not_picked":["FierceSweep","BodyStrengthen+1"],"picked":"DamonLordCradle_Remiria","floor":18.0},{"not_picked":["RocketKickup","BloodCleaner","BloodCollect"],"picked":"SKIP","floor":20.0},{"not_picked":["Cripple+1","BloodCoagulation","BloodyMagicSquare"],"picked":"SKIP","floor":21.0},{"not_picked":["FateMeister","TrickFate","FastHealing"],"picked":"SKIP","floor":22.0},{"not_picked":["FateSonata","ScarletNetherworld"],"picked":"VampireKiss_Remiria","floor":23.0}],"player_experience":1218821,"relics_obtained":[{"floor":6.0,"key":"Pen Nib"},{"floor":8.0,"key":"PreservedInsect"},{"floor":9.0,"key":"Potion Belt"},{"floor":10.0,"key":"Peace Pipe"},{"floor":23.0,"key":"Pantograph"}],"event_choices":[{"damage_healed":0.0,"max_hp_gain":0.0,"max_hp_loss":0.0,"gold_gain":75.0,"event_name":"World of Goop","player_choice":"Gather Gold","floor":2.0,"gold_loss":0.0,"damage_taken":11.0},{"damage_healed":0.0,"max_hp_gain":5.0,"max_hp_loss":0.0,"gold_gain":0.0,"event_name":"Big Fish","player_choice":"Donut","floor":5.0,"gold_loss":0.0,"damage_taken":0.0},{"damage_healed":0.0,"max_hp_gain":0.0,"max_hp_loss":10.0,"gold_gain":0.0,"event_name":"Golden Idol","player_choice":"Lose Max HP","floor":11.0,"gold_loss":0.0,"damage_taken":0.0,"relics_obtained":["Golden Idol"]},{"damage_healed":0.0,"max_hp_gain":0.0,"max_hp_loss":0.0,"gold_gain":0.0,"event_name":"N\u0027loth","player_choice":"Traded Relic","floor":19.0,"relics_lost":["NeowsBlessing"],"gold_loss":0.0,"damage_taken":0.0,"relics_obtained":["Nloth\u0027s Gift"]}],"is_beta":false,"boss_relics":[{"not_picked":["SacredBark","Runic Pyramid"],"picked":"Philosopher\u0027s Stone"}],"items_purged_floors":[13],"is_endless":false,"potions_floor_spawned":[4,6,10,14,21,22],"killed_by":"Cultist and Chosen","ascension_level":20}}