{"host":"6qo42zgaknezulyg","time":1611664289,"event":{"mods":["2.2 Compatiblity","BaseMod","Faster Ascension Climbing","Keyboard Shortcuts","Minty Spire (QoL Compilation)","Permanent Neow","Quick Restart","StSLib","SuperFastMode","The Disciple"],"gold_per_floor":[115,133,58,68,48,48,77,91,162,162,174,193,193,153,153,230,230,208,222,497,517,567,567,567,567],"floor_reached":24,"language":"ENG","playtime":1545,"items_purged":["Strike_Br"],"score":396,"play_id":"5030f733-f95b-4686-9b45-37b1c444f89c","local_time":"20210126213129","is_ascension_mode":true,"campfire_choices":[{"data":"PatternShift","floor":6.0,"key":"SMITH"},{"floor":10.0,"key":"REST"},{"floor":13.0,"key":"REST"},{"data":"LockedMedicine","floor":15.0,"key":"SMITH"},{"floor":23,"key":"REST"}],"circlet_count":0,"master_deck":["AscendersBane","Strike_Br","Strike_Br","Strike_Br","Defend_Br","Defend_Br","Defend_Br","Defend_Br","SecondHand","PatternShift+1","ExoVibe","LockedMedicine+1","LockedBell","OldTimer","Accruing","BiteCommand","LockedWhetstone","Pendulum","Goo+5","Regret","HandsUpC+1"],"relics":["Chronometer","TungstenRod","Lizard Tail","Darkstone Periapt","Fusion Hammer"],"acts_visited":["Exordium","TheCity"],"potions_floor_usage":[24],"damage_taken":[{"damage":1.0,"enemies":"2 Louse","floor":1.0,"turns":3.0},{"damage":0.0,"enemies":"Cultist","floor":2.0,"turns":5.0},{"damage":2.0,"enemies":"Jaw Worm","floor":4.0,"turns":9.0},{"damage":1.0,"enemies":"Lagavulin","floor":7.0,"turns":14.0},{"damage":31.0,"enemies":"Red Slaver","floor":8.0,"turns":7.0},{"damage":34.0,"enemies":"Exordium Wildlife","floor":11.0,"turns":8.0},{"damage":0.0,"enemies":"2 Fungi Beasts","floor":12.0,"turns":5.0},{"damage":7.0,"enemies":"Looter","floor":14.0,"turns":4.0},{"damage":25.0,"enemies":"Slime Boss","floor":16.0,"turns":10.0},{"damage":35,"enemies":"2 Thieves","floor":18,"turns":4},{"damage":29,"enemies":"Chosen","floor":19,"turns":8},{"damage":16,"enemies":"Centurion and Healer","floor":21,"turns":6},{"damage":46,"enemies":"Gremlin Leader","floor":24,"turns":7}],"seed_played":"-2240200373569271870","potions_obtained":[{"floor":1.0,"key":"Explosive Potion"},{"floor":5.0,"key":"FairyPotion"},{"floor":11.0,"key":"AttackPotion"},{"floor":21,"key":"EssenceOfSteel"}],"is_trial":false,"path_per_floor":["M","M","$","M","?","R","E","M","T","R","M","M","R","M","R","B",null,"M","M","?","M","?","R","E"],"character_chosen":"CHRONO_CLASS","items_purchased":[],"campfire_rested":3,"item_purchase_floors":[],"current_hp_per_floor":[40,40,40,38,38,38,37,6,6,24,18,18,36,29,29,4,48,13,31,37,21,21,41,0,0],"gold":567,"neow_bonus":"ONE_RARE_RELIC","is_daily":false,"chose_seed":false,"campfire_upgraded":2,"win_rate":0.0,"timestamp":1611664289,"path_taken":["M","M","$","M","?","R","E","M","T","R","?","M","R","M","R","BOSS","M","M","?","?","?","R","E"],"items_purchased_type":[],"build_version":"2020-12-22","purchased_purges":1,"victory":false,"max_hp_per_floor":[62,62,62,62,62,62,62,62,62,62,62,62,62,62,62,62,62,62,62,68,68,68,68,68,68],"card_choices":[{"not_picked":["AlternateTimeline","CrunchTime"],"picked":"ExoVibe","floor":1.0},{"not_picked":["Parity","Keepsakes"],"picked":"LockedMedicine","floor":2.0},{"not_picked":["LockedOrichalcum","BlueShift"],"picked":"LockedBell","floor":4.0},{"not_picked":["Facsimile","LockedWarPaint"],"picked":"OldTimer","floor":7.0},{"not_picked":["Tempo","ResonantCall"],"picked":"Accruing","floor":8.0},{"not_picked":["LockedTurtyl","LockedWhetstone"],"picked":"BiteCommand","floor":11.0},{"not_picked":["PrimeTime","TickedOff"],"picked":"LockedWhetstone","floor":12.0},{"not_picked":["LockedMedicine","BlueShift","Tempo"],"picked":"SKIP","floor":14.0},{"not_picked":["LockedBell","OldTimer"],"picked":"Pendulum","floor":16.0},{"not_picked":["HandsUpC","BiteCommand","Echoward"],"picked":"SKIP","floor":18},{"not_picked":["LockedWarPaint","LockedScales"],"picked":"Goo+1","floor":19},{"not_picked":["Keepsakes","Tempo"],"picked":"HandsUpC+1","floor":21}],"player_experience":765326,"relics_obtained":[{"floor":7.0,"key":"Lizard Tail"},{"floor":9.0,"key":"Darkstone Periapt"}],"event_choices":[{"damage_healed":0.0,"max_hp_gain":0.0,"max_hp_loss":0.0,"gold_gain":0.0,"event_name":"The Woman in Blue","player_choice":"Bought 1 Potion","floor":5.0,"gold_loss":0.0,"damage_taken":0.0},{"damage_healed":0,"gold_gain":275,"player_choice":"Desecrate","damage_taken":0,"max_hp_gain":0,"max_hp_loss":0,"event_name":"Golden Shrine","floor":20,"gold_loss":0,"cards_obtained":["Regret"]},{"damage_healed":0,"gold_gain":50,"player_choice":"Stole From Cult","damage_taken":0,"max_hp_gain":0,"max_hp_loss":0,"event_name":"Nest","floor":22,"gold_loss":0}],"is_beta":false,"boss_relics":[{"not_picked":["Astrolabe","Tiny House"],"picked":"Fusion Hammer"}],"items_purged_floors":[3],"is_endless":false,"potions_floor_spawned":[1,7,11,21],"killed_by":"Gremlin Leader","ascension_level":20}}