{"host":"wmz27iczv4t8azac","time":1611698009,"event":{"mods":["AchievementEnabler","BaseMod","Colored Powertips","Minty Spire (QoL Compilation)","Quick Restart","Relic Stats","StSLib"],"gold_per_floor":[113,263,263,84,100,128,128,144,169,196,196,209,226,259,259,259,259],"floor_reached":16,"language":"ENG","playtime":377,"items_purged":[],"score":390,"play_id":"f2ee59ac-3331-41f2-a3be-cc7199506c3b","local_time":"20210126135329","is_ascension_mode":true,"campfire_choices":[{"data":"Eruption","floor":7,"key":"SMITH"},{"floor":15,"key":"REST"}],"circlet_count":0,"master_deck":["AscendersBane","Strike_P+1","Strike_P","Strike_P","Strike_P","Defend_P","Defend_P","Defend_P","Eruption+1","Vigilance","CrushJoints","Doubt","BattleHymn","Dramatic Entrance","WheelKick","FlurryOfBlows+1","SignatureMove","Tantrum","SashWhip"],"relics":["PureWater","NeowsBlessing","Bronze Scales","Tiny Chest","Kunai","Toxic Egg 2"],"acts_visited":["Exordium"],"potions_floor_usage":[6,10],"damage_taken":[{"damage":0,"enemies":"2 Louse","floor":1,"turns":1},{"damage":0,"enemies":"Small Slimes","floor":5,"turns":1},{"damage":0,"enemies":"3 Sentries","floor":6,"turns":1},{"damage":7,"enemies":"Jaw Worm","floor":8,"turns":3},{"damage":0,"enemies":"Gremlin Nob","floor":10,"turns":2},{"damage":14,"enemies":"Blue Slaver","floor":12,"turns":2},{"damage":0,"enemies":"Looter","floor":13,"turns":1},{"damage":0,"enemies":"Lagavulin","floor":14,"turns":4},{"damage":42,"enemies":"Hexaghost","floor":16,"turns":4}],"seed_played":"1783033784850335035","potions_obtained":[{"floor":5,"key":"BlessingOfTheForge"},{"floor":8,"key":"Strength Potion"}],"is_trial":false,"path_per_floor":["M","?","?","$","M","E","R","M","T","E","?","M","M","E","R","B"],"character_chosen":"WATCHER","items_purchased":["BattleHymn","Dramatic Entrance"],"campfire_rested":1,"item_purchase_floors":[4,4],"current_hp_per_floor":[61,61,54,54,54,54,54,47,47,47,27,13,13,13,33,0,0],"gold":259,"neow_bonus":"THREE_ENEMY_KILL","is_daily":false,"chose_seed":false,"campfire_upgraded":1,"win_rate":0.0,"timestamp":1611698009,"path_taken":["M","?","?","$","?","E","R","M","T","E","?","M","M","E","R","BOSS"],"items_purchased_type":["Card","Card"],"build_version":"2020-12-22","purchased_purges":0,"victory":false,"max_hp_per_floor":[68,68,68,68,68,68,68,68,68,68,68,68,68,68,68,68,68],"relic_stats":{"counters":[9,19],"Bronze Scales":[30],"Tiny Chest":0,"Kunai":[8],"obtain_stats":[{"NeowsBlessing":0,"Bronze Scales":6,"Tiny Chest":9,"Kunai":10,"PureWater":0,"Toxic Egg 2":14},{"NeowsBlessing":0,"Bronze Scales":3,"Tiny Chest":4,"Kunai":5,"PureWater":0,"Toxic Egg 2":8},{"NeowsBlessing":0,"Bronze Scales":3,"Tiny Chest":6,"Kunai":8,"PureWater":0,"Toxic Egg 2":15}]},"card_choices":[{"not_picked":["Halt","Indignation"],"picked":"CrushJoints","floor":1},{"not_picked":["FollowUp","Consecrate"],"picked":"WheelKick","floor":5},{"not_picked":["BowlingBash","Consecrate"],"picked":"FlurryOfBlows","floor":6},{"not_picked":["Evaluate","Pray"],"picked":"SignatureMove","floor":8},{"not_picked":["Crescendo","Prostrate"],"picked":"Tantrum","floor":10},{"not_picked":["ReachHeaven","LikeWater","Study"],"picked":"SKIP","floor":12},{"not_picked":["Study","Nirvana"],"picked":"SashWhip","floor":13},{"not_picked":["Devotion","FollowUp","ReachHeaven"],"picked":"SKIP","floor":14}],"player_experience":938180,"relics_obtained":[{"floor":6,"key":"Bronze Scales"},{"floor":9,"key":"Tiny Chest"},{"floor":10,"key":"Kunai"},{"floor":14,"key":"Toxic Egg 2"}],"event_choices":[{"damage_healed":0,"gold_gain":150,"player_choice":"AGREE","damage_taken":0,"max_hp_gain":0,"max_hp_loss":0,"event_name":"Liars Game","floor":2,"gold_loss":0,"cards_obtained":["Doubt"]},{"cards_removed":["Defend_P"],"damage_healed":0,"gold_gain":0,"player_choice":"Card Removal","damage_taken":7,"max_hp_gain":0,"max_hp_loss":0,"event_name":"Golden Wing","floor":3,"gold_loss":0},{"damage_healed":0,"gold_gain":0,"player_choice":"Entered Light","damage_taken":20,"max_hp_gain":0,"max_hp_loss":0,"event_name":"Shining Light","floor":11,"gold_loss":0,"cards_upgraded":["Strike_P","FlurryOfBlows"]}],"is_beta":false,"boss_relics":[],"items_purged_floors":[],"is_endless":false,"potions_floor_spawned":[5,8],"killed_by":"Hexaghost","ascension_level":20}}