{"host":"p7j7o00jacnw7qzt","time":1611647510,"event":{"mods":["BaseMod","Colored Map","Colored Powertips","DeckTracker","Highlight Path","Minty Spire (QoL Compilation)","Relic Stats"],"gold_per_floor":[114,60,60,60,75,75,75,75,148,88,113,126,126,145,145,222,222,233,22,94,19,19,45,45,45,122,122,155,165,165,176,176,253,253,273,273,286,286,286],"floor_reached":38,"language":"ZHS","playtime":962,"items_purged":["Strike_G","Strike_G"],"score":866,"play_id":"463967e1-094d-4e20-b189-be3a59e7a5e8","local_time":"20210126025150","is_ascension_mode":true,"campfire_choices":[{"data":"Blade Dance","floor":6.0,"key":"SMITH"},{"data":"Terror","floor":8.0,"key":"SMITH"},{"floor":13.0,"key":"RECALL"},{"data":"Prepared","floor":15.0,"key":"SMITH"},{"data":"Neutralize","floor":27.0,"key":"SMITH"},{"data":"Predator","floor":30.0,"key":"SMITH"},{"floor":32.0,"key":"REST"}],"circlet_count":0,"master_deck":["AscendersBane","Defend_G","Defend_G","Defend_G","Defend_G","Defend_G","Survivor","Neutralize+1","Terror+1","Prepared+1","Predator+1","PiercingWail","Die Die Die","Reflex+1","Escape Plan","Calculated Gamble"],"relics":["Ring of the Snake","NeowsBlessing","The Courier","Pen Nib","Runic Dome","Centennial Puzzle","Sundial","Bottled Lightning","Du-Vu Doll","Frozen Egg 2","Oddly Smooth Stone","SacredBark"],"acts_visited":["Exordium","TheCity","TheBeyond"],"potions_floor_usage":[],"damage_taken":[{"damage":0.0,"enemies":"Small Slimes","floor":1.0,"turns":1.0},{"damage":0.0,"enemies":"Jaw Worm","floor":5.0,"turns":1.0},{"damage":0.0,"enemies":"3 Sentries","floor":11.0,"turns":1.0},{"damage":0.0,"enemies":"2 Louse","floor":12.0,"turns":2.0},{"damage":1.0,"enemies":"Blue Slaver","floor":14.0,"turns":3.0},{"damage":19.0,"enemies":"Hexaghost","floor":16.0,"turns":7.0},{"damage":11.0,"enemies":"2 Thieves","floor":18.0,"turns":3.0},{"damage":4.0,"enemies":"Gremlin Leader","floor":23.0,"turns":4.0},{"damage":10.0,"enemies":"Book of Stabbing","floor":28.0,"turns":3.0},{"damage":0.0,"enemies":"Chosen","floor":29.0,"turns":3.0},{"damage":3.0,"enemies":"Snake Plant","floor":31.0,"turns":2.0},{"damage":30.0,"enemies":"Collector","floor":33.0,"turns":4.0},{"damage":4,"enemies":"3 Darklings","floor":35,"turns":3},{"damage":30,"enemies":"3 Shapes","floor":37,"turns":4}],"seed_played":"5166765826461932864","potions_obtained":[{"floor":1.0,"key":"Poison Potion"},{"floor":5.0,"key":"BlessingOfTheForge"},{"floor":18.0,"key":"LiquidMemories"},{"floor":28.0,"key":"CunningPotion"},{"floor":37,"key":"Swift Potion"}],"is_trial":false,"path_per_floor":["M","$","?","?","M","R","?","R","T","$","E","M","R","M","R","B",null,"M","$","T","?","?","E","?","T","T","R","E","M","R","M","R","B",null,"M","?","M","$"],"character_chosen":"THE_SILENT","items_purchased":["Blade Dance","Centennial Puzzle"],"campfire_rested":1,"item_purchase_floors":[2,19],"current_hp_per_floor":[59,59,59,64,64,64,57,57,57,57,57,57,57,56,56,37,63,52,52,52,52,52,48,48,48,48,48,38,38,38,35,56,26,60,56,56,26,26,26],"gold":286,"neow_bonus":"THREE_ENEMY_KILL","is_daily":false,"chose_seed":false,"campfire_upgraded":5,"win_rate":0.0,"timestamp":1611647510,"path_taken":["M","$","?","?","M","R","?","R","T","?","E","M","R","?","R","BOSS","M","$","?","?","?","E","?","?","T","R","E","?","R","M","R","BOSS","M","?","M","$"],"items_purchased_type":["Card","Relic"],"build_version":"2020-12-22","purchased_purges":2,"victory":false,"max_hp_per_floor":[66,66,66,71,71,71,71,71,71,71,71,71,71,71,71,71,71,71,71,71,71,71,71,71,71,71,71,71,71,71,71,71,71,71,71,71,71,71,71],"relic_stats":{"Centennial Puzzle":[18],"counters":[14,41],"Sundial":[12],"Pen Nib":[13],"obtain_stats":[{"Du-Vu Doll":25,"Runic Dome":17,"Centennial Puzzle":19,"NeowsBlessing":0,"Sundial":20,"SacredBark":34,"Oddly Smooth Stone":28,"The Courier":9,"Pen Nib":11,"Bottled Lightning":23,"Frozen Egg 2":26,"Ring of the Snake":0},{"Du-Vu Doll":8,"Runic Dome":6,"Centennial Puzzle":7,"NeowsBlessing":0,"Sundial":7,"SacredBark":12,"Oddly Smooth Stone":9,"The Courier":2,"Pen Nib":3,"Bottled Lightning":8,"Frozen Egg 2":8,"Ring of the Snake":0},{"Du-Vu Doll":22,"Runic Dome":15,"Centennial Puzzle":18,"NeowsBlessing":0,"Sundial":18,"SacredBark":34,"Oddly Smooth Stone":25,"The Courier":2,"Pen Nib":3,"Bottled Lightning":22,"Frozen Egg 2":22,"Ring of the Snake":0}],"Ring of the Snake":[28]},"card_choices":[{"not_picked":["Cloak And Dagger","Skewer"],"picked":"Terror","floor":1.0},{"not_picked":["Slice","Underhanded Strike"],"picked":"Predator","floor":5.0},{"not_picked":["Skewer","Deadly Poison","Sucker Punch"],"picked":"SKIP","floor":11.0},{"not_picked":["Setup","Leg Sweep"],"picked":"PiercingWail","floor":12.0},{"not_picked":["Cloak And Dagger","Poisoned Stab","Eviscerate"],"picked":"SKIP","floor":14.0},{"not_picked":["Glass Knife","Unload"],"picked":"Die Die Die","floor":16.0},{"not_picked":["Well Laid Plans","Crippling Poison","Flechettes+1"],"picked":"SKIP","floor":18.0},{"not_picked":["Bouncing Flask","All Out Attack"],"picked":"Reflex+1","floor":23.0},{"not_picked":["Riddle With Holes","PiercingWail","Backstab"],"picked":"SKIP","floor":28.0},{"not_picked":["Well Laid Plans+1","Quick Slash"],"picked":"Escape Plan","floor":29.0},{"not_picked":["Setup","Skewer","PiercingWail"],"picked":"SKIP","floor":31.0},{"not_picked":["Catalyst","Eviscerate+1","Outmaneuver"],"picked":"SKIP","floor":35},{"not_picked":["Escape Plan","Blur+1"],"picked":"Calculated Gamble","floor":37}],"player_experience":1052943,"relics_obtained":[{"floor":9.0,"key":"The Courier"},{"floor":11.0,"key":"Pen Nib"},{"floor":20.0,"key":"Sundial"},{"floor":23.0,"key":"Bottled Lightning"},{"floor":25.0,"key":"Du-Vu Doll"},{"floor":26.0,"key":"Frozen Egg 2"},{"floor":28.0,"key":"Oddly Smooth Stone"}],"event_choices":[{"damage_healed":0.0,"max_hp_gain":0.0,"max_hp_loss":0.0,"gold_gain":0.0,"cards_transformed":["Strike_G"],"event_name":"Living Wall","player_choice":"Change","floor":3.0,"gold_loss":0.0,"damage_taken":0.0,"cards_obtained":["Prepared"]},{"damage_healed":0.0,"max_hp_gain":5.0,"max_hp_loss":0.0,"gold_gain":0.0,"event_name":"Big Fish","player_choice":"Donut","floor":4.0,"gold_loss":0.0,"damage_taken":0.0},{"cards_removed":["Strike_G"],"damage_healed":0.0,"max_hp_gain":0.0,"max_hp_loss":0.0,"gold_gain":0.0,"event_name":"Golden Wing","player_choice":"Card Removal","floor":7.0,"gold_loss":0.0,"damage_taken":7.0},{"cards_removed":["Strike_G"],"damage_healed":0.0,"max_hp_gain":0.0,"max_hp_loss":0.0,"gold_gain":0.0,"event_name":"Beggar","player_choice":"Gave Gold","floor":21.0,"gold_loss":75.0,"damage_taken":0.0},{"damage_healed":0.0,"max_hp_gain":0.0,"max_hp_loss":0.0,"gold_gain":0.0,"event_name":"Ghosts","player_choice":"Ignored","floor":22.0,"gold_loss":0.0,"damage_taken":0.0},{"cards_removed":["Blade Dance"],"damage_healed":0,"gold_gain":0,"player_choice":"Removed Skill","damage_taken":0,"max_hp_gain":0,"max_hp_loss":0,"event_name":"Falling","floor":36,"gold_loss":0}],"is_beta":false,"boss_relics":[{"not_picked":["Ring of the Serpent","Cursed Key"],"picked":"Runic Dome"},{"not_picked":["Black Star","Philosopher\u0027s Stone"],"picked":"SacredBark"}],"items_purged_floors":[10,19],"is_endless":false,"potions_floor_spawned":[1,5,12,18,28,37],"ascension_level":20}}