{"host":"6r9t33axn0fzb9aq","time":1611674347,"event":{"mods":["Aspiration","BaseMod","Better Altar","Better Match","Better Note","Better Third Choice","CatGirl Mod","Clockwork Mod","Colored Map","Colored Powertips","Conspire","Curses Come First","Custom Start","Energized Spire","Halation","Hubris","Infinite Spire","Marisa????????","Minty Spire (QoL Compilation)","Onozuka Komachi Mod","Poor People Problems","Reliquary","Remilia??????","Replay The Spire","Reworked Bosses","Shade Mod","Spicy Shops","Spire Arcade","StSLib","The Blue Laboratory","The Death Knight","The Hierophant","The Marked","The Necromancer","The Servant 0.9.4","TheHero","Trackpad","Waifu the Spire","Wandering Minibosses"],"gold_per_floor":[113,113,124,124,124,150,150,102,175,209,3,23,38,54,54,154,154,172,172,172,191,208,208,224,164,191,106,119,132,164,190,202,318,330,359,371,383,395,419,431,89,59,83,112,124,135,151,161,161,161],"floor_reached":51,"language":"ENG","playtime":4203,"items_purged":["Strike_R"],"score":836,"play_id":"33fc7dee-ac2f-4509-ba88-a15a009b4627","local_time":"20210126151907","is_ascension_mode":false,"campfire_choices":[{"data":"Twin Strike","floor":7.0,"key":"SMITH"},{"data":"Strike_R","floor":15.0,"key":"PURGE"},{"floor":23.0,"key":"REST"},{"floor":32.0,"key":"REST"},{"data":"hubris:SharpeningStone","floor":40.0,"key":"SMITH"},{"floor":49,"key":"REST"}],"circlet_count":0,"master_deck":["Strike_R","Strike_R","Strike_R","Defend_R","Defend_R","Defend_R","Defend_R","Bash","Clash","Twin Strike+1","Apotheosis+1","Heavy Blade","Spot Weakness","Infernal Blade","Metallicize","Pummel","Shrug It Off","Sword Boomerang","Secret Technique","Dark Shackles","Finesse","Headbutt","Thunderclap","hubris:SharpeningStone+1","Infernal Blade","Shrug It Off","infinitespire:OneForAll","Offering","Madness","Madness","Warcry","Inflame","Seeing Red+1","Whirlwind","Parasite","Flex+1","Shrug It Off+1"],"relics":["Black Blood","NeowsBlessing","reliquary:SharkskinSheath","Replay:Ringing Soul","Bottled Flame","Membership Card","BargainBundle","Runic Pyramid","ReplayTheSpireMod:ShopPack","Red Skull","reliquary:BoilingFlask","MawBank","hubris:Towel","Potion Belt","Ginger","hubris:EmptyBottle","Vajra","halation:VictoryRuler"],"acts_visited":["Exordium","TheCity","TheBeyond"],"potions_floor_usage":[44,45,45,45,50,50,50,50,50],"damage_taken":[{"damage":0.0,"enemies":"conspire:RoseBush","floor":1.0,"turns":1.0},{"damage":0.0,"enemies":"2 Louse","floor":3.0,"turns":1.0},{"damage":0.0,"enemies":"Gremlin Nob","floor":6.0,"turns":1.0},{"damage":17.0,"enemies":"3 Sentries","floor":10.0,"turns":8.0},{"damage":0.0,"enemies":"Small Slimes","floor":12.0,"turns":2.0},{"damage":2.0,"enemies":"conspire:2 RoseBushes","floor":13.0,"turns":5.0},{"damage":2.0,"enemies":"2 Fungi Beasts","floor":14.0,"turns":3.0},{"damage":50.0,"enemies":"Hexaghost","floor":16.0,"turns":8.0},{"damage":10.0,"enemies":"Shell Parasite","floor":18.0,"turns":4.0},{"damage":26.0,"enemies":"2 Thieves","floor":21.0,"turns":4.0},{"damage":25.0,"enemies":"3 Cultists","floor":22.0,"turns":4.0},{"damage":18.0,"enemies":"Sentry and Sphere","floor":24.0,"turns":5.0},{"damage":14.0,"enemies":"Cultist and Chosen","floor":28.0,"turns":5.0},{"damage":23.0,"enemies":"Shelled Parasite and Fungi","floor":29.0,"turns":5.0},{"damage":31.0,"enemies":"Slavers","floor":30.0,"turns":5.0},{"damage":20.0,"enemies":"Snecko","floor":31.0,"turns":6.0},{"damage":0.0,"enemies":"bossMod:newChamp","floor":33.0,"turns":11.0},{"damage":22.0,"enemies":"Orb Walker","floor":35.0,"turns":4.0},{"damage":15.0,"enemies":"3 Shapes","floor":39.0,"turns":5.0},{"damage":27,"enemies":"Reptomancer","floor":44,"turns":4},{"damage":26,"enemies":"Spire Growth","floor":45,"turns":3},{"damage":11,"enemies":"Writhing Mass","floor":46,"turns":4},{"damage":23,"enemies":"Transient","floor":47,"turns":5},{"damage":25,"enemies":"3 Darklings","floor":48,"turns":3},{"damage":99,"enemies":"Time Eater","floor":50,"turns":7}],"seed_played":"-8361037970691255059","potions_obtained":[{"floor":1.0,"key":"blueLaboratory:BottledHope"},{"floor":6.0,"key":"Block Potion"},{"floor":13.0,"key":"Ancient Potion"},{"floor":14.0,"key":"blueLaboratory:IronCompound"},{"floor":22.0,"key":"blueLaboratory:ConflagurationPotion"},{"floor":24.0,"key":"Block Potion"},{"floor":31.0,"key":"blueLaboratory:ConflagurationPotion"},{"floor":33.0,"key":"conspire:TimeTravelPotion"},{"floor":42,"key":"CultistPotion"},{"floor":42,"key":"ElixirPotion"},{"floor":46,"key":"blueLaboratory:PyrophylliteBrew"},{"floor":48,"key":"Block Potion"}],"is_trial":false,"path_per_floor":["M","?","M","?","?","E","R","$","T","E","$","M","M","M","R_BF","B",null,"M","?","AVR","M","M","R","M","?","T","?","M","M","E","M","R","B",null,"M","?","?","T","M","R","$","?","T","E","M","M","M","M","R","B",null],"character_chosen":"IRONCLAD","items_purchased":["Heavy Blade","Membership Card","BargainBundle","Infernal Blade","Metallicize","Inflame","Ginger","hubris:EmptyBottle"],"campfire_rested":3,"item_purchase_floors":[8,11,11,11,11,41,41,41],"current_hp_per_floor":[80,80,80,80,80,80,80,80,80,72,75,84,91,95,95,51,95,91,91,94,77,58,88,79,79,79,79,74,60,38,27,61,70,119,109,109,97,97,97,97,100,100,100,108,97,101,93,83,125,66],"gold":161,"neow_bonus":"THREE_ENEMY_KILL","is_daily":false,"chose_seed":false,"campfire_upgraded":2,"win_rate":0.0,"timestamp":1611674347,"path_taken":["M","?","M","?","?","E","R","$","T","E","$","?","M","M","R_BF","BOSS","M","?","AVR","M","M","R","M","?","T","?","M","M","E","M","R","BOSS","M","?","?","?","?","R","$","?","T","E","?","M","M","M","R","BOSS"],"items_purchased_type":["Card","Relic","Relic","Card","Card","Card","Relic","Relic"],"build_version":"2020-12-22","purchased_purges":1,"victory":true,"max_hp_per_floor":[80,80,80,80,80,80,80,80,80,83,86,89,92,95,95,95,95,95,95,98,101,101,101,104,104,104,104,107,110,113,116,116,119,119,119,119,122,122,125,125,128,128,128,131,134,137,140,143,143,143],"card_choices":[{"not_picked":["Combust","Headbutt"],"picked":"Clash","floor":1.0},{"not_picked":["ReplayReversal","hubris:CleavingFinish"],"picked":"Twin Strike","floor":3.0},{"not_picked":["Pommel Strike","True Grit","Anger"],"picked":"SKIP","floor":6.0},{"not_picked":["Perfected Strike","Limit Break"],"picked":"Spot Weakness","floor":10.0},{"not_picked":["Clothesline","True Grit"],"picked":"Pummel","floor":12.0},{"not_picked":["Flame Barrier","Run Through"],"picked":"Shrug It Off","floor":13.0},{"not_picked":["Fiend Fire","Flex"],"picked":"Sword Boomerang","floor":14.0},{"not_picked":["Pommel Strike","hubris:ReadiedAction","Warcry"],"picked":"SKIP","floor":18.0},{"not_picked":["Thinking Ahead","Midas Touch"],"picked":"Secret Technique","floor":20.0},{"not_picked":["Replay:Dark Deal","ReplayTheSpireMod:Private Reserves"],"picked":"Dark Shackles","floor":20.0},{"not_picked":["ReplayTheSpireMod:Uncanny Aura","hubris:Insight"],"picked":"Finesse","floor":20.0},{"not_picked":["ReplayTheSpireMod:Strike From Hell","Ghostly Armor"],"picked":"Headbutt","floor":21.0},{"not_picked":["Body Slam+1","hubris:ReadiedAction","Uppercut"],"picked":"SKIP","floor":22.0},{"not_picked":["Body Slam","Anger+1"],"picked":"Thunderclap","floor":24.0},{"not_picked":["Feel No Pain+1","Armaments+1"],"picked":"hubris:SharpeningStone","floor":28.0},{"not_picked":["Massacre+1","Heavy Blade"],"picked":"Infernal Blade","floor":29.0},{"not_picked":["Corruption","conspire:Purge"],"picked":"Shrug It Off","floor":30.0},{"not_picked":["Heavy Blade+1","Thunderclap+1"],"picked":"infinitespire:OneForAll","floor":31.0},{"not_picked":["Replay:Many Hands","Demonic Infusion"],"picked":"Offering","floor":33.0},{"not_picked":["Pommel Strike","Perfected Strike+1","hubris:ReadiedAction+1"],"picked":"SKIP","floor":35.0},{"not_picked":["Infernal Blade","Clothesline"],"picked":"Warcry","floor":39.0},{"not_picked":["Thunderclap","Sword Boomerang+1"],"picked":"Seeing Red+1","floor":44},{"not_picked":["Iron Wave+1","Feel No Pain"],"picked":"Whirlwind","floor":45},{"not_picked":["Disarm","ReplayTheSpireMod:LeadingStrike","Run Through"],"picked":"SKIP","floor":46},{"not_picked":["ReplayReversal","ReplayTheSpireMod:Corrosion Curse"],"picked":"Flex+1","floor":47},{"not_picked":["Disarm","Headbutt"],"picked":"Shrug It Off+1","floor":48}],"player_experience":394286,"relics_obtained":[{"floor":6.0,"key":"reliquary:SharkskinSheath"},{"floor":9.0,"key":"Replay:Ringing Soul"},{"floor":10.0,"key":"Bottled Flame"},{"floor":26.0,"key":"Red Skull"},{"floor":30.0,"key":"MawBank"},{"floor":38.0,"key":"Potion Belt"},{"floor":43,"key":"Vajra"},{"floor":44,"key":"halation:VictoryRuler"}],"event_choices":[{"damage_healed":80.0,"max_hp_gain":0.0,"max_hp_loss":80.0,"gold_gain":0.0,"event_name":"betterThird:BetterShining","player_choice":"Embrace","floor":4.0,"gold_loss":0.0,"damage_taken":0.0},{"cards_removed":["Apotheosis"],"damage_healed":0.0,"max_hp_gain":0.0,"max_hp_loss":0.0,"gold_gain":0.0,"event_name":"betterNote:BetterNote","player_choice":"Give","floor":19.0,"gold_loss":0.0,"damage_taken":0.0,"cards_obtained":["theMarked:Levitate"]},{"damage_healed":0.0,"max_hp_gain":0.0,"max_hp_loss":0.0,"gold_gain":0.0,"event_name":"Addict","player_choice":"Obtained Relic","floor":27.0,"gold_loss":85.0,"damage_taken":0.0,"relics_obtained":["reliquary:BoilingFlask"]},{"damage_healed":0.0,"max_hp_gain":0.0,"max_hp_loss":0.0,"gold_gain":0.0,"event_name":"Winding Halls","player_choice":"Embrace Madness","floor":37.0,"gold_loss":0.0,"damage_taken":15.0,"cards_obtained":["Madness","Madness"]},{"damage_healed":0,"gold_gain":0,"player_choice":"Bought 2 Potions","damage_taken":0,"max_hp_gain":0,"max_hp_loss":0,"event_name":"The Woman in Blue","floor":42,"gold_loss":0}],"is_beta":false,"boss_relics":[{"not_picked":["Electric Blood","energizedSpire:CursedPentagram"],"picked":"Runic Pyramid"},{"not_picked":["ReplayTheSpireMod:SealedPack","trackpad:StolenKidneys"],"picked":"Black Blood"}],"items_purged_floors":[20],"is_endless":false,"potions_floor_spawned":[1,6,13,14,22,24,31,33,35,44,46,48],"ascension_level":0}}