{"host":"tq99ucv8ezzqzioe","time":1611701031,"event":{"mods":["BaseMod","Colored Map","Downfall","Highlight Path","Minty Spire (QoL Compilation)","StSLib"],"gold_per_floor":[113,113,15,15,15,15,45,45,45,45,7,7,23,35,35,135,135,154,154,154,154,154,189,189,203,203,203,219,249,249,277,277,374,374,385,1,1,19,30,59,59,92,115,145,145,178,197,197,197,197,197,197,2,34,34,34],"floor_reached":55,"language":"ENG","playtime":3117,"items_purged":["Doubt"],"score":1296,"play_id":"0a083f5f-cb13-4e3b-b1de-764afb39965e","local_time":"20210126174351","is_ascension_mode":true,"campfire_choices":[{"data":"Neutralize","floor":6,"key":"SMITH"},{"data":"1","floor":10,"key":"LIFT"},{"data":"2","floor":12,"key":"LIFT"},{"data":"3","floor":15,"key":"LIFT"},{"floor":24,"key":"RECALL"},{"data":"Cloak And Dagger","floor":27,"key":"SMITH"},{"data":"Setup","floor":30,"key":"SMITH"},{"data":"Eviscerate","floor":32,"key":"SMITH"},{"data":"Cloak And Dagger","floor":41,"key":"SMITH"},{"data":"Envenom","floor":49,"key":"SMITH"},{"data":"Infinite Blades","floor":52,"key":"SMITH"}],"circlet_count":0,"master_deck":["Survivor","Neutralize+1","PiercingWail","Leg Sweep","Backstab","Envenom+1","Prepared","Storm of Steel","Noxious Fumes","Calculated Gamble+1","Eviscerate+1","Bane","Cloak And Dagger+1","Tactician+1","Die Die Die","Setup+1","Dagger Throw","Riddle With Holes+1","Calculated Gamble","Leg Sweep+1","Dash","Riddle With Holes+1","Footwork+1","Adrenaline","Acrobatics+1","Infinite Blades+1","Cloak And Dagger+1","Blade Dance+1","Choke+1","PiercingWail+1","Cloak And Dagger+1","Tactician+1","Dagger Throw+1"],"relics":["Ring of the Snake","Torii","Girya","Pantograph","Pocketwatch","Pandora\u0027s Box","MutagenicStrength","Gambling Chip","Du-Vu Doll","Tingsha","Bottled Lightning","Philosopher\u0027s Stone","FossilizedHelix","Potion Belt","Akabeko","Mummified Hand","War Paint","Thread and Needle","Prayer Wheel","HandDrill","Blood Vial"],"acts_visited":["Exordium","TheCity","TheBeyond","TheEnding"],"potions_floor_usage":[7,16,23,33,33,44,46,47,50,55,55,55,55,55],"damage_taken":[{"damage":1,"enemies":"Small Slimes","floor":1,"turns":6},{"damage":32,"enemies":"3 Sentries","floor":7,"turns":15},{"damage":0,"enemies":"Jaw Worm","floor":13,"turns":2},{"damage":0,"enemies":"2 Louse","floor":14,"turns":2},{"damage":36,"enemies":"Slime Boss","floor":16,"turns":15},{"damage":6,"enemies":"3 Byrds","floor":18,"turns":4},{"damage":25,"enemies":"Slavers","floor":23,"turns":3},{"damage":0,"enemies":"Shell Parasite","floor":25,"turns":1},{"damage":0,"enemies":"Shelled Parasite and Fungi","floor":28,"turns":4},{"damage":0,"enemies":"Gremlin Leader","floor":29,"turns":3},{"damage":0,"enemies":"Slavers","floor":31,"turns":2},{"damage":15,"enemies":"Champ","floor":33,"turns":5},{"damage":25,"enemies":"3 Darklings","floor":35,"turns":3},{"damage":0,"enemies":"Orb Walker","floor":38,"turns":1},{"damage":0,"enemies":"Spire Growth","floor":39,"turns":3},{"damage":0,"enemies":"Nemesis","floor":40,"turns":3},{"damage":0,"enemies":"Reptomancer","floor":42,"turns":4},{"damage":0,"enemies":"Giant Head","floor":44,"turns":5},{"damage":0,"enemies":"Reptomancer","floor":46,"turns":2},{"damage":4,"enemies":"4 Shapes","floor":47,"turns":1},{"damage":51,"enemies":"Awakened One","floor":50,"turns":10},{"damage":0,"enemies":"Shield and Spear","floor":54,"turns":3},{"damage":92,"enemies":"The Heart","floor":55,"turns":5}],"seed_played":"-1084317295862042431","potions_obtained":[{"floor":1,"key":"Slimebound:ThreeZeroPotion"},{"floor":13,"key":"PowerPotion"},{"floor":18,"key":"ColorlessPotion"},{"floor":29,"key":"sneckomod:MuddlingPotion"},{"floor":31,"key":"SkillPotion"},{"floor":35,"key":"CultistPotion"},{"floor":46,"key":"EntropicBrew"},{"floor":47,"key":"Ancient Potion"},{"floor":54,"key":"LiquidBronze"}],"is_trial":false,"path_per_floor":["M","?","$","?","T","R","E","?","T","R","$","R","M","M","R","B",null,"M","?","?","?","?","E","R","M","T","R","M","E","R","E","R","B",null,"M","$","T","M","M","E","R","E","T","E","?","E","M","?","R","B",null,"R","$","E","B"],"character_chosen":"THE_SILENT","items_purchased":["Dagger Throw","Backstab","FossilizedHelix","Infinite Blades","BlessingOfTheForge","HandDrill"],"campfire_rested":0,"item_purchase_floors":[3,11,36,36,53,53],"current_hp_per_floor":[62,67,67,67,67,67,35,28,28,28,28,28,28,28,28,17,61,55,55,55,55,75,50,50,50,50,50,50,50,50,50,50,60,71,46,46,46,46,46,46,46,46,46,46,46,46,42,42,42,16,57,57,57,57,0,0],"gold":34,"neow_bonus":"ONE_RARE_RELIC","is_daily":false,"chose_seed":false,"campfire_upgraded":7,"win_rate":0.0,"timestamp":1611701031,"path_taken":["M","?","$","?","?","R","E","?","T","R","?","R","M","?","R","BOSS","M","?","?","?","?","E","R","M","T","R","?","E","R","E","R","BOSS","M","$","?","M","M","E","R","E","T","E","?","E","M","?","R","BOSS","R","$","E","BOSS"],"items_purchased_type":["Card","Card","Relic","Card","Potion","Relic"],"build_version":"2020-12-22","purchased_purges":1,"victory":false,"max_hp_per_floor":[70,75,75,75,75,75,75,75,75,75,75,75,75,75,75,75,75,75,75,75,75,75,75,75,75,75,75,75,75,75,75,75,75,75,75,75,75,75,75,75,75,75,75,75,71,71,71,71,71,71,71,71,71,71,71,71],"card_choices":[{"not_picked":["Backflip","Acrobatics"],"picked":"PiercingWail","floor":1},{"not_picked":["Reflex","Dagger Throw"],"picked":"Leg Sweep","floor":7},{"not_picked":["Cloak And Dagger","Acrobatics"],"picked":"Envenom","floor":13},{"not_picked":["Bane","Blade Dance"],"picked":"Prepared","floor":14},{"not_picked":["Adrenaline","Wraith Form v2"],"picked":"Storm of Steel","floor":16},{"not_picked":["Outmaneuver","Sucker Punch"],"picked":"Riddle With Holes+1","floor":18},{"not_picked":["Dagger Spray","Blade Dance"],"picked":"Calculated Gamble","floor":23},{"not_picked":["Dagger Throw","Deadly Poison+1"],"picked":"Leg Sweep+1","floor":25},{"not_picked":["Catalyst","All Out Attack"],"picked":"Dash","floor":28},{"not_picked":["Dodge and Roll","Endless Agony"],"picked":"Riddle With Holes+1","floor":29},{"not_picked":["Glass Knife","Bouncing Flask"],"picked":"Footwork+1","floor":31},{"not_picked":["Corpse Explosion","Night Terror"],"picked":"Adrenaline","floor":33},{"not_picked":["Deadly Poison+1","Flying Knee+1"],"picked":"Acrobatics+1","floor":35},{"not_picked":["Predator+1","Outmaneuver+1"],"picked":"Cloak And Dagger","floor":38},{"not_picked":["Corpse Explosion","Deflect+1"],"picked":"Blade Dance+1","floor":39},{"not_picked":["Concentrate+1","Leg Sweep"],"picked":"Choke+1","floor":40},{"not_picked":["Dodge and Roll+1","Bane"],"picked":"PiercingWail+1","floor":42},{"not_picked":["Endless Agony","Finisher"],"picked":"Cloak And Dagger+1","floor":44},{"not_picked":["Backstab","Burst","Bouncing Flask+1"],"picked":"SKIP","floor":46},{"not_picked":["Cloak And Dagger","Poisoned Stab"],"picked":"Tactician+1","floor":47},{"not_picked":["Endless Agony","Flying Knee","Calculated Gamble+1"],"picked":"SKIP","floor":47},{"not_picked":["Night Terror","Quick Slash"],"picked":"Dagger Throw+1","floor":54}],"player_experience":784820,"relics_obtained":[{"floor":7,"key":"Girya"},{"floor":9,"key":"Pocketwatch"},{"floor":23,"key":"Gambling Chip"},{"floor":26,"key":"Du-Vu Doll"},{"floor":29,"key":"Tingsha"},{"floor":31,"key":"Bottled Lightning"},{"floor":37,"key":"Potion Belt"},{"floor":40,"key":"Akabeko"},{"floor":42,"key":"Mummified Hand"},{"floor":43,"key":"War Paint"},{"floor":44,"key":"Thread and Needle"},{"floor":46,"key":"Prayer Wheel"},{"floor":54,"key":"Blood Vial"}],"event_choices":[{"damage_healed":0,"gold_gain":0,"player_choice":"Donut","damage_taken":0,"max_hp_gain":5,"max_hp_loss":0,"event_name":"Big Fish","floor":2,"gold_loss":0},{"damage_healed":0,"gold_gain":0,"player_choice":"Ignored","damage_taken":0,"max_hp_gain":0,"max_hp_loss":0,"event_name":"Liars Game","floor":4,"gold_loss":0},{"damage_healed":0,"gold_gain":0,"player_choice":"Success","damage_taken":7,"relics_obtained":["Pantograph"],"max_hp_gain":0,"max_hp_loss":0,"event_name":"Scrap Ooze","floor":8,"gold_loss":0},{"damage_healed":0,"gold_gain":0,"player_choice":"Inject Mutagens","damage_taken":0,"relics_obtained":["MutagenicStrength"],"max_hp_gain":0,"max_hp_loss":0,"event_name":"Drug Dealer","floor":19,"gold_loss":0},{"damage_healed":0,"gold_gain":0,"player_choice":"Ignored","damage_taken":0,"max_hp_gain":0,"max_hp_loss":0,"event_name":"Ghosts","floor":20,"gold_loss":0},{"cards_removed":["Setup"],"damage_healed":0,"gold_gain":0,"player_choice":"Elegance","damage_taken":0,"max_hp_gain":0,"max_hp_loss":0,"event_name":"Back to Basics","floor":21,"gold_loss":0},{"damage_healed":25,"gold_gain":0,"player_choice":"Heal","damage_taken":0,"max_hp_gain":0,"max_hp_loss":0,"event_name":"The Library","floor":22,"gold_loss":0},{"damage_healed":0,"gold_gain":0,"player_choice":"Max HP","damage_taken":0,"max_hp_gain":0,"max_hp_loss":4,"event_name":"Winding Halls","floor":45,"gold_loss":0},{"cards_removed":["Dagger Throw"],"damage_healed":0,"gold_gain":0,"player_choice":"Removed Attack","damage_taken":0,"max_hp_gain":0,"max_hp_loss":0,"event_name":"Falling","floor":48,"gold_loss":0}],"is_beta":false,"boss_relics":[{"not_picked":["Runic Pyramid","Ring of the Serpent"],"picked":"Pandora\u0027s Box"},{"not_picked":["Velvet Choker","Black Star"],"picked":"Philosopher\u0027s Stone"}],"items_purged_floors":[3],"is_endless":false,"potions_floor_spawned":[1,13,18,29,31,35,46,47,54],"killed_by":"The Heart","ascension_level":7}}