{"host":"qeogwbudlaqzb6hy","time":1611661241,"event":{"mods":["BaseMod","Downfall","Minty Spire (QoL Compilation)","StSLib"],"gold_per_floor":[99,99,99,99,109,109,190,215,315,12,78,78,228,260,279,279,279,279],"floor_reached":16,"language":"ENG","playtime":669,"items_purged":[],"score":111,"play_id":"12fd83b6-e797-4675-9966-f9ca1d5485fb","local_time":"20210126214041","is_ascension_mode":true,"campfire_choices":[{"data":"bronze:Goto","floor":1,"key":"SMITH"},{"data":"bronze:Overheat","floor":6,"key":"SMITH"},{"floor":12,"key":"REST"}],"circlet_count":0,"master_deck":["bronze:Strike","bronze:Strike","bronze:Strike","bronze:Strike","bronze:Defend","bronze:Defend","bronze:Defend","bronze:Defend","bronze:Replicate","bronze:Goto+1","bronze:Optimize","bronze:CloningBeam","bronze:Overload","bronze:Overheat+1","bronze:HyperBeam","bronze:ForLoop","bronze:CleanCode","bronze:CutThrough","bronze:ForceShield","bronze:DelayedGuard"],"relics":["bronze:BronzeCore","downfall:HeartsMalice","Mummified Hand","Oddly Smooth Stone","downfall:CloakOfManyFaces","CultistMask","FaceOfCleric","NlothsMask","GremlinMask","SsserpentHead","Calipers","Shovel"],"acts_visited":["Exordium"],"potions_floor_usage":[],"damage_taken":[{"damage":0,"enemies":"Small Slimes","floor":2,"turns":1},{"damage":0,"enemies":"Cultist","floor":3,"turns":1},{"damage":0,"enemies":"Jaw Worm","floor":4,"turns":1},{"damage":17,"enemies":"Exordium Thugs","floor":5,"turns":4},{"damage":26,"enemies":"Lagavulin","floor":8,"turns":6},{"damage":1,"enemies":"downfall:FaceTrader","floor":9,"turns":15},{"damage":10,"enemies":"downfall:FleeingMerchant","floor":10,"turns":4},{"damage":16,"enemies":"Exordium Wildlife","floor":11,"turns":5},{"damage":6,"enemies":"Gremlin Nob","floor":14,"turns":3},{"damage":0,"enemies":"Large Slime","floor":15,"turns":3},{"damage":24,"enemies":"DF_ARCHETYPE_STREAMLINE","floor":16,"turns":4}],"seed_played":"-6238115488570572137","potions_obtained":[{"floor":8,"key":"Explosive Potion"},{"floor":9,"key":"hexamod:SoulburnPotion"},{"floor":11,"key":"SkillPotion"}],"is_trial":false,"path_per_floor":["R","M","M","M","M","R","T","E","?","$","M","R","?","E","M","B"],"character_chosen":"THE_AUTOMATON","items_purchased":["Calipers"],"campfire_rested":1,"item_purchase_floors":[10],"current_hp_per_floor":[70,70,70,70,53,53,53,27,26,17,2,23,23,18,19,0,0,0],"gold":279,"neow_bonus":"THREE_ENEMY_KILL","is_daily":false,"chose_seed":false,"campfire_upgraded":2,"win_rate":0.0,"timestamp":1611661241,"path_taken":["R","M","M","M","M","R","T","E","?","$","?","R","?","E","M","BOSS"],"items_purchased_type":["Relic"],"build_version":"2020-12-22","purchased_purges":0,"victory":false,"max_hp_per_floor":[70,70,70,70,70,70,70,70,70,71,72,72,72,73,74,74,74,74],"card_choices":[{"not_picked":["bronze:Invalidate","bronze:ForceShield"],"picked":"bronze:Optimize","floor":2},{"not_picked":["bronze:Invalidate","bronze:FineTuning"],"picked":"bronze:CloningBeam","floor":3},{"not_picked":["bronze:BugBarrage","bronze:Iterate"],"picked":"bronze:Overload","floor":4},{"not_picked":["bronze:Iterate","bronze:WildBeam"],"picked":"bronze:Overheat","floor":5},{"not_picked":["bronze:Deprecate","bronze:BronzeOrb"],"picked":"bronze:HyperBeam","floor":8},{"not_picked":["bronze:WhirlingStrike","bronze:WildBeam"],"picked":"bronze:ForLoop","floor":9},{"not_picked":["bronze:Frontload","bronze:Turbo"],"picked":"bronze:CleanCode","floor":10},{"not_picked":["bronze:Turbo","bronze:WildBeam"],"picked":"bronze:CutThrough","floor":11},{"not_picked":["bronze:BugBarrage","bronze:FollowUp"],"picked":"bronze:ForceShield","floor":14},{"not_picked":["bronze:WildBeam","bronze:Shield"],"picked":"bronze:DelayedGuard","floor":15}],"player_experience":324632,"relics_obtained":[{"floor":7,"key":"Mummified Hand"},{"floor":8,"key":"Oddly Smooth Stone"},{"floor":9,"key":"downfall:CloakOfManyFaces"},{"floor":14,"key":"Shovel"}],"event_choices":[],"is_beta":false,"boss_relics":[],"items_purged_floors":[],"is_endless":false,"potions_floor_spawned":[8,9,11,14],"killed_by":"DF_ARCHETYPE_STREAMLINE","ascension_level":1}}