{"host":"1ecbliur7lfoj0sl","time":1611668243,"event":{"mods":["BaseMod","Downfall","Minty Spire (QoL Compilation)","StSLib","Waifu the Spire"],"gold_per_floor":[99,118,138,138,154,154,180,198,208,51,51,62,89,89,105,202,202,2,13,13,13,25,25,25,125,137,153,153,238,261,52,72,168,168,168,183,183,183,195,209,209,237,137,370,420,436,447,447,466,466,466,494,109,109,109,109],"floor_reached":57,"language":"ZHS","playtime":3138,"items_purged":["bronze:Strike","bronze:Strike","bronze:Strike","bronze:Defend"],"score":1563,"play_id":"b7729035-aa98-49dd-9b7c-f73f28c4762c","local_time":"20210126213723","is_ascension_mode":true,"campfire_choices":[{"data":"bronze:Goto","floor":1.0,"key":"SMITH"},{"floor":11.0,"key":"RECALL"},{"data":"bronze:Constructor","floor":18.0,"key":"SMITH"},{"data":"bronze:ChosenStrike","floor":23.0,"key":"SMITH"},{"data":"bronze:ItsAFeature","floor":28.0,"key":"SMITH"},{"data":"bronze:TinkerersToolbox","floor":35.0,"key":"SMITH"},{"data":"bronze:FineTuning","floor":43.0,"key":"SMITH"},{"data":"bronze:Terminator","floor":54.0,"key":"SMITH"}],"circlet_count":0,"master_deck":["bronze:Defend","bronze:Defend","bronze:Replicate+1","bronze:Goto+1","bronze:ItsAFeature+1","bronze:Constructor+1","bronze:ChosenStrike+1","bronze:TinkerersToolbox+1","bronze:BitShift+1","bronze:FineTuning+1","bronze:FineTuning+1","bronze:Terminator+1","bronze:MaxOutput","bronze:MaxOutput","bronze:FineTuning+1"],"relics":["bronze:BronzeCore","Kunai","Bronze Scales","Coffee Dripper","downfall:HeartBlessingRed","downfall:HeartBlessingBlue","Bottled Lightning","downfall:GremlinWheel","MealTicket","Membership Card","Runic Pyramid","Bag of Preparation","Boot","downfall:HeartBlessingGreen","TungstenRod","bronze:CableSpool","Pen Nib","Calipers","Toolbox"],"acts_visited":["Exordium","TheCity","TheBeyond","TheEnding"],"potions_floor_usage":[],"damage_taken":[{"damage":1.0,"enemies":"Cultist","floor":2.0,"turns":4.0},{"damage":2.0,"enemies":"Jaw Worm","floor":3.0,"turns":3.0},{"damage":5.0,"enemies":"2 Louse","floor":5.0,"turns":3.0},{"damage":0.0,"enemies":"Large Slime","floor":8.0,"turns":5.0},{"damage":12.0,"enemies":"Exordium Thugs","floor":9.0,"turns":5.0},{"damage":0.0,"enemies":"downfall:FleeingMerchant","floor":10.0,"turns":4.0},{"damage":3.0,"enemies":"3 Louse","floor":12.0,"turns":2.0},{"damage":5.0,"enemies":"Gremlin Nob","floor":13.0,"turns":3.0},{"damage":0.0,"enemies":"Blue Slaver","floor":15.0,"turns":2.0},{"damage":2.0,"enemies":"WA_ARCHETYPE_RETAIN","floor":16.0,"turns":4.0},{"damage":0.0,"enemies":"Shell Parasite","floor":19.0,"turns":2.0},{"damage":12.0,"enemies":"Cultist and Chosen","floor":22.0,"turns":4.0},{"damage":2.0,"enemies":"Cultist and Chosen","floor":25.0,"turns":3.0},{"damage":2.0,"enemies":"Centurion and Healer","floor":26.0,"turns":5.0},{"damage":0.0,"enemies":"Snake Plant","floor":27.0,"turns":3.0},{"damage":0.0,"enemies":"downfall:FleeingMerchant","floor":31.0,"turns":4.0},{"damage":0.0,"enemies":"Sentry and Sphere","floor":32.0,"turns":4.0},{"damage":0.0,"enemies":"SI_MIRROR_ARCHETYPE","floor":33.0,"turns":9.0},{"damage":0.0,"enemies":"3 Shapes","floor":36.0,"turns":3.0},{"damage":2.0,"enemies":"3 Darklings","floor":39.0,"turns":4.0},{"damage":0.0,"enemies":"Spire Growth","floor":40.0,"turns":2.0},{"damage":13.0,"enemies":"Nemesis","floor":42.0,"turns":5.0},{"damage":0.0,"enemies":"downfall:FleeingMerchant","floor":44.0,"turns":2.0},{"damage":0.0,"enemies":"downfall:FleeingMerchant","floor":45.0,"turns":2.0},{"damage":0.0,"enemies":"Writhing Mass","floor":46.0,"turns":3.0},{"damage":0.0,"enemies":"Maw","floor":47.0,"turns":2.0},{"damage":0.0,"enemies":"4 Shapes","floor":49.0,"turns":3.0},{"damage":27.0,"enemies":"IC_BLOCK_ARCHETYPE","floor":50.0,"turns":6.0},{"damage":0.0,"enemies":"downfall:CharBossMerchant","floor":52.0,"turns":3.0},{"damage":20,"enemies":"downfall:NeowBoss","floor":55,"turns":5},{"damage":0,"enemies":"downfall:NeowBossFinal","floor":56,"turns":5}],"seed_played":"952048351734972308","potions_obtained":[{"floor":5.0,"key":"PowerPotion"},{"floor":8.0,"key":"AttackPotion"},{"floor":9.0,"key":"champ:CounterPotion"},{"floor":12.0,"key":"Weak Potion"},{"floor":16.0,"key":"SmokeBomb"},{"floor":22.0,"key":"bronze:FreeFunctionsPotion"},{"floor":27.0,"key":"SpeedPotion"},{"floor":32.0,"key":"bronze:CleanCodePotion"},{"floor":49.0,"key":"LiquidMemories"}],"is_trial":false,"path_per_floor":["R","M","M","?","M","T","T","M","M","$","R","M","E","?","M","B",null,"R","M","?","?","M","R","T","?","M","M","R","?","T","$","M","B",null,"R","M","?","?","M","M","T","E","R","$","?","M","M","?","M","B",null,"E","$","R","B","B",null],"character_chosen":"THE_AUTOMATON","items_purchased":["bronze:ChosenStrike","Membership Card","bronze:MaxOutput","Pen Nib","Calipers","Toolbox"],"campfire_rested":0,"item_purchase_floors":[10,31,44,53,53,53],"current_hp_per_floor":[77,76,74,74,69,69,69,69,57,57,57,54,49,49,49,47,77,87,87,87,87,75,75,75,73,71,71,87,73,73,87,87,87,87,87,87,87,87,85,85,85,72,72,87,87,87,87,87,87,60,87,87,87,87,67,67],"gold":109,"neow_bonus":"TEN_PERCENT_HP_BONUS","is_daily":false,"chose_seed":false,"campfire_upgraded":7,"win_rate":0.0,"timestamp":1611668243,"path_taken":["R","M","M","?","?","?","T","M","M","?","R","M","E","?","M","BOSS","R","M","?","?","M","R","T","?","M","?","R","?","?","$","M","BOSS","R","M","?","?","M","M","T","E","R","?","?","M","M","?","M","BOSS","E","$","R","BOSS","BOSS"],"items_purchased_type":["Card","Relic","Card","Relic","Relic","Relic"],"build_version":"2020-12-22","purchased_purges":4,"victory":true,"max_hp_per_floor":[77,77,77,77,77,77,77,77,77,77,77,77,77,77,77,77,77,87,87,87,87,87,87,87,87,87,87,87,87,87,87,87,87,87,87,87,87,87,87,87,87,87,87,87,87,87,87,87,87,87,87,87,87,87,87,87],"card_choices":[{"not_picked":["bronze:Shield","bronze:ForLoop","bronze:DelayedGuard"],"picked":"SKIP","floor":2.0},{"not_picked":["bronze:Flail","bronze:Allocate","bronze:Shield"],"picked":"SKIP","floor":3.0},{"not_picked":["bronze:ChildClass","bronze:Separator"],"picked":"bronze:ItsAFeature","floor":5.0},{"not_picked":["bronze:DelayedSlice","bronze:Deprecate"],"picked":"bronze:Constructor","floor":8.0},{"not_picked":["bronze:Library","bronze:Repulsor","bronze:Shield"],"picked":"SKIP","floor":9.0},{"not_picked":["bronze:Overload","bronze:Frontload","bronze:Backtrace"],"picked":"SKIP","floor":10.0},{"not_picked":["bronze:Safeguard","bronze:Constructor","bronze:BuggyMess"],"picked":"SKIP","floor":12.0},{"not_picked":["bronze:Overheat","bronze:HyperBeam","bronze:BuggyMess"],"picked":"SKIP","floor":13.0},{"not_picked":["bronze:DelayedSlice","bronze:BitShift","bronze:DelayedGuard"],"picked":"SKIP","floor":15.0},{"not_picked":["bronze:Verify","bronze:Virus"],"picked":"bronze:TinkerersToolbox","floor":16.0},{"not_picked":["bronze:CloningBeam","bronze:DelayedGuard","bronze:Separator"],"picked":"SKIP","floor":19.0},{"not_picked":["bronze:BitShift","bronze:Deprecate","bronze:WildBeam"],"picked":"SKIP","floor":22.0},{"not_picked":["bronze:Frontload","bronze:Deprecate","bronze:Boost"],"picked":"SKIP","floor":26.0},{"not_picked":["bronze:Invalidate","bronze:Turbo"],"picked":"bronze:BitShift+1","floor":27.0},{"not_picked":["bronze:Turbo","bronze:Frontload","bronze:BitShift"],"picked":"SKIP","floor":31.0},{"not_picked":["bronze:Frontload+1","bronze:Fortify","bronze:DarkDash"],"picked":"SKIP","floor":32.0},{"not_picked":["bronze:DelayedGuard","bronze:ItsAFeature"],"picked":"bronze:FineTuning","floor":36.0},{"not_picked":["bronze:DelayedGuard+1","bronze:Refactor+1","bronze:Boost+1"],"picked":"SKIP","floor":39.0},{"not_picked":["bronze:OilSpill+1","bronze:Deprecate"],"picked":"bronze:FineTuning+1","floor":40.0},{"not_picked":["bronze:Shell","bronze:Assembly","bronze:Optimize+1"],"picked":"SKIP","floor":42.0},{"not_picked":["bronze:WildBeam+1","bronze:WhirlingStrike+1"],"picked":"bronze:Terminator","floor":44.0},{"not_picked":["bronze:Separator","bronze:FollowUp+1"],"picked":"bronze:MaxOutput","floor":45.0},{"not_picked":["bronze:Invalidate+1","bronze:BuggyMess+1"],"picked":"bronze:FineTuning+1","floor":46.0},{"not_picked":["bronze:ItsAFeature","bronze:Branch+1","bronze:Overheat"],"picked":"SKIP","floor":47.0},{"not_picked":["bronze:InfiniteBeams+1","bronze:Boost","bronze:Branch+1"],"picked":"SKIP","floor":49.0},{"not_picked":["bronze:BugBarrage+1","bronze:WildBeam","bronze:Overload"],"picked":"SKIP","floor":52.0}],"player_experience":96746,"relics_obtained":[{"floor":6.0,"key":"Kunai"},{"floor":13.0,"key":"Bronze Scales"},{"floor":24.0,"key":"Bottled Lightning"},{"floor":25.0,"key":"downfall:GremlinWheel"},{"floor":30.0,"key":"MealTicket"},{"floor":41.0,"key":"Bag of Preparation"},{"floor":42.0,"key":"Boot"},{"floor":45.0,"key":"TungstenRod"},{"floor":52.0,"key":"bronze:CableSpool"}],"event_choices":[{"cards_removed":["bronze:Strike"],"damage_healed":0.0,"max_hp_gain":0.0,"max_hp_loss":0.0,"gold_gain":0.0,"event_name":"The Cleric","player_choice":"Card Removal","floor":14.0,"gold_loss":0.0,"damage_taken":0.0},{"damage_healed":0.0,"max_hp_gain":0.0,"max_hp_loss":0.0,"gold_gain":0.0,"event_name":"Ghosts","player_choice":"Ignored","floor":21.0,"gold_loss":0.0,"damage_taken":0.0},{"damage_healed":16.0,"max_hp_gain":0.0,"max_hp_loss":0.0,"gold_gain":0.0,"event_name":"Wheel of Change","player_choice":"Full Heal","floor":28.0,"gold_loss":0.0,"damage_taken":0.0},{"cards_removed":["bronze:Defend"],"damage_healed":0.0,"max_hp_gain":0.0,"max_hp_loss":0.0,"gold_gain":0.0,"event_name":"Falling","player_choice":"Removed Skill","floor":38.0,"gold_loss":0.0,"damage_taken":0.0}],"is_beta":false,"boss_relics":[{"not_picked":["Runic Dome","Black Star"],"picked":"Coffee Dripper"},{"not_picked":["Tiny House","Calling Bell"],"picked":"Runic Pyramid"}],"items_purged_floors":[10,31,44,53],"is_endless":false,"potions_floor_spawned":[5,8,9,12,16,22,27,32,33,36,39,45,49],"ascension_level":4}}