{"host":"b4vwm7jq6jdk6nca","time":1611643962,"event":{"mods":["Act Like it!","BaseMod","Downfall","Minty Spire (QoL Compilation)","Pale of the Ancients","Quick Restart","Relic Filter Mod","StSLib","TestMod","The Cursed","[IsaacMod]以撒尖塔"],"gold_per_floor":[109,129,129,149,14,14,46,60,84,97,97,111,143,162,162,233,233,246,261,311,55,55,83,83,97,123,137,237,250,250,169,169,247,247,267,282,293,293,313,345,695,707,733,759,759,777,796,796,796,796,796,808,818,1118,1127,1127,1137,1137,1155,1155,1155,1155],"floor_reached":61,"language":"ZHS","playtime":3402,"items_purged":["Strike_G","Defend_G","Defend_G","Strike_G","Strike_G","Dagger Throw","Defend_G"],"score":2743,"play_id":"44d7d767-4deb-40ae-9053-3e3829cbc167","local_time":"20210126145242","is_ascension_mode":true,"campfire_choices":[{"data":"DoctorFetus","floor":6.0,"key":"SMITH"},{"data":"Grand Finale","floor":11.0,"key":"SMITH"},{"data":"Venomology","floor":15.0,"key":"SMITH"},{"data":"After Image","floor":32.0,"key":"SMITH"},{"floor":49,"key":"RECALL"},{"floor":56,"key":"REST"},{"floor":58,"key":"REST"}],"circlet_count":0,"master_deck":["AscendersBane","Strike_G+1","Strike_G+1","Defend_G+1","Defend_G","Survivor+1","Neutralize","DoctorFetus+1","Escape Plan","Blade Dance","Prepared","Grand Finale+1","Blur","Venomology+1","Phantasmal Killer","Accuracy","Leg Sweep","Terror","After Image+1","Cloak And Dagger","Burst","Adrenaline","Blade Dance+1","Impatience","Infinite Blades+1","Infinite Blades","Accuracy","Flash of Steel"],"relics":["Ring of the Snake","testmod-TestBox","HushsDoor","SteamSale","testmod-Prudence","Whetstone","Matryoshka","Art of War","Bronze Scales","War Paint","Singing Bowl","WristBlade","Pear","bronze:BronzeIdol","PillsDrop","Sling","Gremlin Horn","SatanicBible","Membership Card","Lantern","testmod-ObsoleteBoomerang","Fusion Hammer","GuppysPaw","DeathBook","PunchingBag","HowToJump","hexamod:BolsterEngine","Vajra","CeramicFish","Toolbox","Boot","HornCleat","TheBattery","paleoftheancients:Timepiece","paleoftheancients:KeyRelic","Letter Opener","CultistMask","paleoftheancients:SoulOfTheShapes","UnicornStump","Bag of Preparation","champ:Barbells","Pantograph","Bottled Flame"],"acts_visited":["Exordium","TheCity","TheBeyond","TheBeyond"],"potions_floor_usage":[44,50,50,52,53,57,61],"damage_taken":[{"damage":0.0,"enemies":"Small Slimes","floor":1.0,"turns":1.0},{"damage":0.0,"enemies":"Cultist","floor":2.0,"turns":1.0},{"damage":7.0,"enemies":"2 Louse","floor":4.0,"turns":4.0},{"damage":8.0,"enemies":"Lagavulin","floor":7.0,"turns":7.0},{"damage":0.0,"enemies":"Red Slaver","floor":8.0,"turns":2.0},{"damage":1.0,"enemies":"Large Slime","floor":10.0,"turns":5.0},{"damage":0.0,"enemies":"Exordium Thugs","floor":12.0,"turns":1.0},{"damage":0.0,"enemies":"3 Sentries","floor":13.0,"turns":2.0},{"damage":0.0,"enemies":"Blue Slaver","floor":14.0,"turns":2.0},{"damage":7.0,"enemies":"Hexaghost","floor":16.0,"turns":5.0},{"damage":13.0,"enemies":"3 Byrds","floor":18.0,"turns":4.0},{"damage":0.0,"enemies":"Spheric Guardian","floor":19.0,"turns":1.0},{"damage":19.0,"enemies":"Hiden Room Battle","floor":20.0,"turns":4.0},{"damage":2.0,"enemies":"Gremlin Leader","floor":23.0,"turns":3.0},{"damage":24.0,"enemies":"Cultist and Chosen","floor":25.0,"turns":4.0},{"damage":6.0,"enemies":"Snake Plant","floor":27.0,"turns":3.0},{"damage":8.0,"enemies":"Centurion and Healer","floor":29.0,"turns":4.0},{"damage":0.0,"enemies":"Collector","floor":33.0,"turns":3.0},{"damage":0.0,"enemies":"3 Darklings","floor":35.0,"turns":3.0},{"damage":0.0,"enemies":"Orb Walker","floor":36.0,"turns":1.0},{"damage":0.0,"enemies":"Sphere and 2 Shapes","floor":37.0,"turns":1.0},{"damage":0.0,"enemies":"Maw","floor":39.0,"turns":2.0},{"damage":0.0,"enemies":"Nemesis","floor":40.0,"turns":1.0},{"damage":0.0,"enemies":"2 Orb Walkers","floor":41.0,"turns":1.0},{"damage":0.0,"enemies":"Writhing Mass","floor":42.0,"turns":3.0},{"damage":0,"enemies":"Reptomancer","floor":44,"turns":2},{"damage":0,"enemies":"Spire Growth","floor":46,"turns":1},{"damage":0,"enemies":"3 Darklings","floor":47,"turns":2},{"damage":0,"enemies":"Donu and Deca","floor":50,"turns":3},{"damage":0,"enemies":"Awakened One","floor":51,"turns":5},{"damage":0,"enemies":"Awakened One","floor":52,"turns":2},{"damage":0,"enemies":"Awakened One","floor":53,"turns":2},{"damage":0,"enemies":"Awakened One","floor":57,"turns":1},{"damage":40,"enemies":"Delirium","floor":61,"turns":8}],"seed_played":"906548630769560975","potions_obtained":[{"floor":4.0,"key":"Block Potion"},{"floor":7.0,"key":"ColorlessPotion"},{"floor":10.0,"key":"Poison Potion"},{"floor":16.0,"key":"Dexterity Potion"},{"floor":41.0,"key":"SkillPotion"},{"floor":47,"key":"CultistPotion"},{"floor":53,"key":"BlessingOfTheForge"}],"is_trial":false,"path_per_floor":["M","M","?","M","$","R","E","M","T","M","R","M","E","M","R","B",null,"M","M","?","$","?","E","?","M","T","M","?","M","?","$","R","B",null,"M","M","M","?","M","E","?","M","T","E","$","M","M","$","R","B","B","M","M","?","$","R","M","R","$","?","B"],"character_chosen":"THE_SILENT","items_purchased":["Matryoshka","PillsDrop","Sling","Membership Card","Lantern","testmod-ObsoleteBoomerang","GuppysPaw","DeathBook","Adrenaline","Vajra","CeramicFish","Toolbox","FairyPotion","Boot","HornCleat","TheBattery","UnicornStump","Bag of Preparation","Infinite Blades","champ:Barbells","Pantograph","Bottled Flame","Accuracy","Flash of Steel"],"campfire_rested":2,"item_purchase_floors":[5,21,21,31,31,31,34,34,34,45,45,45,45,48,48,48,55,55,55,59,59,59,59,59],"current_hp_per_floor":[59,59,59,52,52,52,44,44,44,43,43,43,43,45,45,38,61,48,48,39,39,39,37,37,24,24,20,20,14,14,14,14,14,41,43,43,45,45,47,52,54,54,54,56,56,58,60,60,60,60,67,71,73,73,73,73,75,75,75,75,35,35],"gold":1155,"neow_bonus":"THREE_ENEMY_KILL","is_daily":false,"chose_seed":false,"campfire_upgraded":4,"win_rate":0.0,"timestamp":1611643962,"path_taken":["M","M","?","M","?","R","E","M","T","M","R","M","E","M","R","BOSS","M","M","?","?","?","E","?","M","T","?","?","?","?","$","R","BOSS","M","M","M","?","M","E","?","M","T","E","$","?","M","$","R","BOSS","BOSS","M","M","?","$","R","M","R","$","?","BOSS"],"items_purchased_type":["Relic","Relic","Relic","Relic","Relic","Relic","Relic","Relic","Card","Relic","Relic","Relic","Potion","Relic","Relic","Relic","Relic","Relic","Card","Relic","Relic","Relic","Card","Card"],"build_version":"2020-12-22","purchased_purges":7,"victory":false,"max_hp_per_floor":[66,66,66,66,66,66,66,66,66,66,66,66,66,68,68,68,68,68,68,78,78,78,73,73,75,75,77,77,79,79,79,79,79,50,52,52,54,54,56,61,63,63,63,65,65,67,69,69,69,69,69,71,73,73,73,73,75,75,75,75,36,36],"card_choices":[{"not_picked":[],"picked":"DoctorFetus","floor":0.0},{"not_picked":["Expertise","Predator"],"picked":"Escape Plan","floor":1.0},{"not_picked":["Calculated Gamble","Quick Slash"],"picked":"Blade Dance","floor":2.0},{"not_picked":["Eviscerate","Flying Knee"],"picked":"Prepared","floor":4.0},{"not_picked":["Quick Slash","Blade Dance"],"picked":"Grand Finale","floor":7.0},{"not_picked":["Deadly Poison","Dagger Spray"],"picked":"Blur","floor":8.0},{"not_picked":["Backflip","Flying Knee"],"picked":"Dagger Throw","floor":10.0},{"not_picked":["Backflip","Quick Slash","Outmaneuver"],"picked":"SKIP","floor":12.0},{"not_picked":["Dagger Spray","Quick Slash"],"picked":"Venomology","floor":13.0},{"not_picked":["Dodge and Roll","Acrobatics","Blade Dance"],"picked":"Singing Bowl","floor":14.0},{"not_picked":["Adrenaline","Wraith Form v2"],"picked":"Phantasmal Killer","floor":16.0},{"not_picked":["Outmaneuver","Slice"],"picked":"Accuracy","floor":18.0},{"not_picked":["Quick Slash","Flying Knee"],"picked":"Leg Sweep","floor":19.0},{"not_picked":["Outmaneuver","Reflex"],"picked":"Terror","floor":20.0},{"not_picked":["Skewer","Expertise+1"],"picked":"After Image","floor":23.0},{"not_picked":["Masterful Stab","Underhanded Strike","Reflex"],"picked":"Singing Bowl","floor":25.0},{"not_picked":["Outmaneuver","Backflip","Deadly Poison"],"picked":"Singing Bowl","floor":27.0},{"not_picked":["Dagger Spray+1","Leg Sweep"],"picked":"Cloak And Dagger","floor":28.0},{"not_picked":["Dash","Dagger Spray","Dagger Throw"],"picked":"Singing Bowl","floor":29.0},{"not_picked":["Storm of Steel","Bullet Time"],"picked":"Burst","floor":33.0},{"not_picked":["Deflect","Catalyst+1","Dodge and Roll"],"picked":"Singing Bowl","floor":35.0},{"not_picked":["Prepared","Dagger Throw"],"picked":"Blade Dance+1","floor":36.0},{"not_picked":["Burst","Deflect","Heel Hook"],"picked":"Singing Bowl","floor":37.0},{"not_picked":["testmod-Collector","Jack Of All Trades"],"picked":"Impatience","floor":38.0},{"not_picked":["Outmaneuver","Dagger Spray+1","Poisoned Stab"],"picked":"Singing Bowl","floor":39.0},{"not_picked":["Outmaneuver","Tactician","Deadly Poison"],"picked":"Singing Bowl","floor":40.0},{"not_picked":["Quick Slash+1","Outmaneuver","Poisoned Stab+1"],"picked":"Singing Bowl","floor":41.0},{"not_picked":["Sucker Punch+1","Slice"],"picked":"Infinite Blades+1","floor":42.0},{"not_picked":["Crippling Poison+1","Quick Slash","Riddle With Holes+1"],"picked":"Singing Bowl","floor":44},{"not_picked":["Flying Knee","Backflip","Underhanded Strike"],"picked":"Singing Bowl","floor":46},{"not_picked":["PiercingWail","Tactician+1","Choke"],"picked":"Singing Bowl","floor":47},{"not_picked":["Cloak And Dagger","Dagger Throw","Endless Agony"],"picked":"Singing Bowl","floor":52},{"not_picked":["PiercingWail","Deadly Poison","Slice"],"picked":"Singing Bowl","floor":53},{"not_picked":["Flying Knee+1","Cloak And Dagger","Deadly Poison"],"picked":"Singing Bowl","floor":57}],"player_experience":302040,"relics_obtained":[{"floor":7.0,"key":"Art of War"},{"floor":9.0,"key":"Bronze Scales"},{"floor":9.0,"key":"War Paint"},{"floor":13.0,"key":"Singing Bowl"},{"floor":20.0,"key":"Pear"},{"floor":20.0,"key":"bronze:BronzeIdol"},{"floor":23.0,"key":"Gremlin Horn"},{"floor":26.0,"key":"SatanicBible"},{"floor":40.0,"key":"PunchingBag"},{"floor":41.0,"key":"Old Coin"},{"floor":43.0,"key":"HowToJump"},{"floor":44,"key":"hexamod:BolsterEngine"},{"floor":52,"key":"paleoftheancients:SoulOfTheShapes"}],"event_choices":[{"damage_healed":0.0,"max_hp_gain":0.0,"max_hp_loss":0.0,"gold_gain":0.0,"event_name":"给自己的盒子","player_choice":"Swap Relic","floor":3.0,"relics_lost":["NeowsBlessing"],"gold_loss":0.0,"damage_taken":0.0,"relics_obtained":["Whetstone"]},{"damage_healed":0.0,"max_hp_gain":0.0,"max_hp_loss":0.0,"gold_gain":0.0,"event_name":"HidenRoomEvent","player_choice":"Fight","floor":20.0,"gold_loss":0.0,"damage_taken":0.0},{"damage_healed":0.0,"max_hp_gain":0.0,"max_hp_loss":0.0,"gold_gain":0.0,"event_name":"Cursed Tome","player_choice":"Ignored","floor":30.0,"gold_loss":0.0,"damage_taken":0.0},{"damage_healed":0.0,"max_hp_gain":0.0,"max_hp_loss":0.0,"gold_gain":0.0,"event_name":"SensoryStone","player_choice":"Memory 1","floor":38.0,"gold_loss":0.0,"damage_taken":0.0},{"damage_healed":0.0,"max_hp_gain":0.0,"max_hp_loss":0.0,"gold_gain":0.0,"event_name":"Mysterious Sphere","player_choice":"Fight","floor":41.0,"gold_loss":0.0,"damage_taken":0.0},{"damage_healed":0,"gold_gain":300,"player_choice":"Sell","damage_taken":0,"max_hp_gain":0,"max_hp_loss":0,"event_name":"恩洛斯的盘子","floor":54,"relics_lost":["Old Coin"],"gold_loss":0}],"is_beta":false,"boss_relics":[{"not_picked":["Calling Bell","testmod-IncinerationGenerator"],"picked":"WristBlade"},{"not_picked":[]},{"not_picked":["bronze:MakeshiftBattery","testmod-CardMagician"],"picked":"Fusion Hammer"},{"not_picked":[]}],"items_purged_floors":[21,31,34,45,48,55,59],"is_endless":false,"potions_floor_spawned":[4,7,10,13,16,18,20,27,33,37,39,41,47,52,53],"killed_by":"Delirium","ascension_level":20}}