{"host":"vpcwwncyo54nsck6","time":1611644951,"event":{"mods":["BaseMod","Downfall","Minty Spire (QoL Compilation)","StSLib"],"gold_per_floor":[99,113,113,388,70,90,90,110,130,30,76,106,106,106,106],"floor_reached":13,"language":"ENG","playtime":1314,"items_purged":[],"score":85,"play_id":"d08bffe9-800f-47cf-977f-5541b0ae3ed7","local_time":"20210125230911","is_ascension_mode":false,"campfire_choices":[{"floor":1,"key":"RECALL"},{"data":"hexamod:Float","floor":10,"key":"SMITH"}],"circlet_count":0,"master_deck":["hexamod:Strike","hexamod:Strike","hexamod:Strike","hexamod:Defend","hexamod:Defend","hexamod:Defend","hexamod:Defend","hexamod:Sear","hexamod:Float+1","hexamod:Hexaguard","Regret","hexamod:SecondSeal","hexamod:GhostOfSpirePast","hexamod:BurningTouch","hexamod:RadiantFlame","hexamod:ApocalypticArmor"],"relics":["hexamod:SpiritBrand","hexamod:RecyclingMachine","sneckomod:BlankCard","Bag of Marbles","downfall:HeartBlessingRed","CeramicFish"],"acts_visited":["Exordium"],"potions_floor_usage":[],"damage_taken":[{"damage":0,"enemies":"Small Slimes","floor":2,"turns":4},{"damage":6,"enemies":"downfall:FleeingMerchant","floor":5,"turns":4},{"damage":7,"enemies":"Jaw Worm","floor":6,"turns":4},{"damage":6,"enemies":"Cultist","floor":8,"turns":4},{"damage":6,"enemies":"Blue Slaver","floor":9,"turns":4},{"damage":34,"enemies":"3 Sentries","floor":11,"turns":9},{"damage":16,"enemies":"Exordium Thugs","floor":12,"turns":5},{"damage":2,"enemies":"Lagavulin","floor":13,"turns":3}],"seed_played":"-2291179282414507091","potions_obtained":[{"floor":2,"key":"SteroidPotion"},{"floor":6,"key":"sneckomod:MuddlingPotion"},{"floor":11,"key":"SkillPotion"}],"is_trial":false,"path_per_floor":["R","M","?","?","$","M","T","M","M","R","E","M","E"],"character_chosen":"THE_SPIRIT","items_purchased":["hexamod:RecyclingMachine","sneckomod:BlankCard"],"campfire_rested":0,"item_purchase_floors":[5,5],"current_hp_per_floor":[77,77,77,77,71,64,64,58,52,52,18,2,0,0,0],"gold":106,"neow_bonus":"TEN_PERCENT_HP_BONUS","is_daily":false,"chose_seed":false,"campfire_upgraded":1,"win_rate":0.0,"timestamp":1611644951,"path_taken":["R","M","?","?","$","M","T","M","M","R","E","?","E"],"items_purchased_type":["Relic","Relic"],"build_version":"2020-12-22","purchased_purges":0,"victory":false,"max_hp_per_floor":[77,77,77,77,77,77,77,77,77,77,77,77,77,77,77],"card_choices":[{"not_picked":["hexamod:RecurringNightmare","hexamod:Incineration"],"picked":"hexamod:Hexaguard","floor":2},{"not_picked":["hexamod:Incineration","hexamod:BurningTouch"],"picked":"hexamod:SecondSeal","floor":5},{"not_picked":["hexamod:HeatCrush","hexamod:SwordOfDarkness","hexamod:HeatMetal"],"picked":"SKIP","floor":6},{"not_picked":["hexamod:SuperheatedStrike","hexamod:ThermalTransfer"],"picked":"hexamod:GhostOfSpirePast","floor":8},{"not_picked":["hexamod:HeatMetal","hexamod:Firestarter"],"picked":"hexamod:BurningTouch","floor":9},{"not_picked":["hexamod:GhostLash","hexamod:Firestarter"],"picked":"hexamod:RadiantFlame","floor":11},{"not_picked":["hexamod:GhostOfSpireFuture","hexamod:SecondSeal"],"picked":"hexamod:ApocalypticArmor","floor":12}],"player_experience":2457596,"relics_obtained":[{"floor":7,"key":"Bag of Marbles"},{"floor":11,"key":"CeramicFish"}],"event_choices":[],"is_beta":false,"boss_relics":[],"items_purged_floors":[],"is_endless":false,"potions_floor_spawned":[2,6,11],"killed_by":"Lagavulin","ascension_level":0}}