{"host":"Nazu","time":1611619289,"event":{"mods":["BaseMod","Downfall","Minty Spire (QoL Compilation)","StSLib"],"gold_per_floor":[99,110,110,120,136,156,156,62,62,72,72,57,57,42,59,59,59,59],"floor_reached":16,"language":"ENG","playtime":1024,"items_purged":[],"score":92,"play_id":"b827918b-9ce7-469f-a057-da2b0c65f2da","local_time":"20210125210129","is_ascension_mode":false,"campfire_choices":[{"floor":1,"key":"RECALL"},{"data":"bronze:BronzeOrb","floor":11,"key":"SMITH"},{"data":"bronze:Goto","floor":13,"key":"SMITH"}],"circlet_count":0,"master_deck":["bronze:Strike","bronze:Strike","bronze:Strike","bronze:Strike","bronze:Defend","bronze:Defend","bronze:Defend","bronze:Defend","bronze:Replicate","bronze:Goto+1","bronze:WhirlingStrike","bronze:ForceShield","bronze:BronzeOrb+1","bronze:DelayedGuard","bronze:ChildClass","bronze:Backtrace","bronze:BugBarrage","bronze:BugBarrage"],"relics":["bronze:BronzeCore","Ice Cream"],"acts_visited":["Exordium"],"potions_floor_usage":[],"damage_taken":[{"damage":1,"enemies":"Jaw Worm","floor":2,"turns":4},{"damage":1,"enemies":"Cultist","floor":4,"turns":3},{"damage":0,"enemies":"Small Slimes","floor":5,"turns":3},{"damage":0,"enemies":"3 Louse","floor":6,"turns":2},{"damage":0,"enemies":"downfall:FleeingMerchant","floor":8,"turns":4},{"damage":3,"enemies":"2 Fungi Beasts","floor":10,"turns":2},{"damage":0,"enemies":"downfall:FleeingMerchant","floor":12,"turns":4},{"damage":1,"enemies":"downfall:FleeingMerchant","floor":14,"turns":4},{"damage":0,"enemies":"Large Slime","floor":15,"turns":4},{"damage":79,"enemies":"SI_SHIV_ARCHETYPE","floor":16,"turns":9}],"seed_played":"-5165924650303813625","potions_obtained":[{"floor":3,"key":"CultistPotion"},{"floor":3,"key":"bronze:BuildAFunctionPotion"},{"floor":3,"key":"FairyPotion"},{"floor":6,"key":"Dexterity Potion"}],"is_trial":false,"path_per_floor":["R","M","?","M","M","M","T","$","T","M","R","$","R","$","M","B"],"character_chosen":"THE_AUTOMATON","items_purchased":["bronze:Backtrace"],"campfire_rested":0,"item_purchase_floors":[8],"current_hp_per_floor":[77,76,76,75,75,75,75,75,75,72,72,72,72,71,71,0,0,0],"gold":59,"neow_bonus":"TEN_PERCENT_HP_BONUS","is_daily":false,"chose_seed":false,"campfire_upgraded":2,"win_rate":0.0,"timestamp":1611619289,"path_taken":["R","M","?","M","M","M","T","$","?","M","R","?","R","$","M","BOSS"],"items_purchased_type":["Card"],"build_version":"2020-12-18","purchased_purges":0,"victory":false,"max_hp_per_floor":[77,77,77,77,77,77,77,77,77,77,77,77,77,77,77,77,77,77],"card_choices":[{"not_picked":["bronze:Frontload","bronze:DelayedGuard"],"picked":"bronze:WhirlingStrike","floor":2},{"not_picked":["bronze:BugBarrage","bronze:Allocate"],"picked":"bronze:ForceShield","floor":4},{"not_picked":["bronze:WildBeam","bronze:WhirlingStrike"],"picked":"bronze:BronzeOrb","floor":5},{"not_picked":["bronze:Break","bronze:Turbo"],"picked":"bronze:DelayedGuard","floor":6},{"not_picked":["bronze:Invalidate","bronze:DelayedSlice"],"picked":"bronze:ChildClass","floor":8},{"not_picked":["bronze:Invalidate","bronze:Overload","bronze:BronzeArmor"],"picked":"SKIP","floor":10},{"not_picked":["bronze:Shell","bronze:CloningBeam"],"picked":"bronze:BugBarrage","floor":12},{"not_picked":["bronze:WhirlingStrike","bronze:FineTuning"],"picked":"bronze:BugBarrage","floor":14},{"not_picked":["bronze:Invalidate","bronze:Branch","bronze:DelayedSlice"],"picked":"SKIP","floor":15}],"player_experience":710868,"relics_obtained":[{"floor":7,"key":"Ice Cream"}],"event_choices":[{"damage_healed":0,"gold_gain":0,"player_choice":"Got Potions","damage_taken":0,"max_hp_gain":0,"max_hp_loss":0,"event_name":"Lab","floor":3,"gold_loss":0}],"is_beta":true,"boss_relics":[],"items_purged_floors":[],"is_endless":false,"potions_floor_spawned":[6,10],"killed_by":"SI_SHIV_ARCHETYPE","ascension_level":0}}