{"host":"mal0jdk4f6ubgyb8","time":1611651783,"event":{"mods":["100% Spire Juice","Act Like it!","Aspiration","BaseMod","CapriCore","Gensokyo","Hallownest","KinomotoSakuraMod(ƒæ÷Æ±æ”£)","Koishi","Luminous","Marisa£®ÏF”Í°°ƒß¿Ì…≥£©","Minty Spire (QoL Compilation)","Pale of the Ancients","Quick Restart","Reimu£®≤©¿ˆ¡È√Œ£©","Relic Stats","Remilia£®¿Ÿ√◊¿Ú—«£©","Replay The Spire","StSLib","The Animator","The Bug Knight","The Immortal","Waifu the Spire","WarShipGirlsR/’ΩΩ¢…Ÿ≈ÆR mod","Yakumo Yukari mod","Youmu£®ªÍ∆«—˝√Œ£©","Yuri Mod","Yuyuko"],"gold_per_floor":[114,134,134,145,145,145,174,29,29,54,65,98,46,74,74,169,269,280,297,47,47,57,57,57],"floor_reached":23,"language":"ZHS","playtime":5369,"items_purged":[],"score":264,"play_id":"493451a9-cee7-4f27-9032-a6386f211716","local_time":"20210126170303","is_ascension_mode":true,"campfire_choices":[{"data":"SpellCardSeal","floor":6.0,"key":"SMITH"},{"data":"ClowCardTheLittle","floor":15.0,"key":"SMITH"},{"data":"ClowCardTheBig","floor":15.0,"key":"SMITH"}],"circlet_count":0,"master_deck":["SakuraCardTheMove+","ClowCardTheSword","ClowCardTheSword","ClowCardTheSword","ClowCardTheSword","ClowCardTheShield","ClowCardTheShield","ClowCardTheShield","ClowCardTheShield","SpellCardSeal+1","SpellCardRelease","ClowCardTheBig+1","ClowCardTheWindy","ClowCardTheFloat","ClowCardTheWindy","ClowCardTheBig+1","ClowCardTheLittle+1","ClowCardTheEarthy","ClowCardTheWave","ClowCardTheBubbles+1"],"relics":["KSMOD_SealedBook","KSMOD_SealedWand","aspiration:Nostalgia","Cracked Core","Hallownest:DreamNailRelic","Bottled Tornado","Sling","KSMOD_YukitosBentoBox","Replay:Arrowhead","ReplayTheSpireMod:Lightbulb","Replay:Wanted Poster","HollowMod:StagPassRelic","Chameleon Ring","aspiration:RitualStick"],"acts_visited":["Exordium","TheCity"],"potions_floor_usage":[23],"damage_taken":[{"damage":2.0,"enemies":"Hallownest:monsterHuskGuard","floor":1.0,"turns":4.0},{"damage":3.0,"enemies":"Hallownest:2_Baldur","floor":2.0,"turns":5.0},{"damage":3.0,"enemies":"Hallownest:monsterHuskWarrior","floor":4.0,"turns":2.0},{"damage":12.0,"enemies":"Hallownest:eliteMossKnight","floor":7.0,"turns":5.0},{"damage":3.0,"enemies":"Hallownest:eliteVengeflyKing","floor":10.0,"turns":6.0},{"damage":4.0,"enemies":"Hallownest:MossCreep_and_Mosskin","floor":11.0,"turns":7.0},{"damage":33.0,"enemies":"Hallownest:eliteCrystalGuardian","floor":12.0,"turns":4.0},{"damage":0.0,"enemies":"Hallownest:eliteMossKnight","floor":14.0,"turns":2.0},{"damage":7.0,"enemies":"Hallownest:BossFalseKnight","floor":16.0,"turns":6.0},{"damage":13.0,"enemies":"Spheric Guardian","floor":18.0,"turns":4.0},{"damage":15.0,"enemies":"Centurion and Healer","floor":19.0,"turns":5.0},{"damage":16.0,"enemies":"Cultist and Chosen","floor":22.0,"turns":4.0},{"damage":15,"enemies":"Slavers","floor":23,"turns":2}],"seed_played":"4986911925003785078","potions_obtained":[{"floor":2.0,"key":"Ancient Potion"},{"floor":11.0,"key":"PanachePotion"},{"floor":12.0,"key":"DuplicationPotion"},{"floor":14.0,"key":"SpeedPotion"},{"floor":22.0,"key":"SkillPotion"}],"is_trial":false,"path_per_floor":["M","M","?","M","?","R","E","$","T","E","M","E","$","E","R","B",null,"M","M","$","?","M","E"],"character_chosen":"KINOMOTOSAKURA","items_purchased":["Sling","ClowCardTheBig+1","Chameleon Ring"],"campfire_rested":0,"item_purchase_floors":[8,13,20],"current_hp_per_floor":[68,65,70,67,67,67,55,55,55,52,48,15,15,15,15,8,70,57,42,42,28,12,0,0],"gold":57,"neow_bonus":"NOSTALGIA","is_daily":false,"chose_seed":false,"campfire_upgraded":3,"win_rate":0.0,"timestamp":1611651783,"path_taken":["M","M","?","?","?","R","E","$","T","E","M","E","$","E","R","BOSS","M","?","$","?","M","E"],"items_purchased_type":["Relic","Card","Relic"],"build_version":"2020-12-22","purchased_purges":0,"victory":false,"max_hp_per_floor":[70,70,70,70,70,70,70,70,70,70,70,70,70,70,70,70,70,70,70,70,70,70,70,70],"relic_stats":{"counters":[13,56],"obtain_stats":[{"KSMOD_SealedBook":0,"aspiration:Nostalgia":0,"KSMOD_YukitosBentoBox":10,"Hallownest:DreamNailRelic":5,"Bottled Tornado":7,"Sling":8,"HollowMod:StagPassRelic":19,"Replay:Arrowhead":12,"aspiration:RitualStick":21,"Replay:Wanted Poster":17,"Chameleon Ring":20,"KSMOD_SealedWand":0,"Cracked Core":0,"ReplayTheSpireMod:Lightbulb":14},{"KSMOD_SealedBook":0,"aspiration:Nostalgia":0,"KSMOD_YukitosBentoBox":5,"Hallownest:DreamNailRelic":3,"Bottled Tornado":4,"Sling":4,"HollowMod:StagPassRelic":11,"Replay:Arrowhead":7,"aspiration:RitualStick":11,"Replay:Wanted Poster":9,"Chameleon Ring":11,"KSMOD_SealedWand":0,"Cracked Core":0,"ReplayTheSpireMod:Lightbulb":8},{"KSMOD_SealedBook":0,"aspiration:Nostalgia":0,"KSMOD_YukitosBentoBox":22,"Hallownest:DreamNailRelic":11,"Bottled Tornado":16,"Sling":16,"HollowMod:StagPassRelic":50,"Replay:Arrowhead":33,"aspiration:RitualStick":50,"Replay:Wanted Poster":41,"Chameleon Ring":50,"KSMOD_SealedWand":0,"Cracked Core":0,"ReplayTheSpireMod:Lightbulb":35}],"aspiration:RitualStick":[2]},"card_choices":[{"not_picked":["ClowCardTheSand","ClowCardTheIllusion"],"picked":"ClowCardTheBig","floor":1.0},{"not_picked":["ClowCardTheShot","ClowCardTheCloud"],"picked":"ClowCardTheWindy","floor":2.0},{"not_picked":["ClowCardTheFlower","ClowCardTheFirey"],"picked":"ClowCardTheMove","floor":4.0},{"not_picked":["ClowCardTheWatery","ClowCardTheBubbles"],"picked":"ClowCardTheFloat","floor":7.0},{"not_picked":["ClowCardTheVoice","ClowCardTheMaze","ClowCardTheGlow"],"picked":"SKIP","floor":10.0},{"not_picked":["ClowCardTheVoice","ClowCardTheSnow","ClowCardTheShot"],"picked":"SKIP","floor":11.0},{"not_picked":["ClowCardTheVoice","ClowCardTheWood"],"picked":"ClowCardTheWindy","floor":12.0},{"not_picked":["ClowCardTheWood","ClowCardTheChange"],"picked":"ClowCardTheLittle","floor":14.0},{"not_picked":["ClowCardTheTime","ClowCardTheLight"],"picked":"ClowCardTheCreate","floor":16.0},{"not_picked":["ClowCardTheLock","ClowCardTheSand"],"picked":"ClowCardTheEarthy","floor":18.0},{"not_picked":["ClowCardTheMaze+1","ClowCardTheWatery"],"picked":"ClowCardTheWave","floor":19.0},{"not_picked":["ClowCardTheMist+1","ClowCardTheIllusion"],"picked":"ClowCardTheBubbles+1","floor":22.0}],"player_experience":352273,"relics_obtained":[{"floor":7.0,"key":"Bottled Tornado"},{"floor":10.0,"key":"KSMOD_YukitosBentoBox"},{"floor":12.0,"key":"Replay:Arrowhead"},{"floor":14.0,"key":"ReplayTheSpireMod:Lightbulb"},{"floor":19.0,"key":"HollowMod:StagPassRelic"}],"event_choices":[],"is_beta":false,"boss_relics":[{"not_picked":["Fusion Hammer","Runic Dome"],"picked":"Replay:Wanted Poster"}],"items_purged_floors":[],"is_endless":false,"potions_floor_spawned":[2,11,12,14,22],"killed_by":"Slavers","ascension_level":2}}