{"host":"y9ns19hq622d5kjd","time":1611685492,"event":{"mods":["BaseMod","Marisa????????","Minty Spire (QoL Compilation)","Quick Restart","Railgun Mod","Remilia??????","StSLib","Td1madao Mod","The Judge","The Senshi","The Servant 0.9.4","UnlockEverythingMod","Yuri Mod"],"gold_per_floor":[118,118,131,145,160,160,160,180,234,268,282,317,328,341,341,438,438,449,465,484,484,484],"floor_reached":21,"language":"ENG","playtime":778,"items_purged":[],"score":197,"play_id":"f7637e91-9286-4f6f-813b-d968b757b5d1","local_time":"20210126112452","is_ascension_mode":false,"campfire_choices":[{"floor":6,"key":"REST"},{"floor":15,"key":"REST"}],"circlet_count":0,"master_deck":["TheRailgun:Strike","TheRailgun:Strike","TheRailgun:Strike","TheRailgun:Strike","TheRailgun:Defend","TheRailgun:Defend","TheRailgun:Defend","TheRailgun:Defend","TheRailgun:Discharge","TheRailgun:Static","TheRailgun:Zip","Good Instincts","TheRailgun:Biribiri","TheRailgun:Positive_Field","TheRailgun:Lightningbolt","TheRailgun:Battery_Pack","TheRailgun:Electric_Fence","TheRailgun:Static"],"relics":["TheRailgun:CoinRelic","Singing Bowl","Orichalcum","Philosopher\u0027s Stone"],"acts_visited":["Exordium","TheCity"],"potions_floor_usage":[],"damage_taken":[{"damage":11,"enemies":"Jaw Worm","floor":1,"turns":2},{"damage":3,"enemies":"Cultist","floor":3,"turns":4},{"damage":12,"enemies":"2 Louse","floor":4,"turns":3},{"damage":20,"enemies":"Lots of Slimes","floor":5,"turns":4},{"damage":3,"enemies":"Blue Slaver","floor":8,"turns":3},{"damage":9,"enemies":"Lagavulin","floor":10,"turns":5},{"damage":1,"enemies":"3 Louse","floor":11,"turns":3},{"damage":26,"enemies":"3 Sentries","floor":12,"turns":6},{"damage":4,"enemies":"Looter","floor":13,"turns":3},{"damage":3,"enemies":"2 Fungi Beasts","floor":14,"turns":3},{"damage":4,"enemies":"Slime Boss","floor":16,"turns":7},{"damage":39,"enemies":"3 Byrds","floor":18,"turns":4},{"damage":14,"enemies":"2 Thieves","floor":19,"turns":3},{"damage":13,"enemies":"Cultist and Chosen","floor":20,"turns":5},{"damage":22,"enemies":"Sentry and Sphere","floor":21,"turns":3}],"seed_played":"-8070942861202807325","potions_obtained":[{"floor":1,"key":"FearPotion"},{"floor":5,"key":"Ancient Potion"},{"floor":14,"key":"GamblersBrew"}],"is_trial":false,"path_per_floor":["M","?","M","M","M","R","?","M","T","E","M","E","M","M","R","B",null,"M","M","M","M"],"character_chosen":"THE_DEFAULT","items_purchased":[],"campfire_rested":2,"item_purchase_floors":[],"current_hp_per_floor":[59,59,56,44,24,45,50,47,47,40,41,17,13,10,32,30,78,41,27,16,0,0],"gold":484,"neow_bonus":"RANDOM_COLORLESS","is_daily":false,"chose_seed":false,"campfire_upgraded":0,"win_rate":0.0,"timestamp":1611685492,"path_taken":["M","?","?","M","M","R","?","M","T","E","M","E","?","M","R","BOSS","M","M","M","M"],"items_purchased_type":[],"build_version":"2020-12-22","purchased_purges":0,"victory":false,"max_hp_per_floor":[70,70,70,70,70,70,70,70,70,72,74,76,76,76,76,78,78,80,80,82,82,82],"card_choices":[{"not_picked":["Blind","Forethought"],"picked":"Good Instincts","floor":0},{"not_picked":["TheRailgun:Thunderjolt","TheRailgun:Static"],"picked":"TheRailgun:Coin_Flip","floor":1},{"not_picked":["TheRailgun:Sister_Noise","TheRailgun:Recharge"],"picked":"TheRailgun:Biribiri","floor":3},{"not_picked":["TheRailgun:Recharge","TheRailgun:Push","TheRailgun:Spark"],"picked":"SKIP","floor":4},{"not_picked":["TheRailgun:Token_Collection","TheRailgun:Spark"],"picked":"TheRailgun:Positive_Field","floor":5},{"not_picked":["TheRailgun:Teleporter","TheRailgun:Crack"],"picked":"TheRailgun:Lightningbolt","floor":8},{"not_picked":["TheRailgun:Rewiring","TheRailgun:Taser","TheRailgun:Recharge"],"picked":"Singing Bowl","floor":10},{"not_picked":["TheRailgun:Scatter_Railgun","TheRailgun:Aerial_Shot","TheRailgun:Spark"],"picked":"Singing Bowl","floor":11},{"not_picked":["TheRailgun:Negative_Field","TheRailgun:Magnetic_Movement","TheRailgun:Gekota_Phone"],"picked":"Singing Bowl","floor":12},{"not_picked":["TheRailgun:Zip","TheRailgun:Thunderbolt"],"picked":"TheRailgun:Battery_Pack","floor":13},{"not_picked":["TheRailgun:Crackle","TheRailgun:Gekotamania"],"picked":"TheRailgun:Electric_Fence","floor":14},{"not_picked":["TheRailgun:Overload","TheRailgun:Thundervolt","TheRailgun:Thunder"],"picked":"Singing Bowl","floor":16},{"not_picked":["TheRailgun:Recharge","TheRailgun:Token_Collection","TheRailgun:Lightningbolt"],"picked":"Singing Bowl","floor":18},{"not_picked":["TheRailgun:Negative_Field+1","TheRailgun:Crackle"],"picked":"TheRailgun:Static","floor":19},{"not_picked":["TheRailgun:Recharge","TheRailgun:Hypercharge","TheRailgun:Biribiri"],"picked":"Singing Bowl","floor":20}],"player_experience":72961,"relics_obtained":[{"floor":10,"key":"Singing Bowl"},{"floor":12,"key":"Orichalcum"}],"event_choices":[{"damage_healed":0,"gold_gain":0,"cards_transformed":["TheRailgun:Coin_Flip"],"player_choice":"Transformed","damage_taken":0,"max_hp_gain":0,"max_hp_loss":0,"event_name":"Transmorgrifier","floor":2,"gold_loss":0,"cards_obtained":["TheRailgun:Recharge"]},{"cards_removed":["TheRailgun:Recharge"],"damage_healed":5,"gold_gain":0,"player_choice":"Offered Common","damage_taken":0,"max_hp_gain":0,"max_hp_loss":0,"event_name":"Bonfire Elementals","floor":7,"gold_loss":0},{"cards_removed":["TheRailgun:Recharge"],"damage_healed":5,"gold_gain":0,"player_choice":"Offered Special","damage_taken":0,"max_hp_gain":0,"max_hp_loss":0,"event_name":"Bonfire Elementals","floor":7,"gold_loss":0}],"is_beta":false,"boss_relics":[{"not_picked":["Fusion Hammer","Tiny House"],"picked":"Philosopher\u0027s Stone"}],"items_purged_floors":[],"is_endless":false,"potions_floor_spawned":[1,5,14,16,18,19],"killed_by":"Sentry and Sphere","ascension_level":0}}