{"host":"hfxp6ue4pvwo3fit","time":1611634492,"event":{"mods":["AchievementEnabler","BaseMod","Colored Map","Colored Powertips","Highlight Path","Minty Spire (QoL Compilation)","Relic Stats","StSLib","SuperFastMode"],"gold_per_floor":[118,193,343,52,52,77,77,77,77,77,77,110,124,159,159,159,159],"floor_reached":16,"language":"ENG","playtime":380,"items_purged":["Doubt"],"score":328,"play_id":"be24d663-e9db-41ef-8c1c-2ffe2276bc34","local_time":"20210125221452","is_ascension_mode":true,"campfire_choices":[{"data":"Corruption","floor":7,"key":"SMITH"},{"data":"Feel No Pain","floor":11,"key":"SMITH"},{"data":"Flame Barrier","floor":15,"key":"SMITH"}],"circlet_count":0,"master_deck":["AscendersBane","Strike_R","Strike_R","Strike_R","Strike_R","Strike_R","Defend_R","Defend_R","Defend_R","Defend_R","Bash","True Grit+1","Feel No Pain+1","Offering","Corruption+1","Flame Barrier+1","Shockwave","Shrug It Off"],"relics":["Burning Blood","NeowsBlessing","Bag of Marbles","Golden Idol","Paper Frog","Smiling Mask","Turnip"],"acts_visited":["Exordium"],"potions_floor_usage":[16,16],"damage_taken":[{"damage":0,"enemies":"2 Louse","floor":1,"turns":1},{"damage":0,"enemies":"3 Sentries","floor":6,"turns":2},{"damage":0,"enemies":"Gremlin Nob","floor":12,"turns":1},{"damage":14,"enemies":"Small Slimes","floor":13,"turns":3},{"damage":26,"enemies":"Lagavulin","floor":14,"turns":7},{"damage":26,"enemies":"The Guardian","floor":16,"turns":17}],"seed_played":"3037081740597773030","potions_obtained":[{"floor":13,"key":"ColorlessPotion"},{"floor":14,"key":"SteroidPotion"}],"is_trial":false,"path_per_floor":["M","?","?","$","?","E","R","?","T","?","R","E","M","E","R","B"],"character_chosen":"IRONCLAD","items_purchased":["Feel No Pain","Offering"],"campfire_rested":0,"item_purchase_floors":[4,4],"current_hp_per_floor":[74,63,63,63,68,74,74,46,46,46,46,52,44,24,24,0,0],"gold":159,"neow_bonus":"THREE_ENEMY_KILL","is_daily":false,"chose_seed":false,"campfire_upgraded":3,"win_rate":0.0,"timestamp":1611634492,"path_taken":["M","?","?","$","?","E","R","?","T","?","R","E","M","E","R","BOSS"],"items_purchased_type":["Card","Card"],"build_version":"2020-12-22","purchased_purges":1,"victory":false,"max_hp_per_floor":[75,75,75,75,80,80,80,80,80,80,80,80,80,80,80,80,80],"relic_stats":{"counters":[6,31],"Golden Idol":17,"Turnip":[0],"Smiling Mask":0,"obtain_stats":[{"NeowsBlessing":0,"Golden Idol":8,"Turnip":14,"Bag of Marbles":6,"Smiling Mask":12,"Burning Blood":0,"Paper Frog":9},{"NeowsBlessing":0,"Golden Idol":2,"Turnip":5,"Bag of Marbles":2,"Smiling Mask":3,"Burning Blood":0,"Paper Frog":2},{"NeowsBlessing":0,"Golden Idol":3,"Turnip":14,"Bag of Marbles":3,"Smiling Mask":4,"Burning Blood":0,"Paper Frog":3}],"Burning Blood":30},"card_choices":[{"not_picked":["Twin Strike","Clash"],"picked":"True Grit","floor":1},{"not_picked":["Blood for Blood","Cleave"],"picked":"Corruption","floor":6},{"not_picked":["Wild Strike","Heavy Blade"],"picked":"Flame Barrier","floor":12},{"not_picked":["Flame Barrier","Bloodletting"],"picked":"Shockwave","floor":13},{"not_picked":["Power Through","Pommel Strike"],"picked":"Shrug It Off","floor":14}],"player_experience":510928,"relics_obtained":[{"floor":6,"key":"Bag of Marbles"},{"floor":9,"key":"Paper Frog"},{"floor":12,"key":"Smiling Mask"},{"floor":14,"key":"Turnip"}],"event_choices":[{"damage_healed":0,"gold_gain":75,"player_choice":"Gather Gold","damage_taken":11,"max_hp_gain":0,"max_hp_loss":0,"event_name":"World of Goop","floor":2,"gold_loss":0},{"damage_healed":0,"gold_gain":150,"player_choice":"AGREE","damage_taken":0,"max_hp_gain":0,"max_hp_loss":0,"event_name":"Liars Game","floor":3,"gold_loss":0,"cards_obtained":["Doubt"]},{"damage_healed":0,"gold_gain":0,"player_choice":"Donut","damage_taken":0,"max_hp_gain":5,"max_hp_loss":0,"event_name":"Big Fish","floor":5,"gold_loss":0},{"damage_healed":0,"gold_gain":0,"player_choice":"Take Damage","damage_taken":28,"relics_obtained":["Golden Idol"],"max_hp_gain":0,"max_hp_loss":0,"event_name":"Golden Idol","floor":8,"gold_loss":0},{"damage_healed":0,"gold_gain":0,"player_choice":"Grow","damage_taken":0,"max_hp_gain":0,"max_hp_loss":0,"event_name":"Living Wall","floor":10,"gold_loss":0,"cards_upgraded":["True Grit"]}],"is_beta":false,"boss_relics":[],"items_purged_floors":[4],"is_endless":false,"potions_floor_spawned":[13,14],"killed_by":"The Guardian","ascension_level":20}}