{"host":"pgiw9wkmtk74e1ic","time":1611645717,"event":{"mods":["BaseMod","Colored Map","Colored Powertips","Infinite Spire","Marisa????????","Minty Spire (QoL Compilation)","Robot Space Explorer","StSLib"],"gold_per_floor":[111,111,111,136,97,111,111,126,150,150,185,204,222,240,240,369,369,392,411,411,431,431,444,444,458,458,458,458,383,414,434,434,559,559,577,378,398,414,435,435,435,468,549,563,563,594,163,187,187,187],"floor_reached":51,"language":"ENG","playtime":4341,"items_purged":["infinitespire:Pacifist"],"score":733,"play_id":"ac1a6e64-0975-4ecb-b19f-378c145eacd2","local_time":"20210126002157","is_ascension_mode":false,"campfire_choices":[{"data":"Fasting2","floor":7.0,"key":"SMITH"},{"data":"Perseverance","floor":10.0,"key":"SMITH"},{"data":"Devotion","floor":15.0,"key":"SMITH"},{"data":"LikeWater","floor":24.0,"key":"SMITH"},{"data":"Fasting2","floor":28,"key":"SMITH"},{"floor":32,"key":"REST"},{"floor":40,"key":"REST"},{"floor":45,"key":"REST"},{"data":"Alpha","floor":49,"key":"SMITH"}],"circlet_count":0,"master_deck":["Strike_P","Strike_P","Strike_P","Strike_P","Defend_P","Defend_P","Eruption","Vigilance+1","Swivel+1","Perseverance+1","Fasting2+1","Halt","ReachHeaven","Devotion+1","ClearTheMind","LikeWater+1","MasterReality","Consecrate","infinitespire:Punishment","SandsOfTime+1","Fasting2+1","ThirdEye","ReachHeaven+1","Judgement","Adaptation","Protect+1","Alpha+1","ClearTheMind+1","Evaluate","EmptyBody+1","infinitespire:Pacifist","infinitespire:Execution","Pray+1","ThirdEye","TalkToTheHand","WindmillStrike+1"],"relics":["HolyWater","Golden Idol","Smiling Mask","HandDrill","White Beast Statue","Pear","Busted Crown","Happy Flower","Ancient Tea Set","Question Card","infinitespire:WardingShard","ClockworkSouvenir","Singing Bowl"],"acts_visited":["Exordium","TheCity","TheBeyond"],"potions_floor_usage":[30,33,35,38,42,44,46,48,48],"damage_taken":[{"damage":0.0,"enemies":"2 Louse","floor":1.0,"turns":4.0},{"damage":1.0,"enemies":"Jaw Worm","floor":4.0,"turns":6.0},{"damage":1.0,"enemies":"Small Slimes","floor":6.0,"turns":5.0},{"damage":0.0,"enemies":"3 Louse","floor":8.0,"turns":4.0},{"damage":4.0,"enemies":"Lagavulin","floor":11.0,"turns":12.0},{"damage":0.0,"enemies":"Blue Slaver","floor":12.0,"turns":6.0},{"damage":1.0,"enemies":"2 Fungi Beasts","floor":13.0,"turns":5.0},{"damage":0.0,"enemies":"Exordium Wildlife","floor":14.0,"turns":5.0},{"damage":11.0,"enemies":"Hexaghost","floor":16.0,"turns":12.0},{"damage":10.0,"enemies":"Shell Parasite","floor":18.0,"turns":5.0},{"damage":19.0,"enemies":"3 Byrds","floor":19.0,"turns":7.0},{"damage":0.0,"enemies":"Snake Plant","floor":21.0,"turns":2.0},{"damage":0.0,"enemies":"Snecko","floor":23.0,"turns":4.0},{"damage":5,"enemies":"Cultist and Chosen","floor":25,"turns":5},{"damage":23,"enemies":"Gremlin Leader","floor":30,"turns":6},{"damage":0,"enemies":"Snake Plant","floor":31,"turns":2},{"damage":26,"enemies":"Automaton","floor":33,"turns":8},{"damage":11,"enemies":"3 Shapes","floor":35,"turns":3},{"damage":22,"enemies":"Orb Walker","floor":37,"turns":5},{"damage":8,"enemies":"Sphere and 2 Shapes","floor":38,"turns":2},{"damage":24,"enemies":"Writhing Mass","floor":39,"turns":3},{"damage":2,"enemies":"Giant Head","floor":42,"turns":7},{"damage":13,"enemies":"Spire Growth","floor":44,"turns":5},{"damage":46,"enemies":"Nemesis","floor":46,"turns":7},{"damage":13,"enemies":"Transient","floor":48,"turns":5},{"damage":23,"enemies":"Time Eater","floor":50,"turns":5}],"seed_played":"7957163865990935168","potions_obtained":[{"floor":8.0,"key":"AttackPotion"},{"floor":13.0,"key":"SneckoOil"},{"floor":16.0,"key":"StancePotion"},{"floor":18.0,"key":"BlessingOfTheForge"},{"floor":19.0,"key":"Fire Potion"},{"floor":21.0,"key":"Strength Potion"},{"floor":23.0,"key":"CultistPotion"},{"floor":30,"key":"DistilledChaos"},{"floor":33,"key":"AttackPotion"},{"floor":35,"key":"Weak Potion"},{"floor":38,"key":"FairyPotion"},{"floor":42,"key":"FearPotion"},{"floor":44,"key":"Energy Potion"},{"floor":46,"key":"SkillPotion"},{"floor":48,"key":"SmokeBomb"}],"is_trial":false,"path_per_floor":["M","?","?","M","$","M","R","M","T","R","E","M","M","M","R","B",null,"M","M","AVR","M","?","M","R","M","T","?","R","?","E","M","R","B",null,"M","$","M","M","M","R","?","E","T","M","R","E","$","M","R","B",null],"character_chosen":"WATCHER","items_purchased":["Fasting2","Evaluate","Happy Flower","ClockworkSouvenir","Singing Bowl"],"campfire_rested":3,"item_purchase_floors":[5,36,36,47,47],"current_hp_per_floor":[72,72,54,53,53,52,52,52,52,52,48,48,47,47,47,36,72,62,43,43,43,43,43,43,38,38,38,38,38,25,25,49,23,82,71,71,49,41,17,41,41,39,39,26,50,4,4,44,44,21],"gold":187,"neow_bonus":"UPGRADE_CARD","is_daily":false,"chose_seed":false,"campfire_upgraded":6,"win_rate":0.0,"timestamp":1611645717,"path_taken":["M","?","?","M","$","M","R","M","T","R","E","M","M","M","R","BOSS","M","M","AVR","M","?","M","R","M","T","?","R","?","E","M","R","BOSS","M","$","M","M","M","R","?","E","T","M","R","E","$","M","R","BOSS"],"items_purchased_type":["Card","Card","Relic","Relic","Relic"],"build_version":"2020-12-22","purchased_purges":1,"victory":true,"max_hp_per_floor":[72,72,72,72,72,72,72,72,72,72,72,72,72,72,72,72,72,72,72,72,72,72,72,72,72,72,72,72,72,82,82,82,82,82,82,82,82,82,82,82,82,82,82,82,82,82,82,82,82,82],"card_choices":[{"not_picked":["FlyingSleeves","Study"],"picked":"Swivel","floor":1.0},{"not_picked":["MentalFortress","Nirvana"],"picked":"Perseverance","floor":4.0},{"not_picked":["EmptyBody","Tantrum"],"picked":"Halt","floor":6.0},{"not_picked":["BattleHymn","SashWhip"],"picked":"ReachHeaven","floor":8.0},{"not_picked":["Weave","Prostrate"],"picked":"Devotion","floor":11.0},{"not_picked":["EmptyMind","Protect"],"picked":"ClearTheMind","floor":12.0},{"not_picked":["FollowUp","Wallop"],"picked":"Vengeance","floor":13.0},{"not_picked":["SashWhip","Evaluate"],"picked":"LikeWater","floor":14.0},{"not_picked":["Brilliance","SpiritShield"],"picked":"MasterReality","floor":16.0},{"not_picked":["CrushJoints","EmptyMind","FollowUp"],"picked":"SKIP","floor":18.0},{"not_picked":["Protect","FlyingSleeves"],"picked":"Consecrate","floor":19.0},{"not_picked":["Wallop","Evaluate"],"picked":"SandsOfTime+1","floor":21.0},{"not_picked":["Collect","FlyingSleeves"],"picked":"ReachHeaven+1","floor":23.0},{"not_picked":["CarveReality+1","FollowUp"],"picked":"Judgement","floor":25},{"not_picked":["EmptyFist","Wallop"],"picked":"Adaptation","floor":30},{"not_picked":["Halt","Tantrum"],"picked":"Protect+1","floor":31},{"not_picked":["Judgement","SpiritShield"],"picked":"Alpha","floor":33},{"not_picked":[],"picked":"ClearTheMind+1","floor":35},{"not_picked":["FlyingSleeves+1"],"picked":"SKIP","floor":37},{"not_picked":[],"picked":"EmptyBody+1","floor":38},{"not_picked":["BowlingBash"],"picked":"SKIP","floor":39},{"not_picked":["infinitespire:Gouge","infinitespire:FinalStrike"],"picked":"infinitespire:Execution","floor":41},{"not_picked":[],"picked":"Pray+1","floor":42},{"not_picked":["JustLucky"],"picked":"ThirdEye","floor":44},{"not_picked":["FlurryOfBlows"],"picked":"TalkToTheHand","floor":46},{"not_picked":["Prostrate"],"picked":"WindmillStrike+1","floor":48}],"player_experience":271676,"relics_obtained":[{"floor":11.0,"key":"Smiling Mask"},{"floor":26,"key":"White Beast Statue"},{"floor":30,"key":"Pear"},{"floor":42,"key":"Ancient Tea Set"},{"floor":43,"key":"Question Card"},{"floor":46,"key":"infinitespire:WardingShard"}],"event_choices":[{"damage_healed":0.0,"max_hp_gain":0.0,"max_hp_loss":0.0,"gold_gain":0.0,"event_name":"Living Wall","player_choice":"Grow","floor":2.0,"gold_loss":0.0,"damage_taken":0.0,"cards_upgraded":["Swivel"]},{"damage_healed":0.0,"max_hp_gain":0.0,"max_hp_loss":0.0,"gold_gain":0.0,"event_name":"Golden Idol","player_choice":"Take Damage","floor":3.0,"gold_loss":0.0,"damage_taken":18.0,"relics_obtained":["Golden Idol"]},{"damage_healed":0.0,"max_hp_gain":0.0,"max_hp_loss":0.0,"gold_gain":0.0,"cards_transformed":["Defend_P","Vengeance"],"event_name":"Drug Dealer","player_choice":"Became Test Subject","floor":22.0,"gold_loss":0.0,"damage_taken":0.0,"cards_obtained":["Fasting2","ThirdEye"]},{"damage_healed":0,"gold_gain":0,"player_choice":"Ignored","damage_taken":0,"max_hp_gain":0,"max_hp_loss":0,"event_name":"Ghosts","floor":27,"gold_loss":0},{"cards_removed":["Defend_P"],"damage_healed":0,"gold_gain":0,"player_choice":"Gave Gold","damage_taken":0,"max_hp_gain":0,"max_hp_loss":0,"event_name":"Beggar","floor":29,"gold_loss":75}],"is_beta":false,"boss_relics":[{"not_picked":["Coffee Dripper","Cursed Key"],"picked":"HolyWater"},{"not_picked":["SacredBark","Black Star"],"picked":"Busted Crown"}],"items_purged_floors":[47],"is_endless":false,"potions_floor_spawned":[8,13,16,18,19,21,23,30,31,33,35,37,38,39,42,44,46,48],"ascension_level":0}}