{"host":"6ve8qn5s1am4lo6s","time":1611705142,"event":{"mods":["AchievementEnabler","BaseMod","Better Altar","Better Match","Better Note","Better Vampires","BetterRewards","CapriCore","Displayed Cursed Tome","Evolution","Minty Spire (QoL Compilation)","Permanent Neow","Relic Stats","StSLib","The Animator"],"gold_per_floor":[116,134,152,152,173,211,2,2,50,33,48,72,72,95,95,219,219,237,237,253,72,87,87,87,87,110,131,150,150,150,150],"floor_reached":30,"language":"ENG","playtime":3097,"items_purged":["Defend_P"],"score":359,"play_id":"41130071-2f92-4e74-a56b-f9d0a4d14e29","local_time":"20210126185222","is_ascension_mode":false,"campfire_choices":[{"floor":8.0,"key":"RECALL"},{"data":"Devotion","floor":13.0,"key":"SMITH"},{"data":"Perseverance","floor":15.0,"key":"SMITH"},{"data":"ConjureBlade","floor":23.0,"key":"SMITH"},{"data":"Eruption","floor":25.0,"key":"SMITH"},{"floor":29,"key":"REST"}],"circlet_count":0,"master_deck":["CutThroughFate","CutThroughFate","CutThroughFate","Defend_P","Defend_P+1","Defend_P","Eruption+1","Vigilance+1","Devotion+1","Protect","SandsOfTime","DeceiveReality","ThirdEye","TalkToTheHand","Wireheading","Nirvana","CutThroughFate","Perseverance+1","Wireheading","ConjureBlade+1","Weave","DevaForm","Nirvana","Brilliance","ThirdEye","Scrawl","JustLucky"],"relics":["PureWater","EVO:Axolotl","Dead Branch","Torii","Golden Idol","Blue Candle","Membership Card","SlaversCollar","Tiny Chest","War Paint"],"acts_visited":["Exordium","TheCity"],"potions_floor_usage":[30],"damage_taken":[{"damage":1.0,"enemies":"Jaw Worm","floor":1.0,"turns":3.0},{"damage":1.0,"enemies":"2 Louse","floor":2.0,"turns":3.0},{"damage":0.0,"enemies":"Small Slimes","floor":3.0,"turns":3.0},{"damage":0.0,"enemies":"Looter","floor":5.0,"turns":4.0},{"damage":1.0,"enemies":"Gremlin Nob","floor":6.0,"turns":3.0},{"damage":3.0,"enemies":"Gremlin Gang","floor":11.0,"turns":5.0},{"damage":7.0,"enemies":"Large Slime","floor":12.0,"turns":4.0},{"damage":0.0,"enemies":"3 Louse","floor":14.0,"turns":5.0},{"damage":9.0,"enemies":"The Guardian","floor":16.0,"turns":8.0},{"damage":0.0,"enemies":"Chosen","floor":18.0,"turns":6.0},{"damage":2.0,"enemies":"Spheric Guardian","floor":20.0,"turns":4.0},{"damage":2.0,"enemies":"Cultist and Chosen","floor":22.0,"turns":6.0},{"damage":21,"enemies":"Snake Plant","floor":27,"turns":6},{"damage":31,"enemies":"3 Cultists","floor":28,"turns":6},{"damage":26,"enemies":"Gremlin Leader","floor":30,"turns":4}],"seed_played":"2965190851941469004","potions_obtained":[{"floor":1.0,"key":"AttackPotion"},{"floor":6.0,"key":"AttackPotion"},{"floor":11.0,"key":"ColorlessPotion"},{"floor":12.0,"key":"Energy Potion"},{"floor":16.0,"key":"AttackPotion"},{"floor":18.0,"key":"SkillPotion"}],"is_trial":false,"path_per_floor":["M","M","M","?","M","E","$","R","T","$","M","M","R","M","R","B",null,"M","?","M","$","M","R","?","R","T","M","M","R","E"],"character_chosen":"WATCHER","items_purchased":["Devotion","Protect","Membership Card","Wireheading","Nirvana","Tiny Chest","Nirvana","Brilliance"],"campfire_rested":1,"item_purchase_floors":[0,0,7,7,10,21,21,21],"current_hp_per_floor":[39,38,38,38,38,37,37,37,37,37,34,27,27,27,27,18,62,62,62,60,60,58,58,58,58,58,37,6,24,0,0],"gold":150,"neow_bonus":"","is_daily":false,"chose_seed":false,"campfire_upgraded":4,"win_rate":0.0,"timestamp":1611705142,"path_taken":["M","M","M","?","M","E","$","R","T","$","M","M","R","M","R","BOSS","M","?","M","$","M","R","?","R","T","M","M","R","E"],"items_purchased_type":["Card","Card","Relic","Card","Card","Relic","Card","Card"],"build_version":"2020-12-22","purchased_purges":1,"victory":false,"max_hp_per_floor":[67,67,67,62,62,62,62,62,62,62,62,62,62,62,62,62,62,62,62,62,62,62,62,62,62,62,62,62,62,62,62],"relic_stats":{"Torii":22,"counters":[141,598],"Golden Idol":68,"Dead Branch":[44],"Blue Candle":[0],"Tiny Chest":0,"War Paint":["Defend_P","Vigilance"],"obtain_stats":[{"Calipers":40,"Gremlin Horn":14,"Vajra":44,"EVO:Axolotl":0,"Whetstone":25,"Boot":45,"Old Coin":31,"Blood Vial":10,"Sozu":17,"Centennial Puzzle":28,"HornCleat":1,"Sundial":28,"MealTicket":11,"Prayer Wheel":30,"Philosopher\u0027s Stone":34,"Toxic Egg 2":41,"Pear":43,"Happy Flower":4,"Blue Candle":48,"Dead Branch":0,"Oddly Smooth Stone":39,"Charon\u0027s Ashes":45,"animator:TheEruzaStone":53,"Letter Opener":27,"Paper Crane":9,"War Paint":42,"animator:CerealBox":0,"WarpedTongs":10,"Du-Vu Doll":0,"SlaversCollar":34,"Bottled Flame":41,"Shuriken":4,"Bronze Scales":38,"Molten Egg 2":23,"Black Star":17,"animator:HeavyHalberd":0,"Unceasing Top":8,"Meat on the Bone":22,"Pocketwatch":42,"Darkstone Periapt":0,"animator:ShionDessert":44,"Lantern":47,"Torii":4,"animator:TheMissingPiece":0,"StoneCalendar":40,"Mango":44,"Bag of Preparation":14,"Juzu Bracelet":0,"Cursed Key":0,"Smiling Mask":5,"Ancient Tea Set":27,"PrismaticShard":0,"Empty Cage":34,"Nunchaku":29,"Shovel":18,"Matryoshka":0,"animator:AncientMedallion":53,"Mummified Hand":26,"Tiny Chest":30,"WingedGreaves":0,"animator:HallowedScabbard":26,"animator:VividPicture":17,"Red Skull":36,"Paper Frog":31,"Potion Belt":37,"animator:Buoy":44,"Lee\u0027s Waffle":25,"Golden Idol":4,"Damaru":9,"Thread and Needle":41,"The Courier":3,"PreservedInsect":35,"Frozen Egg 2":46,"Medical Kit":44,"MawBank":46,"White Beast Statue":21,"Peace Pipe":0,"Strange Spoon":0,"animator:TheEgnaroPiece":53,"Anchor":30,"Ornamental Fan":23,"animator:EngravedStaff":25,"animator:LivingPicture":0,"Turnip":0,"Art of War":12,"Bag of Marbles":19,"Bottled Lightning":20,"Champion Belt":0,"Membership Card":7,"PureWater":0,"FossilizedHelix":6,"TungstenRod":48,"Toy Ornithopter":49},{"Calipers":29,"Gremlin Horn":67,"Vajra":31,"EVO:Axolotl":0,"Whetstone":18,"Boot":32,"Old Coin":23,"Blood Vial":7,"Sozu":68,"Centennial Puzzle":20,"HornCleat":1,"Sundial":20,"MealTicket":8,"Prayer Wheel":22,"Philosopher\u0027s Stone":24,"Toxic Egg 2":53,"Pear":31,"Happy Flower":37,"Blue Candle":34,"Dead Branch":126,"Oddly Smooth Stone":28,"Charon\u0027s Ashes":32,"animator:TheEruzaStone":119,"Letter Opener":19,"Paper Crane":6,"War Paint":31,"animator:CerealBox":35,"WarpedTongs":64,"Du-Vu Doll":0,"SlaversCollar":49,"Bottled Flame":30,"Shuriken":3,"Bronze Scales":27,"Molten Egg 2":17,"Black Star":11,"animator:HeavyHalberd":0,"Unceasing Top":6,"Meat on the Bone":16,"Pocketwatch":31,"Darkstone Periapt":0,"animator:ShionDessert":31,"Lantern":33,"Torii":77,"animator:TheMissingPiece":0,"StoneCalendar":29,"Mango":31,"Bag of Preparation":10,"Juzu Bracelet":60,"Cursed Key":0,"Smiling Mask":4,"Ancient Tea Set":19,"PrismaticShard":76,"Empty Cage":112,"Nunchaku":21,"Shovel":12,"Matryoshka":97,"animator:AncientMedallion":57,"Mummified Hand":18,"Tiny Chest":47,"WingedGreaves":35,"animator:HallowedScabbard":72,"animator:VividPicture":41,"Red Skull":26,"Paper Frog":23,"Potion Belt":27,"animator:Buoy":31,"Lee\u0027s Waffle":87,"Golden Idol":129,"Damaru":101,"Thread and Needle":30,"The Courier":2,"PreservedInsect":25,"Frozen Egg 2":33,"Medical Kit":31,"MawBank":33,"White Beast Statue":15,"Peace Pipe":35,"Strange Spoon":97,"animator:TheEgnaroPiece":57,"Anchor":74,"Ornamental Fan":17,"animator:EngravedStaff":18,"animator:LivingPicture":0,"Turnip":97,"Art of War":9,"Bag of Marbles":13,"Bottled Lightning":14,"Champion Belt":60,"Membership Card":131,"PureWater":0,"FossilizedHelix":5,"TungstenRod":34,"Toy Ornithopter":34},{"Calipers":94,"Gremlin Horn":283,"Vajra":99,"EVO:Axolotl":0,"Whetstone":66,"Boot":102,"Old Coin":80,"Blood Vial":24,"Sozu":288,"Centennial Puzzle":72,"HornCleat":3,"Sundial":72,"MealTicket":28,"Prayer Wheel":77,"Philosopher\u0027s Stone":84,"Toxic Egg 2":189,"Pear":99,"Happy Flower":112,"Blue Candle":104,"Dead Branch":528,"Oddly Smooth Stone":91,"Charon\u0027s Ashes":102,"animator:TheEruzaStone":485,"Letter Opener":69,"Paper Crane":19,"War Paint":99,"animator:CerealBox":105,"WarpedTongs":272,"Du-Vu Doll":0,"SlaversCollar":173,"Bottled Flame":97,"Shuriken":8,"Bronze Scales":88,"Molten Egg 2":64,"Black Star":39,"animator:HeavyHalberd":0,"Unceasing Top":19,"Meat on the Bone":59,"Pocketwatch":99,"Darkstone Periapt":0,"animator:ShionDessert":99,"Lantern":103,"Torii":323,"animator:TheMissingPiece":0,"StoneCalendar":94,"Mango":99,"Bag of Preparation":33,"Juzu Bracelet":251,"Cursed Key":0,"Smiling Mask":11,"Ancient Tea Set":69,"PrismaticShard":320,"Empty Cage":459,"Nunchaku":74,"Shovel":41,"Matryoshka":397,"animator:AncientMedallion":214,"Mummified Hand":66,"Tiny Chest":158,"WingedGreaves":105,"animator:HallowedScabbard":302,"animator:VividPicture":130,"Red Skull":86,"Paper Frog":80,"Potion Belt":88,"animator:Buoy":99,"Lee\u0027s Waffle":361,"Golden Idol":537,"Damaru":413,"Thread and Needle":97,"The Courier":5,"PreservedInsect":85,"Frozen Egg 2":103,"Medical Kit":99,"MawBank":103,"White Beast Statue":55,"Peace Pipe":105,"Strange Spoon":397,"animator:TheEgnaroPiece":214,"Anchor":313,"Ornamental Fan":64,"animator:EngravedStaff":66,"animator:LivingPicture":0,"Turnip":397,"Art of War":31,"Bag of Marbles":45,"Bottled Lightning":50,"Champion Belt":251,"Membership Card":544,"PureWater":0,"FossilizedHelix":14,"TungstenRod":104,"Toy Ornithopter":104}]},"card_choices":[{"not_picked":["FlurryOfBlows","SashWhip"],"picked":"SandsOfTime","floor":1.0},{"not_picked":["JustLucky","BowlingBash"],"picked":"DeceiveReality","floor":2.0},{"not_picked":["Blasphemy","ClearTheMind"],"picked":"ThirdEye","floor":3.0},{"not_picked":["WreathOfFlame","FlyingSleeves"],"picked":"TalkToTheHand","floor":5.0},{"not_picked":["Sanctity","Fasting2","SashWhip"],"picked":"SKIP","floor":6.0},{"not_picked":["SandsOfTime","CrushJoints"],"picked":"CutThroughFate","floor":11.0},{"not_picked":["JustLucky","Swivel"],"picked":"Perseverance","floor":12.0},{"not_picked":["BattleHymn","ThirdEye"],"picked":"Wireheading","floor":14.0},{"not_picked":["Ragnarok","Wish"],"picked":"ConjureBlade","floor":16.0},{"not_picked":["Protect","InnerPeace"],"picked":"Weave","floor":18.0},{"not_picked":["PathToVictory+1","FollowUp","Perseverance"],"picked":"SKIP","floor":20.0},{"not_picked":["LikeWater","Protect"],"picked":"ThirdEye","floor":22.0},{"not_picked":["CrushJoints","ClearTheMind"],"picked":"Scrawl","floor":27},{"not_picked":["Protect","TalkToTheHand"],"picked":"JustLucky","floor":28}],"player_experience":434027,"relics_obtained":[{"floor":6.0,"key":"Blue Candle"},{"floor":26,"key":"War Paint"}],"event_choices":[{"damage_healed":0.0,"max_hp_gain":0.0,"max_hp_loss":5.0,"gold_gain":0.0,"event_name":"Golden Idol","player_choice":"Lose Max HP","floor":4.0,"gold_loss":0.0,"damage_taken":0.0,"relics_obtained":["Golden Idol"]},{"damage_healed":0.0,"max_hp_gain":0.0,"max_hp_loss":0.0,"gold_gain":0.0,"cards_transformed":["Strike_P"],"event_name":"Transmorgrifier","player_choice":"Transformed","floor":19.0,"gold_loss":0.0,"damage_taken":0.0,"cards_obtained":["DevaForm"]},{"cards_removed":["Defend_P"],"damage_healed":0.0,"max_hp_gain":0.0,"max_hp_loss":0.0,"gold_gain":0.0,"event_name":"betterNote:BetterNote","player_choice":"Give","floor":24.0,"gold_loss":0.0,"damage_taken":0.0,"cards_obtained":["None"]}],"is_beta":false,"boss_relics":[{"not_picked":["Cursed Key","Velvet Choker"],"picked":"SlaversCollar"}],"items_purged_floors":[7],"is_endless":false,"potions_floor_spawned":[1,6,11,12,16,18,22,28],"killed_by":"Gremlin Leader","ascension_level":0}}