{"host":"qq27suot6m8koe0b","time":1611666484,"event":{"mods":["Act Like it!","BaseMod","CapriCore","Downfall","GifTheSpireLib","Minty Spire (QoL Compilation)","StSLib"],"gold_per_floor":[99,111,131,147,160,186,186,204,204,4,179,197,97,117,131,131,131,131],"floor_reached":16,"language":"ZHS","playtime":701,"items_purged":[],"score":106,"play_id":"0432e1f1-f05c-4026-9522-88e5e5e60fef","local_time":"20210126210804","is_ascension_mode":false,"campfire_choices":[{"floor":1,"key":"RECALL"},{"data":"bronze:DelayedSlice","floor":10,"key":"SMITH"},{"data":"bronze:Iterate","floor":13,"key":"SMITH"}],"circlet_count":0,"master_deck":["bronze:Strike+1","bronze:Strike","bronze:Strike","bronze:Strike","bronze:Defend","bronze:Defend","bronze:Defend","bronze:Defend","bronze:Replicate+1","bronze:Goto","bronze:Constructor","bronze:Frontload","bronze:Iterate+1","bronze:DelayedSlice+1","bronze:WhirlingStrike","Doubt","bronze:WhirlingStrike","bronze:Flail"],"relics":["bronze:BronzeCore","Regal Pillow","Whetstone","downfall:BrokenWingStatue","downfall:HeartBlessingBlue","downfall:HeartBlessingRed","downfall:HeartBlessingGreen"],"acts_visited":["Exordium"],"potions_floor_usage":[6,8,16,16],"damage_taken":[{"damage":5,"enemies":"Small Slimes","floor":2,"turns":3},{"damage":7,"enemies":"Jaw Worm","floor":3,"turns":4},{"damage":1,"enemies":"Cultist","floor":4,"turns":4},{"damage":4,"enemies":"Blue Slaver","floor":5,"turns":4},{"damage":7,"enemies":"3 Sentries","floor":6,"turns":8},{"damage":1,"enemies":"Gremlin Gang","floor":8,"turns":3},{"damage":7,"enemies":"2 Fungi Beasts","floor":12,"turns":2},{"damage":4,"enemies":"Exordium Thugs","floor":14,"turns":2},{"damage":5,"enemies":"Exordium Wildlife","floor":15,"turns":2},{"damage":62,"enemies":"WA_ARCHETYPE_RETAIN","floor":16,"turns":6}],"seed_played":"1067278096358477768","potions_obtained":[{"floor":5,"key":"Strength Potion"},{"floor":6,"key":"Fire Potion"},{"floor":14,"key":"bronze:BurnAndBuffPotion"},{"floor":15,"key":"Fire Potion"}],"is_trial":false,"path_per_floor":["R","M","M","M","M","E","T","M","?","R","?","M","R","M","M","B"],"character_chosen":"THE_AUTOMATON","items_purchased":[],"campfire_rested":0,"item_purchase_floors":[],"current_hp_per_floor":[70,65,58,57,53,46,46,45,45,55,55,48,48,44,39,0,0,0],"gold":131,"neow_bonus":"RANDOM_COMMON_RELIC","is_daily":false,"chose_seed":false,"campfire_upgraded":2,"win_rate":0.0,"timestamp":1611666484,"path_taken":["R","M","M","M","M","E","T","M","?","R","?","M","R","M","M","BOSS"],"items_purchased_type":[],"build_version":"2020-12-22","purchased_purges":0,"victory":false,"max_hp_per_floor":[70,70,70,70,70,70,70,70,70,80,80,80,80,80,80,80,80,80],"card_choices":[{"not_picked":["bronze:BugBarrage","bronze:ForceShield"],"picked":"bronze:Constructor","floor":2},{"not_picked":["bronze:FineTuning","bronze:Deprecate","bronze:Backtrace"],"picked":"SKIP","floor":3},{"not_picked":["bronze:Allocate","bronze:Constructor"],"picked":"bronze:Frontload","floor":4},{"not_picked":["bronze:Deprecate","bronze:BitShift"],"picked":"bronze:Iterate","floor":5},{"not_picked":["bronze:Fortify","bronze:Constructor"],"picked":"bronze:DelayedSlice","floor":6},{"not_picked":["bronze:Iterate","bronze:HyperBeam"],"picked":"bronze:WhirlingStrike","floor":8},{"not_picked":["bronze:NullPointer","bronze:CutThrough","bronze:Deprecate"],"picked":"SKIP","floor":12},{"not_picked":["bronze:Turbo","bronze:OilSpill"],"picked":"bronze:WhirlingStrike","floor":14},{"not_picked":["bronze:DelayedGuard","bronze:Return"],"picked":"bronze:Flail","floor":15}],"player_experience":366435,"relics_obtained":[{"floor":6,"key":"Whetstone"}],"event_choices":[],"is_beta":false,"boss_relics":[],"items_purged_floors":[],"is_endless":false,"potions_floor_spawned":[5,6,14,15],"killed_by":"WA_ARCHETYPE_RETAIN","ascension_level":0}}