{"host":"7qoz5gmva6til3yp","time":1611663189,"event":{"mods":["AchievementEnabler","BaseMod","Minty Spire (QoL Compilation)","StSLib","SuperFastMode"],"gold_per_floor":[119,138,213,138,155,190,190,223,277,304,304,319,319,319,319,319,319],"floor_reached":16,"language":"KOR","playtime":417,"items_purged":["Defend_R"],"score":236,"play_id":"cb0b0a0f-ba26-4a5b-9203-9e3c19aeacf4","local_time":"20210126211309","is_ascension_mode":true,"campfire_choices":[{"data":"Feed","floor":7.0,"key":"SMITH"},{"data":"Bash","floor":11,"key":"SMITH"},{"floor":13,"key":"REST"},{"floor":15,"key":"REST"}],"circlet_count":0,"master_deck":["AscendersBane","Strike_R","Strike_R","Strike_R","Strike_R","Defend_R","Defend_R","Defend_R","Bash+1","Hemokinesis+1","Pommel Strike","Shrug It Off+1","Shrug It Off","Feed+1"],"relics":["Burning Blood","Question Card","CeramicFish","Regal Pillow","Turnip"],"acts_visited":["Exordium"],"potions_floor_usage":[16,16],"damage_taken":[{"damage":2.0,"enemies":"Cultist","floor":1.0,"turns":2.0},{"damage":4.0,"enemies":"Jaw Worm","floor":2.0,"turns":3.0},{"damage":5.0,"enemies":"Small Slimes","floor":5.0,"turns":3.0},{"damage":44.0,"enemies":"Lagavulin","floor":6.0,"turns":9.0},{"damage":58.0,"enemies":"3 Sentries","floor":8.0,"turns":14.0},{"damage":23,"enemies":"Lagavulin","floor":10,"turns":6},{"damage":25,"enemies":"Exordium Thugs","floor":12,"turns":5},{"damage":75,"enemies":"The Guardian","floor":16,"turns":16}],"seed_played":"-1183552861750099153","potions_obtained":[{"floor":2.0,"key":"Weak Potion"},{"floor":8,"key":"GamblersBrew"},{"floor":12,"key":"Weak Potion"}],"is_trial":false,"path_per_floor":["M","M","?","$","M","E","R","E","T","E","R","M","R","?","R","B"],"character_chosen":"IRONCLAD","items_purchased":[],"campfire_rested":2,"item_purchase_floors":[],"current_hp_per_floor":[72,74,63,63,64,26,26,46,46,33,33,18,59,33,74,0,0],"gold":319,"neow_bonus":"TRANSFORM_CARD","is_daily":false,"chose_seed":false,"campfire_upgraded":2,"win_rate":0.0,"timestamp":1611663189,"path_taken":["M","M","?","$","M","E","R","E","T","E","R","M","R","?","R","BOSS"],"items_purchased_type":[],"build_version":"2020-12-22","purchased_purges":1,"victory":false,"max_hp_per_floor":[75,75,75,75,75,75,75,79,79,83,83,87,87,87,87,87,87],"card_choices":[{"not_picked":["Sword Boomerang","Heavy Blade"],"picked":"Pommel Strike","floor":1.0},{"not_picked":["Clothesline","Sentinel"],"picked":"Shrug It Off","floor":2.0},{"not_picked":["Sword Boomerang","Clash"],"picked":"Shrug It Off","floor":5.0},{"not_picked":["Armaments","Warcry"],"picked":"Feed","floor":6.0},{"not_picked":["Twin Strike","Thunderclap","Clothesline","Anger"],"picked":"SKIP","floor":8},{"not_picked":["True Grit","Flame Barrier","Havoc","Pommel Strike"],"picked":"SKIP","floor":10},{"not_picked":["True Grit","Flame Barrier","Havoc","Pommel Strike"],"picked":"SKIP","floor":10},{"not_picked":["Twin Strike","Perfected Strike","Headbutt","Warcry"],"picked":"SKIP","floor":12}],"player_experience":445138,"relics_obtained":[{"floor":6.0,"key":"Question Card"},{"floor":8,"key":"CeramicFish"},{"floor":9,"key":"Regal Pillow"},{"floor":10,"key":"Turnip"}],"event_choices":[{"damage_healed":0.0,"max_hp_gain":0.0,"max_hp_loss":0.0,"gold_gain":75.0,"event_name":"World of Goop","player_choice":"Gather Gold","floor":3.0,"gold_loss":0.0,"damage_taken":11.0},{"damage_healed":0,"gold_gain":0,"player_choice":"Entered Light","damage_taken":26,"max_hp_gain":0,"max_hp_loss":0,"event_name":"Shining Light","floor":14,"gold_loss":0,"cards_upgraded":["Shrug It Off","Hemokinesis"]}],"is_beta":false,"boss_relics":[],"items_purged_floors":[4],"is_endless":false,"potions_floor_spawned":[2,8,12],"killed_by":"The Guardian","ascension_level":20}}