{"host":"8c7ixdz8x9d2d2wv","time":1611685487,"event":{"mods":["AYAYA","BaseMod","Better Altar","Better Sensory Stone","Better Third Choice","Better-Laid Plans","BetterRewards","Colored Map","Colored Powertips","Curses Come First","Dark Map","Defuse TimeMaze Blight","Emptier Cage","Good Game Mod","Highlight Path","Minty Spire (QoL Compilation)","Quick Restart","Rare Cards Sparkle","Relic Sorter","Remove Card Discount Mod","Reorder Act Four","Shop Mod","StSLib","Transform Curses","Uncapped","everything is the same but u backflip on backflip"],"gold_per_floor":[109,74,90,90,105,139,149,176,253,253,264,59,69,95,95,191,191,211,231,149,149,60,73,0,31,31,59,77,97,122,136,136,235,235,247,293,140,156,169,169,0,0,47,49,63,78,3,13,13,13,13,44,44,70,70,70],"floor_reached":55,"language":"ENG","playtime":3686,"items_purged":["Apotheosis","Strike_G","Defend_G","Survivor","Strike_G","Strike_G","Flame Barrier","Venomology","Well Laid Plans","Defend_G","Defend_G","Strike_G","Strike_G","Writhe","Noxious Fumes","Writhe"],"score":1051,"play_id":"a5714fd1-ffcf-4762-9af2-92f5532eb45c","local_time":"20210126192447","is_ascension_mode":false,"campfire_choices":[{"data":"Cloak And Dagger","floor":15.0,"key":"SMITH"},{"floor":32.0,"key":"REST"},{"data":"Cloak And Dagger","floor":40,"key":"SMITH"},{"floor":49,"key":"RECALL"},{"data":"Catalyst","floor":53,"key":"SMITH"}],"circlet_count":0,"master_deck":["Defend_G","Defend_G","Neutralize","Noxious Fumes","Catalyst","Well Laid Plans","Deflect","Dodge and Roll","Cloak And Dagger+1","Catalyst+1","Bouncing Flask","Deflect","Footwork+1","Footwork","Cloak And Dagger+1","Noxious Fumes+1","Blur"],"relics":["Ring of the Snake","The Specimen","Snake Skull","TwistedFunnel","TungstenRod","Torii","REME:ComplimentaryCards","MerchantsRug","Prayer Wheel","StoneCalendar","Boot","Turnip","Ornamental Fan","WristBlade","FossilizedHelix","Anchor"],"acts_visited":["Exordium","TheCity","TheBeyond","TheEnding"],"potions_floor_usage":[36],"damage_taken":[{"damage":0.0,"enemies":"Small Slimes","floor":1.0,"turns":5.0},{"damage":0.0,"enemies":"2 Louse","floor":3.0,"turns":3.0},{"damage":1.0,"enemies":"Jaw Worm","floor":5.0,"turns":4.0},{"damage":11.0,"enemies":"3 Sentries","floor":6.0,"turns":8.0},{"damage":7.0,"enemies":"Red Slaver","floor":7.0,"turns":5.0},{"damage":6.0,"enemies":"Lagavulin","floor":8.0,"turns":7.0},{"damage":0.0,"enemies":"2 Fungi Beasts","floor":11.0,"turns":4.0},{"damage":0.0,"enemies":"Looter","floor":13.0,"turns":4.0},{"damage":13.0,"enemies":"Gremlin Nob","floor":14.0,"turns":3.0},{"damage":0.0,"enemies":"Hexaghost","floor":16.0,"turns":6.0},{"damage":18.0,"enemies":"2 Thieves","floor":18.0,"turns":4.0},{"damage":0.0,"enemies":"Chosen","floor":19.0,"turns":4.0},{"damage":0.0,"enemies":"Snake Plant","floor":23.0,"turns":5.0},{"damage":20.0,"enemies":"Gremlin Leader","floor":25.0,"turns":6.0},{"damage":0.0,"enemies":"Book of Stabbing","floor":27.0,"turns":6.0},{"damage":0.0,"enemies":"Centurion and Healer","floor":28.0,"turns":7.0},{"damage":0.0,"enemies":"Snecko","floor":29.0,"turns":4.0},{"damage":24.0,"enemies":"Gremlin Leader","floor":30.0,"turns":6.0},{"damage":0.0,"enemies":"Snake Plant","floor":31.0,"turns":4.0},{"damage":6.0,"enemies":"Automaton","floor":33.0,"turns":6.0},{"damage":16,"enemies":"3 Darklings","floor":35,"turns":4},{"damage":73,"enemies":"2 Orb Walkers","floor":36,"turns":7},{"damage":0,"enemies":"Orb Walker","floor":38,"turns":4},{"damage":0,"enemies":"Maw","floor":39,"turns":7},{"damage":0,"enemies":"Transient","floor":45,"turns":5},{"damage":0,"enemies":"Sphere and 2 Shapes","floor":46,"turns":7},{"damage":15,"enemies":"3 Darklings","floor":48,"turns":4},{"damage":14,"enemies":"Donu and Deca","floor":50,"turns":9},{"damage":50,"enemies":"Shield and Spear","floor":54,"turns":7},{"damage":23,"enemies":"The Heart","floor":55,"turns":8}],"seed_played":"-4019282344927948189","potions_obtained":[{"floor":3.0,"key":"EntropicBrew"},{"floor":6.0,"key":"Fire Potion"},{"floor":7.0,"key":"Strength Potion"},{"floor":8.0,"key":"Weak Potion"},{"floor":23.0,"key":"FairyPotion"},{"floor":27.0,"key":"CunningPotion"},{"floor":28.0,"key":"Dexterity Potion"},{"floor":30.0,"key":"Block Potion"},{"floor":31.0,"key":"ColorlessPotion"},{"floor":35,"key":"Explosive Potion"},{"floor":38,"key":"GamblersBrew"},{"floor":46,"key":"Explosive Potion"}],"is_trial":false,"path_per_floor":["M","?","M","?","M","E","M","E","T","?","M","$","M","E","R","B",null,"M","M","$","?","$","M","?","E","T","E","M","M","E","M","R","B",null,"M","?","$","M","M","R","?","?","T","$","M","M","$","M","R","B",null,"$","R","E","B"],"character_chosen":"THE_SILENT","items_purchased":["MerchantsRug","Torii","Noxious Fumes","Catalyst","Boot","Footwork","The Specimen","Blood Vial","TwistedFunnel","Snake Skull","Blur"],"campfire_rested":1,"item_purchase_floors":[0,0,0,12,12,20,22,37,44,47,52],"current_hp_per_floor":[36,53,53,53,52,41,34,28,28,28,28,28,28,15,15,15,70,52,52,52,52,52,52,52,32,32,32,32,32,8,8,29,48,70,54,12,12,14,16,16,16,34,34,34,36,38,38,25,25,38,70,70,70,20,0,0],"gold":70,"neow_bonus":"","is_daily":false,"chose_seed":false,"campfire_upgraded":3,"win_rate":0.0,"timestamp":1611685487,"path_taken":["M","?","M","?","M","E","M","E","T","?","M","$","?","E","R","BOSS","M","M","$","?","$","M","?","E","T","E","M","?","E","M","R","BOSS","M","?","$","M","M","R","?","?","T","$","M","M","?","M","R","BOSS","$","R","E","BOSS"],"items_purchased_type":["Relic","Relic","Card","Card","Relic","Card","Relic","Relic","Relic","Relic","Card"],"build_version":"2020-12-22","purchased_purges":16,"victory":false,"max_hp_per_floor":[70,70,70,70,70,70,70,70,70,70,70,70,70,70,70,70,70,70,70,70,70,70,70,70,70,70,70,70,70,70,70,70,70,70,70,70,70,70,70,70,70,70,70,70,70,70,70,70,70,70,70,70,70,70,70,70],"card_choices":[{"not_picked":["Heel Hook","Dagger Throw","Dagger Spray"],"picked":"SKIP","floor":1.0},{"not_picked":["PiercingWail","Deadly Poison"],"picked":"Catalyst","floor":3.0},{"not_picked":["Expertise","Backflip"],"picked":"Well Laid Plans","floor":5.0},{"not_picked":["Crippling Poison","Tools of the Trade","Sucker Punch"],"picked":"SKIP","floor":5.0},{"not_picked":["Unload","Underhanded Strike"],"picked":"Deflect","floor":6.0},{"not_picked":["Bane","Flying Knee"],"picked":"Dodge and Roll","floor":7.0},{"not_picked":["PiercingWail","Prepared","Backflip"],"picked":"SKIP","floor":7.0},{"not_picked":["Adrenaline","Heel Hook","Venomology"],"picked":"SKIP","floor":8.0},{"not_picked":["Dagger Throw","Eviscerate"],"picked":"Cloak And Dagger","floor":11.0},{"not_picked":["Bane","Sucker Punch","Setup"],"picked":"SKIP","floor":11.0},{"not_picked":["Calculated Gamble","Prepared"],"picked":"Bouncing Flask","floor":13.0},{"not_picked":["Sucker Punch","Poisoned Stab","Calculated Gamble"],"picked":"SKIP","floor":13.0},{"not_picked":["Well Laid Plans","Masterful Stab"],"picked":"Deflect","floor":14.0},{"not_picked":["Deadly Poison","Quick Slash+1","Blade Dance+1"],"picked":"SKIP","floor":18.0},{"not_picked":["Flying Knee","Sucker Punch","Underhanded Strike"],"picked":"SKIP","floor":18.0},{"not_picked":["Glass Knife","Quick Slash"],"picked":"Footwork+1","floor":19.0},{"not_picked":["PiercingWail","Backflip","Outmaneuver"],"picked":"SKIP","floor":19.0},{"not_picked":["Leg Sweep+1","Terror+1","Predator"],"picked":"SKIP","floor":23.0},{"not_picked":["Tactician+1","Corpse Explosion","Outmaneuver"],"picked":"SKIP","floor":23.0},{"not_picked":["Setup","Adrenaline","Flechettes"],"picked":"SKIP","floor":25.0},{"not_picked":["Backflip+1","Finisher+1","Concentrate"],"picked":"SKIP","floor":27.0},{"not_picked":["Slice","Well Laid Plans","Flying Knee"],"picked":"SKIP","floor":28.0},{"not_picked":["Poisoned Stab","Prepared+1","Acrobatics+1"],"picked":"SKIP","floor":28.0},{"not_picked":["PiercingWail","Flying Knee"],"picked":"Noxious Fumes","floor":29.0},{"not_picked":["Outmaneuver+1","Doppelganger","Flechettes"],"picked":"SKIP","floor":29.0},{"not_picked":["Underhanded Strike+1","Tactician+1"],"picked":"Cloak And Dagger","floor":30.0},{"not_picked":["Dodge and Roll","Masterful Stab+1"],"picked":"Noxious Fumes+1","floor":31.0},{"not_picked":["Tactician+1","Acrobatics+1","Flying Knee+1"],"picked":"SKIP","floor":31.0},{"not_picked":["Acrobatics+1","Flying Knee","Bane"],"picked":"SKIP","floor":35},{"not_picked":["Dagger Throw+1","Outmaneuver+1","Slice"],"picked":"SKIP","floor":35},{"not_picked":["Deadly Poison+1","Glass Knife","Backflip"],"picked":"SKIP","floor":38},{"not_picked":["Bane","Accuracy+1","Deadly Poison+1"],"picked":"SKIP","floor":38},{"not_picked":["Deadly Poison+1","Glass Knife","Backflip"],"picked":"SKIP","floor":38},{"not_picked":["Bane","Accuracy+1","Deadly Poison+1"],"picked":"SKIP","floor":38},{"not_picked":["Outmaneuver+1","Acrobatics+1","Dagger Spray"],"picked":"SKIP","floor":39},{"not_picked":["PiercingWail","Poisoned Stab+1","Acrobatics"],"picked":"SKIP","floor":39},{"not_picked":["Sucker Punch","Tactician","Leg Sweep+1"],"picked":"SKIP","floor":45},{"not_picked":["Blade Dance","Bane+1","Flying Knee+1"],"picked":"SKIP","floor":45},{"not_picked":["Reflex","Quick Slash","Expertise+1"],"picked":"SKIP","floor":46},{"not_picked":["Slice+1","Dagger Throw+1","Sucker Punch"],"picked":"SKIP","floor":46},{"not_picked":["Crippling Poison","Wraith Form v2","Finisher+1"],"picked":"SKIP","floor":48},{"not_picked":["Predator+1","Masterful Stab+1","Blade Dance"],"picked":"SKIP","floor":48},{"not_picked":["Prepared+1","Dash+1","Slice"],"picked":"SKIP","floor":54}],"player_experience":693711,"relics_obtained":[{"floor":6.0,"key":"StoneCalendar"},{"floor":8.0,"key":"Nunchaku"},{"floor":14.0,"key":"Turnip"},{"floor":25.0,"key":"Bottled Tornado"},{"floor":26.0,"key":"Pantograph"},{"floor":27.0,"key":"Vajra"},{"floor":30.0,"key":"Ornamental Fan"},{"floor":36,"key":"FossilizedHelix"},{"floor":43,"key":"Pen Nib"},{"floor":54,"key":"Anchor"}],"event_choices":[{"damage_healed":17.0,"max_hp_gain":0.0,"max_hp_loss":0.0,"gold_gain":0.0,"event_name":"The Cleric","player_choice":"Healed","floor":2.0,"gold_loss":35.0,"damage_taken":0.0},{"damage_healed":0.0,"max_hp_gain":0.0,"max_hp_loss":0.0,"gold_gain":0.0,"event_name":"Big Fish","player_choice":"Box","floor":4.0,"gold_loss":0.0,"damage_taken":0.0,"relics_obtained":["Prayer Wheel"],"cards_obtained":["Regret"]},{"damage_healed":0.0,"max_hp_gain":0.0,"max_hp_loss":0.0,"gold_gain":0.0,"cards_transformed":["Regret"],"event_name":"Transmorgrifier","player_choice":"Transformed","floor":10.0,"gold_loss":0.0,"damage_taken":0.0,"cards_obtained":["Venomology"]},{"damage_healed":0.0,"max_hp_gain":0.0,"max_hp_loss":0.0,"gold_gain":0.0,"event_name":"The Mausoleum","player_choice":"Opened","floor":21.0,"gold_loss":0.0,"damage_taken":0.0,"relics_obtained":["Regal Pillow"],"cards_obtained":["Writhe"]},{"damage_healed":0.0,"max_hp_gain":0.0,"max_hp_loss":0.0,"gold_gain":0.0,"event_name":"Masked Bandits","player_choice":"Paid Fearfully","floor":24.0,"gold_loss":73.0,"damage_taken":0.0},{"damage_healed":0,"gold_gain":0,"player_choice":"Fight","damage_taken":0,"max_hp_gain":0,"max_hp_loss":0,"event_name":"Mysterious Sphere","floor":36,"gold_loss":0},{"damage_healed":0,"gold_gain":0,"player_choice":"Paid","damage_taken":0,"relics_obtained":["Red Mask"],"max_hp_gain":0,"max_hp_loss":0,"event_name":"Tomb of Lord Red Mask","floor":41,"gold_loss":169},{"damage_healed":18,"gold_gain":0,"player_choice":"Writhe","damage_taken":0,"max_hp_gain":0,"max_hp_loss":0,"event_name":"Winding Halls","floor":42,"gold_loss":0,"cards_obtained":["Writhe"]}],"is_beta":false,"boss_relics":[{"not_picked":["Pandora\u0027s Box","Runic Dome"],"picked":"Cursed Key"},{"not_picked":["Busted Crown","Coffee Dripper"],"picked":"WristBlade"}],"items_purged_floors":[0,0,0,0,0,0,12,12,12,12,12,12,12,22,37,44],"is_endless":false,"potions_floor_spawned":[3,6,7,8,23,27,28,30,31,35,38,46],"killed_by":"The Heart","ascension_level":0}}