{"host":"xmr2g8b7eju0288o","time":1611643884,"event":{"mods":["AchievementEnabler","BaseMod","Colored Map","Colored Powertips","Minty Spire (QoL Compilation)","Quick Restart","StSLib","SuperFastMode"],"gold_per_floor":[119,269,269,5,5,33,33,51,75,109,109,140,140,140],"floor_reached":0,"language":"KOR","playtime":0,"items_purged":[],"score":0,"play_id":"6a5253a6-ea10-44e7-87c1-8c94b462c055","local_time":"20210126155124","is_ascension_mode":true,"campfire_choices":[{"data":"Feed","floor":7.0,"key":"SMITH"}],"circlet_count":0,"master_deck":["AscendersBane","Strike_R","Strike_R","Strike_R","Strike_R","Strike_R","Defend_R","Defend_R","Defend_R","Defend_R","Bash+1","Twin Strike","Feed+1","Juggernaut","Bludgeon"],"relics":["Burning Blood","CaptainsWheel","Darkstone Periapt","Strawberry","Blood Vial","Kunai","Toy Ornithopter"],"acts_visited":["Exordium"],"potions_floor_usage":[13],"damage_taken":[{"damage":1.0,"enemies":"Cultist","floor":1.0,"turns":4.0},{"damage":40.0,"enemies":"Lagavulin","floor":6.0,"turns":7.0},{"damage":0.0,"enemies":"2 Louse","floor":8.0,"turns":2.0},{"damage":50.0,"enemies":"3 Sentries","floor":10.0,"turns":9.0},{"damage":12.0,"enemies":"Gremlin Nob","floor":12.0,"turns":4.0},{"damage":25,"enemies":"3 Sentries","floor":13,"turns":6}],"seed_played":"-4558218830667485704","potions_obtained":[{"floor":1.0,"key":"ElixirPotion"},{"floor":10.0,"key":"BloodPotion"},{"floor":12.0,"key":"FearPotion"}],"is_trial":true,"path_per_floor":["M","?","?","$","?","E","R","M","T","E","$","E","E"],"character_chosen":"IRONCLAD","items_purchased":["Darkstone Periapt"],"campfire_rested":0,"item_purchase_floors":[4],"current_hp_per_floor":[73,73,66,66,66,39,39,49,49,11,11,25,7,7],"gold":140,"neow_bonus":"","is_daily":false,"chose_seed":false,"campfire_upgraded":1,"win_rate":0.0,"timestamp":1611643884,"path_taken":["M","?","?","$","?","E","R","?","T","E","$","?","E"],"items_purchased_type":["Relic"],"build_version":"2020-12-22","purchased_purges":0,"victory":false,"max_hp_per_floor":[75,75,75,75,75,82,82,86,86,90,90,90,90,90],"card_choices":[{"not_picked":["Rupture","Blood for Blood"],"picked":"Twin Strike","floor":1.0},{"not_picked":["Berserk","Bludgeon"],"picked":"Feed","floor":6.0},{"not_picked":["Armaments","Wild Strike","Twin Strike"],"picked":"SKIP","floor":8.0},{"not_picked":["Demon Form","Exhume"],"picked":"Juggernaut","floor":10.0},{"not_picked":["Double Tap","Limit Break"],"picked":"Bludgeon","floor":12.0}],"player_experience":109535,"relics_obtained":[{"floor":6.0,"key":"Strawberry"},{"floor":9.0,"key":"Blood Vial"},{"floor":10.0,"key":"Kunai"},{"floor":12.0,"key":"Toy Ornithopter"}],"event_choices":[{"damage_healed":0.0,"max_hp_gain":0.0,"max_hp_loss":0.0,"gold_gain":150.0,"event_name":"Liars Game","player_choice":"AGREE","floor":2.0,"gold_loss":0.0,"damage_taken":0.0,"cards_obtained":["Doubt"]},{"cards_removed":["Doubt"],"damage_healed":0.0,"max_hp_gain":0.0,"max_hp_loss":0.0,"gold_gain":0.0,"event_name":"Golden Wing","player_choice":"Card Removal","floor":3.0,"gold_loss":0.0,"damage_taken":7.0},{"damage_healed":0.0,"max_hp_gain":0.0,"max_hp_loss":0.0,"gold_gain":0.0,"event_name":"Living Wall","player_choice":"Grow","floor":5.0,"gold_loss":0.0,"damage_taken":0.0,"cards_upgraded":["Bash"]}],"is_beta":false,"boss_relics":[],"items_purged_floors":[],"is_endless":true,"potions_floor_spawned":[1,10,12],"killed_by":"3 Sentries","ascension_level":20}}