{"host":"yv7ijgyl7mqt7c0r","time":1611621422,"event":{"mods":["100% Spire Juice","2.2 Compatiblity","Act Like it!","Aspiration","BaseMod","Bestiary","Better Note","Better Skull","CapriCore","Conspire","DeckTracker","Elementarium","Energized Spire","Friendly Minions","Gensokyo","GifTheSpireLib","Hallownest","KinomotoSakuraMod(????)","Mari Mod (Legacy)","Mari\u0027s V1 Patch","Marisa????????","Menagerie","Minty Spire (QoL Compilation)","Prisma Mod","Random Character Button","Reimu??????","Remilia_Scarlet Moed?????·?????3.3.5","StSLib","Stuff the Spire","The Alterego","The Bug Knight","The Jungle","The Senshi","The Servant 0.9.4","TheVelvet","Wandering Minibosses","Yakumo Yukari mod","Yuyuko"],"gold_per_floor":[146,157,157,172,172,172,199,199,248,248,258,251,251],"floor_reached":12,"language":"ENG","playtime":1457,"items_purged":[],"score":78,"play_id":"2d0e2a3d-daf8-412b-be16-1be6f42bd760","local_time":"20210125183702","is_ascension_mode":false,"campfire_choices":[{"data":"MariMod:Mari_Cash_Back","floor":6.0,"key":"SMITH"},{"data":"MariMod:Mari_Reminisce","floor":8,"key":"SMITH"},{"floor":10,"key":"REST"}],"circlet_count":0,"master_deck":["MariMod:Mari_Strike+1","MariMod:Mari_Strike","MariMod:Mari_Strike","MariMod:Mari_Strike","MariMod:Mari_Strike","MariMod:Mari_Defend","MariMod:Mari_Defend","MariMod:Mari_Defend","MariMod:Mari_Defend","MariMod:Mari_Defend","MariMod:Mari_Reminisce+1","MariMod:Mari_Debut+1","MariMod:Mari_Tough_Front","MariMod:Mari_Shut_Up","MariMod:Mari_Cash_Back+1","MariMod:Mari_The_HELICOPTER","MariMod:Mari_Research","MariMod:Mari_Self_Care"],"relics":["MariMod:MariTheSpark","aspiration:Nostalgia","MiniHakkero","Ginger","aspiration:ChemicalBlood"],"acts_visited":["Exordium"],"potions_floor_usage":[],"damage_taken":[{"damage":0.0,"enemies":"Cultist","floor":1.0,"turns":3.0},{"damage":2.0,"enemies":"conspire:RoseBush","floor":2.0,"turns":3.0},{"damage":8.0,"enemies":"Small Slimes","floor":4.0,"turns":6.0},{"damage":24.0,"enemies":"3 Sentries","floor":7.0,"turns":16.0},{"damage":17,"enemies":"Red Slaver","floor":11,"turns":4},{"damage":32,"enemies":"Gremlin Nob","floor":12,"turns":4}],"seed_played":"4185482068947115402","potions_obtained":[{"floor":11,"key":"Dexterity Potion"}],"is_trial":false,"path_per_floor":["M","M","?","M","?","R","E","R","T","R","M","E"],"character_chosen":"MARI","items_purchased":[],"campfire_rested":1,"item_purchase_floors":[],"current_hp_per_floor":[72,70,56,48,48,48,24,24,24,45,28,0,0],"gold":251,"neow_bonus":"NOSTALGIA","is_daily":false,"chose_seed":false,"campfire_upgraded":2,"win_rate":0.0,"timestamp":1611621422,"path_taken":["M","M","?","M","?","R","E","R","T","R","M","E"],"items_purchased_type":[],"build_version":"2020-12-22","purchased_purges":0,"victory":false,"max_hp_per_floor":[72,72,72,72,72,72,72,72,72,72,72,72,72],"card_choices":[{"not_picked":["MariMod:Mari_Fragile_Hope","MariMod:Mari_Heavy_Price"],"picked":"MariMod:Mari_Tough_Front","floor":1.0},{"not_picked":["MariMod:Mari_Well_Kept_Secret","MariMod:Mari_Lie_In_Wait"],"picked":"MariMod:Mari_Shut_Up","floor":2.0},{"not_picked":["MariMod:Mari_Heavy_Price","MariMod:Mari_Reckless_Driving"],"picked":"MariMod:Mari_Cash_Back","floor":4.0},{"not_picked":["MariMod:Mari_Slap","MariMod:Mari_Old_Costume"],"picked":"MariMod:Mari_The_HELICOPTER","floor":7.0},{"not_picked":["MariMod:Mari_Unveiled_Secret","MariMod:Mari_Character_Development"],"picked":"MariMod:Mari_Research","floor":11},{"not_picked":["MariMod:Mari_Tough_Front","MariMod:Mari_Withdrawal"],"picked":"MariMod:Mari_Self_Care","floor":11}],"player_experience":582831,"relics_obtained":[{"floor":7.0,"key":"Ginger"},{"floor":9,"key":"aspiration:ChemicalBlood"}],"event_choices":[{"damage_healed":0.0,"max_hp_gain":0.0,"max_hp_loss":0.0,"gold_gain":0.0,"event_name":"Shining Light","player_choice":"Entered Light","floor":3.0,"gold_loss":0.0,"damage_taken":14.0,"cards_upgraded":["MariMod:Mari_Strike","MariMod:Mari_Debut"]},{"cards_removed":["MariMod:Mari_Cash_Back"],"damage_healed":0.0,"max_hp_gain":0.0,"max_hp_loss":0.0,"gold_gain":0.0,"event_name":"betterNote:BetterNote","player_choice":"Give","floor":5.0,"gold_loss":0.0,"damage_taken":0.0,"cards_obtained":["Masterful Stab"]}],"is_beta":false,"boss_relics":[],"items_purged_floors":[],"is_endless":false,"potions_floor_spawned":[11],"killed_by":"Gremlin Nob","ascension_level":0}}