{"host":"kpyf5rnb72uwap8k","time":1611685057,"event":{"mods":["AchievementEnabler","BaseMod","Colored Map","Colored Powertips","DeckTracker","Minty Spire (QoL Compilation)","Permanent Neow","Quick Restart","StSLib","SuperFastMode"],"gold_per_floor":[117,67,67,83,15,15,45,45,125,150,170,184,203,220,220,320,320,288,300,300,116,131,131,46,46,46],"floor_reached":25,"language":"KOR","playtime":2803,"items_purged":["Strike_G"],"score":238,"play_id":"823cba24-624c-4c7c-b2b2-996c32baf6f6","local_time":"20210127031737","is_ascension_mode":false,"campfire_choices":[{"data":"Calculated Gamble","floor":6.0,"key":"SMITH"},{"data":"Prepared","floor":8.0,"key":"SMITH"},{"floor":15.0,"key":"REST"},{"floor":23.0,"key":"REST"}],"circlet_count":0,"master_deck":["Strike_G","Strike_G","Strike_G","Defend_G","Defend_G","Defend_G","Defend_G","Defend_G","Survivor","Neutralize","Masterful Stab+1","Blur","Calculated Gamble+1","Prepared+1","Masterful Stab","Backflip","Expertise","Underhanded Strike","Underhanded Strike","Prepared+1","Footwork"],"relics":["Ring of the Snake","NeowsBlessing","Shovel","The Courier","Letter Opener","SacredBark","DollysMirror","Blue Candle"],"acts_visited":["Exordium","TheCity"],"potions_floor_usage":[25],"damage_taken":[{"damage":0.0,"enemies":"Small Slimes","floor":1.0,"turns":1.0},{"damage":0.0,"enemies":"Cultist","floor":4.0,"turns":1.0},{"damage":0.0,"enemies":"Lagavulin","floor":7.0,"turns":1.0},{"damage":35.0,"enemies":"Gremlin Nob","floor":10.0,"turns":6.0},{"damage":0.0,"enemies":"2 Louse","floor":11.0,"turns":2.0},{"damage":0.0,"enemies":"Blue Slaver","floor":12.0,"turns":2.0},{"damage":0.0,"enemies":"3 Louse","floor":13.0,"turns":2.0},{"damage":1.0,"enemies":"Exordium Thugs","floor":14.0,"turns":3.0},{"damage":18.0,"enemies":"Slime Boss","floor":16.0,"turns":16.0},{"damage":28.0,"enemies":"2 Thieves","floor":18.0,"turns":5.0},{"damage":5.0,"enemies":"Shell Parasite","floor":19.0,"turns":7.0},{"damage":5.0,"enemies":"Snake Plant","floor":22.0,"turns":4.0},{"damage":34,"enemies":"Gremlin Leader","floor":25,"turns":9}],"seed_played":"-7571806409465493366","potions_obtained":[{"floor":7.0,"key":"EssenceOfSteel"},{"floor":10.0,"key":"AttackPotion"},{"floor":11.0,"key":"BlessingOfTheForge"},{"floor":18.0,"key":"SpeedPotion"}],"is_trial":false,"path_per_floor":["M","?","?","M","$","R","E","R","T","E","M","M","M","M","R","B",null,"M","M","?","$","M","R","?","E"],"character_chosen":"THE_SILENT","items_purchased":["Calculated Gamble","DollysMirror"],"campfire_rested":2,"item_purchase_floors":[5,21],"current_hp_per_floor":[70,70,70,70,70,70,70,70,70,35,35,35,35,34,55,37,70,42,37,37,37,32,53,53,19,19],"gold":46,"neow_bonus":"THREE_ENEMY_KILL","is_daily":false,"chose_seed":false,"campfire_upgraded":2,"win_rate":0.0,"timestamp":1611685057,"path_taken":["M","?","?","M","$","R","E","R","T","E","M","M","M","M","R","BOSS","M","?","?","$","M","R","?","E"],"items_purchased_type":["Card","Relic"],"build_version":"2020-12-22","purchased_purges":1,"victory":false,"max_hp_per_floor":[70,70,70,70,70,70,70,70,70,70,70,70,70,70,70,70,70,70,70,70,70,70,70,70,70,70],"card_choices":[{"not_picked":["Acrobatics","Eviscerate"],"picked":"Masterful Stab","floor":1.0},{"not_picked":["Cloak And Dagger","Deadly Poison"],"picked":"Blur","floor":4.0},{"not_picked":["Blade Dance","Choke"],"picked":"Prepared","floor":7.0},{"not_picked":["Acrobatics","Heel Hook"],"picked":"Masterful Stab","floor":10.0},{"not_picked":["Deadly Poison","Blade Dance"],"picked":"Backflip","floor":11.0},{"not_picked":["Well Laid Plans","Blade Dance"],"picked":"Expertise","floor":12.0},{"not_picked":["Caltrops","Cloak And Dagger","Leg Sweep"],"picked":"SKIP","floor":13.0},{"not_picked":["Wraith Form v2","Dodge and Roll","Outmaneuver"],"picked":"SKIP","floor":14.0},{"not_picked":["Flechettes","Deflect"],"picked":"Underhanded Strike","floor":18.0},{"not_picked":["Dagger Throw","Sucker Punch"],"picked":"Underhanded Strike","floor":19.0},{"not_picked":["Expertise+1","Backflip"],"picked":"Footwork","floor":22.0}],"player_experience":171043,"relics_obtained":[{"floor":7.0,"key":"Shovel"},{"floor":9.0,"key":"The Courier"},{"floor":10.0,"key":"Letter Opener"}],"event_choices":[{"cards_removed":["Strike_G"],"damage_healed":0.0,"max_hp_gain":0.0,"max_hp_loss":0.0,"gold_gain":0.0,"event_name":"The Cleric","player_choice":"Card Removal","floor":2.0,"gold_loss":50.0,"damage_taken":0.0},{"damage_healed":0.0,"max_hp_gain":0.0,"max_hp_loss":0.0,"gold_gain":0.0,"event_name":"Accursed Blacksmith","player_choice":"Forge","floor":3.0,"gold_loss":0.0,"damage_taken":0.0,"cards_upgraded":["Masterful Stab"]},{"damage_healed":0.0,"max_hp_gain":0.0,"max_hp_loss":0.0,"gold_gain":0.0,"event_name":"Cursed Tome","player_choice":"Ignored","floor":20.0,"gold_loss":0.0,"damage_taken":0.0},{"damage_healed":0.0,"max_hp_gain":0.0,"max_hp_loss":0.0,"gold_gain":0.0,"event_name":"Addict","player_choice":"Obtained Relic","floor":24.0,"gold_loss":85.0,"damage_taken":0.0,"relics_obtained":["Blue Candle"]}],"is_beta":false,"boss_relics":[{"not_picked":["Philosopher\u0027s Stone","Runic Dome"],"picked":"SacredBark"}],"items_purged_floors":[21],"is_endless":false,"potions_floor_spawned":[7,10,11,14,18],"killed_by":"Gremlin Leader","ascension_level":0}}