{"host":"auv68s8i97pkmhwr","time":1611642521,"event":{"mods":["AchievementEnabler","BaseMod","Best Route Mod","Bestiary","Better Altar","Better Match","Better Note","Better Sensory Stone","Better Skull","Better Third Choice","Better Vampires","BetterRewards","Block Reminder","Colored Map","Colored Powertips","Dark Map","Displayed Cursed Tome","Minty Spire (QoL Compilation)","StSLib","SuperFastMode","Uncapped","Unceasing Turn Reminder"],"gold_per_floor":[112,112,129,148,164,164,182,210,210,238,257,338,666,456,456,560,560,576,595,614,634,246,273,273,306,318,340,294,369,399,415,415,520,520,533,385,385,401,401,431,431,466,466,479,512,512,546,598,598,598,598,598,120,148,148],"floor_reached":56,"language":"ENG","playtime":5493,"items_purged":["Strike_R","Strike_R","Strike_R","Strike_R","Shame"],"score":2568,"play_id":"70fcc916-b879-430a-8660-30dc860f721d","local_time":"20210126142841","is_ascension_mode":true,"campfire_choices":[{"data":"Apotheosis","floor":6.0,"key":"SMITH"},{"data":"Bash","floor":15.0,"key":"SMITH"},{"floor":24.0,"key":"RECALL"},{"data":"Inflame","floor":32.0,"key":"SMITH"},{"data":"Defend_R","floor":46.0,"key":"SMITH"},{"floor":49.0,"key":"REST"},{"floor":52,"key":"REST"}],"circlet_count":0,"master_deck":["AscendersBane","Defend_R+1","Defend_R","Defend_R","Defend_R+1","Bash+1","Apotheosis+1","Twin Strike+1","Sword Boomerang+1","Power Through+1","Cleave+1","True Grit+1","Battle Trance+1","Immolate+1","Disarm+1","Entrench+1","Inflame+1","Shrug It Off+1","Body Slam+1","Feel No Pain","Double Tap+1"],"relics":["Burning Blood","Medical Kit","Gambling Chip","Ice Cream","Molten Egg 2","Pocketwatch","Toxic Egg 2","HandDrill","Mango","TungstenRod","Singing Bowl","Old Coin","Membership Card","Busted Crown","Bottled Lightning","Turnip","Vajra","MawBank","Kunai","Ginger","Cursed Key","Dead Branch","Whetstone","StrikeDummy","Pantograph","Thread and Needle","White Beast Statue","Torii","Anchor","Shuriken","Lee\u0027s Waffle","HornCleat"],"acts_visited":["Exordium","TheCity","TheBeyond","TheEnding"],"potions_floor_usage":[55,55,55],"damage_taken":[{"damage":0.0,"enemies":"Small Slimes","floor":1.0,"turns":2.0},{"damage":3.0,"enemies":"Jaw Worm","floor":3.0,"turns":3.0},{"damage":6.0,"enemies":"Cultist","floor":4.0,"turns":3.0},{"damage":2.0,"enemies":"3 Louse","floor":5.0,"turns":4.0},{"damage":11.0,"enemies":"Looter","floor":7.0,"turns":3.0},{"damage":9.0,"enemies":"3 Sentries","floor":8.0,"turns":7.0},{"damage":9.0,"enemies":"Gremlin Nob","floor":10.0,"turns":3.0},{"damage":0.0,"enemies":"Gremlin Gang","floor":11.0,"turns":1.0},{"damage":9.0,"enemies":"3 Sentries","floor":13.0,"turns":4.0},{"damage":1.0,"enemies":"The Guardian","floor":16.0,"turns":6.0},{"damage":10.0,"enemies":"3 Byrds","floor":18.0,"turns":4.0},{"damage":7.0,"enemies":"Shell Parasite","floor":19.0,"turns":3.0},{"damage":1.0,"enemies":"Sentry and Sphere","floor":20.0,"turns":5.0},{"damage":15.0,"enemies":"Centurion and Healer","floor":21.0,"turns":4.0},{"damage":2.0,"enemies":"Book of Stabbing","floor":23.0,"turns":6.0},{"damage":4.0,"enemies":"Gremlin Leader","floor":25.0,"turns":4.0},{"damage":0.0,"enemies":"Cultist and Chosen","floor":27.0,"turns":4.0},{"damage":9.0,"enemies":"Slavers","floor":30.0,"turns":4.0},{"damage":2.0,"enemies":"Shelled Parasite and Fungi","floor":31.0,"turns":3.0},{"damage":0.0,"enemies":"Collector","floor":33.0,"turns":9.0},{"damage":1.0,"enemies":"3 Shapes","floor":35.0,"turns":3.0},{"damage":4.0,"enemies":"Orb Walker","floor":38.0,"turns":4.0},{"damage":0.0,"enemies":"Nemesis","floor":40.0,"turns":7.0},{"damage":0.0,"enemies":"Giant Head","floor":42.0,"turns":4.0},{"damage":0.0,"enemies":"Transient","floor":44.0,"turns":5.0},{"damage":22.0,"enemies":"Reptomancer","floor":45.0,"turns":6.0},{"damage":40.0,"enemies":"Nemesis","floor":47.0,"turns":5.0},{"damage":3.0,"enemies":"2 Orb Walkers","floor":48.0,"turns":3.0},{"damage":25,"enemies":"Time Eater","floor":50,"turns":7},{"damage":27,"enemies":"Shield and Spear","floor":54,"turns":5},{"damage":53,"enemies":"The Heart","floor":55,"turns":6}],"seed_played":"5754426718584292770","potions_obtained":[{"floor":4.0,"key":"SkillPotion"},{"floor":5.0,"key":"Strength Potion"},{"floor":8.0,"key":"Swift Potion"},{"floor":21.0,"key":"PowerPotion"},{"floor":23.0,"key":"LiquidBronze"},{"floor":31.0,"key":"LiquidBronze"}],"is_trial":false,"path_per_floor":["M","?","M","M","M","R","M","E","T","E","M","T","E","$","R","B",null,"M","M","M","M","$","E","R","E","T","M","$","?","E","M","R","B",null,"M","$","?","M","T","E","?","E","T","M","E","R","E","?","R","B",null,"R","$","E","B",null],"character_chosen":"IRONCLAD","items_purchased":["Medical Kit","Gambling Chip","Molten Egg 2","Apotheosis","Twin Strike+1","Sword Boomerang+1","Toxic Egg 2","Power Through+1","HandDrill","Cleave+1","Membership Card","Bottled Lightning","Turnip","Entrench+1","Inflame","Shrug It Off+1","Dead Branch","Feel No Pain","Anchor","Double Tap+1","Shuriken","Lee\u0027s Waffle"],"campfire_rested":2,"item_purchase_floors":[0,0,0,0,0,0,0,0,0,0,14,22,22,22,28,28,36,53,53,53,53,53],"current_hp_per_floor":[78,71,74,74,78,78,73,84,84,83,91,91,90,90,90,97,101,99,100,105,98,98,104,104,108,108,114,114,104,103,109,109,117,119,122,122,122,122,122,124,124,126,126,128,114,114,82,87,127,115,129,134,141,122,96],"gold":148,"neow_bonus":"","is_daily":false,"chose_seed":false,"campfire_upgraded":4,"win_rate":0.0,"timestamp":1611642521,"path_taken":["M","?","M","M","M","R","M","E","T","E","M","?","E","$","R","BOSS","M","M","M","M","$","E","R","E","T","M","?","?","E","M","R","BOSS","M","$","?","?","?","E","?","E","T","?","E","R","E","?","R","BOSS","R","$","E","BOSS"],"items_purchased_type":["Relic","Relic","Relic","Card","Card","Card","Relic","Card","Relic","Card","Relic","Relic","Relic","Card","Card","Card","Relic","Card","Relic","Card","Relic","Relic"],"build_version":"2020-12-22","purchased_purges":5,"victory":true,"max_hp_per_floor":[80,80,80,80,80,80,80,94,94,96,98,98,100,100,100,102,102,104,106,106,108,108,110,110,112,112,114,114,114,116,118,118,120,120,122,122,122,122,122,124,124,126,126,128,130,130,132,134,134,134,134,134,141,143,143],"card_choices":[{"not_picked":["Bloodletting+1","Twin Strike+1"],"picked":"True Grit+1","floor":1.0},{"not_picked":["Clash+1","Infernal Blade+1","Second Wind+1"],"picked":"SKIP","floor":3.0},{"not_picked":["Warcry+1","Cleave+1"],"picked":"Battle Trance+1","floor":4.0},{"not_picked":["Sentinel+1","Combust","Sword Boomerang+1"],"picked":"SKIP","floor":5.0},{"not_picked":["Clash+1","Anger+1","Heavy Blade+1"],"picked":"SKIP","floor":7.0},{"not_picked":["Whirlwind+1","Rupture"],"picked":"Immolate+1","floor":8.0},{"not_picked":["True Grit+1","Rage+1","Sword Boomerang+1"],"picked":"Singing Bowl","floor":10.0},{"not_picked":["Twin Strike+1","Warcry+1","Iron Wave+1"],"picked":"Singing Bowl","floor":11.0},{"not_picked":["Pummel+1","Burning Pact+1","Dual Wield+1"],"picked":"Singing Bowl","floor":13.0},{"not_picked":["Exhume+1","Feed+1","Brutality"],"picked":"Singing Bowl","floor":16.0},{"not_picked":["Uppercut+1"],"picked":"Singing Bowl","floor":18.0},{"not_picked":["Perfected Strike+1"],"picked":"Singing Bowl","floor":19.0},{"not_picked":[],"picked":"Disarm+1","floor":20.0},{"not_picked":["Havoc+1"],"picked":"Singing Bowl","floor":21.0},{"not_picked":["Pommel Strike+1"],"picked":"Singing Bowl","floor":23.0},{"not_picked":["Dark Embrace"],"picked":"Singing Bowl","floor":25.0},{"not_picked":["Second Wind+1"],"picked":"Singing Bowl","floor":27.0},{"not_picked":["Warcry+1"],"picked":"Singing Bowl","floor":30.0},{"not_picked":["Battle Trance+1"],"picked":"Singing Bowl","floor":31.0},{"not_picked":["Exhume+1"],"picked":"Singing Bowl","floor":33.0},{"not_picked":["Pommel Strike+1"],"picked":"Singing Bowl","floor":35.0},{"not_picked":[],"picked":"Body Slam+1","floor":38.0},{"not_picked":["True Grit+1"],"picked":"Singing Bowl","floor":40.0},{"not_picked":["Twin Strike+1"],"picked":"Singing Bowl","floor":42.0},{"not_picked":["Clash+1"],"picked":"Singing Bowl","floor":44.0},{"not_picked":["Perfected Strike+1"],"picked":"Singing Bowl","floor":45.0},{"not_picked":["Pommel Strike+1"],"picked":"Singing Bowl","floor":47.0},{"not_picked":["Dropkick+1"],"picked":"Singing Bowl","floor":48.0},{"not_picked":["Whirlwind+1"],"picked":"Singing Bowl","floor":54}],"player_experience":1255191,"relics_obtained":[{"floor":8.0,"key":"Mango"},{"floor":9.0,"key":"TungstenRod"},{"floor":10.0,"key":"Singing Bowl"},{"floor":13.0,"key":"Old Coin"},{"floor":23.0,"key":"Vajra"},{"floor":25.0,"key":"MawBank"},{"floor":26.0,"key":"Kunai"},{"floor":30.0,"key":"Ginger"},{"floor":40.0,"key":"Whetstone"},{"floor":42.0,"key":"StrikeDummy"},{"floor":43.0,"key":"Pantograph"},{"floor":45.0,"key":"Thread and Needle"},{"floor":47.0,"key":"White Beast Statue"},{"floor":48.0,"key":"Torii"},{"floor":54,"key":"HornCleat"}],"event_choices":[{"cards_removed":["Strike_R"],"damage_healed":0.0,"max_hp_gain":0.0,"max_hp_loss":0.0,"gold_gain":0.0,"event_name":"Golden Wing","player_choice":"Card Removal","floor":2.0,"gold_loss":0.0,"damage_taken":7.0},{"damage_healed":0.0,"max_hp_gain":0.0,"max_hp_loss":0.0,"gold_gain":75.0,"event_name":"FaceTrader","player_choice":"Touch","floor":29.0,"gold_loss":0.0,"damage_taken":11.0},{"damage_healed":0.0,"max_hp_gain":0.0,"max_hp_loss":0.0,"gold_gain":0.0,"event_name":"The Woman in Blue","player_choice":"Bought 0 Potions","floor":37.0,"gold_loss":0.0,"damage_taken":0.0},{"damage_healed":0.0,"max_hp_gain":0.0,"max_hp_loss":0.0,"gold_gain":0.0,"event_name":"Upgrade Shrine","player_choice":"Upgraded","floor":41.0,"gold_loss":0.0,"damage_taken":0.0,"cards_upgraded":["Defend_R"]},{"damage_healed":0.0,"max_hp_gain":0.0,"max_hp_loss":0.0,"gold_gain":0.0,"event_name":"Mysterious Sphere","player_choice":"Fight","floor":48.0,"gold_loss":0.0,"damage_taken":0.0}],"is_beta":false,"boss_relics":[{"not_picked":["Black Star","Velvet Choker"],"picked":"Busted Crown"},{"not_picked":["Empty Cage","Astrolabe"],"picked":"Cursed Key"}],"items_purged_floors":[0,0,14,22,53],"is_endless":false,"potions_floor_spawned":[4,5,8,10,13,21,23,27,31,33,40,45,47,48,54],"ascension_level":10}}