{"host":"zrerxgu8lagrk16e","time":1611690954,"event":{"mods":["AchievementEnabler","BaseMod","Better Altar","Better Match","Better Note","Better Sensory Stone","Better Skull","Better Third Choice","Colored Map","Colored Powertips","Minty Spire (QoL Compilation)","Permanent Neow","Quick Restart","Relic Stats","StSLib","slay the spire mod where everything is the same but ironclad has a cowboy hat"],"gold_per_floor":[218,228,21,21,21,53,53,69,69,81,81,109,120,148,148,245,245,260,275,17,36,49,49,49],"floor_reached":23,"language":"ENG","playtime":1254,"items_purged":[],"score":256,"play_id":"f70c630f-64fe-4b83-bfff-ee01faed9d02","local_time":"20210126145554","is_ascension_mode":true,"campfire_choices":[{"floor":7,"key":"REST"},{"floor":11,"key":"REST"},{"floor":15,"key":"REST"}],"circlet_count":0,"master_deck":["Strike_P","Strike_P","Strike_P","Strike_P","Defend_P","Defend_P","Defend_P","Defend_P","Eruption","Vigilance","Prostrate","PathToVictory","MentalFortress","SandsOfTime","Apotheosis+1","Trip","PathToVictory","Prostrate","FlyingSleeves","ThirdEye","Tantrum","FlyingSleeves","Omniscience","Protect","EmptyBody","MentalFortress","ReachHeaven+1","Indignation"],"relics":["PureWater","Membership Card","Shuriken","Question Card","Anchor","Orichalcum","VioletLotus","Girya","Bronze Scales"],"acts_visited":["Exordium","TheCity"],"potions_floor_usage":[12,14,19,23,23],"damage_taken":[{"damage":14,"enemies":"2 Louse","floor":1,"turns":2},{"damage":7,"enemies":"Jaw Worm","floor":2,"turns":7},{"damage":26,"enemies":"3 Sentries","floor":6,"turns":8},{"damage":0,"enemies":"Cultist","floor":8,"turns":2},{"damage":6,"enemies":"Lots of Slimes","floor":10,"turns":3},{"damage":34,"enemies":"Gremlin Nob","floor":12,"turns":5},{"damage":0,"enemies":"Looter","floor":13,"turns":4},{"damage":16,"enemies":"Lagavulin","floor":14,"turns":5},{"damage":9,"enemies":"The Guardian","floor":16,"turns":7},{"damage":19,"enemies":"Spheric Guardian","floor":18,"turns":6},{"damage":0,"enemies":"Chosen","floor":19,"turns":3},{"damage":6,"enemies":"Snake Plant","floor":21,"turns":5},{"damage":12,"enemies":"Centurion and Healer","floor":22,"turns":8},{"damage":41,"enemies":"Book of Stabbing","floor":23,"turns":3}],"seed_played":"-8596634972595968758","potions_obtained":[{"floor":6,"key":"Weak Potion"},{"floor":12,"key":"PowerPotion"},{"floor":14,"key":"DistilledChaos"},{"floor":16,"key":"BottledMiracle"},{"floor":19,"key":"Energy Potion"},{"floor":21,"key":"Dexterity Potion"}],"is_trial":false,"path_per_floor":["M","M","$","?","?","E","R","M","T","M","R","E","M","E","R","B",null,"M","M","$","M","M","E"],"character_chosen":"WATCHER","items_purchased":["Membership Card","MentalFortress","SandsOfTime","Girya","Bronze Scales","MentalFortress"],"campfire_rested":3,"item_purchase_floors":[3,3,3,20,20,20],"current_hp_per_floor":[58,51,51,51,51,25,46,46,46,40,61,27,27,11,32,23,72,53,53,53,47,35,0,0],"gold":49,"neow_bonus":"HUNDRED_GOLD","is_daily":false,"chose_seed":false,"campfire_upgraded":0,"win_rate":0.0,"timestamp":1611690954,"path_taken":["M","M","$","?","?","E","R","M","T","M","R","E","?","E","R","BOSS","M","M","?","M","?","E"],"items_purchased_type":["Relic","Card","Card","Relic","Relic","Card"],"build_version":"2020-12-22","purchased_purges":0,"victory":false,"max_hp_per_floor":[72,72,72,72,72,72,72,72,72,72,72,72,72,72,72,72,72,72,72,72,72,72,72,72],"relic_stats":{"counters":[14,68],"Shuriken":[5],"Bronze Scales":[48],"VioletLotus":[2],"Orichalcum":[18],"Question Card":9,"obtain_stats":[{"Girya":20,"Anchor":12,"Shuriken":6,"Bronze Scales":20,"VioletLotus":17,"Membership Card":3,"PureWater":0,"Orichalcum":14,"Question Card":9},{"Girya":11,"Anchor":6,"Shuriken":3,"Bronze Scales":11,"VioletLotus":9,"Membership Card":2,"PureWater":0,"Orichalcum":8,"Question Card":4},{"Girya":52,"Anchor":27,"Shuriken":17,"Bronze Scales":52,"VioletLotus":43,"Membership Card":9,"PureWater":0,"Orichalcum":36,"Question Card":19}]},"card_choices":[{"not_picked":["EmptyFist","EmptyBody"],"picked":"Prostrate","floor":1},{"not_picked":["CrushJoints","Study"],"picked":"PathToVictory","floor":2},{"not_picked":["Secret Weapon","Enlightenment"],"picked":"Trip","floor":5},{"not_picked":["Evaluate","FlurryOfBlows"],"picked":"PathToVictory","floor":6},{"not_picked":["Evaluate","Tantrum"],"picked":"Prostrate","floor":8},{"not_picked":["CutThroughFate","CrushJoints","Fasting2"],"picked":"FlyingSleeves","floor":10},{"not_picked":["FollowUp","EmptyFist","Halt"],"picked":"ThirdEye","floor":12},{"not_picked":["LikeWater","ClearTheMind","ThirdEye"],"picked":"Tantrum","floor":13},{"not_picked":["WheelKick","TalkToTheHand","Crescendo"],"picked":"FlyingSleeves","floor":14},{"not_picked":["Vault","ConjureBlade","Devotion"],"picked":"Omniscience","floor":16},{"not_picked":["Evaluate+1","Consecrate+1","Crescendo"],"picked":"Protect","floor":18},{"not_picked":["Sanctity+1","FlyingSleeves","ThirdEye"],"picked":"EmptyBody","floor":19},{"not_picked":["CrushJoints","Pray","Perseverance"],"picked":"ReachHeaven+1","floor":21},{"not_picked":["CutThroughFate","ClearTheMind","SashWhip"],"picked":"Indignation","floor":22}],"player_experience":164979,"relics_obtained":[{"floor":6,"key":"Shuriken"},{"floor":9,"key":"Question Card"},{"floor":12,"key":"Anchor"},{"floor":14,"key":"Orichalcum"}],"event_choices":[{"damage_healed":51,"gold_gain":0,"player_choice":"Embrace","damage_taken":0,"max_hp_gain":0,"max_hp_loss":72,"event_name":"betterThird:BetterShining","floor":4,"gold_loss":0},{"damage_healed":0,"gold_gain":1,"player_choice":"1","damage_taken":0,"max_hp_gain":0,"max_hp_loss":0,"event_name":"betterStone:BetterStone","floor":5,"gold_loss":0}],"is_beta":false,"boss_relics":[{"not_picked":["Calling Bell","Velvet Choker"],"picked":"VioletLotus"}],"items_purged_floors":[],"is_endless":false,"potions_floor_spawned":[6,12,14,16,19,21],"killed_by":"Book of Stabbing","ascension_level":4}}