{"host":"oz0i1fpezyhy8r2h","time":1611650981,"event":{"mods":["ATMod(°¢èªMod)","Act Like it!","Arknights The Spire","BaseMod","KinomotoSakuraMod(Ä¾Ö®±¾Ó£)","Minty Spire (QoL Compilation)","StSLib","The Bug Knight","¡¾ÒÅÎï¿¨ÅÆ¡¿REMEMod"],"gold_per_floor":[113,131,56,72,86,115,132,143,143,143,168,185,210,38,38,133,133,152,152,113,127,140,140,140,168,216,247,261,295,20,55,55,152,152,152],"floor_reached":34,"language":"ZHS","playtime":1498,"items_purged":["ClowCardTheSword","ClowCardTheShield","ClowCardTheShield"],"score":812,"play_id":"1de42fb9-1759-40b7-bf47-baf177ee46ca","local_time":"20210126164941","daily_mods":["Vintage","Heirloom","Time Dilation","Flight"],"is_ascension_mode":true,"campfire_choices":[{"floor":10,"key":"REST"},{"data":"ClowCardTheFly","floor":15,"key":"SMITH"},{"data":"ClowCardTheFlower","floor":23,"key":"SMITH"},{"data":"ClowCardTheLight","floor":24,"key":"SMITH"},{"data":"ClowCardTheFight","floor":32,"key":"SMITH"}],"circlet_count":0,"master_deck":["SakuraCardTheLoop+","ClowCardTheRain","ClowCardTheTwin","ClowCardTheFight+1","SakuraCardTheSword+","ClowCardTheSword","ClowCardTheSword","ClowCardTheShield","ClowCardTheShield","SpellCardSeal","SpellCardRelease","ClowCardTheMirror","ClowCardTheFly+1","ClowCardTheLight+1","ClowCardTheFlower+1","ClowCardTheArrow+1"],"relics":["KSMOD_SealedBook","KSMOD_SealedWand","AT_ATBox","REME_ComplimentaryCards","KSMOD_MoonBell","AT_RedNoBalance","AT_SunfireAegis","AT_ImmortalShieldbow","AT_ForceNature","Question Card","Shuriken","Pear","Mercury Hourglass","KSMOD_YukitosBentoBox","KSMOD_Compass","Busted Crown","Toy Ornithopter","Matryoshka","Art of War","CaptainsWheel","Bag of Preparation","AT_ArchangelStaff","Happy Flower","Dream Catcher","White Beast Statue","Omamori","KSMOD_Cerberus","KSMOD_DarknessWand"],"acts_visited":["Exordium","TheCity","TheBeyond"],"potions_floor_usage":[7],"damage_taken":[{"damage":1,"enemies":"Cultist","floor":1,"turns":3},{"damage":0,"enemies":"2 Louse","floor":2,"turns":3},{"damage":0,"enemies":"Jaw Worm","floor":4,"turns":2},{"damage":6,"enemies":"Large Slime","floor":5,"turns":7},{"damage":0,"enemies":"Gremlin Nob","floor":6,"turns":2},{"damage":21,"enemies":"Blue Slaver","floor":7,"turns":4},{"damage":0,"enemies":"Looter","floor":8,"turns":1},{"damage":0,"enemies":"3 Sentries","floor":11,"turns":4},{"damage":3,"enemies":"Exordium Wildlife","floor":12,"turns":4},{"damage":0,"enemies":"Lagavulin","floor":13,"turns":2},{"damage":0,"enemies":"Slime Boss","floor":16,"turns":2},{"damage":0,"enemies":"3 Byrds","floor":18,"turns":3},{"damage":20,"enemies":"2 Thieves","floor":21,"turns":2},{"damage":22,"enemies":"Snecko","floor":22,"turns":4},{"damage":0,"enemies":"Gremlin Leader","floor":25,"turns":1},{"damage":0,"enemies":"Slavers","floor":27,"turns":2},{"damage":0,"enemies":"Snake Plant","floor":28,"turns":1},{"damage":0,"enemies":"Book of Stabbing","floor":29,"turns":1},{"damage":14,"enemies":"Slavers","floor":31,"turns":2},{"damage":0,"enemies":"Collector","floor":33,"turns":1}],"seed_played":"-6359222539633522593","potions_obtained":[{"floor":2,"key":"Explosive Potion"},{"floor":5,"key":"GamblersBrew"},{"floor":6,"key":"SteroidPotion"},{"floor":7,"key":"Fruit Juice"},{"floor":25,"key":"Fire Potion"},{"floor":31,"key":"KSMOD_MagickBottle"}],"is_trial":true,"path_per_floor":["M","M","$","M","M","E","M","M","T","R","E","M","E","$","R","B",null,"M","?","$","M","M","R","R","E","T","E","M","E","$","E","R","B",null],"character_chosen":"KINOMOTOSAKURA","items_purchased":["ClowCardTheFly","ClowCardTheLoop","Omamori"],"campfire_rested":1,"item_purchase_floors":[14,20,30],"current_hp_per_floor":[70,37,37,36,32,37,26,37,47,72,43,41,42,42,42,42,85,85,85,85,66,47,47,47,48,48,51,52,53,53,40,40,41,85,85],"gold":152,"neow_bonus":"","is_daily":false,"chose_seed":false,"campfire_upgraded":4,"win_rate":0.0,"timestamp":1611650981,"path_taken":["M","M","?","M","M","E","M","M","T","R","E","M","E","$","R","BOSS","M","?","$","M","M","R","R","E","T","E","M","E","$","E","R","BOSS"],"items_purchased_type":["Card","Card","Relic"],"build_version":"2020-12-22","purchased_purges":3,"victory":false,"max_hp_per_floor":[70,70,70,70,70,70,75,75,85,85,85,85,85,85,85,85,85,85,85,85,85,85,85,85,85,85,85,85,85,85,85,85,85,85,85],"card_choices":[{"not_picked":["ClowCardTheArrow","ClowCardTheRain"],"picked":"ClowCardTheMirror","floor":6},{"not_picked":["ClowCardTheSnow","ClowCardTheMaze","ClowCardTheSleep","ClowCardTheArrow"],"picked":"SKIP","floor":11},{"not_picked":["ClowCardTheSong","ClowCardTheSand","ClowCardTheWave","ClowCardTheShadow"],"picked":"SKIP","floor":13},{"not_picked":["ClowCardTheTwin","ClowCardTheFight","ClowCardTheReturn"],"picked":"ClowCardTheLight","floor":16},{"not_picked":["ClowCardTheVoice","ClowCardTheSleep"],"picked":"SKIP","floor":25},{"not_picked":["ClowCardTheEarthy","ClowCardTheLittle"],"picked":"SKIP","floor":27},{"not_picked":["ClowCardTheLock"],"picked":"ClowCardTheArrow+1","floor":29},{"not_picked":["ClowCardTheFreeze","ClowCardTheThunder"],"picked":"SKIP","floor":31}],"player_experience":83001,"relics_obtained":[{"floor":1,"key":"AT_SilverBalance"},{"floor":2,"key":"AT_SunfireAegis"},{"floor":5,"key":"AT_ImmortalShieldbow"},{"floor":6,"key":"AT_ForceNature"},{"floor":7,"key":"Question Card"},{"floor":8,"key":"Shuriken"},{"floor":9,"key":"Pear"},{"floor":11,"key":"Mercury Hourglass"},{"floor":12,"key":"KSMOD_YukitosBentoBox"},{"floor":13,"key":"KSMOD_Compass"},{"floor":18,"key":"Toy Ornithopter"},{"floor":21,"key":"Matryoshka"},{"floor":22,"key":"Art of War"},{"floor":25,"key":"CaptainsWheel"},{"floor":26,"key":"Bag of Preparation"},{"floor":26,"key":"AT_ArchangelStaff"},{"floor":27,"key":"Happy Flower"},{"floor":28,"key":"Dream Catcher"},{"floor":29,"key":"White Beast Statue"},{"floor":31,"key":"KSMOD_Cerberus"}],"event_choices":[{"damage_healed":0,"gold_gain":0,"player_choice":"Read","damage_taken":0,"max_hp_gain":0,"max_hp_loss":0,"event_name":"The Library","floor":19,"gold_loss":0,"cards_obtained":["ClowCardTheFlower"]}],"is_beta":false,"boss_relics":[{"not_picked":["Fusion Hammer","Ectoplasm"],"picked":"Busted Crown"},{"not_picked":["REME_DemonsWealth","AT_TrinityForce"],"picked":"KSMOD_DarknessWand"}],"items_purged_floors":[3,14,30],"is_endless":false,"potions_floor_spawned":[2,5,6,7,25,29,31,33],"ascension_level":1}}