{"host":"kdt6w7ix8lwe69i9","time":1611677741,"event":{"mods":["100% Spire Juice","Bartender","BaseMod","ChefMod","Downfall","Evolution","Fiend Mod","Jorbs\u0027s Wanderer Trilogy","Minty Spire (QoL Compilation)","Reimu（博丽灵梦）","Robot Space Explorer","Shade Mod","StSLib","The Caster","The Cursed","The Disciple","The Dragon Tamer","The Druid","The Fake Hero","The Forsaken","The Gatherer","The Marked","TheBandit","TheSwordswoman"],"gold_per_floor":[113,123,140,140,157,157,187,51,51,51,69,69,80,94,94,193,193,209,159,178,4,23,23,23,23,23],"floor_reached":24,"language":"ENG","playtime":3215,"items_purged":[],"score":250,"play_id":"667cf867-74a8-465a-8439-2136d934fdba","local_time":"20210126111541","is_ascension_mode":false,"campfire_choices":[{"floor":6,"key":"REST"},{"floor":15,"key":"REST"},{"floor":23,"key":"REST"}],"circlet_count":0,"master_deck":["wariomod:Strike","wariomod:Strike","wariomod:Strike","wariomod:Strike","wariomod:Defend","wariomod:Defend","wariomod:Defend","wariomod:Step","wariomod:Leap","Magnetism+1","wariomod:SmallSprint","wariomod:Game","wariomod:SimpleShield","wariomod:WhirlwindBurst","wariomod:BoomAndDoom","wariomod:Hopshield","wariomod:DisarmingMoves","wariomod:DoubleDip","wariomod:Goblast","wariomod:DeepDig","wariomod:ThatsNotAll","wariomod:KeyFinisher","wariomod:SmackSlam","wariomod:Boomsmack","wariomod:BoomBoom","wariomod:SilenceBombs"],"relics":["wariomod:TheHat","EVO:Axolotl","CrazyTorch:ReiMu","Mummified Hand","White Beast Statue","theForsaken:PaleLantern","Lantern"],"acts_visited":["Exordium","TheCity"],"potions_floor_usage":[7,7,16,16,16,22,22,24,24],"damage_taken":[{"damage":9,"enemies":"2 Louse","floor":1,"turns":3},{"damage":9,"enemies":"Small Slimes","floor":2,"turns":4},{"damage":1,"enemies":"Cultist","floor":3,"turns":4},{"damage":11,"enemies":"Lots of Slimes","floor":5,"turns":4},{"damage":48,"enemies":"Gremlin Nob","floor":7,"turns":5},{"damage":6,"enemies":"3 Louse","floor":11,"turns":3},{"damage":0,"enemies":"Exordium Thugs","floor":13,"turns":3},{"damage":0,"enemies":"Large Slime","floor":14,"turns":3},{"damage":0,"enemies":"Slime Boss","floor":16,"turns":4},{"damage":13,"enemies":"Shell Parasite","floor":18,"turns":4},{"damage":24,"enemies":"Spheric Guardian","floor":20,"turns":5},{"damage":40,"enemies":"Snake Plant","floor":22,"turns":6},{"damage":47,"enemies":"Slavers","floor":24,"turns":3}],"seed_played":"-1212861318238319109","potions_obtained":[{"floor":2,"key":"Strength Potion"},{"floor":7,"key":"Fruit Juice"},{"floor":11,"key":"CultistPotion"},{"floor":13,"key":"PowerPotion"},{"floor":14,"key":"CultistPotion"},{"floor":16,"key":"PowerPotion"},{"floor":18,"key":"Explosive Potion"},{"floor":20,"key":"Energy Potion"},{"floor":22,"key":"Regen Potion"}],"is_trial":false,"path_per_floor":["M","M","M","?","M","R","E","$","T","?","M","?","M","M","R","B",null,"M","?","M","$","M","R","E"],"character_chosen":"THE_BANDIT","items_purchased":["wariomod:Hopshield","wariomod:DisarmingMoves","wariomod:DoubleDip","Lantern","wariomod:BoomBoom"],"campfire_rested":3,"item_purchase_floors":[8,8,8,21,21],"current_hp_per_floor":[71,62,61,55,44,68,25,25,25,25,19,19,19,19,44,44,85,72,72,48,48,8,33,0,0,0],"gold":23,"neow_bonus":"RANDOM_COLORLESS_2","is_daily":false,"chose_seed":false,"campfire_upgraded":0,"win_rate":0.0,"timestamp":1611677741,"path_taken":["M","M","M","?","M","R","E","$","T","?","M","?","?","?","R","BOSS","M","?","M","?","M","R","E"],"items_purchased_type":["Card","Card","Card","Relic","Card"],"build_version":"2020-12-22","purchased_purges":0,"victory":false,"max_hp_per_floor":[80,80,80,80,80,80,85,85,85,85,85,85,85,85,85,85,85,85,85,85,85,85,85,85,85,85],"card_choices":[{"not_picked":["Panache","HandOfGreed"],"picked":"Magnetism","floor":0},{"not_picked":["wariomod:SimpleShield","wariomod:DoubleDash"],"picked":"wariomod:SmallSprint","floor":1},{"not_picked":["wariomod:SmackSlam","wariomod:DoubleDash"],"picked":"wariomod:Game","floor":2},{"not_picked":["wariomod:Goblast","wariomod:SpikeSlash"],"picked":"wariomod:SimpleShield","floor":3},{"not_picked":["wariomod:Immortalize","wariomod:Smackflip"],"picked":"wariomod:WhirlwindBurst","floor":5},{"not_picked":["wariomod:Immortalize","wariomod:ThatsNotAll"],"picked":"wariomod:BoomAndDoom","floor":7},{"not_picked":["wariomod:DanceDash","wariomod:DoubleDash"],"picked":"wariomod:Goblast","floor":11},{"not_picked":["wariomod:AwfulLook","wariomod:SimpleShield"],"picked":"wariomod:DeepDig","floor":13},{"not_picked":["wariomod:ChargeForth","wariomod:Hopshield"],"picked":"wariomod:ThatsNotAll","floor":14},{"not_picked":["wariomod:SpacialMastery","wariomod:GoAgain"],"picked":"wariomod:KeyFinisher","floor":16},{"not_picked":["wariomod:TempestBlasts","wariomod:SpikeSlash"],"picked":"wariomod:SmackSlam","floor":18},{"not_picked":["wariomod:ImFeelingLucky","wariomod:HappyHop"],"picked":"wariomod:Boomsmack","floor":20},{"not_picked":["wariomod:Goblast","wariomod:TempestBlasts"],"picked":"wariomod:SilenceBombs","floor":22}],"player_experience":1895227,"relics_obtained":[{"floor":7,"key":"CrazyTorch:ReiMu"},{"floor":9,"key":"Mummified Hand"}],"event_choices":[{"damage_healed":0,"gold_gain":0,"player_choice":"Searched \u00271\u0027 times","damage_taken":0,"relics_obtained":["White Beast Statue"],"max_hp_gain":0,"max_hp_loss":0,"event_name":"Dead Adventurer","floor":10,"gold_loss":0},{"cards_removed":["wariomod:Defend"],"damage_healed":0,"gold_gain":0,"player_choice":"Offered Basic","damage_taken":0,"max_hp_gain":0,"max_hp_loss":0,"event_name":"Bonfire Elementals","floor":12,"gold_loss":0},{"damage_healed":0,"gold_gain":0,"player_choice":"Bet on Murderer","damage_taken":0,"max_hp_gain":0,"max_hp_loss":0,"event_name":"The Joust","floor":19,"gold_loss":50}],"is_beta":false,"boss_relics":[{"not_picked":["Coffee Dripper","Snecko Eye"],"picked":"theForsaken:PaleLantern"}],"items_purged_floors":[],"is_endless":false,"potions_floor_spawned":[2,7,11,13,14,16,18,20,22],"killed_by":"Slavers","ascension_level":0}}