{"host":"42xf941fomyavgzy","time":1611669584,"event":{"mods":["Act Like it!","BaseMod","Colored Map","KinomotoSakuraMod(–Ø”V–{?)","Minty Spire (QoL Compilation)","Shop Mod","StSLib","SuperFastMode","The Cursed"],"gold_per_floor":[111,124,124,72,88,88,118,129,152,72,37,37,62,80,80,80,80],"floor_reached":16,"language":"JPN","playtime":1026,"items_purged":[],"score":149,"play_id":"85976af7-aac7-418d-979f-61886b067961","local_time":"20210126225944","is_ascension_mode":true,"campfire_choices":[{"data":"Magnetism","floor":6,"key":"SMITH"},{"data":"True Grit","floor":12,"key":"SMITH"},{"data":"Seeing Red","floor":15,"key":"SMITH"}],"circlet_count":0,"master_deck":["Strike_R","Strike_R","Strike_R","Strike_R","Strike_R","Defend_R","Defend_R","Defend_R","Defend_R","Bash","Magnetism+1","Shrug It Off","Flame Barrier","Bash","Jack Of All Trades","True Grit+1","Dropkick","Shrug It Off","Cleave","Seeing Red+1","Uppercut","Offering"],"relics":["Burning Blood","Anchor","Boot","Bag of Preparation"],"acts_visited":["Exordium"],"potions_floor_usage":[13,14,16,16],"damage_taken":[{"damage":8,"enemies":"Small Slimes","floor":1,"turns":7},{"damage":2,"enemies":"Cultist","floor":2,"turns":4},{"damage":1,"enemies":"2 Louse","floor":5,"turns":4},{"damage":61,"enemies":"Gremlin Nob","floor":7,"turns":6},{"damage":4,"enemies":"Blue Slaver","floor":8,"turns":5},{"damage":21,"enemies":"Lagavulin","floor":13,"turns":9},{"damage":0,"enemies":"3 Louse","floor":14,"turns":3},{"damage":32,"enemies":"Hexaghost","floor":16,"turns":14}],"seed_played":"-2743878054539055166","potions_obtained":[{"floor":5,"key":"FearPotion"},{"floor":7,"key":"GamblersBrew"},{"floor":13,"key":"DistilledChaos"},{"floor":14,"key":"BlessingOfTheForge"}],"is_trial":false,"path_per_floor":["M","M","?","$","M","R","E","M","T","$","?","R","E","M","R","B"],"character_chosen":"IRONCLAD","items_purchased":["True Grit","Seeing Red"],"campfire_rested":0,"item_purchase_floors":[4,10],"current_hp_per_floor":[70,72,72,72,72,72,17,19,19,19,37,37,22,28,28,0,0],"gold":80,"neow_bonus":"RANDOM_COLORLESS_2","is_daily":false,"chose_seed":false,"campfire_upgraded":3,"win_rate":0.0,"timestamp":1611669584,"path_taken":["M","M","?","$","M","R","E","M","T","?","?","R","E","M","R","BOSS"],"items_purchased_type":["Card","Card"],"build_version":"2020-12-22","purchased_purges":0,"victory":false,"max_hp_per_floor":[72,72,72,72,72,72,72,72,72,72,72,72,72,72,72,72,72],"card_choices":[{"not_picked":["Sadistic Nature","Thinking Ahead"],"picked":"Magnetism","floor":0},{"not_picked":["Headbutt","Clothesline"],"picked":"Shrug It Off","floor":1},{"not_picked":["Evolve","Wild Strike"],"picked":"Flame Barrier","floor":2},{"not_picked":["Combust","Clothesline"],"picked":"Dropkick","floor":5},{"not_picked":["Rupture","Entrench"],"picked":"Shrug It Off","floor":7},{"not_picked":["Havoc","Ghostly Armor"],"picked":"Cleave","floor":8},{"not_picked":["Headbutt","Cleave"],"picked":"Uppercut","floor":13},{"not_picked":["Iron Wave","Dropkick"],"picked":"Offering","floor":14}],"player_experience":428998,"relics_obtained":[{"floor":7,"key":"Anchor"},{"floor":9,"key":"Boot"},{"floor":13,"key":"Bag of Preparation"}],"event_choices":[{"damage_healed":0,"gold_gain":0,"player_choice":"2 cards matched","damage_taken":0,"max_hp_gain":0,"max_hp_loss":0,"event_name":"Match and Keep!","floor":3,"gold_loss":0,"cards_obtained":["Bash","Jack Of All Trades"]},{"damage_healed":18,"gold_gain":0,"player_choice":"Healed","damage_taken":0,"max_hp_gain":0,"max_hp_loss":0,"event_name":"The Cleric","floor":11,"gold_loss":35}],"is_beta":false,"boss_relics":[],"items_purged_floors":[],"is_endless":false,"potions_floor_spawned":[5,7,13,14],"killed_by":"Hexaghost","ascension_level":7}}