{"host":"xi8yg1ddhptuxb9d","time":1611686492,"event":{"mods":["AchievementEnabler","AlwaysNeverKeys","BaseMod","Block Reminder","Minty Spire (QoL Compilation)","Relic Sorter","StSLib"],"gold_per_floor":[109,119,119,133,147,147,147],"floor_reached":6,"language":"ENG","playtime":269,"items_purged":[],"score":76,"play_id":"ab5dd405-1141-4a1b-bc31-db550e37c4b4","local_time":"20210126134132","is_ascension_mode":true,"campfire_choices":[],"circlet_count":0,"master_deck":["AscendersBane","Strike_P","Strike_P","Strike_P","Strike_P","Defend_P","Defend_P","Defend_P","Defend_P","Eruption","Vigilance","Parasite","CutThroughFate","EmptyBody","SandsOfTime","MentalFortress","Evaluate","Consecrate","Establishment"],"relics":["PureWater","Prayer Wheel"],"acts_visited":["Exordium"],"potions_floor_usage":[6,6],"damage_taken":[{"damage":1.0,"enemies":"Small Slimes","floor":1.0,"turns":3.0},{"damage":6.0,"enemies":"Cultist","floor":2.0,"turns":4.0},{"damage":11.0,"enemies":"Jaw Worm","floor":4.0,"turns":4.0},{"damage":28,"enemies":"Lots of Slimes","floor":5,"turns":5},{"damage":19,"enemies":"Gremlin Nob","floor":6,"turns":3}],"seed_played":"6053237496425792633","potions_obtained":[{"floor":3.0,"key":"Dexterity Potion"},{"floor":3.0,"key":"Dexterity Potion"}],"is_trial":false,"path_per_floor":["M","M","?","M","M","E"],"character_chosen":"WATCHER","items_purchased":[],"campfire_rested":0,"item_purchase_floors":[],"current_hp_per_floor":[60,54,54,43,15,0,0],"gold":147,"neow_bonus":"ONE_RARE_RELIC","is_daily":false,"chose_seed":false,"campfire_upgraded":0,"win_rate":0.0,"timestamp":1611686492,"path_taken":["M","M","?","M","M","E"],"items_purchased_type":[],"build_version":"2020-12-22","purchased_purges":0,"victory":false,"max_hp_per_floor":[68,68,68,68,68,68,68],"card_choices":[{"not_picked":["Adaptation","Prostrate"],"picked":"CutThroughFate","floor":1.0},{"not_picked":["CutThroughFate","Crescendo"],"picked":"EmptyBody","floor":1.0},{"not_picked":["Halt","FollowUp"],"picked":"SandsOfTime","floor":2.0},{"not_picked":["Halt","ThirdEye"],"picked":"MentalFortress","floor":2.0},{"not_picked":["Prostrate","EmptyBody"],"picked":"Evaluate","floor":4.0},{"not_picked":["EmptyBody","WindmillStrike"],"picked":"Consecrate","floor":4.0},{"not_picked":["FlyingSleeves","WreathOfFlame"],"picked":"Establishment","floor":5},{"not_picked":["Prostrate","Halt","WreathOfFlame"],"picked":"SKIP","floor":5}],"player_experience":674453,"relics_obtained":[],"event_choices":[{"damage_healed":0.0,"max_hp_gain":0.0,"max_hp_loss":0.0,"gold_gain":0.0,"event_name":"Lab","player_choice":"Got Potions","floor":3.0,"gold_loss":0.0,"damage_taken":0.0}],"is_beta":false,"boss_relics":[],"items_purged_floors":[],"is_endless":false,"potions_floor_spawned":[],"killed_by":"Gremlin Nob","ascension_level":20}}