{"host":"bxdue9bkfm2khp2x","time":1611646347,"event":{"mods":["ATMod(阿瑾Mod)","Arknights The Spire","Aspiration","BaseMod","Better Vampires","Challenge The Spire","Colored Map","Colored Powertips","Conspire","Decade(王小明)","Dota2Spire","Highlight Path","Minty Spire (QoL Compilation)","MostiFishMod","Remilia（蕾米莉亚）","Replay The Spire","RumiaBox-露米娅的神秘盒子","Ryuuou龙王","Spicy Shops","StSLib","Td1madao Mod","The Alterego","The Bug Knight","The Cursed","The Servant 0.9.4","WarShipGirlsR/战舰少女R mod","noobMod","【功能Mod】混沌之环修复补丁","【遗物卡牌】REMEMod","篝火指南"],"gold_per_floor":[111,111,130,150,168,168,168,223,223,237,237,247,247,282,282,387,387,406,406,426,445,2,35,35,46,46,94,94,111,111,111,111,211,211,228,245,245,245,245,245,20,20,92,108,126,126,136,149,149,149],"floor_reached":51,"language":"ZHS","playtime":2538,"items_purged":["ats:Defend","ats:Strike S","ats:Defend"],"score":936,"play_id":"bb40591c-1836-470c-8fb5-8e13bc4f816b","local_time":"20210126153227","is_ascension_mode":true,"campfire_choices":[{"data":"ats:Thorns","floor":6.0,"key":"SMITH"},{"data":"ats:Cat Scratch","floor":11.0,"key":"SMITH"},{"data":"ats:Part Time Job","floor":13.0,"key":"SMITH"},{"data":"ats:Shell Defense","floor":15.0,"key":"SMITH"},{"data":"ats:Blood Oath","floor":24,"key":"SMITH"},{"data":"ats:Soul Rend","floor":28,"key":"SMITH"},{"data":"ats:True Silver Slash","floor":30,"key":"SMITH"},{"data":"ats:Fractured Body","floor":32,"key":"SMITH"},{"data":"ats:Echo Reverb","floor":40,"key":"SMITH"},{"data":"ats:Armor Crushing Shot","floor":42,"key":"SMITH"},{"data":"ats:Red Shift","floor":46,"key":"SMITH"},{"data":"ats:Defend","floor":49,"key":"SMITH"}],"circlet_count":0,"master_deck":["ats:Strike G","ats:Armor Crushing Shot+1","ats:Defend+1","ats:Emotion Absorption+1","Moon Tear+1","ats:Soul Rend+1","ats:Thorns+1","ats:Red Shift+1","ats:Fractured Body+1","ats:Cat Scratch+1","ats:Part Time Job+1","ats:Shell Defense+1","ats:True Silver Slash+1","ats:Blood Oath+1","ats:Echo Reverb+1","ats:Thorns+1"],"relics":["ats:Sanity","DaveBox","REME_ComplimentaryCards","ice","AT_ATBox","Civilization","SynthV:TestCard","Simple Rune","Tiny Chest","ats:Originium","ScarletDevilRocket","ShadowXiaoBlade","Dota2Spire:Butterfly","Oddly Smooth Stone","ReplayTheSpireMod:Lightbulb","Garlic","conspire:TopHat","Coffee Dripper","MealTicket","Ginger","Divine Protection"],"acts_visited":["Exordium","TheCity","TheBeyond"],"potions_floor_usage":[20,50,50],"damage_taken":[{"damage":0.0,"enemies":"conspire:RoseBush","floor":1.0,"turns":6.0},{"damage":1.0,"enemies":"Cultist","floor":3.0,"turns":5.0},{"damage":2.0,"enemies":"Small Slimes","floor":4.0,"turns":5.0},{"damage":0.0,"enemies":"Red Slaver","floor":5.0,"turns":3.0},{"damage":0.0,"enemies":"Gremlin Nob","floor":8.0,"turns":2.0},{"damage":7.0,"enemies":"Gremlin Gang","floor":10.0,"turns":3.0},{"damage":11.0,"enemies":"conspire:2 RoseBushes","floor":12.0,"turns":2.0},{"damage":0.0,"enemies":"Gremlin Nob","floor":14.0,"turns":1.0},{"damage":5.0,"enemies":"Hexaghost","floor":16.0,"turns":8.0},{"damage":22,"enemies":"2 Thieves","floor":18,"turns":3},{"damage":0,"enemies":"3 Byrds","floor":20,"turns":3},{"damage":2,"enemies":"Cultist and Chosen","floor":21,"turns":4},{"damage":0,"enemies":"Gremlin Leader","floor":23,"turns":5},{"damage":0,"enemies":"Snake Plant","floor":25,"turns":3},{"damage":0,"enemies":"Centurion and Healer","floor":29,"turns":4},{"damage":4,"enemies":"Champ","floor":33,"turns":7},{"damage":16,"enemies":"3 Shapes","floor":35,"turns":2},{"damage":0,"enemies":"Orb Walker","floor":36,"turns":2},{"damage":0,"enemies":"Transient","floor":44,"turns":5},{"damage":27,"enemies":"Writhing Mass","floor":45,"turns":3},{"damage":8,"enemies":"4 Shapes","floor":47,"turns":4},{"damage":0,"enemies":"Spire Growth","floor":48,"turns":3},{"damage":2,"enemies":"Donu and Deca","floor":50,"turns":6}],"seed_played":"8530722787266756782","potions_obtained":[{"floor":5.0,"key":"Adrenaline Potion"},{"floor":12.0,"key":"Adrenaline Potion"},{"floor":16.0,"key":"EssenceOfSteel"},{"floor":18,"key":"Weak Potion"},{"floor":21,"key":"Block Potion"},{"floor":23,"key":"BlessingOfTheForge"}],"is_trial":false,"path_per_floor":["M","?","M","M","M","R","?","?","T","M","R","M","R","E","R","B",null,"M","?","M","M","$","E","R","M","T","T","R","M","R","?","R","B",null,"M","M","?","T","?","R","$","R","T","M","M","R","M","M","R","B",null],"character_chosen":"DOCTOR_CLASS","items_purchased":["Dota2Spire:Butterfly","Oddly Smooth Stone"],"campfire_rested":0,"item_purchase_floors":[22,22],"current_hp_per_floor":[73,73,74,78,84,84,84,89,89,89,89,83,83,96,96,109,109,92,92,99,124,124,129,129,134,134,134,134,139,139,139,139,144,144,149,154,154,154,154,154,154,154,154,159,144,144,154,170,170,179],"gold":149,"neow_bonus":"UPGRADE_CARD","is_daily":false,"chose_seed":false,"campfire_upgraded":12,"win_rate":0.0,"timestamp":1611646347,"path_taken":["M","?","?","M","M","R","?","?","T","M","R","M","R","E","R","BOSS","M","?","?","M","$","E","R","?","T","?","R","?","R","?","R","BOSS","M","M","?","?","?","R","$","R","T","M","M","R","M","M","R","BOSS"],"items_purchased_type":["Relic","Relic"],"build_version":"2020-12-22","purchased_purges":3,"victory":true,"max_hp_per_floor":[73,73,75,79,84,84,84,89,89,94,94,99,99,104,104,109,109,114,114,119,124,124,129,129,134,134,134,134,139,139,139,139,144,144,149,154,154,154,154,154,154,154,154,159,164,164,169,174,174,179],"card_choices":[{"not_picked":["ats:Encircling Forest","ats:Closed Bolt Burst Fire","ats:Explosion Area Strengthen"],"picked":"SKIP","floor":1.0},{"not_picked":["ats:Hammer On","ats:Assault Order","ats:Consecutive Shot Auto","ats:Soul Absorption"],"picked":"ats:Thorns","floor":3.0},{"not_picked":["ats:Collapsing Strike","ats:Thorns","ats:Guard Mode","ats:Healing Strengthening"],"picked":"ats:Red Shift","floor":4.0},{"not_picked":["ats:Flexible Camouflage","ats:Assault Order","ats:Absolute Focus","ats:Hammer On"],"picked":"ats:Fractured Body","floor":5.0},{"not_picked":["ats:Closed Bolt Burst Fire","ats:Leaping Hammer","ats:Collapsing Strike","ats:Revitalization"],"picked":"ats:Cat Scratch","floor":10.0},{"not_picked":["ats:Cat Scratch","ats:Rapid Magazine","ats:Explosion Area Strengthen","ats:Directed Diagnosis"],"picked":"ats:Part Time Job","floor":12.0},{"not_picked":["ats:Collapsing Strike","ats:Healing Drone","ats:Guard Mode","ats:Overload"],"picked":"ats:Shell Defense","floor":14.0},{"not_picked":["ats:Ambush","ats:Rat Pack","ats:Calcification","ats:Durian"],"picked":"ats:True Silver Slash","floor":16.0},{"not_picked":["ats:Leaping Hammer","ats:Soul Absorption","ats:Consecutive Shot Auto","ats:Curse Doll+1"],"picked":"ats:Blood Oath","floor":18},{"not_picked":["ats:Healing Drone","ats:Guardian Obelisk","ats:Closed Bolt Burst Fire+1","ats:Flexible Camouflage","ats:Explosion Area Strengthen+1"],"picked":"SKIP","floor":20},{"not_picked":["ats:Revitalization","ats:Mental Burst","ats:Hammer On+1","ats:Curse Doll","ats:Consecutive Shot Auto"],"picked":"SKIP","floor":21},{"not_picked":["ats:LN2 Cannon","ats:Nebulous Foxfire","ats:Explosion Area Strengthen","ats:Consecutive Shot Auto","ats:Volcano"],"picked":"SKIP","floor":23},{"not_picked":["ats:Explosion Area Strengthen","ats:Absolute Focus","ats:Assault Order","ats:Guard Mode","ats:Leaping Hammer"],"picked":"SKIP","floor":25},{"not_picked":["ats:Sashimi Platter+1","ats:Revitalization","ats:Chain Hook","ats:Closed Bolt Burst Fire","ats:Hammer On"],"picked":"SKIP","floor":29},{"not_picked":["ats:True Silver Slash","ats:Rat Pack","ats:Soul Rend","ats:Fractured Body"],"picked":"ats:Echo Reverb","floor":33},{"not_picked":["ats:Revitalization","ats:Assault Order+1","ats:Soul Absorption+1","ats:Very Hot Blade+1","ats:Closed Bolt Burst Fire+1"],"picked":"SKIP","floor":35},{"not_picked":["ats:Defend Order","ats:Flexible Camouflage","ats:Poison Spread","ats:Burning Ground+1","ats:Guard Mode+1"],"picked":"SKIP","floor":36},{"not_picked":["ats:Absolute Focus+1","ats:Revitalization","ats:Shell Defense+1","ats:Explosion Area Strengthen+1","ats:Cat Scratch"],"picked":"SKIP","floor":44},{"not_picked":["ats:Guard Mode","ats:Flexible Camouflage","ats:Shadow Raid+1","ats:Guardian Obelisk+1","ats:Poison Spread"],"picked":"SKIP","floor":45},{"not_picked":["ats:Defend Order","ats:Absolute Focus","ats:LN2 Cannon+1","ats:Apocalypse+1","ats:Neurotoxin+1"],"picked":"SKIP","floor":47},{"not_picked":["ats:Ambush","ats:Counter Healing Mode+1","ats:Revitalization","ats:Demon Strength+1","ats:Closed Bolt Burst Fire"],"picked":"SKIP","floor":48}],"player_experience":1338176,"relics_obtained":[{"floor":1.0,"key":"SynthV:TestCard"},{"floor":8.0,"key":"Simple Rune"},{"floor":9.0,"key":"Tiny Chest"},{"floor":14.0,"key":"ats:Originium"},{"floor":14.0,"key":"ScarletDevilRocket"},{"floor":23,"key":"ats:Originium"},{"floor":23,"key":"ReplayTheSpireMod:Lightbulb"},{"floor":26,"key":"Garlic"},{"floor":27,"key":"conspire:TopHat"},{"floor":38,"key":"MealTicket"},{"floor":43,"key":"Divine Protection"}],"event_choices":[{"damage_healed":0.0,"max_hp_gain":0.0,"max_hp_loss":0.0,"gold_gain":0.0,"cards_transformed":["ats:Strike V"],"event_name":"Transmorgrifier","player_choice":"Transformed","floor":2.0,"gold_loss":0.0,"damage_taken":0.0,"cards_obtained":["ats:Soul Rend"]},{"cards_removed":["ats:Defend"],"damage_healed":0.0,"max_hp_gain":0.0,"max_hp_loss":0.0,"gold_gain":0.0,"event_name":"Living Wall","player_choice":"Forget","floor":7.0,"gold_loss":0.0,"damage_taken":0.0},{"damage_healed":0.0,"max_hp_gain":0.0,"max_hp_loss":0.0,"gold_gain":30.0,"event_name":"Dead Adventurer","player_choice":"Searched \u00273\u0027 times","floor":8.0,"gold_loss":0.0,"damage_taken":0.0},{"cards_removed":["ats:Strike C"],"damage_healed":0,"gold_gain":0,"player_choice":"Offered Basic","damage_taken":0,"max_hp_gain":0,"max_hp_loss":0,"event_name":"Bonfire Elementals","floor":19,"gold_loss":0},{"damage_healed":0,"gold_gain":0,"player_choice":"Upgraded","damage_taken":0,"max_hp_gain":0,"max_hp_loss":0,"event_name":"Upgrade Shrine","floor":31,"gold_loss":0,"cards_upgraded":["Moon Tear"]},{"damage_healed":0,"gold_gain":0,"player_choice":"Copied","damage_taken":0,"max_hp_gain":0,"max_hp_loss":0,"event_name":"Duplicator","floor":37,"gold_loss":0,"cards_obtained":["ats:Thorns"]},{"damage_healed":0,"gold_gain":0,"player_choice":"Gave Potion","damage_taken":0,"relics_obtained":["Ginger"],"max_hp_gain":0,"max_hp_loss":0,"event_name":"WeMeetAgain","floor":39,"gold_loss":0}],"is_beta":false,"boss_relics":[{"not_picked":["REME_DuelDisc","AddBug"],"picked":"ShadowXiaoBlade"},{"not_picked":["conspire:RunicOctahedron","NightmareShop"],"picked":"Coffee Dripper"}],"items_purged_floors":[22,41,41],"is_endless":false,"potions_floor_spawned":[5,12,16,18,21,23,36],"ascension_level":5}}