{"host":"m3apl2u15pwuvoez","time":1611640193,"event":{"mods":["BaseMod","Minty Spire (QoL Compilation)","Replay The Spire","StSLib","The Jungle"],"gold_per_floor":[115,115,129,129,148,181,181,181,181,35,62,62,62,73,73,185,185,202,122,136,147,147,179,220,220,289,289,229,264,264,277,277,374,374,394,411,181,196,216,247,273,298,298,125,143,143,443,456,456,506],"floor_reached":51,"language":"ENG","playtime":7356,"items_purged":["Sweeping Beam"],"score":1453,"play_id":"a66c4c02-685a-4dff-8727-9bd4cdd7ade3","local_time":"20210125234953","daily_mods":["SealedDeck","Vintage","Blue Cards","Colorless Cards","Heirloom","Flight"],"is_ascension_mode":false,"campfire_choices":[{"data":"FTL","floor":7,"key":"SMITH"},{"data":"Finisher","floor":8,"key":"SMITH"},{"data":"A Thousand Cuts","floor":12,"key":"SMITH"},{"data":"Go for the Eyes","floor":13,"key":"SMITH"},{"data":"Conserve Battery","floor":15,"key":"SMITH"},{"data":"Gash","floor":25,"key":"SMITH"},{"data":"Finesse","floor":27,"key":"SMITH"},{"data":"Gash","floor":30,"key":"SMITH"},{"floor":49,"key":"DIG"}],"circlet_count":0,"master_deck":["Sweeping Beam","Steam","FTL+1","Conserve Battery+1","Gash+1","Gash+1","Go for the Eyes+1","Gash+1","Finisher+1","A Thousand Cuts+1","Replay:Bag of Tricks","Finesse+1","Sweeping Beam+1","Steam Power+1","Metamorphosis+1"],"relics":["Ring of the Snake","CaptainsWheel","InkBottle","ReplayTheSpireMod:TigerMarble","Oddly Smooth Stone","Thread and Needle","MealTicket","Medical Kit","ReplayTheSpireMod:Lightbulb","CeramicFish","ReplayTheSpireMod:DimensionalGlitch","Orichalcum","Strawberry","MutagenicStrength","Blood Vial","TungstenRod","BranchBurnRelic","Paper Crane","Bronze Scales","Shuriken","Fusion Hammer","Replay:Towering Pillar of Hats","Eternal Feather","Bag of Marbles","Potion Belt","Juzu Bracelet","Iron Hammer","Replay:Bottled Eggs","Garlic","Toxic Egg 2","Snake Skull","Golden Egg","Bottled Lightning"],"acts_visited":["Exordium","TheCity","TheBeyond"],"potions_floor_usage":[33,50,50],"damage_taken":[{"damage":0,"enemies":"Jaw Worm","floor":1,"turns":2},{"damage":0,"enemies":"Cultist","floor":3,"turns":1},{"damage":0,"enemies":"Small Slimes","floor":5,"turns":1},{"damage":0,"enemies":"Gremlin Nob","floor":6,"turns":1},{"damage":0,"enemies":"3 Sentries","floor":11,"turns":2},{"damage":0,"enemies":"Looter","floor":14,"turns":1},{"damage":0,"enemies":"Slime Boss","floor":16,"turns":3},{"damage":0,"enemies":"Shell Parasite","floor":18,"turns":2},{"damage":0,"enemies":"2 Thieves","floor":20,"turns":3},{"damage":0,"enemies":"Sentry and Sphere","floor":21,"turns":2},{"damage":0,"enemies":"Gremlin Leader","floor":23,"turns":2},{"damage":0,"enemies":"Book of Stabbing","floor":24,"turns":2},{"damage":0,"enemies":"Slavers","floor":29,"turns":2},{"damage":0,"enemies":"Chosen and Byrds","floor":31,"turns":2},{"damage":0,"enemies":"Pondfish","floor":33,"turns":4},{"damage":0,"enemies":"Orb Walker","floor":35,"turns":1},{"damage":0,"enemies":"3 Darklings","floor":36,"turns":1},{"damage":0,"enemies":"Maw","floor":38,"turns":2},{"damage":0,"enemies":"Spire Growth","floor":39,"turns":1},{"damage":0,"enemies":"Nemesis","floor":40,"turns":1},{"damage":0,"enemies":"Giant Head","floor":41,"turns":2},{"damage":0,"enemies":"Reptomancer","floor":42,"turns":1},{"damage":0,"enemies":"Transient","floor":45,"turns":4},{"damage":0,"enemies":"3 Darklings","floor":48,"turns":1},{"damage":0,"enemies":"Awakened One","floor":50,"turns":2}],"seed_played":"-5160353882775462443","potions_obtained":[{"floor":5,"key":"Languid Potion"},{"floor":14,"key":"Strength Potion"},{"floor":18,"key":"Fire Potion"},{"floor":23,"key":"Energy Potion"},{"floor":31,"key":"Energy Potion"},{"floor":36,"key":"Regen Potion"},{"floor":40,"key":"Weak Potion"},{"floor":41,"key":"Adrenaline Potion"},{"floor":48,"key":"Elixir"}],"is_trial":true,"path_per_floor":["M","?","M","?","M","E","R","R","T","$","E","R","R","M","R","B",null,"M","$","M","M","?","E","E","R","T","R","?","E","R","M","R","B",null,"M","M","$","M","M","E","E","E","T","$","M","$","?","M","R","B",null],"character_chosen":"THE_SILENT","items_purchased":["Medical Kit","Finesse","Bag of Marbles","Metamorphosis+1"],"campfire_rested":0,"item_purchase_floors":[10,19,37,44],"current_hp_per_floor":[70,70,70,70,70,70,70,70,70,70,70,70,70,70,70,70,70,70,70,77,77,77,77,77,77,77,77,77,77,77,77,77,77,77,77,77,77,77,77,77,77,77,77,77,77,77,77,77,77,77],"gold":506,"neow_bonus":"","is_daily":false,"chose_seed":false,"campfire_upgraded":8,"win_rate":0.0,"timestamp":1611640193,"path_taken":["M","?","M","?","M","E","R","R","T","$","E","R","R","?","R","BOSS","M","?","M","M","?","E","E","R","T","R","?","E","R","M","R","BOSS","M","M","$","M","?","E","E","E","T","$","M","$","?","M","R","BOSS"],"items_purchased_type":["Relic","Card","Relic","Card"],"build_version":"2020-12-22","purchased_purges":1,"victory":true,"max_hp_per_floor":[70,70,70,70,70,70,70,70,70,70,70,70,70,70,70,70,70,70,70,77,77,77,77,77,77,77,77,77,77,77,77,77,77,77,77,77,77,77,77,77,77,77,77,77,77,77,77,77,77,77],"card_choices":[{"not_picked":["Go for the Eyes","Choke","Good Instincts"],"picked":"SKIP","floor":6},{"not_picked":["Stack","Deadly Poison"],"picked":"A Thousand Cuts","floor":11},{"not_picked":["ReplayTheSpireMod:Necrogeddon","Glass Knife"],"picked":"Replay:Bag of Tricks","floor":16},{"not_picked":["ReplayTheSpireMod:Brewmster","Crystallizer","Rebound"],"picked":"SKIP","floor":23},{"not_picked":["Bandage Up","Heatsinks"],"picked":"Sweeping Beam+1","floor":24},{"not_picked":["ReplayTheSpireMod:Necrogeddon","Hologram"],"picked":"Steam Power+1","floor":29},{"not_picked":["Catalyst+1","Panic Button","Steam"],"picked":"SKIP","floor":40},{"not_picked":["Catalyst+1","Panic Button","Steam"],"picked":"SKIP","floor":40},{"not_picked":["Fusion","Replay:Sssssssssshield+1","ReplayTheSpireMod:Fabricate Wheel"],"picked":"SKIP","floor":41},{"not_picked":["PiercingWail+1","ReplayTheSpireMod:Speed Training+1","Outmaneuver+1"],"picked":"SKIP","floor":42}],"player_experience":674843,"relics_obtained":[{"floor":1,"key":"InkBottle"},{"floor":3,"key":"ReplayTheSpireMod:TigerMarble"},{"floor":5,"key":"Oddly Smooth Stone"},{"floor":6,"key":"Thread and Needle"},{"floor":9,"key":"MealTicket"},{"floor":11,"key":"ReplayTheSpireMod:Lightbulb"},{"floor":14,"key":"CeramicFish"},{"floor":18,"key":"Orichalcum"},{"floor":20,"key":"Strawberry"},{"floor":21,"key":"Dead Branch"},{"floor":23,"key":"Blood Vial"},{"floor":24,"key":"TungstenRod"},{"floor":26,"key":"Paper Crane"},{"floor":29,"key":"Bronze Scales"},{"floor":31,"key":"Shuriken"},{"floor":35,"key":"Replay:Towering Pillar of Hats"},{"floor":36,"key":"Eternal Feather"},{"floor":38,"key":"Potion Belt"},{"floor":39,"key":"Juzu Bracelet"},{"floor":40,"key":"Iron Hammer"},{"floor":41,"key":"Replay:Bottled Eggs"},{"floor":42,"key":"Garlic"},{"floor":43,"key":"Toxic Egg 2"},{"floor":45,"key":"Snake Skull"},{"floor":48,"key":"Golden Egg"},{"floor":49,"key":"Bottled Lightning"}],"event_choices":[{"damage_healed":0,"gold_gain":0,"player_choice":"Ignored","damage_taken":0,"max_hp_gain":0,"max_hp_loss":0,"event_name":"Golden Wing","floor":2,"gold_loss":0},{"damage_healed":0,"gold_gain":0,"player_choice":"Ignored","damage_taken":0,"max_hp_gain":0,"max_hp_loss":0,"event_name":"Purifier","floor":4,"gold_loss":0},{"damage_healed":0,"gold_gain":0,"player_choice":"Inject Mutagens","damage_taken":0,"relics_obtained":["MutagenicStrength"],"max_hp_gain":0,"max_hp_loss":0,"event_name":"Drug Dealer","floor":22,"gold_loss":0},{"damage_healed":0,"gold_gain":300,"player_choice":"Gold","damage_taken":0,"max_hp_gain":0,"max_hp_loss":0,"event_name":"Wheel of Change","floor":47,"gold_loss":0}],"is_beta":false,"boss_relics":[{"not_picked":["Calling Bell","Abe\u0027s Treasure"],"picked":"ReplayTheSpireMod:DimensionalGlitch"},{"not_picked":["Replay:Ancient Bell","Tiny House"],"picked":"Fusion Hammer"}],"items_purged_floors":[37],"is_endless":false,"potions_floor_spawned":[5,14,18,23,24,31,36,40,41,48],"ascension_level":0}}