{"host":"8is2j71l4wmybkoi","time":1611660141,"event":{"mods":["AchievementEnabler","BaseMod","Colored Map","Minty Spire (QoL Compilation)","Rare Cards Sparkle","StSLib","SuperFastMode"],"gold_per_floor":[112,124,124,137,155,155,168,168,242,242,257,270,281,38,38,112,112,124,124,24,41,60,60,60,60,60,91,103,129,141,153,153],"floor_reached":31,"language":"KOR","playtime":936,"items_purged":["Strike_B","Strike_B"],"score":562,"play_id":"a0feecca-b27d-461a-8580-305c2c6f39d8","local_time":"20210126202221","is_ascension_mode":true,"campfire_choices":[{"data":"Dualcast","floor":6,"key":"SMITH"},{"data":"Barrage","floor":8,"key":"SMITH"},{"floor":10,"key":"REST"},{"data":"Turbo","floor":15,"key":"SMITH"},{"floor":23,"key":"REST"},{"data":"Fission","floor":25,"key":"SMITH"},{"data":"Blizzard","floor":28,"key":"SMITH"}],"circlet_count":0,"master_deck":["AscendersBane","Strike_B","Defend_B","Defend_B","Defend_B","Defend_B","Zap+1","Dualcast+1","Echo Form","Hologram","Rainbow+1","Glacier","Blizzard+1","Barrage+1","Turbo+1","Conserve Battery","Fission+1","Echo Form"],"relics":["Cracked Core","Matryoshka","Runic Capacitor","Busted Crown","MawBank","Prayer Wheel"],"acts_visited":["Exordium","TheCity"],"potions_floor_usage":[16,16,16,16,21,21,29,31],"damage_taken":[{"damage":12,"enemies":"Jaw Worm","floor":1,"turns":4},{"damage":1,"enemies":"Cultist","floor":2,"turns":3},{"damage":0,"enemies":"2 Louse","floor":4,"turns":2},{"damage":4,"enemies":"Red Slaver","floor":5,"turns":4},{"damage":13,"enemies":"Blue Slaver","floor":7,"turns":5},{"damage":17,"enemies":"Exordium Thugs","floor":11,"turns":4},{"damage":3,"enemies":"Red Slaver","floor":12,"turns":4},{"damage":8,"enemies":"Large Slime","floor":13,"turns":4},{"damage":0,"enemies":"Hexaghost","floor":16,"turns":6},{"damage":3,"enemies":"Chosen","floor":18,"turns":4},{"damage":12,"enemies":"Shell Parasite","floor":21,"turns":4},{"damage":18,"enemies":"Centurion and Healer","floor":22,"turns":8},{"damage":13,"enemies":"3 Cultists","floor":27,"turns":5},{"damage":11,"enemies":"Snake Plant","floor":29,"turns":3},{"damage":21,"enemies":"Shelled Parasite and Fungi","floor":31,"turns":1}],"seed_played":"5010266091843209156","potions_obtained":[{"floor":1,"key":"LiquidBronze"},{"floor":4,"key":"PotionOfCapacity"},{"floor":13,"key":"EntropicBrew"},{"floor":22,"key":"Weak Potion"},{"floor":29,"key":"AttackPotion"}],"is_trial":false,"path_per_floor":["M","M","?","M","M","R","M","R","T","R","M","M","M","$","R","B",null,"M","?","$","M","M","R","?","R","T","M","R","M","?","M"],"character_chosen":"DEFECT","items_purchased":["Runic Capacitor"],"campfire_rested":2,"item_purchase_floors":[14],"current_hp_per_floor":[52,51,30,30,26,26,13,13,13,34,17,14,6,6,6,6,55,52,52,52,40,22,43,43,43,43,30,30,19,19,0,0],"gold":153,"neow_bonus":"ONE_RANDOM_RARE_CARD","is_daily":false,"chose_seed":false,"campfire_upgraded":5,"win_rate":0.0,"timestamp":1611660141,"path_taken":["M","M","?","M","M","R","M","R","T","R","M","M","M","$","R","BOSS","M","?","?","M","?","R","?","R","T","M","R","M","?","?"],"items_purchased_type":["Relic"],"build_version":"2020-12-22","purchased_purges":2,"victory":false,"max_hp_per_floor":[71,71,71,71,71,71,71,71,71,71,71,71,71,71,71,71,71,71,71,71,71,71,71,71,71,71,71,71,71,71,71,71],"card_choices":[{"not_picked":["Force Field","Heatsinks","Hologram"],"picked":"SKIP","floor":1},{"not_picked":["Force Field","Heatsinks"],"picked":"Hologram","floor":1},{"not_picked":["Rebound","Coolheaded"],"picked":"Rainbow","floor":2},{"not_picked":["Rip and Tear","Coolheaded"],"picked":"Glacier","floor":4},{"not_picked":["Tempest","Barrage"],"picked":"Blizzard","floor":5},{"not_picked":["Go for the Eyes","Stack"],"picked":"Barrage","floor":7},{"not_picked":["Darkness","Gash"],"picked":"Turbo","floor":11},{"not_picked":["Tempest","Rebound"],"picked":"Conserve Battery","floor":12},{"not_picked":["Darkness","Meteor Strike","Hello World"],"picked":"SKIP","floor":13},{"not_picked":["All For One","Multi-Cast"],"picked":"Fission","floor":16},{"not_picked":["Stack"],"picked":"SKIP","floor":18},{"not_picked":["Barrage"],"picked":"SKIP","floor":21},{"not_picked":["Darkness"],"picked":"SKIP","floor":22},{"not_picked":["Gash"],"picked":"SKIP","floor":27},{"not_picked":["Hologram"],"picked":"SKIP","floor":27},{"not_picked":["Storm"],"picked":"SKIP","floor":29},{"not_picked":["Steam"],"picked":"SKIP","floor":29}],"player_experience":816939,"relics_obtained":[{"floor":9,"key":"Matryoshka"},{"floor":26,"key":"MawBank"},{"floor":26,"key":"Prayer Wheel"}],"event_choices":[{"damage_healed":0,"gold_gain":0,"player_choice":"Entered Light","damage_taken":21,"max_hp_gain":0,"max_hp_loss":0,"event_name":"Shining Light","floor":3,"gold_loss":0,"cards_upgraded":["Rainbow","Zap"]},{"cards_removed":["Strike_B"],"damage_healed":0,"gold_gain":0,"player_choice":"Purged","damage_taken":0,"max_hp_gain":0,"max_hp_loss":0,"event_name":"Purifier","floor":19,"gold_loss":0},{"damage_healed":0,"gold_gain":0,"player_choice":"Ignored","damage_taken":0,"max_hp_gain":0,"max_hp_loss":0,"event_name":"Vampires","floor":24,"gold_loss":0},{"damage_healed":0,"gold_gain":0,"player_choice":"Copied","damage_taken":0,"max_hp_gain":0,"max_hp_loss":0,"event_name":"Duplicator","floor":30,"gold_loss":0,"cards_obtained":["Echo Form"]}],"is_beta":false,"boss_relics":[{"not_picked":["SlaversCollar","Calling Bell"],"picked":"Busted Crown"}],"items_purged_floors":[14,20],"is_endless":false,"potions_floor_spawned":[1,4,7,13,22,29],"killed_by":"Shelled Parasite and Fungi","ascension_level":20}}