{"host":"aqym1xxr3lb31d9m","time":1611685192,"event":{"mods":["BaseMod","Block Reminder","Colored Map","Colored Powertips","DeckTracker","Highlight Path","Minty Spire (QoL Compilation)","Quick Restart","Random Character Button","StSLib","SuperFastMode","UnlockEverythingMod"],"gold_per_floor":[99,99,24,24,24,24,24,24,24,24,24,24,24,24,24,24,24,24,24,24,24,24,24,24,24,24,24,24,24,24,24,24,24,24,24,24,24,24,24,24,24,24,24,24,24,24,24,24,24,24,24,24,24,24,24,24,24],"floor_reached":56,"language":"JPN","playtime":4326,"items_purged":["Strike_B"],"score":1972,"play_id":"0e7582ad-83c4-4308-a85d-e0947f1e5fa8","local_time":"20210127031952","is_ascension_mode":true,"campfire_choices":[{"data":"Sunder","floor":6,"key":"SMITH"},{"data":"Chill","floor":8,"key":"SMITH"},{"data":"Streamline","floor":12,"key":"SMITH"},{"floor":15,"key":"REST"},{"data":"Fission","floor":24,"key":"SMITH"},{"data":"Buffer","floor":29,"key":"SMITH"},{"data":"Seek","floor":32,"key":"SMITH"},{"floor":42,"key":"RECALL"},{"floor":49,"key":"REST"},{"data":"Creative AI","floor":53,"key":"SMITH"}],"circlet_count":0,"master_deck":["AscendersBane","Strike_B","Defend_B","Defend_B","Defend_B","Zap","Dualcast+1","Streamline+1","Sunder+1","Chill+1","Buffer+1","Double Energy","Hello World","Fission+1","CurseOfTheBell","Doom and Gloom","Turbo+1","Undo","Sunder+1","Cold Snap","Seek+1","Sweeping Beam+1","Conserve Battery","All For One","Beam Cell+1","Creative AI+1","Defragment+1","Steam Power+1","Echo Form","Leap+1","Stack","Self Repair+1"],"relics":["Ectoplasm","Anchor","MawBank","Eternal Feather","Dream Catcher","StrikeDummy","Calling Bell","DataDisk","Mercury Hourglass","Thread and Needle","Bag of Marbles","Vajra","Inserter","War Paint","Letter Opener","Singing Bowl","HornCleat"],"acts_visited":["Exordium","TheCity","TheBeyond","TheEnding"],"potions_floor_usage":[4,10,16,23,27,33,40,41,51,55,56],"damage_taken":[{"damage":7,"enemies":"Jaw Worm","floor":1,"turns":4},{"damage":7,"enemies":"Small Slimes","floor":2,"turns":3},{"damage":20,"enemies":"3 Sentries","floor":7,"turns":7},{"damage":17,"enemies":"Lagavulin","floor":10,"turns":6},{"damage":4,"enemies":"Cultist","floor":13,"turns":3},{"damage":31,"enemies":"Hexaghost","floor":16,"turns":10},{"damage":11,"enemies":"Chosen","floor":18,"turns":5},{"damage":0,"enemies":"Spheric Guardian","floor":22,"turns":4},{"damage":6,"enemies":"Slavers","floor":23,"turns":4},{"damage":0,"enemies":"Snake Plant","floor":27,"turns":1},{"damage":0,"enemies":"Snecko","floor":28,"turns":4},{"damage":8,"enemies":"Champ","floor":33,"turns":12},{"damage":0,"enemies":"3 Darklings","floor":35,"turns":6},{"damage":0,"enemies":"Orb Walker","floor":37,"turns":2},{"damage":50,"enemies":"Giant Head","floor":40,"turns":9},{"damage":0,"enemies":"Maw","floor":41,"turns":8},{"damage":12,"enemies":"Reptomancer","floor":44,"turns":6},{"damage":0,"enemies":"Writhing Mass","floor":45,"turns":7},{"damage":0,"enemies":"4 Shapes","floor":46,"turns":6},{"damage":0,"enemies":"Nemesis","floor":47,"turns":9},{"damage":1,"enemies":"Jaw Worm Horde","floor":48,"turns":3},{"damage":66,"enemies":"Awakened One","floor":50,"turns":16},{"damage":27,"enemies":"Time Eater","floor":51,"turns":17},{"damage":38,"enemies":"Shield and Spear","floor":55,"turns":20},{"damage":76,"enemies":"The Heart","floor":56,"turns":3}],"seed_played":"4189589643238321642","potions_obtained":[{"floor":1,"key":"Fruit Juice"},{"floor":2,"key":"Weak Potion"},{"floor":7,"key":"AttackPotion"},{"floor":13,"key":"Block Potion"},{"floor":22,"key":"Energy Potion"},{"floor":23,"key":"SneckoOil"},{"floor":27,"key":"DistilledChaos"},{"floor":28,"key":"PowerPotion"},{"floor":33,"key":"FairyPotion"},{"floor":40,"key":"BlessingOfTheForge"},{"floor":41,"key":"AttackPotion"},{"floor":45,"key":"PowerPotion"},{"floor":47,"key":"PowerPotion"},{"floor":55,"key":"PotionOfCapacity"}],"is_trial":false,"path_per_floor":["M","M","$","?","?","R","E","R","T","E","?","R","M","?","R","B",null,"M","?","?","?","M","E","R","?","T","M","M","R","?","?","R","B",null,"M","?","M","?","$","E","M","R","T","E","M","M","E","M","R","B","B",null,"R","$","E","B"],"character_chosen":"DEFECT","items_purchased":[],"campfire_rested":2,"item_purchase_floors":[],"current_hp_per_floor":[57,50,50,37,42,42,22,22,22,5,5,11,7,7,40,9,63,52,52,52,52,52,46,58,58,58,58,58,70,47,47,59,51,77,77,77,77,77,77,27,27,42,42,30,30,30,30,31,75,29,22,72,88,88,72,0,0],"gold":24,"neow_bonus":"BOSS_RELIC","is_daily":false,"chose_seed":false,"campfire_upgraded":7,"win_rate":0.0,"timestamp":1611685192,"path_taken":["M","M","$","?","?","R","E","R","T","E","?","R","?","?","R","BOSS","M","?","?","?","?","E","R","?","T","M","M","R","?","?","R","BOSS","M","?","M","?","$","E","M","R","T","E","?","?","E","M","R","BOSS","BOSS","R","$","E","BOSS"],"items_purchased_type":[],"build_version":"2020-12-22","purchased_purges":1,"victory":false,"max_hp_per_floor":[71,71,71,76,81,81,81,81,81,81,81,81,81,81,81,81,81,81,81,81,81,81,81,81,81,81,81,81,81,86,86,86,86,86,86,86,86,86,86,86,86,86,86,86,86,86,86,88,88,88,88,88,88,88,90,90,90],"card_choices":[{"not_picked":["Self Repair","Rebound"],"picked":"Streamline","floor":1},{"not_picked":["Hologram","Conserve Battery"],"picked":"Sunder","floor":2},{"not_picked":["Barrage","Buffer"],"picked":"Chill","floor":7},{"not_picked":["Gash","Rebound"],"picked":"Buffer","floor":10},{"not_picked":["Compile Driver","Coolheaded"],"picked":"Double Energy","floor":13},{"not_picked":["Coolheaded","Turbo"],"picked":"Hello World","floor":15},{"not_picked":["Multi-Cast","All For One"],"picked":"Fission","floor":16},{"not_picked":["Turbo","Force Field+1"],"picked":"Doom and Gloom","floor":18},{"not_picked":["Self Repair","Barrage"],"picked":"Cold Snap","floor":22},{"not_picked":["Reprogram","Hello World","Turbo"],"picked":"SKIP","floor":23},{"not_picked":["Redo","Compile Driver"],"picked":"Sweeping Beam+1","floor":27},{"not_picked":["Streamline","Aggregate"],"picked":"Conserve Battery","floor":28},{"not_picked":["Buffer","Hyperbeam"],"picked":"All For One","floor":33},{"not_picked":["Leap","Redo"],"picked":"Beam Cell","floor":35},{"not_picked":["Gash","Go for the Eyes+1"],"picked":"Creative AI","floor":37},{"not_picked":["Coolheaded","Go for the Eyes"],"picked":"Defragment+1","floor":40},{"not_picked":["BootSequence","Compile Driver"],"picked":"Steam Power+1","floor":41},{"not_picked":["Reinforced Body","Creative AI"],"picked":"Echo Form","floor":44},{"not_picked":["Stack","Loop"],"picked":"Leap+1","floor":45},{"not_picked":["Cold Snap","Storm","Melter"],"picked":"SKIP","floor":46},{"not_picked":["Genetic Algorithm","Beam Cell+1"],"picked":"Stack","floor":47},{"not_picked":["Turbo","Barrage","Sunder+1"],"picked":"Singing Bowl","floor":48},{"not_picked":["Rip and Tear+1","Reinforced Body"],"picked":"Self Repair+1","floor":49},{"not_picked":["Creative AI","Fission","Tempest"],"picked":"Singing Bowl","floor":55}],"player_experience":4088342,"relics_obtained":[{"floor":7,"key":"MawBank"},{"floor":9,"key":"Eternal Feather"},{"floor":10,"key":"Dream Catcher"},{"floor":11,"key":"StrikeDummy"},{"floor":17,"key":"DataDisk"},{"floor":17,"key":"Mercury Hourglass"},{"floor":17,"key":"Thread and Needle"},{"floor":23,"key":"Bag of Marbles"},{"floor":26,"key":"Vajra"},{"floor":40,"key":"War Paint"},{"floor":44,"key":"Letter Opener"},{"floor":47,"key":"Singing Bowl"},{"floor":55,"key":"HornCleat"}],"event_choices":[{"damage_healed":0,"gold_gain":0,"player_choice":"Success","damage_taken":18,"relics_obtained":["Anchor"],"max_hp_gain":0,"max_hp_loss":0,"event_name":"Scrap Ooze","floor":4,"gold_loss":0},{"damage_healed":0,"gold_gain":0,"player_choice":"Donut","damage_taken":0,"max_hp_gain":5,"max_hp_loss":0,"event_name":"Big Fish","floor":5,"gold_loss":0},{"damage_healed":0,"gold_gain":0,"player_choice":"Relic","damage_taken":0,"max_hp_gain":0,"max_hp_loss":0,"event_name":"Wheel of Change","floor":11,"gold_loss":0},{"damage_healed":0,"gold_gain":75,"player_choice":"Gained Gold","damage_taken":0,"max_hp_gain":0,"max_hp_loss":0,"event_name":"Golden Wing","floor":14,"gold_loss":0},{"damage_healed":0,"gold_gain":0,"cards_transformed":["Strike_B","Strike_B"],"player_choice":"Became Test Subject","damage_taken":0,"max_hp_gain":0,"max_hp_loss":0,"event_name":"Drug Dealer","floor":19,"gold_loss":0,"cards_obtained":["Turbo","Undo"]},{"damage_healed":0,"gold_gain":0,"player_choice":"Ignored","damage_taken":0,"max_hp_gain":0,"max_hp_loss":0,"event_name":"Vampires","floor":20,"gold_loss":0},{"damage_healed":0,"gold_gain":0,"player_choice":"Copied","damage_taken":0,"max_hp_gain":0,"max_hp_loss":0,"event_name":"Duplicator","floor":21,"gold_loss":0,"cards_obtained":["Sunder"]},{"damage_healed":0,"gold_gain":0,"player_choice":"Read","damage_taken":0,"max_hp_gain":0,"max_hp_loss":0,"event_name":"The Library","floor":25,"gold_loss":0,"cards_obtained":["Seek"]},{"damage_healed":0,"gold_gain":0,"player_choice":"Shed Blood","damage_taken":28,"max_hp_gain":5,"max_hp_loss":0,"event_name":"Forgotten Altar","floor":30,"gold_loss":0},{"damage_healed":0,"gold_gain":50,"player_choice":"Stole From Cult","damage_taken":0,"max_hp_gain":0,"max_hp_loss":0,"event_name":"Nest","floor":31,"gold_loss":0},{"cards_removed":["Defend_B"],"damage_healed":0,"gold_gain":0,"player_choice":"Removed Skill","damage_taken":0,"max_hp_gain":0,"max_hp_loss":0,"event_name":"Falling","floor":36,"gold_loss":0},{"damage_healed":0,"gold_gain":0,"player_choice":"Forge","damage_taken":0,"max_hp_gain":0,"max_hp_loss":0,"event_name":"Accursed Blacksmith","floor":38,"gold_loss":0,"cards_upgraded":["Beam Cell"]}],"is_beta":false,"boss_relics":[{"not_picked":["Philosopher\u0027s Stone","Sozu"],"picked":"Calling Bell"},{"not_picked":["Runic Pyramid","Cursed Key"],"picked":"Inserter"}],"items_purged_floors":[3],"is_endless":false,"potions_floor_spawned":[1,2,7,13,22,23,27,28,33,35,40,41,45,47,55],"killed_by":"The Heart","ascension_level":20}}