{"host":"8ztb9kwpjc2zof9s","time":1611635692,"event":{"mods":["BaseMod","Block Reminder","Curses Come First","Minty Spire (QoL Compilation)","Relic Stats","StSLib"],"gold_per_floor":[117,66,66,78,97,129,129,164,164,182,207,187,187,112,112,216,216,234,245,261,7,18,18,18],"floor_reached":23,"language":"ENG","playtime":1162,"items_purged":["Strike_G","Strike_G"],"score":306,"play_id":"d00ee73a-c733-435d-93a3-b0e10dd7fcbb","local_time":"20210125203452","is_ascension_mode":true,"campfire_choices":[{"floor":7.0,"key":"REST"},{"floor":13.0,"key":"REST"},{"data":"Footwork","floor":15.0,"key":"SMITH"}],"circlet_count":0,"master_deck":["Strike_G","Strike_G","Defend_G","Defend_G","Defend_G","Defend_G","Defend_G","Survivor","Neutralize","Footwork+1","Deadly Poison","Sucker Punch","PiercingWail","Acrobatics","Noxious Fumes+1","Backflip","Noxious Fumes+1","Crippling Poison","Leg Sweep+1"],"relics":["Ring of the Snake","NeowsBlessing","Frozen Egg 2","Kunai","StrikeDummy","Letter Opener","HoveringKite","Membership Card"],"acts_visited":[],"potions_floor_usage":[23,23],"damage_taken":[{"damage":0.0,"enemies":"Jaw Worm","floor":1.0,"turns":1.0},{"damage":0.0,"enemies":"Cultist","floor":4.0,"turns":1.0},{"damage":0.0,"enemies":"2 Louse","floor":5.0,"turns":1.0},{"damage":36.0,"enemies":"3 Sentries","floor":6.0,"turns":17.0},{"damage":15.0,"enemies":"Lagavulin","floor":8.0,"turns":8.0},{"damage":0.0,"enemies":"Exordium Thugs","floor":10.0,"turns":5.0},{"damage":23.0,"enemies":"3 Sentries","floor":11.0,"turns":8.0},{"damage":13.0,"enemies":"Slime Boss","floor":16.0,"turns":11.0},{"damage":7.0,"enemies":"2 Thieves","floor":18.0,"turns":4.0},{"damage":0.0,"enemies":"3 Byrds","floor":19.0,"turns":5.0},{"damage":18.0,"enemies":"Snake Plant","floor":20.0,"turns":5.0},{"damage":14,"enemies":"Shelled Parasite and Fungi","floor":22,"turns":6},{"damage":18,"enemies":"Slavers","floor":23,"turns":3}],"seed_played":"3920829016542654253","potions_obtained":[{"floor":1.0,"key":"Weak Potion"},{"floor":8.0,"key":"GhostInAJar"},{"floor":12.0,"key":"GamblersBrew"},{"floor":16.0,"key":"AttackPotion"},{"floor":19.0,"key":"BlessingOfTheForge"},{"floor":20.0,"key":"SmokeBomb"},{"floor":22,"key":"EntropicBrew"}],"is_trial":false,"path_per_floor":["M","$","?","M","M","E","R","E","T","M","E","?","R","$","R","B",null,"M","M","M","$","M","E"],"character_chosen":"THE_SILENT","items_purchased":["Deadly Poison","Membership Card","Noxious Fumes+1","Crippling Poison"],"campfire_rested":2,"item_purchase_floors":[2,21,21,21],"current_hp_per_floor":[63,63,63,63,63,27,48,33,33,33,10,10,31,31,31,18,57,50,50,32,32,18,0,0],"gold":18,"neow_bonus":"THREE_ENEMY_KILL","is_daily":false,"chose_seed":false,"campfire_upgraded":1,"win_rate":0.0,"timestamp":1611635692,"path_taken":["M","$","?","?","M","E","R","E","T","M","E","?","R","?","R","BOSS","M","M","M","$","?","E"],"items_purchased_type":["Card","Relic","Card","Card"],"build_version":"2020-12-22","purchased_purges":2,"victory":false,"max_hp_per_floor":[70,70,70,70,70,70,70,70,70,70,70,70,70,70,70,70,70,70,70,70,70,70,70,70],"relic_stats":{"counters":[2,9],"HoveringKite":[6],"Kunai":[0],"Letter Opener":[21],"obtain_stats":[{"NeowsBlessing":0,"HoveringKite":0,"Kunai":0,"Letter Opener":0,"Membership Card":21,"Frozen Egg 2":0,"StrikeDummy":0,"Ring of the Snake":0},{"NeowsBlessing":0,"HoveringKite":0,"Kunai":0,"Letter Opener":0,"Membership Card":0,"Frozen Egg 2":0,"StrikeDummy":0,"Ring of the Snake":0},{"NeowsBlessing":0,"HoveringKite":0,"Kunai":0,"Letter Opener":0,"Membership Card":0,"Frozen Egg 2":0,"StrikeDummy":0,"Ring of the Snake":0}],"Ring of the Snake":[4]},"card_choices":[{"not_picked":["Prepared","Distraction"],"picked":"Footwork","floor":1.0},{"not_picked":["Slice","Backstab"],"picked":"PiercingWail","floor":4.0},{"not_picked":["Flying Knee","Tools of the Trade"],"picked":"Acrobatics","floor":5.0},{"not_picked":["Bouncing Flask","Well Laid Plans+1"],"picked":"Noxious Fumes+1","floor":6.0},{"not_picked":["Sucker Punch","Dagger Spray","Flying Knee"],"picked":"SKIP","floor":8.0},{"not_picked":["Skewer","Acrobatics","Dagger Throw"],"picked":"SKIP","floor":10.0},{"not_picked":["Prepared","Underhanded Strike","Accuracy+1"],"picked":"SKIP","floor":11.0},{"not_picked":["Dodge and Roll","Cloak And Dagger+1","Skewer"],"picked":"SKIP","floor":18.0},{"not_picked":["Dagger Throw","Cloak And Dagger","Poisoned Stab+1"],"picked":"SKIP","floor":19.0},{"not_picked":["Reflex","Dodge and Roll+1"],"picked":"Backflip","floor":20.0},{"not_picked":["Quick Slash","Infinite Blades+1"],"picked":"Leg Sweep+1","floor":22}],"player_experience":271695,"relics_obtained":[{"floor":6.0,"key":"Frozen Egg 2"},{"floor":8.0,"key":"Kunai"},{"floor":9.0,"key":"StrikeDummy"},{"floor":11.0,"key":"Letter Opener"}],"event_choices":[{"damage_healed":0.0,"max_hp_gain":0.0,"max_hp_loss":0.0,"gold_gain":0.0,"cards_transformed":["Strike_G"],"event_name":"Transmorgrifier","player_choice":"Transformed","floor":3.0,"gold_loss":0.0,"damage_taken":0.0,"cards_obtained":["Sucker Punch"]},{"damage_healed":0.0,"max_hp_gain":0.0,"max_hp_loss":0.0,"gold_gain":0.0,"event_name":"The Woman in Blue","player_choice":"Bought 1 Potion","floor":12.0,"gold_loss":0.0,"damage_taken":0.0}],"is_beta":false,"boss_relics":[{"not_picked":["Philosopher\u0027s Stone","Snecko Eye"],"picked":"HoveringKite"}],"items_purged_floors":[14,21],"is_endless":false,"potions_floor_spawned":[1,8,16,19,20,22],"killed_by":"Slavers","ascension_level":9}}