{"host":"0ueeacaatm8t6jyh","time":1611648151,"event":{"mods":["AchievementEnabler","BaseMod","Colored Powertips","Minty Spire (QoL Compilation)","Quick Restart","Rare Cards Sparkle","Shop Mod","StSLib"],"gold_per_floor":[109,119,138,154,154,204,204,229,229,254,254,254,294,294,307,58,74,90,90,105,105,200,200,200,200],"floor_reached":24,"language":"ZHS","playtime":1092,"items_purged":["Strike_R"],"score":400,"play_id":"748dee13-be70-41c7-a493-12379a141cd5","local_time":"20210126160231","is_ascension_mode":true,"campfire_choices":[{"data":"Body Slam","floor":7.0,"key":"SMITH"},{"data":"Armaments","floor":9.0,"key":"SMITH"},{"data":"Metallicize","floor":14.0,"key":"SMITH"},{"floor":19.0,"key":"REST"},{"data":"Barricade","floor":21.0,"key":"SMITH"}],"circlet_count":0,"master_deck":["AscendersBane","Strike_R","Defend_R","Defend_R","Defend_R","Defend_R","Bash","Body Slam+1","Shrug It Off","Metallicize+1","Armaments+1","Juggernaut","Second Wind","Dual Wield","Barricade+1","Dark Embrace","Feed","True Grit+1","Body Slam+1","Exhume+1"],"relics":["Burning Blood","NeowsBlessing","Golden Idol","PreservedInsect","Charon\u0027s Ashes","Astrolabe"],"acts_visited":["Exordium","TheCity"],"potions_floor_usage":[],"damage_taken":[{"damage":0.0,"enemies":"Jaw Worm","floor":1.0,"turns":1.0},{"damage":0.0,"enemies":"Small Slimes","floor":2.0,"turns":2.0},{"damage":0.0,"enemies":"Cultist","floor":3.0,"turns":1.0},{"damage":32.0,"enemies":"Lots of Slimes","floor":4.0,"turns":6.0},{"damage":18.0,"enemies":"3 Louse","floor":8.0,"turns":5.0},{"damage":11.0,"enemies":"Looter","floor":10.0,"turns":4.0},{"damage":8.0,"enemies":"3 Sentries","floor":13.0,"turns":7.0},{"damage":10.0,"enemies":"Exordium Thugs","floor":15.0,"turns":4.0},{"damage":4.0,"enemies":"Blue Slaver","floor":17.0,"turns":5.0},{"damage":1.0,"enemies":"2 Fungi Beasts","floor":18.0,"turns":4.0},{"damage":21.0,"enemies":"Lots of Slimes","floor":20.0,"turns":5.0},{"damage":7.0,"enemies":"Slime Boss","floor":22.0,"turns":9.0},{"damage":0,"enemies":"2 Thieves","floor":24,"turns":1}],"seed_played":"790827078177703640","potions_obtained":[{"floor":1.0,"key":"Ancient Potion"},{"floor":8.0,"key":"Swift Potion"},{"floor":13.0,"key":"LiquidMemories"},{"floor":20.0,"key":"Block Potion"}],"is_trial":false,"path_per_floor":["M","M","M","M","?","?","R","M","R","M","T","T","E","R","M","$","M","M","R","M","R","B",null,"M"],"character_chosen":"IRONCLAD","items_purchased":["Barricade"],"campfire_rested":1,"item_purchase_floors":[16],"current_hp_per_floor":[74,75,75,49,49,43,43,31,31,26,26,26,24,24,20,20,22,27,47,32,32,31,59,59,59],"gold":200,"neow_bonus":"THREE_ENEMY_KILL","is_daily":false,"chose_seed":false,"campfire_upgraded":4,"win_rate":0.0,"timestamp":1611648151,"path_taken":["M","M","M","M","?","?","R","M","R","?","T","T","E","R","M","$","M","?","R","M","R","BOSS","M"],"items_purchased_type":["Card"],"build_version":"2020-12-22","purchased_purges":1,"victory":false,"max_hp_per_floor":[75,75,75,75,68,68,68,68,68,68,68,68,68,68,68,68,68,68,68,68,68,68,68,68,68],"card_choices":[{"not_picked":["Disarm","Anger"],"picked":"Body Slam","floor":1.0},{"not_picked":["Thunderclap","Flex","Blood for Blood"],"picked":"SKIP","floor":2.0},{"not_picked":["Rage","Sever Soul"],"picked":"Shrug It Off","floor":3.0},{"not_picked":["Twin Strike","Headbutt"],"picked":"Metallicize","floor":4.0},{"not_picked":["Dark Embrace","Cleave"],"picked":"Armaments","floor":8.0},{"not_picked":["Sword Boomerang","Armaments"],"picked":"Juggernaut","floor":10.0},{"not_picked":["Iron Wave","Shrug It Off"],"picked":"Second Wind","floor":13.0},{"not_picked":["Burning Pact","Perfected Strike"],"picked":"Dual Wield","floor":15.0},{"not_picked":["Pommel Strike","Flex","Perfected Strike"],"picked":"SKIP","floor":17.0},{"not_picked":["Headbutt","Dropkick","Second Wind"],"picked":"SKIP","floor":18.0},{"not_picked":["Headbutt","Iron Wave"],"picked":"Dark Embrace","floor":20.0},{"not_picked":["Immolate","Brutality"],"picked":"Feed","floor":22.0}],"player_experience":469563,"relics_obtained":[{"floor":11.0,"key":"PreservedInsect"},{"floor":13.0,"key":"Charon\u0027s Ashes"}],"event_choices":[{"damage_healed":0.0,"max_hp_gain":0.0,"max_hp_loss":7.0,"gold_gain":0.0,"event_name":"Golden Idol","player_choice":"Lose Max HP","floor":5.0,"gold_loss":0.0,"damage_taken":0.0,"relics_obtained":["Golden Idol"]},{"damage_healed":0.0,"max_hp_gain":0.0,"max_hp_loss":0.0,"gold_gain":50.0,"event_name":"FaceTrader","player_choice":"Touch","floor":6.0,"gold_loss":0.0,"damage_taken":6.0}],"is_beta":false,"boss_relics":[{"not_picked":["Sozu","Velvet Choker"],"picked":"Astrolabe"}],"items_purged_floors":[16],"is_endless":false,"potions_floor_spawned":[1,8,10,13,15,20],"killed_by":"2 Thieves","ascension_level":20}}