{"host":"45gjn1i9lq2ky2i9","time":1611666226,"event":{"mods":["2.2 Compatiblity","Act Like it!","Aspiration","BaseMod","Beaked The Cultist","Better Altar","Better Match","Better Note","Better Sensory Stone","Better Skull","Better Third Choice","Better Vampires","Conspire","Downfall","Halation","Hubris","Infinite Spire","Jedi Mod","Lobotomy","LobotomyExtend","Minty Spire (QoL Compilation)","Pale of the Ancients","Permanent Neow","Shop Mod","Spikes Relics","StSLib","The Runesmith","The Wild Card"],"gold_per_floor":[0,13,25,25,38,70,118,54,54,54,54,84,84,84,98,98,98,98],"floor_reached":16,"language":"RUS","playtime":429,"items_purged":[],"score":113,"play_id":"0f354ea1-be48-4e5b-81ce-89f661c0a299","local_time":"20210126210346","is_ascension_mode":true,"campfire_choices":[{"data":"hubris:EnhanceAbility","floor":1,"key":"SMITH"},{"data":"bronze:Flail","floor":9,"key":"SMITH"},{"data":"bronze:DelayedSlice","floor":10,"key":"SMITH"}],"circlet_count":0,"master_deck":["bronze:Strike","bronze:Strike","bronze:Strike","bronze:Strike","bronze:Defend","bronze:Defend","bronze:Defend","bronze:Defend","bronze:Replicate","bronze:Goto","hubris:EnhanceAbility+1","bronze:DelayedSlice+1","bronze:Frontload","bronze:WhirlingStrike","bronze:Flail+1","bronze:WhirlingStrike","bronze:Iterate","bronze:Iterate"],"relics":["bronze:BronzeCore","jedi:shrinkray","Tiny Chest","downfall:ShatteredFragment","infinitespire:Blanks Blanky","GiantMaggot"],"acts_visited":["Exordium"],"potions_floor_usage":[6],"damage_taken":[{"damage":0,"enemies":"Cultist","floor":2,"turns":3},{"damage":0,"enemies":"Jaw Worm","floor":3,"turns":3},{"damage":0,"enemies":"2 Louse","floor":5,"turns":2},{"damage":13,"enemies":"Lagavulin","floor":6,"turns":7},{"damage":0,"enemies":"downfall:FleeingMerchant","floor":8,"turns":4},{"damage":3,"enemies":"Gremlin Nob","floor":12,"turns":3},{"damage":0,"enemies":"3 Louse","floor":15,"turns":1},{"damage":50,"enemies":"DF_ARCHETYPE_STREAMLINE","floor":16,"turns":6}],"seed_played":"8306228139276666509","potions_obtained":[{"floor":5,"key":"LiquidMemories"},{"floor":6,"key":"jedi:wingpotion"},{"floor":15,"key":"jedi:hoardpotion"}],"is_trial":false,"path_per_floor":["R","M","M","?","M","E","T","$","R","R","?","E","?","T","M","B"],"character_chosen":"THE_AUTOMATON","items_purchased":["bronze:Iterate"],"campfire_rested":0,"item_purchase_floors":[8],"current_hp_per_floor":[70,70,70,70,70,57,57,57,57,57,36,33,33,33,33,0,0,0],"gold":98,"neow_bonus":"RANDOM_COLORLESS_2","is_daily":false,"chose_seed":false,"campfire_upgraded":3,"win_rate":0.0,"timestamp":1611666226,"path_taken":["R","M","M","?","M","E","T","?","R","R","?","E","?","?","M","BOSS"],"items_purchased_type":["Card"],"build_version":"2020-12-22","purchased_purges":0,"victory":false,"max_hp_per_floor":[70,70,70,70,70,70,70,70,70,70,70,70,70,70,70,70,70,70],"card_choices":[{"not_picked":["Transmutation","Feint"],"picked":"hubris:EnhanceAbility","floor":0},{"not_picked":["bronze:BuggyMess","bronze:CutThrough"],"picked":"bronze:DelayedSlice","floor":2},{"not_picked":["bronze:CloningBeam","bronze:NullPointer"],"picked":"bronze:Frontload","floor":3},{"not_picked":["bronze:Repulsor","bronze:DelayedGuard"],"picked":"bronze:WhirlingStrike","floor":5},{"not_picked":["bronze:Format","bronze:BronzeArmor"],"picked":"bronze:Flail","floor":6},{"not_picked":["bronze:NullPointer","bronze:Break"],"picked":"bronze:WhirlingStrike","floor":8},{"not_picked":["bronze:BuggyMess","bronze:BronzeOrb","bronze:BitShift"],"picked":"SKIP","floor":12},{"not_picked":["bronze:BitShift","bronze:Repulsor"],"picked":"bronze:Iterate","floor":15}],"player_experience":548107,"relics_obtained":[{"floor":6,"key":"jedi:shrinkray"},{"floor":7,"key":"Tiny Chest"},{"floor":12,"key":"Regal Pillow"},{"floor":14,"key":"GiantMaggot"}],"event_choices":[],"is_beta":false,"boss_relics":[],"items_purged_floors":[],"is_endless":false,"potions_floor_spawned":[5,6,15],"killed_by":"DF_ARCHETYPE_STREAMLINE","ascension_level":1}}