{"host":"dxhqtkke6bt2qzoz","time":1611665820,"event":{"mods":["100% Spire Juice","ATMod(阿瑾Mod)","Act Like it!","Arknights The Spire","Astrologer","BaseMod","Chen","Dota2Spire","Gensokyo","KinomotoSakuraMod(木之本樱)","Koishi","LagranYue(拉格朗・月)","Marisa（F雨　魔理沙）","Minty Spire (QoL Compilation)","Nova Terra(诺娃・泰拉)","Prisma Mod","Reimu（博丽灵梦）","Relic Stats","Remilia（蕾米莉亚）","SIMod","StSLib","TestMod","The Alterego","The Dragon Tamer","The Marked","TheWitcher","Waifu the Spire","WarShipGirlsR/战舰少女R mod","Yakumo Yukari mod","Youmu（魂魄妖梦）","Yuri Mod","Yuyuko","[IsaacMod]以撒尖塔","【遗物卡牌】REMEMod"],"gold_per_floor":[119,119,44,60,60,116,143,143,167,167,199,199,202,221,221,307,307,266,266,17,16,25,25,21,28,55,106,106,106,106,111,111,212,212,224,228,12,39,39,65,81,107,107,107,143,0,0,19,19,8],"floor_reached":51,"language":"ZHS","playtime":1579,"items_purged":["alterego_mod:Vow","SnafuTest:SpellHellfire+1","SnafuTest:DefaultCommonSkill","SnafuTest:PayArmorSmith"],"score":921,"play_id":"9c1f44e5-13c0-4540-a7b8-17f241ad3992","local_time":"20210126205700","is_ascension_mode":true,"campfire_choices":[{"data":"SnafuTest:SpellHellfire","floor":8,"key":"SMITH"},{"data":"SnafuTest:MCSuccubusSeduction","floor":10,"key":"SMITH"},{"floor":15,"key":"REST"},{"floor":23,"key":"REST"},{"data":"SnafuTest:SpellCalcinedMetamorphism","floor":29,"key":"SMITH"},{"data":"SnafuTest:BombDancingStar","floor":32,"key":"SMITH"},{"data":"testmod-Mystery","floor":44,"key":"SMITH"},{"floor":49,"key":"REST"}],"circlet_count":0,"master_deck":["SnafuTest:DefaultCommonAttack","SnafuTest:DefaultCommonAttack","SnafuTest:DefaultCommonAttack","SnafuTest:BountyHunt+1","SnafuTest:DefaultCommonSkill","SnafuTest:DefaultCommonSkill","AT_Desolate+1","SnafuTest:MCSuccubusSeduction+1","SnafuTest:WeddingDance","SnafuTest:WeddingDance","SnafuTest:SpellCalcinedMetamorphism+1","SnafuTest:PayWeaponSmith","SnafuTest:BombDancingStar+1","SnafuTest:SneakKill+1","Writhe","SnafuTest:Meditation+1","SnafuTest:MCMockAndRun+1","testmod-Mystery+1","SnafuTest:BattleCry","SnafuTest:BombDragonsDream","SnafuTest:TradeOrTrick","SnafuTest:MCSongOfPeace+1","SnafuTest:ScholarsIntrigue","SnafuTest:TradeOrTrick","SnafuTest:BloodForBlood+1","SnafuTest:BloodForBlood","SnafuTest:CareTaker+1","SnafuTest:WitchHunt+1","SnafuTest:ShoulderSlam+1"],"relics":["SnafuTest:UnstableMutagenRelic","HushsDoor","REME_ComplimentaryCards","testmod-TestBox","AT_ATBox","testmod-BlackFramedGlasses","BelialBook","Pen Nib","Anchor","Orichalcum","AT_TrinityForce","GypsyBard","Nilry\u0027s Codex","Lee\u0027s Waffle","PreservedInsect","Meat on the Bone","AT_SunfireAegis","Philosopher\u0027s Stone","HowToJump","PureWhite:ReiMu","REME_IWantAll","AT_RedNoBalance","SatanicBible","Red Mask"],"acts_visited":["Exordium","TheCity","TheBeyond"],"potions_floor_usage":[6,16,22,33,40,48,50],"damage_taken":[{"damage":7,"enemies":"Jaw Worm","floor":1,"turns":2},{"damage":0,"enemies":"Cultist","floor":4,"turns":4},{"damage":24,"enemies":"Lagavulin","floor":6,"turns":5},{"damage":9,"enemies":"2 Louse","floor":7,"turns":2},{"damage":40,"enemies":"3 Sentries","floor":11,"turns":7},{"damage":0,"enemies":"Red Slaver","floor":13,"turns":3},{"damage":0,"enemies":"Blue Slaver","floor":14,"turns":2},{"damage":18,"enemies":"The Guardian","floor":16,"turns":8},{"damage":6,"enemies":"Spheric Guardian","floor":18,"turns":5},{"damage":10,"enemies":"Shell Parasite","floor":21,"turns":3},{"damage":18,"enemies":"Shelled Parasite and Fungi","floor":22,"turns":4},{"damage":13,"enemies":"Sentry and Sphere","floor":24,"turns":5},{"damage":4,"enemies":"Snake Plant","floor":25,"turns":4},{"damage":12,"enemies":"Book of Stabbing","floor":27,"turns":3},{"damage":16,"enemies":"3 Cultists","floor":31,"turns":4},{"damage":40,"enemies":"Collector","floor":33,"turns":6},{"damage":10,"enemies":"3 Shapes","floor":35,"turns":3},{"damage":0,"enemies":"Orb Walker","floor":36,"turns":2},{"damage":0,"enemies":"3 Darklings","floor":38,"turns":2},{"damage":8,"enemies":"Giant Head","floor":40,"turns":5},{"damage":0,"enemies":"4 Shapes","floor":41,"turns":1},{"damage":0,"enemies":"Nemesis","floor":42,"turns":3},{"damage":8,"enemies":"Giant Head","floor":45,"turns":5},{"damage":0,"enemies":"Writhing Mass","floor":48,"turns":1},{"damage":0,"enemies":"Donu and Deca","floor":50,"turns":4}],"seed_played":"-6296139998056825666","potions_obtained":[{"floor":4,"key":"REME_GoldPotion"},{"floor":7,"key":"FairyPotion"},{"floor":14,"key":"PowerPotion"},{"floor":18,"key":"AttackPotion"},{"floor":27,"key":"Weak Potion"},{"floor":31,"key":"FairyPotion"},{"floor":36,"key":"ColorlessPotion"},{"floor":42,"key":"Explosive Potion"},{"floor":48,"key":"LiquidMemories"}],"is_trial":false,"path_per_floor":["M","?","$","M","?","E","M","R","T","R","E","?","M","M","R","B",null,"M","?","$","M","M","R","M","M","T","E","?","R","?","M","R","B",null,"M","M","$","M","?","E","M","E","T","R","E","?","?","M","R","B",null],"character_chosen":"THE_WITCHER","items_purchased":["Lee\u0027s Waffle","testmod-Mystery"],"campfire_rested":3,"item_purchase_floors":[20,37],"current_hp_per_floor":[69,69,69,73,73,54,47,47,47,47,14,14,17,19,41,31,70,66,50,77,68,54,77,67,67,67,58,58,58,58,65,65,43,77,69,71,71,73,73,70,71,74,74,74,50,50,50,44,68,45],"gold":8,"neow_bonus":"REMOVE_CARD","is_daily":false,"chose_seed":false,"campfire_upgraded":5,"win_rate":0.0,"timestamp":1611665820,"path_taken":["M","?","$","M","?","E","M","R","T","R","E","?","?","M","R","BOSS","M","?","$","M","M","R","M","M","T","E","?","R","?","M","R","BOSS","M","M","$","M","?","E","M","E","T","R","E","?","?","?","R","BOSS"],"items_purchased_type":["Relic","Card"],"build_version":"2020-12-22","purchased_purges":4,"victory":true,"max_hp_per_floor":[75,75,75,75,75,75,75,75,75,75,75,75,75,75,75,75,70,70,70,77,77,77,77,77,77,77,77,77,77,77,77,77,77,77,77,77,77,77,77,77,77,77,77,77,80,80,80,83,83,83],"relic_stats":{"Lee\u0027s Waffle":27,"counters":[25,89],"Pen Nib":[13],"PreservedInsect":338,"Orichalcum":[60],"obtain_stats":[{"AT_ATBox":0,"LagranYue:RandomDrawCardRelic":0,"Nilry\u0027s Codex":19,"REME_IWantAll":42,"testmod-BlackFramedGlasses":0,"SatanicBible":45,"AT_TrinityForce":17,"Philosopher\u0027s Stone":34,"Red Mask":46,"AT_RedNoBalance":50,"KeepersGift":0,"Lee\u0027s Waffle":20,"SnafuTest:UnstableMutagenRelic":0,"testmod-TestBox":0,"HowToJump":39,"BelialBook":0,"Pen Nib":6,"PreservedInsect":26,"AT_SilverBalance":43,"Orichalcum":11,"Anchor":9,"PureWhite:ReiMu":40,"AT_SunfireAegis":30,"HushsDoor":0,"GypsyBard":18,"REME_ComplimentaryCards":0,"Meat on the Bone":27},{"AT_ATBox":0,"LagranYue:RandomDrawCardRelic":0,"Nilry\u0027s Codex":9,"REME_IWantAll":22,"testmod-BlackFramedGlasses":0,"SatanicBible":23,"AT_TrinityForce":8,"Philosopher\u0027s Stone":16,"Red Mask":23,"AT_RedNoBalance":25,"KeepersGift":0,"Lee\u0027s Waffle":9,"SnafuTest:UnstableMutagenRelic":0,"testmod-TestBox":0,"HowToJump":19,"BelialBook":0,"Pen Nib":3,"PreservedInsect":13,"AT_SilverBalance":22,"Orichalcum":5,"Anchor":4,"PureWhite:ReiMu":20,"AT_SunfireAegis":14,"HushsDoor":0,"GypsyBard":9,"REME_ComplimentaryCards":0,"Meat on the Bone":14},{"AT_ATBox":0,"LagranYue:RandomDrawCardRelic":0,"Nilry\u0027s Codex":35,"REME_IWantAll":79,"testmod-BlackFramedGlasses":0,"SatanicBible":84,"AT_TrinityForce":31,"Philosopher\u0027s Stone":63,"Red Mask":84,"AT_RedNoBalance":85,"KeepersGift":0,"Lee\u0027s Waffle":35,"SnafuTest:UnstableMutagenRelic":0,"testmod-TestBox":0,"HowToJump":70,"BelialBook":0,"Pen Nib":11,"PreservedInsect":50,"AT_SilverBalance":79,"Orichalcum":19,"Anchor":13,"PureWhite:ReiMu":75,"AT_SunfireAegis":53,"HushsDoor":0,"GypsyBard":34,"REME_ComplimentaryCards":0,"Meat on the Bone":53}],"Meat on the Bone":24},"card_choices":[{"not_picked":[],"picked":"BloodyBrimstone","floor":0},{"not_picked":["SnafuTest:Siege","SnafuTest:PayGnomePedlar"],"picked":"SnafuTest:MCSuccubusSeduction","floor":1},{"not_picked":["SnafuTest:PowerCrimsonRitual","SnafuTest:NoPass"],"picked":"SnafuTest:WeddingDance","floor":4},{"not_picked":["SnafuTest:PowerCrimsonRitual","SnafuTest:Portal"],"picked":"SnafuTest:WeddingDance","floor":6},{"not_picked":["SnafuTest:PayWeaponSmith","SnafuTest:SignAard"],"picked":"SnafuTest:SpellHellfire","floor":7},{"not_picked":["SnafuTest:BombDevilsPuffball","SnafuTest:SuddenPuncture"],"picked":"SnafuTest:PayArmorSmith","floor":11},{"not_picked":["SnafuTest:WeddingDance","SnafuTest:SpellTelekinesis"],"picked":"Bomb","floor":13},{"not_picked":["SnafuTest:AncestralRitual","SnafuTest:ArmoredSortie"],"picked":"SnafuTest:SpellCalcinedMetamorphism","floor":14},{"not_picked":["SnafuTest:PowerRhymeBeyondTime","SnafuTest:Decapitate"],"picked":"SnafuTest:PayExoticTreasure","floor":16},{"not_picked":["SnafuTest:PayArmorSmith","SnafuTest:SpellArcaneDomain"],"picked":"SnafuTest:PayWeaponSmith","floor":18},{"not_picked":["SnafuTest:ScholarsIntrigue","SnafuTest:FlashingRaid"],"picked":"SnafuTest:PayWeaponShop","floor":21},{"not_picked":["SnafuTest:CalculatingAmbition+1","SnafuTest:ShieldUp"],"picked":"SnafuTest:BombDancingStar","floor":22},{"not_picked":["SnafuTest:WeddingDance+1","SnafuTest:SpellTortoise","SnafuTest:PayWeaponShop"],"picked":"SKIP","floor":24},{"not_picked":["SnafuTest:PayArmorSmith+1","SnafuTest:SpellBitingFrost","SnafuTest:MCSongOfPeace+1"],"picked":"SKIP","floor":25},{"not_picked":["SnafuTest:SpellIncendiaryShower+1","SnafuTest:PayWeaponSmith+1"],"picked":"SnafuTest:SneakKill+1","floor":27},{"not_picked":["SnafuTest:SpellTortoise","SnafuTest:PowerMartialMagical+1","SnafuTest:WeddingDance"],"picked":"SKIP","floor":31},{"not_picked":["SnafuTest:FirstAid+1","SnafuTest:PayHappyHour+1"],"picked":"SnafuTest:Meditation+1","floor":35},{"not_picked":["SnafuTest:SneakKill+1","SnafuTest:SpellBlindFury+1"],"picked":"SnafuTest:MCMockAndRun+1","floor":36},{"not_picked":["SnafuTest:BombNorthernWind","SnafuTest:MCSongOfPeace+1"],"picked":"SnafuTest:BattleCry","floor":38},{"not_picked":["SnafuTest:ExcessiveLevies","SnafuTest:BlueWhale+1"],"picked":"SnafuTest:BombDragonsDream","floor":40},{"not_picked":["SnafuTest:SpellTortoise","SnafuTest:BombSamum+1","SnafuTest:BombDimeritium"],"picked":"SKIP","floor":41},{"not_picked":["SnafuTest:MCSongOfPeace+1","SnafuTest:ScholarsIntrigue"],"picked":"SnafuTest:TradeOrTrick","floor":42},{"not_picked":["SnafuTest:PowerEquilibrium","SnafuTest:SpellTortoise","SnafuTest:MCSongOfPeace"],"picked":"Singing Bowl","floor":45},{"not_picked":["SnafuTest:BattleCry+1","SnafuTest:PowerProbingFeint"],"picked":"SnafuTest:BloodForBlood+1","floor":45},{"not_picked":["SnafuTest:CareTaker+1","SnafuTest:WitchHunt+1","SnafuTest:ShoulderSlam+1"],"picked":"Singing Bowl","floor":48}],"player_experience":255780,"relics_obtained":[{"floor":6,"key":"Pen Nib"},{"floor":9,"key":"Anchor"},{"floor":11,"key":"Orichalcum"},{"floor":19,"key":"Nilry\u0027s Codex"},{"floor":26,"key":"PreservedInsect"},{"floor":27,"key":"Meat on the Bone"},{"floor":40,"key":"PureWhite:ReiMu"},{"floor":42,"key":"REME_IWantAll"},{"floor":43,"key":"AT_SilverBalance"},{"floor":45,"key":"SatanicBible"}],"event_choices":[{"damage_healed":0,"gold_gain":0,"player_choice":"Forge","damage_taken":0,"max_hp_gain":0,"max_hp_loss":0,"event_name":"Accursed Blacksmith","floor":2,"gold_loss":0,"cards_upgraded":["AT_Desolate"]},{"damage_healed":0,"gold_gain":0,"player_choice":"Grow","damage_taken":0,"max_hp_gain":0,"max_hp_loss":0,"event_name":"Living Wall","floor":5,"gold_loss":0,"cards_upgraded":["SnafuTest:BountyHunt"]},{"damage_healed":0,"gold_gain":0,"player_choice":"Obtained Book","damage_taken":16,"max_hp_gain":0,"max_hp_loss":0,"event_name":"Cursed Tome","floor":19,"gold_loss":0},{"damage_healed":0,"gold_gain":0,"player_choice":"Ignored","damage_taken":0,"max_hp_gain":0,"max_hp_loss":0,"event_name":"Vampires","floor":28,"gold_loss":0},{"damage_healed":0,"gold_gain":0,"player_choice":"Opened","damage_taken":0,"relics_obtained":["AT_SunfireAegis"],"max_hp_gain":0,"max_hp_loss":0,"event_name":"The Mausoleum","floor":30,"gold_loss":0,"cards_obtained":["Writhe"]},{"damage_healed":0,"gold_gain":0,"player_choice":"Swap Relic","damage_taken":0,"relics_obtained":["HowToJump"],"max_hp_gain":0,"max_hp_loss":0,"event_name":"给自己的盒子","floor":39,"relics_lost":["LagranYue:RandomDrawCardRelic"],"gold_loss":0},{"damage_healed":0,"gold_gain":0,"player_choice":"Paid","damage_taken":0,"relics_obtained":["Red Mask"],"max_hp_gain":0,"max_hp_loss":0,"event_name":"Tomb of Lord Red Mask","floor":46,"gold_loss":143},{"damage_healed":0,"gold_gain":0,"cards_transformed":["SnafuTest:SignAxii"],"player_choice":"Transformed","damage_taken":0,"max_hp_gain":0,"max_hp_loss":0,"event_name":"Transmorgrifier","floor":47,"gold_loss":0,"cards_obtained":["SnafuTest:BloodForBlood"]}],"is_beta":false,"boss_relics":[{"not_picked":["REME_DemonsWealth","Dota2Spire:Bloodstone"],"picked":"AT_TrinityForce"},{"not_picked":[]},{"not_picked":["testmod-IncinerationGenerator","Snecko Eye"],"picked":"Philosopher\u0027s Stone"},{"not_picked":[]}],"items_purged_floors":[3,17,20,37],"is_endless":false,"potions_floor_spawned":[1,4,7,14,18,27,31,36,42,48],"ascension_level":2}}