{"host":"kh6fvhxn285ncg0o","time":1611665745,"event":{"mods":["Act Like it!","BaseMod","Colored Map","Friendly Minions","Keyboard Shortcuts","Minty Spire (QoL Compilation)","Quick Restart","Relic Stats","StSLib","SuperFastMode","UnlockEverythingMod"],"gold_per_floor":[150,225,281,41,76,76,101,101,101,157,176,244,38,63,63,167,167,260,299,299,315,29,29,69,69,95,139,139,139,174,236,236,334,334,352,421,9,80,100,100,131,131,155,155,196,255,255,314,314,364,414,414,414,85,113,113],"floor_reached":57,"language":"KOR","playtime":2763,"items_purged":["Strike_R","Strike_R","Strike_R"],"score":2960,"play_id":"dc210002-d37b-42c6-9bc2-975c12035d1f","local_time":"20210126215545","is_ascension_mode":true,"campfire_choices":[{"data":"HandOfGreed","floor":6.0,"key":"SMITH"},{"data":"Discovery","floor":15.0,"key":"SMITH"},{"data":"Rage","floor":23.0,"key":"SMITH"},{"data":"Burning Pact","floor":28.0,"key":"SMITH"},{"data":"Ghostly","floor":32.0,"key":"SMITH"},{"data":"Dual Wield","floor":40.0,"key":"SMITH"},{"data":"Feel No Pain","floor":47.0,"key":"SMITH"},{"floor":49.0,"key":"RECALL"},{"data":"Second Wind","floor":53.0,"key":"SMITH"}],"circlet_count":0,"master_deck":["AscendersBane","Defend_R","Defend_R","Defend_R+1","Defend_R","Bash","HandOfGreed+1","Fire Breathing","Fiend Fire+1","Body Slam+1","Discovery+1","Feed+1","Rage+1","Shrug It Off","Ghostly+1","Ghostly","Ghostly+1","Burning Pact+1","Second Wind+1","Heavy Blade+1","Pommel Strike+1","Immolate+1","Feel No Pain+1","Dual Wield+1","Evolve+1","Bloodletting+1","Dark Embrace"],"relics":["Burning Blood","Bag of Marbles","Girya","Molten Egg 2","Kunai","Lizard Tail","Runic Pyramid","TheAbacus","Tiny Chest","Sozu","Pocketwatch","Calipers","Pear","Strawberry","Pantograph","Ginger","Oddly Smooth Stone","War Paint","Anchor","Paper Frog"],"acts_visited":["Exordium","TheCity","TheBeyond","TheEnding"],"potions_floor_usage":[56],"damage_taken":[{"damage":9.0,"enemies":"Small Slimes","floor":1.0,"turns":3.0},{"damage":9.0,"enemies":"2 Louse","floor":3.0,"turns":6.0},{"damage":1.0,"enemies":"Cultist","floor":5.0,"turns":3.0},{"damage":15.0,"enemies":"3 Sentries","floor":7.0,"turns":5.0},{"damage":6.0,"enemies":"Gremlin Nob","floor":10.0,"turns":3.0},{"damage":3.0,"enemies":"Large Slime","floor":11.0,"turns":4.0},{"damage":2.0,"enemies":"3 Louse","floor":12.0,"turns":4.0},{"damage":26.0,"enemies":"3 Sentries","floor":14.0,"turns":6.0},{"damage":29.0,"enemies":"The Guardian","floor":16.0,"turns":12.0},{"damage":30.0,"enemies":"3 Byrds","floor":18.0,"turns":6.0},{"damage":5.0,"enemies":"2 Thieves","floor":19.0,"turns":2.0},{"damage":8.0,"enemies":"3 Cultists","floor":21.0,"turns":6.0},{"damage":7.0,"enemies":"Chosen and Byrds","floor":24.0,"turns":6.0},{"damage":2.0,"enemies":"Centurion and Healer","floor":27.0,"turns":7.0},{"damage":6.0,"enemies":"Slavers","floor":30.0,"turns":5.0},{"damage":2.0,"enemies":"3 Cultists","floor":31.0,"turns":6.0},{"damage":25.0,"enemies":"Collector","floor":33.0,"turns":12.0},{"damage":16.0,"enemies":"3 Darklings","floor":35.0,"turns":4.0},{"damage":0.0,"enemies":"3 Shapes","floor":36.0,"turns":5.0},{"damage":16.0,"enemies":"2 Orb Walkers","floor":38.0,"turns":5.0},{"damage":0.0,"enemies":"3 Darklings","floor":39.0,"turns":6.0},{"damage":18.0,"enemies":"Nemesis","floor":41.0,"turns":7.0},{"damage":0.0,"enemies":"Spire Growth","floor":45.0,"turns":4.0},{"damage":3.0,"enemies":"Reptomancer","floor":46.0,"turns":7.0},{"damage":1.0,"enemies":"Nemesis","floor":48.0,"turns":8.0},{"damage":18.0,"enemies":"Awakened One","floor":50.0,"turns":8.0},{"damage":10.0,"enemies":"Donu and Deca","floor":51.0,"turns":6.0},{"damage":4.0,"enemies":"Shield and Spear","floor":55.0,"turns":9.0},{"damage":16,"enemies":"The Heart","floor":56,"turns":9}],"seed_played":"-8047889021836338616","potions_obtained":[{"floor":1.0,"key":"SteroidPotion"},{"floor":5.0,"key":"Swift Potion"},{"floor":7.0,"key":"Weak Potion"},{"floor":11.0,"key":"Explosive Potion"},{"floor":14.0,"key":"Energy Potion"},{"floor":18.0,"key":"Weak Potion"},{"floor":19.0,"key":"ColorlessPotion"},{"floor":31.0,"key":"SkillPotion"}],"is_trial":false,"path_per_floor":["M","?","M","$","M","R","E","?","T","E","M","M","$","E","R","B",null,"M","M","?","M","$","R","M","?","T","M","R","?","E","M","R","B",null,"M","M","$","?","M","R","E","?","T","T","M","E","R","E","R","B","B",null,"R","$","E","B",null],"character_chosen":"IRONCLAD","items_purchased":["Bag of Marbles","Discovery","TheAbacus","Pocketwatch","Feel No Pain","War Paint","Anchor"],"campfire_rested":0,"item_purchase_floors":[4,13,22,37,37,54,54],"current_hp_per_floor":[65,54,51,51,56,56,47,47,47,47,50,54,54,34,34,11,54,30,31,31,33,33,33,36,36,36,44,44,44,44,50,50,31,45,39,49,49,43,53,53,51,51,58,58,64,67,67,72,72,71,79,82,82,82,91,81],"gold":113,"neow_bonus":"RANDOM_COLORLESS_2","is_daily":false,"chose_seed":false,"campfire_upgraded":8,"win_rate":0.0,"timestamp":1611665745,"path_taken":["M","?","M","$","M","R","E","?","T","E","?","M","$","E","R","BOSS","M","M","?","M","$","R","M","?","T","M","R","?","E","?","R","BOSS","M","M","$","?","M","R","E","?","T","?","M","E","R","E","R","BOSS","BOSS","R","$","E","BOSS"],"items_purchased_type":["Relic","Card","Relic","Relic","Card","Relic","Relic"],"build_version":"2020-12-22","purchased_purges":3,"victory":true,"max_hp_per_floor":[68,68,68,68,68,68,68,68,68,68,68,68,68,68,68,68,68,68,68,34,38,38,38,42,42,42,46,46,46,46,50,50,50,50,54,58,58,62,66,66,76,72,79,79,79,79,79,79,79,83,83,83,83,83,91,91],"relic_stats":{"Sozu":3,"Lizard Tail":0,"TheAbacus":[396],"counters":[29,174],"Pantograph":19,"Tiny Chest":1,"Kunai":[21],"Ginger":[2],"War Paint":["Ghostly","Defend_R"],"obtain_stats":[{"Girya":7,"Calipers":38,"Pear":41,"Oddly Smooth Stone":48,"Ginger":46,"War Paint":54,"Burning Blood":0,"Sozu":34,"Lizard Tail":14,"Anchor":54,"TheAbacus":22,"Strawberry":43,"Pantograph":44,"Molten Egg 2":9,"Tiny Chest":30,"Bag of Marbles":4,"Kunai":10,"Runic Pyramid":17,"Pocketwatch":37,"Paper Frog":55},{"Girya":4,"Calipers":20,"Pear":22,"Oddly Smooth Stone":25,"Ginger":24,"War Paint":27,"Burning Blood":0,"Sozu":17,"Lizard Tail":8,"Anchor":27,"TheAbacus":12,"Strawberry":22,"Pantograph":22,"Molten Egg 2":4,"Tiny Chest":15,"Bag of Marbles":2,"Kunai":5,"Runic Pyramid":9,"Pocketwatch":19,"Paper Frog":28},{"Girya":17,"Calipers":110,"Pear":123,"Oddly Smooth Stone":142,"Ginger":134,"War Paint":156,"Burning Blood":0,"Sozu":96,"Lizard Tail":34,"Anchor":156,"TheAbacus":60,"Strawberry":123,"Pantograph":123,"Molten Egg 2":17,"Tiny Chest":78,"Bag of Marbles":9,"Kunai":20,"Runic Pyramid":46,"Pocketwatch":105,"Paper Frog":165}],"Burning Blood":171,"Pocketwatch":[26]},"card_choices":[{"not_picked":["Violence","Transmutation"],"picked":"HandOfGreed","floor":0.0},{"not_picked":["Sword Boomerang","Spot Weakness"],"picked":"Fire Breathing","floor":3.0},{"not_picked":["Body Slam","Entrench","Whirlwind"],"picked":"SKIP","floor":7.0},{"not_picked":["Seeing Red","Wild Strike+1"],"picked":"Fiend Fire+1","floor":10.0},{"not_picked":["Twin Strike+1","Clash+1","Perfected Strike+1"],"picked":"SKIP","floor":11.0},{"not_picked":["Wild Strike+1","Twin Strike+1"],"picked":"Body Slam+1","floor":12.0},{"not_picked":["Perfected Strike+1","Iron Wave+1","Twin Strike+1"],"picked":"SKIP","floor":14.0},{"not_picked":["Barricade","Fiend Fire+1"],"picked":"Feed+1","floor":16.0},{"not_picked":["Iron Wave+1","Uppercut+1"],"picked":"Rage","floor":18.0},{"not_picked":["Headbutt+1","Disarm"],"picked":"Shrug It Off","floor":19.0},{"not_picked":["Armaments","Metallicize"],"picked":"Burning Pact","floor":21.0},{"not_picked":["Iron Wave+1","Inflame"],"picked":"Second Wind","floor":24.0},{"not_picked":["Intimidate","Perfected Strike+1","Anger+1"],"picked":"SKIP","floor":27.0},{"not_picked":["Blood for Blood+1","Rampage+1","Sword Boomerang+1"],"picked":"SKIP","floor":30.0},{"not_picked":["Sword Boomerang+1","Clothesline+1"],"picked":"Pommel Strike+1","floor":31.0},{"not_picked":["Juggernaut","Corruption"],"picked":"Immolate+1","floor":33.0},{"not_picked":["Cleave+1","Spot Weakness","Warcry"],"picked":"SKIP","floor":35.0},{"not_picked":["Headbutt+1","Sword Boomerang+1","Pommel Strike+1"],"picked":"SKIP","floor":36.0},{"not_picked":["Burning Pact","Blood for Blood+1"],"picked":"Dual Wield","floor":38.0},{"not_picked":["Clothesline+1","Warcry","Dual Wield"],"picked":"SKIP","floor":39.0},{"not_picked":["Body Slam+1","Combust+1"],"picked":"Evolve+1","floor":41.0},{"not_picked":["Clash+1","Body Slam+1"],"picked":"Bloodletting+1","floor":45.0},{"not_picked":["Perfected Strike+1","Fire Breathing","Immolate+1"],"picked":"SKIP","floor":46.0},{"not_picked":["Thunderclap+1","True Grit"],"picked":"Dark Embrace","floor":48.0},{"not_picked":["Rage","Fiend Fire+1","Heavy Blade+1"],"picked":"SKIP","floor":55.0}],"player_experience":1280529,"relics_obtained":[{"floor":7.0,"key":"Girya"},{"floor":9.0,"key":"Molten Egg 2"},{"floor":10.0,"key":"Kunai"},{"floor":14.0,"key":"Lizard Tail"},{"floor":30.0,"key":"Tiny Chest"},{"floor":38.0,"key":"Calipers"},{"floor":41.0,"key":"Pear"},{"floor":43.0,"key":"Strawberry"},{"floor":44.0,"key":"Pantograph"},{"floor":46.0,"key":"Ginger"},{"floor":48.0,"key":"Oddly Smooth Stone"},{"floor":55.0,"key":"Paper Frog"}],"event_choices":[{"damage_healed":0.0,"max_hp_gain":0.0,"max_hp_loss":0.0,"gold_gain":75.0,"event_name":"World of Goop","player_choice":"Gather Gold","floor":2.0,"gold_loss":0.0,"damage_taken":11.0},{"damage_healed":0.0,"max_hp_gain":0.0,"max_hp_loss":0.0,"gold_gain":0.0,"event_name":"Match and Keep!","player_choice":"0 cards matched","floor":8.0,"gold_loss":0.0,"damage_taken":0.0,"cards_obtained":[]},{"damage_healed":0.0,"max_hp_gain":0.0,"max_hp_loss":34.0,"gold_gain":0.0,"event_name":"Ghosts","player_choice":"Became a Ghost","floor":20.0,"gold_loss":0.0,"damage_taken":0.0,"cards_obtained":["Ghostly","Ghostly","Ghostly"]},{"cards_removed":["Strike_R"],"damage_healed":0.0,"max_hp_gain":0.0,"max_hp_loss":0.0,"gold_gain":0.0,"event_name":"Back to Basics","player_choice":"Elegance","floor":25.0,"gold_loss":0.0,"damage_taken":0.0},{"damage_healed":0.0,"max_hp_gain":0.0,"max_hp_loss":0.0,"gold_gain":0.0,"cards_transformed":["Strike_R"],"event_name":"Transmorgrifier","player_choice":"Transformed","floor":29.0,"gold_loss":0.0,"damage_taken":0.0,"cards_obtained":["Heavy Blade"]},{"damage_healed":0.0,"max_hp_gain":0.0,"max_hp_loss":0.0,"gold_gain":0.0,"event_name":"Mysterious Sphere","player_choice":"Fight","floor":38.0,"gold_loss":0.0,"damage_taken":0.0},{"damage_healed":0.0,"max_hp_gain":0.0,"max_hp_loss":4.0,"gold_gain":0.0,"event_name":"Winding Halls","player_choice":"Max HP","floor":42.0,"gold_loss":0.0,"damage_taken":0.0}],"is_beta":false,"boss_relics":[{"not_picked":["Ectoplasm","Runic Cube"],"picked":"Runic Pyramid"},{"not_picked":["Mark of Pain","Velvet Choker"],"picked":"Sozu"}],"items_purged_floors":[4,13,22],"is_endless":false,"potions_floor_spawned":[1,5,7,11,14,18,19,21,31,35,36,45],"ascension_level":20}}