{"host":"szp1d6dso4pv7ddl","time":1611641308,"event":{"mods":["AchievementEnabler","Alarm Clock","BaseMod","Bestiary","Block Reminder","Colored Map","Colored Powertips","Curses Come First","Dark Map","Displayed Cursed Tome","Highlight Path","Minty Spire (QoL Compilation)","Permanent Neow","Quick Restart","Relic Sorter","Relic Stats","StSLib","Synergy Search"],"gold_per_floor":[367,70,70,70,85,85,160,176,176,189,189,54,72,21,21,149,149,167,167,266,17,17,17,17,17],"floor_reached":24,"language":"ENG","playtime":868,"items_purged":["Defend_P","Shame"],"score":218,"play_id":"19e1c30c-b544-4eb1-8b40-480f9164009c","local_time":"20210125220828","is_ascension_mode":true,"campfire_choices":[{"floor":6,"key":"REST"},{"data":"Eruption","floor":11,"key":"SMITH"},{"floor":15,"key":"REST"},{"floor":23,"key":"REST"}],"circlet_count":0,"master_deck":["Strike_P","Strike_P","Strike_P","Defend_P","Defend_P","Defend_P","Eruption+1","Vigilance","EmptyFist","Adaptation","InnerPeace","Crescendo","DevaForm","BattleHymn","Halt","ConjureBlade","ClearTheMind","Establishment"],"relics":["PureWater","Blood Vial","Golden Idol","Blue Candle","Philosopher\u0027s Stone","Vajra"],"acts_visited":["Exordium","TheCity"],"potions_floor_usage":[16,24],"damage_taken":[{"damage":0,"enemies":"Cultist","floor":1,"turns":2},{"damage":12,"enemies":"2 Louse","floor":5,"turns":3},{"damage":0,"enemies":"Small Slimes","floor":8,"turns":3},{"damage":3,"enemies":"Blue Slaver","floor":10,"turns":4},{"damage":14,"enemies":"Red Slaver","floor":13,"turns":5},{"damage":36,"enemies":"The Guardian","floor":16,"turns":9},{"damage":19,"enemies":"Spheric Guardian","floor":18,"turns":5},{"damage":74,"enemies":"Gremlin Leader","floor":24,"turns":4}],"seed_played":"6698380038928262580","potions_obtained":[{"floor":5,"key":"StancePotion"},{"floor":10,"key":"Strength Potion"},{"floor":13,"key":"Regen Potion"}],"is_trial":false,"path_per_floor":["M","$","?","?","M","R","?","M","T","M","R","$","M","$","R","B",null,"M","?","?","$","$","R","E"],"character_chosen":"WATCHER","items_purchased":["Adaptation","Blood Vial","DevaForm","Halt","Establishment"],"campfire_rested":3,"item_purchase_floors":[2,2,12,14,21],"current_hp_per_floor":[65,65,58,42,32,51,40,42,42,41,41,41,29,29,48,29,65,46,46,46,46,46,65,0,0],"gold":17,"neow_bonus":"TWO_FIFTY_GOLD","is_daily":false,"chose_seed":false,"campfire_upgraded":1,"win_rate":0.0,"timestamp":1611641308,"path_taken":["M","$","?","?","M","R","?","M","T","?","R","?","M","$","R","BOSS","M","?","?","?","$","R","E"],"items_purchased_type":["Card","Relic","Card","Card","Card"],"build_version":"2020-12-22","purchased_purges":2,"victory":false,"max_hp_per_floor":[65,65,65,65,65,65,65,65,65,65,65,65,65,65,65,65,65,65,65,65,65,65,65,65,65],"relic_stats":{"Blood Vial":10,"counters":[8,35],"Golden Idol":43,"Blue Candle":[0],"obtain_stats":[{"Blood Vial":2,"Golden Idol":4,"Blue Candle":9,"Vajra":19,"Philosopher\u0027s Stone":17,"PureWater":0},{"Blood Vial":1,"Golden Idol":1,"Blue Candle":3,"Vajra":7,"Philosopher\u0027s Stone":6,"PureWater":0},{"Blood Vial":2,"Golden Idol":2,"Blue Candle":8,"Vajra":31,"Philosopher\u0027s Stone":26,"PureWater":0}]},"card_choices":[{"not_picked":["Consecrate","Wireheading"],"picked":"EmptyFist","floor":1},{"not_picked":["ThirdEye","Crescendo"],"picked":"InnerPeace","floor":5},{"not_picked":["Protect","Swivel"],"picked":"Crescendo","floor":8},{"not_picked":["SashWhip","Worship","WheelKick"],"picked":"SKIP","floor":10},{"not_picked":["Crescendo","Consecrate"],"picked":"BattleHymn","floor":13},{"not_picked":["Judgement","Devotion"],"picked":"ConjureBlade","floor":16},{"not_picked":["FollowUp+1","ForeignInfluence"],"picked":"ClearTheMind","floor":18}],"player_experience":1286382,"relics_obtained":[{"floor":9,"key":"Blue Candle"}],"event_choices":[{"cards_removed":["Strike_P"],"damage_healed":0,"gold_gain":0,"player_choice":"Card Removal","damage_taken":7,"max_hp_gain":0,"max_hp_loss":0,"event_name":"Golden Wing","floor":3,"gold_loss":0},{"damage_healed":0,"gold_gain":0,"player_choice":"Take Damage","damage_taken":16,"relics_obtained":["Golden Idol"],"max_hp_gain":0,"max_hp_loss":0,"event_name":"Golden Idol","floor":4,"gold_loss":0},{"damage_healed":0,"gold_gain":75,"player_choice":"Gather Gold","damage_taken":11,"max_hp_gain":0,"max_hp_loss":0,"event_name":"World of Goop","floor":7,"gold_loss":0},{"damage_healed":0,"gold_gain":0,"player_choice":"Stole Relic","damage_taken":0,"relics_obtained":["Vajra"],"max_hp_gain":0,"max_hp_loss":0,"event_name":"Addict","floor":19,"gold_loss":0,"cards_obtained":["Shame"]},{"damage_healed":0,"gold_gain":99,"player_choice":"Stole From Cult","damage_taken":0,"max_hp_gain":0,"max_hp_loss":0,"event_name":"Nest","floor":20,"gold_loss":0}],"is_beta":false,"boss_relics":[{"not_picked":["Tiny House","SacredBark"],"picked":"Philosopher\u0027s Stone"}],"items_purged_floors":[2,21],"is_endless":false,"potions_floor_spawned":[5,10,13],"killed_by":"Gremlin Leader","ascension_level":4}}