{"host":"7zdktqb5xjtif29d","time":1611699720,"event":{"mods":["AchievementEnabler","BaseMod","Colored Map","Colored Powertips","Dark Map","Highlight Path","Minty Spire (QoL Compilation)","Rare Cards Sparkle","SuperFastMode","Waifu the Spire","everything is the same but u backflip on backflip"],"gold_per_floor":[113,131,131,147,160,186,186,58,58,93,93,106,117,147,147,244,244,264,275,287,297,48,79,99,14,59,59,77,2,2,28,28,130,130,142,142,157,0,11,38,38,51,51,69,69,83,102,127,127,127,127],"floor_reached":50,"language":"ENG","playtime":2494,"items_purged":["Strike_B","Defend_B"],"score":593,"play_id":"08a5ea94-eb47-4f43-aef4-1dd4589c6ad0","local_time":"20210126222200","is_ascension_mode":false,"campfire_choices":[{"floor":11.0,"key":"REST"},{"floor":15.0,"key":"REST"},{"floor":27.0,"key":"REST"},{"floor":30.0,"key":"REST"},{"data":"Electrodynamics","floor":32.0,"key":"SMITH"},{"floor":41.0,"key":"REST"},{"floor":45.0,"key":"REST"},{"floor":49.0,"key":"REST"}],"circlet_count":0,"master_deck":["Strike_B+1","Strike_B","Defend_B","Defend_B","Defend_B","Zap","Dualcast","Sweeping Beam","Ball Lightning+1","Melter","Electrodynamics+1","Conserve Battery","Conserve Battery","Leap","Seek","BootSequence+1","Thunder Strike+1","Doom and Gloom+1","Creative AI","Buffer","Streamline+1","Parasite","Capacitor+1","Thunder Strike+1","Barrage+1"],"relics":["Black Star","Happy Flower","Sundial","Molten Egg 2","Bronze Scales","Turnip","Strawberry","Boot","Sozu","Bag of Preparation","The Courier","DataDisk","Lizard Tail","Art of War","Mango","Gambling Chip","SlaversCollar","Red Mask","Bottled Flame","Centennial Puzzle","Whetstone","Meat on the Bone","Blood Vial"],"acts_visited":["TheCity","TheBeyond"],"potions_floor_usage":[50],"damage_taken":[{"damage":0.0,"enemies":"Small Slimes","floor":1.0,"turns":3.0},{"damage":5.0,"enemies":"Jaw Worm","floor":2.0,"turns":4.0},{"damage":6.0,"enemies":"2 Louse","floor":4.0,"turns":2.0},{"damage":10.0,"enemies":"Large Slime","floor":5.0,"turns":4.0},{"damage":17.0,"enemies":"Gremlin Nob","floor":6.0,"turns":4.0},{"damage":24.0,"enemies":"Lagavulin","floor":10.0,"turns":6.0},{"damage":9.0,"enemies":"Exordium Thugs","floor":12.0,"turns":3.0},{"damage":1.0,"enemies":"Red Slaver","floor":13.0,"turns":3.0},{"damage":6.0,"enemies":"3 Sentries","floor":14.0,"turns":3.0},{"damage":19.0,"enemies":"Hexaghost","floor":16.0,"turns":10.0},{"damage":5.0,"enemies":"Chosen","floor":18.0,"turns":4.0},{"damage":0.0,"enemies":"Shell Parasite","floor":19.0,"turns":4.0},{"damage":3.0,"enemies":"Cultist and Chosen","floor":20.0,"turns":5.0},{"damage":23.0,"enemies":"Snecko","floor":21.0,"turns":7.0},{"damage":32.0,"enemies":"Book of Stabbing","floor":23.0,"turns":6.0},{"damage":4.0,"enemies":"Snake Plant","floor":24.0,"turns":3.0},{"damage":0.0,"enemies":"Cultist and Chosen","floor":28.0,"turns":4.0},{"damage":6.0,"enemies":"Gremlin Leader","floor":31.0,"turns":5.0},{"damage":34.0,"enemies":"Automaton","floor":33.0,"turns":7.0},{"damage":0.0,"enemies":"3 Darklings","floor":35.0,"turns":2.0},{"damage":18.0,"enemies":"Orb Walker","floor":37.0,"turns":3.0},{"damage":20.0,"enemies":"Jaw Worm Horde","floor":39.0,"turns":3.0},{"damage":29.0,"enemies":"Nemesis","floor":40.0,"turns":7.0},{"damage":24.0,"enemies":"Maw","floor":42.0,"turns":7.0},{"damage":5.0,"enemies":"Writhing Mass","floor":44.0,"turns":5.0},{"damage":7.0,"enemies":"3 Darklings","floor":46.0,"turns":3.0},{"damage":27.0,"enemies":"Spire Growth","floor":47.0,"turns":6.0},{"damage":20.0,"enemies":"Reptomancer","floor":48.0,"turns":6.0},{"damage":88,"enemies":"Awakened One","floor":50,"turns":8}],"seed_played":"7313943503741639485","potions_obtained":[{"floor":4.0,"key":"Explosive Potion"},{"floor":13.0,"key":"Strength Potion"},{"floor":14.0,"key":"Energy Potion"},{"floor":16.0,"key":"EssenceOfDarkness"}],"is_trial":false,"path_per_floor":["M","M","?","M","M","E","?","$","T","E","R","M","M","E","R","B",null,"M","M","M","M","$","E","M","?","T","R","M","?","R","E","R","B",null,"M","?","M","?","M","E","R","M","T","M","R","M","M","E","R","B"],"character_chosen":"DEFECT","items_purchased":["Conserve Battery","Bag of Preparation"],"campfire_rested":7,"item_purchase_floors":[8,22],"current_hp_per_floor":[75,70,70,64,54,37,30,30,30,6,28,19,18,19,43,24,82,77,77,74,51,51,19,15,15,15,39,39,39,63,71,71,37,96,96,96,78,78,58,29,57,33,33,28,56,49,22,2,30,0,0],"gold":127,"neow_bonus":"BOSS_RELIC","is_daily":false,"chose_seed":false,"campfire_upgraded":1,"win_rate":0.0,"timestamp":1611699720,"path_taken":["M","M","?","M","M","E","?","?","T","E","R","M","M","E","R","BOSS","M","M","M","M","$","E","M","?","T","R","M","?","R","E","R","BOSS","M","?","M","?","M","E","R","M","T","M","R","M","?","E","R","BOSS"],"items_purchased_type":["Card","Relic"],"build_version":"2020-12-22","purchased_purges":2,"victory":false,"max_hp_per_floor":[75,75,75,75,75,75,75,75,75,75,75,75,75,82,82,82,82,82,82,82,82,82,82,82,82,82,82,82,82,82,96,96,96,96,96,96,96,96,96,96,96,96,96,96,96,96,96,96,96,96,96],"card_choices":[{"not_picked":["Compile Driver","Double Energy"],"picked":"Sweeping Beam","floor":1.0},{"not_picked":["Sweeping Beam","Reinforced Body"],"picked":"Ball Lightning","floor":2.0},{"not_picked":["Aggregate","Loop"],"picked":"Melter","floor":4.0},{"not_picked":["Aggregate","Scrape","Coolheaded"],"picked":"SKIP","floor":5.0},{"not_picked":["Fission","Double Energy"],"picked":"Electrodynamics","floor":6.0},{"not_picked":["Go for the Eyes+1","Turbo"],"picked":"Conserve Battery","floor":10.0},{"not_picked":["FTL+1","Fusion"],"picked":"Leap","floor":12.0},{"not_picked":["Reprogram","Beam Cell+1","Cold Snap+1"],"picked":"SKIP","floor":13.0},{"not_picked":["Gash+1","Echo Form","Steam"],"picked":"SKIP","floor":14.0},{"not_picked":["Reboot","Creative AI"],"picked":"Seek","floor":16.0},{"not_picked":["Turbo+1","Compile Driver+1"],"picked":"BootSequence+1","floor":18.0},{"not_picked":["Stack+1","Ball Lightning+1"],"picked":"BootSequence","floor":19.0},{"not_picked":["Fusion+1","Stack+1","Skim"],"picked":"SKIP","floor":20.0},{"not_picked":["Loop","Scrape+1","Rebound+1"],"picked":"SKIP","floor":21.0},{"not_picked":["Blizzard+1","Hologram"],"picked":"Thunder Strike+1","floor":23.0},{"not_picked":["White Noise+1","Barrage+1"],"picked":"Doom and Gloom+1","floor":24.0},{"not_picked":["Hologram","Coolheaded","Leap"],"picked":"SKIP","floor":28.0},{"not_picked":["Conserve Battery","Chaos"],"picked":"Creative AI","floor":31.0},{"not_picked":["Machine Learning","Reboot"],"picked":"Buffer","floor":33.0},{"not_picked":["Gash+1","Leap","Conserve Battery"],"picked":"SKIP","floor":35.0},{"not_picked":["Hologram+1","Redo+1","Steam+1"],"picked":"SKIP","floor":37.0},{"not_picked":["Redo+1","Heatsinks"],"picked":"Streamline+1","floor":39.0},{"not_picked":["Gash+1","Sweeping Beam+1","Consume"],"picked":"SKIP","floor":40.0},{"not_picked":["Steam+1","Ball Lightning+1","Barrage+1"],"picked":"SKIP","floor":42.0},{"not_picked":["Hologram","Double Energy","White Noise"],"picked":"SKIP","floor":44.0},{"not_picked":["Hologram+1","Self Repair+1"],"picked":"Capacitor+1","floor":46.0},{"not_picked":["Beam Cell+1","Stack+1"],"picked":"Thunder Strike+1","floor":47.0},{"not_picked":["Redo","Hologram"],"picked":"Barrage+1","floor":48.0}],"player_experience":254763,"relics_obtained":[{"floor":6.0,"key":"Sundial"},{"floor":6.0,"key":"Molten Egg 2"},{"floor":10.0,"key":"Bronze Scales"},{"floor":10.0,"key":"Turnip"},{"floor":14.0,"key":"Strawberry"},{"floor":14.0,"key":"Boot"},{"floor":23.0,"key":"The Courier"},{"floor":23.0,"key":"DataDisk"},{"floor":26.0,"key":"Art of War"},{"floor":31.0,"key":"Mango"},{"floor":31.0,"key":"Gambling Chip"},{"floor":40.0,"key":"Bottled Flame"},{"floor":40.0,"key":"Centennial Puzzle"},{"floor":43.0,"key":"Whetstone"},{"floor":48.0,"key":"Meat on the Bone"},{"floor":48.0,"key":"Blood Vial"}],"event_choices":[{"damage_healed":0.0,"max_hp_gain":0.0,"max_hp_loss":0.0,"gold_gain":0.0,"event_name":"Big Fish","player_choice":"Box","floor":3.0,"gold_loss":0.0,"damage_taken":0.0,"relics_obtained":["Happy Flower"],"cards_obtained":["Regret"]},{"cards_removed":["Regret"],"damage_healed":0.0,"max_hp_gain":0.0,"max_hp_loss":0.0,"gold_gain":0.0,"event_name":"Golden Wing","player_choice":"Card Removal","floor":7.0,"gold_loss":0.0,"damage_taken":7.0},{"damage_healed":0.0,"max_hp_gain":0.0,"max_hp_loss":0.0,"gold_gain":0.0,"event_name":"Addict","player_choice":"Obtained Relic","floor":25.0,"gold_loss":85.0,"damage_taken":0.0,"relics_obtained":["Lizard Tail"]},{"cards_removed":["Strike_B"],"damage_healed":0.0,"max_hp_gain":0.0,"max_hp_loss":0.0,"gold_gain":0.0,"event_name":"Beggar","player_choice":"Gave Gold","floor":29.0,"gold_loss":75.0,"damage_taken":0.0},{"cards_removed":["BootSequence"],"damage_healed":0.0,"max_hp_gain":0.0,"max_hp_loss":0.0,"gold_gain":0.0,"event_name":"Falling","player_choice":"Removed Skill","floor":36.0,"gold_loss":0.0,"damage_taken":0.0},{"damage_healed":0.0,"max_hp_gain":0.0,"max_hp_loss":0.0,"gold_gain":0.0,"event_name":"Tomb of Lord Red Mask","player_choice":"Paid","floor":38.0,"gold_loss":157.0,"damage_taken":0.0,"relics_obtained":["Red Mask"]}],"is_beta":false,"boss_relics":[{"not_picked":["Calling Bell","Busted Crown"],"picked":"Sozu"},{"not_picked":["Empty Cage","Velvet Choker"],"picked":"SlaversCollar"}],"items_purged_floors":[8,22],"is_endless":false,"potions_floor_spawned":[4,13,14,16,19,20,21,35,42],"killed_by":"Awakened One","ascension_level":0}}