{"host":"yvsfsto0agm53yt2","time":1611641981,"event":{"mods":["AchievementEnabler","Aspiration","BaseMod","Bestiary","Ironclad Rager","Minty Spire (QoL Compilation)","Practice Mode","Rare Cards Sparkle","Relic Stats","Replay The Spire","Spicy Shops","Spire Arcade","StSLib","The Edgeheg","everything is the same but u backflip on backflip"],"gold_per_floor":[115,115,130,145,145,179,198,229,229,229,10,10,10,10,10,83,83,99,116,116,134,74,108,108,126,126,126,142,74,100,100,100,179,179],"floor_reached":33,"language":"ENG","playtime":1244,"items_purged":[],"score":978,"play_id":"8d9a197f-f2f5-43df-9c25-33c7469dcb18","local_time":"20210126161941","is_ascension_mode":true,"campfire_choices":[{"data":"Noxious Fumes","floor":10.0,"key":"SMITH"},{"floor":13.0,"key":"REST"},{"data":"ReplayTheSpireMod:Scrap Shanks","floor":15,"key":"SMITH"},{"floor":24,"key":"REST"},{"floor":27,"key":"REST"},{"floor":32,"key":"REST"}],"circlet_count":0,"master_deck":["AscendersBane","Survivor","Neutralize","ICR:VenomStrike+1","ICR:VenomStrike","ICR:VenomStrike","ICR:VenomStrike","ICR:Dodge","ICR:Dodge","ICR:Dodge+1","ICR:Dodge","All Out Attack","Hidden Blade","Terror+1","Leg Sweep","Noxious Fumes+1","ReplayTheSpireMod:Scrap Shanks+1","Corpse Explosion","Bane","Blade Dance+1","Cloak And Dagger","Finisher","Bouncing Flask","Sneak Up","Footwork","Caltrops"],"relics":["Ring of the Snake","Shuriken","Mercury Hourglass","TwistedFunnel","Dream Catcher","aspiration:FutureDiary","Replay:WaspNest","Sundial","aspiration:HummingbirdHeart"],"acts_visited":["Exordium","TheCity"],"potions_floor_usage":[],"damage_taken":[{"damage":0.0,"enemies":"Cultist","floor":1.0,"turns":4.0},{"damage":0.0,"enemies":"Jaw Worm","floor":3.0,"turns":4.0},{"damage":2.0,"enemies":"Small Slimes","floor":4.0,"turns":4.0},{"damage":25.0,"enemies":"3 Sentries","floor":6.0,"turns":10.0},{"damage":0.0,"enemies":"Blue Slaver","floor":7.0,"turns":5.0},{"damage":0.0,"enemies":"Gremlin Nob","floor":8.0,"turns":4.0},{"damage":8,"enemies":"The Guardian","floor":16,"turns":9},{"damage":18,"enemies":"Chosen","floor":18,"turns":5},{"damage":4,"enemies":"Shell Parasite","floor":19,"turns":5},{"damage":10,"enemies":"Snecko","floor":21,"turns":4},{"damage":22,"enemies":"Slavers","floor":23,"turns":5},{"damage":0,"enemies":"Chosen and Byrds","floor":25,"turns":3},{"damage":10,"enemies":"Shelled Parasite and Fungi","floor":28,"turns":4},{"damage":34,"enemies":"Book of Stabbing","floor":30,"turns":5},{"damage":12,"enemies":"Pondfish","floor":33,"turns":8}],"seed_played":"8829758789522757335","potions_obtained":[{"floor":3.0,"key":"SkillPotion"},{"floor":4.0,"key":"Reflective Coating"},{"floor":18,"key":"Dexterity Potion"},{"floor":19,"key":"Poison Potion"}],"is_trial":false,"path_per_floor":["M","?","M","M","?","E","M","E","T","R","$","?","R","?","R","B",null,"M","M","?","M","?","E","R","M","T","R","M","$","E","?","R","B"],"character_chosen":"THE_SILENT","items_purchased":["ReplayTheSpireMod:Scrap Shanks","TwistedFunnel","Footwork"],"campfire_rested":4,"item_purchase_floors":[11,11,29],"current_hp_per_floor":[63,49,49,47,47,22,22,22,22,22,22,22,43,43,43,35,61,43,39,39,29,29,7,28,28,28,49,39,39,5,5,26,14,14],"gold":179,"neow_bonus":"SILENT_POISONER","is_daily":false,"chose_seed":false,"campfire_upgraded":2,"win_rate":0.0,"timestamp":1611641981,"path_taken":["M","?","M","M","?","E","?","E","T","R","$","?","R","?","R","BOSS","M","M","?","?","?","E","R","M","T","R","M","$","E","?","R","BOSS"],"items_purchased_type":["Card","Relic","Card"],"build_version":"2020-12-22","purchased_purges":0,"victory":false,"max_hp_per_floor":[70,70,70,70,70,70,70,70,70,70,70,70,70,70,70,70,70,70,70,70,70,70,70,70,70,70,70,70,70,70,70,70,70,70],"relic_stats":{"Dream Catcher":3,"counters":[15,79],"Shuriken":[17],"Sundial":[0],"obtain_stats":[{"TwistedFunnel":11,"Dream Catcher":14,"Shuriken":6,"Sundial":26,"Replay:WaspNest":23,"aspiration:HummingbirdHeart":30,"aspiration:FutureDiary":17,"Ring of the Snake":0,"Mercury Hourglass":8},{"TwistedFunnel":6,"Dream Catcher":6,"Shuriken":4,"Sundial":12,"Replay:WaspNest":11,"aspiration:HummingbirdHeart":14,"aspiration:FutureDiary":7,"Ring of the Snake":0,"Mercury Hourglass":6},{"TwistedFunnel":31,"Dream Catcher":31,"Shuriken":22,"Sundial":62,"Replay:WaspNest":59,"aspiration:HummingbirdHeart":71,"aspiration:FutureDiary":40,"Ring of the Snake":0,"Mercury Hourglass":31}],"Ring of the Snake":[30],"Mercury Hourglass":[162]},"card_choices":[{"not_picked":["Acrobatics","Toxin Wave"],"picked":"All Out Attack","floor":1.0},{"not_picked":["Backflip","Deadly Poison"],"picked":"Hidden Blade","floor":3.0},{"not_picked":["Dagger Throw","Acrobatics"],"picked":"Terror","floor":4.0},{"not_picked":["Quick Slash","Terror"],"picked":"Leg Sweep","floor":6.0},{"not_picked":["Underhanded Strike","Flying Knee","Storm of Steel"],"picked":"SKIP","floor":7.0},{"not_picked":["Backflip","Dagger Spray"],"picked":"Noxious Fumes","floor":8.0},{"not_picked":["Die Die Die","Venomology"],"picked":"Corpse Explosion","floor":16},{"not_picked":["Deadly Poison","Slice"],"picked":"Bane","floor":18},{"not_picked":["Flechettes","Replay:Poison Smokescreen+1"],"picked":"Blade Dance+1","floor":19},{"not_picked":["Backflip","Flying Knee"],"picked":"Cloak And Dagger","floor":21},{"not_picked":["Acrobatics+1","Dagger Spray"],"picked":"Finisher","floor":23},{"not_picked":["All Out Attack","Deflect+1"],"picked":"Bouncing Flask","floor":25},{"not_picked":["Prepared","Flying Knee"],"picked":"Sneak Up","floor":27},{"not_picked":["Hidden Blade","Heel Hook","Slice"],"picked":"SKIP","floor":28},{"not_picked":["Tactician","Backflip"],"picked":"Caltrops","floor":30}],"player_experience":282374,"relics_obtained":[{"floor":6.0,"key":"Shuriken"},{"floor":8.0,"key":"Mercury Hourglass"},{"floor":23,"key":"Replay:WaspNest"},{"floor":26,"key":"Sundial"},{"floor":30,"key":"aspiration:HummingbirdHeart"}],"event_choices":[{"damage_healed":0.0,"max_hp_gain":0.0,"max_hp_loss":0.0,"gold_gain":0.0,"event_name":"Shining Light","player_choice":"Entered Light","floor":2.0,"gold_loss":0.0,"damage_taken":14.0,"cards_upgraded":["ICR:VenomStrike","ICR:Dodge"]},{"damage_healed":0.0,"max_hp_gain":0.0,"max_hp_loss":0.0,"gold_gain":0.0,"event_name":"Upgrade Shrine","player_choice":"Upgraded","floor":5.0,"gold_loss":0.0,"damage_taken":0.0,"cards_upgraded":["Terror"]},{"damage_healed":0,"gold_gain":0,"cards_transformed":["ICR:VenomStrike"],"player_choice":"Transformed","damage_taken":0,"max_hp_gain":0,"max_hp_loss":0,"event_name":"Transmorgrifier","floor":20,"gold_loss":0,"cards_obtained":["Predator"]},{"cards_removed":["Predator"],"damage_healed":0,"gold_gain":0,"player_choice":"Purged","damage_taken":0,"max_hp_gain":0,"max_hp_loss":0,"event_name":"Purifier","floor":31,"gold_loss":0}],"is_beta":false,"boss_relics":[{"not_picked":["Busted Crown","Snecko Scales"],"picked":"aspiration:FutureDiary"}],"items_purged_floors":[],"is_endless":false,"potions_floor_spawned":[3,4,18,19,33],"killed_by":"Pondfish","ascension_level":13}}