{"host":"lr515x7bpk6b6t09","time":1611688318,"event":{"mods":["Act Like it!","BaseMod","Better Third Choice","CapriCore","Downfall","Gensokyo","Marisa£®ÏF”Í°°ƒß¿Ì…≥£©","Minty Spire (QoL Compilation)","Prisma Mod","Quick Restart","Relic Stats","Shop Mod","Spire Birthday Party","StSLib","The Cursed","The Jungle","The Marked","Waifu the Spire","Youmu£®ªÍ∆«—˝√Œ£©","[IsaacMod]“‘»ˆº‚À˛","°æ“≈ŒÔø®≈∆°øREMEMod"],"gold_per_floor":[116,116,134,0,175,200,200,200,200,100,100,132,148,183,183,287,287,322,322,104,29,60,60,86,114,138,138,167,167,167,193,193,271,271,271,271],"floor_reached":35,"language":"ZHS","playtime":1257,"items_purged":["Defend_P","Strike_P","Strike_P","Nirvana+1"],"score":1137,"play_id":"06a43578-a645-496d-a7bc-abf458d77e99","local_time":"20210127031158","is_ascension_mode":true,"campfire_choices":[{"data":"LessonLearned","floor":7.0,"key":"SMITH"},{"data":"Eruption","floor":11.0,"key":"SMITH"},{"floor":15.0,"key":"REST"},{"floor":23.0,"key":"REST"},{"floor":30.0,"key":"REST"},{"data":"Slimebound:CheckThePlaybook","floor":32.0,"key":"SMITH"}],"circlet_count":0,"master_deck":["Strike_P+1","Strike_P+1","Defend_P+1","Defend_P+1","Eruption+1","Vigilance","Gensokyo:RainbowDanmaku+1","LessonLearned+1","Consecrate","CutThroughFate+1","FollowUp+1","Adaptation","DeusExMachina+1","Slimebound:CheckThePlaybook+1","FollowUp","Blasphemy"],"relics":["PureWater","REME_ComplimentaryCards","HushsDoor","MaYiHuaBei","NeowsBlessing","Regal Pillow","MerchantsRug","Question Card","Singing Bowl","Smiling Mask","Matryoshka","ChampionBelt","Omamori","Centennial Puzzle","Bronze Scales","Whetstone","DeadEye","Blood Vial","Orichalcum","Pen Nib","PillsDrop","Oddly Smooth Stone","VioletLotus"],"acts_visited":["Exordium","TheCity","TheBeyond"],"potions_floor_usage":[],"damage_taken":[{"damage":0.0,"enemies":"Jaw Worm","floor":1.0,"turns":1.0},{"damage":0.0,"enemies":"Cultist","floor":3.0,"turns":1.0},{"damage":0.0,"enemies":"Lagavulin","floor":6.0,"turns":2.0},{"damage":25.0,"enemies":"3 Sentries","floor":12.0,"turns":4.0},{"damage":0.0,"enemies":"Small Slimes","floor":13.0,"turns":2.0},{"damage":0.0,"enemies":"Gremlin Nob","floor":14.0,"turns":2.0},{"damage":18.0,"enemies":"The Guardian","floor":16.0,"turns":4.0},{"damage":13.0,"enemies":"Gremlin Leader","floor":18.0,"turns":2.0},{"damage":0.0,"enemies":"REME_1_Revenger","floor":22.0,"turns":2.0},{"damage":2.0,"enemies":"Gremlin Leader","floor":24.0,"turns":2.0},{"damage":26.0,"enemies":"Slavers","floor":25.0,"turns":2.0},{"damage":6.0,"enemies":"Book of Stabbing","floor":28.0,"turns":2.0},{"damage":12.0,"enemies":"REME_1_Revenger","floor":31.0,"turns":1.0},{"damage":19.0,"enemies":"Collector","floor":33.0,"turns":3.0},{"damage":0,"enemies":"Nemesis","floor":35,"turns":1}],"seed_played":"-4040679137348564925","potions_obtained":[{"floor":6.0,"key":"LiquidMemories"},{"floor":12.0,"key":"Fire Potion"},{"floor":13.0,"key":"LiquidMemories"},{"floor":22.0,"key":"Guardian:BlockOnCardUsePotion"},{"floor":31.0,"key":"Fire Potion"}],"is_trial":false,"path_per_floor":["M","?","M","$","?","E","R","?","T","$","R","E","M","E","R","B",null,"M","?","$","?","M","R","M","E","T","?","M","?","R","M","R","B",null,"M"],"character_chosen":"WATCHER","items_purchased":["Nirvana","MerchantsRug","Centennial Puzzle"],"campfire_rested":3,"item_purchase_floors":[4,4,20],"current_hp_per_floor":[72,57,57,57,57,57,57,57,57,57,57,32,32,32,68,50,67,56,23,23,23,25,62,62,38,38,23,19,19,58,50,50,33,66,68,68],"gold":271,"neow_bonus":"THREE_ENEMY_KILL","is_daily":false,"chose_seed":false,"campfire_upgraded":3,"win_rate":0.0,"timestamp":1611688318,"path_taken":["M","?","M","$","?","E","R","?","T","?","R","E","M","E","R","BOSS","M","?","$","?","M","R","?","E","T","?","M","?","R","M","R","BOSS","M"],"items_purchased_type":["Card","Relic","Relic"],"build_version":"2020-12-22","purchased_purges":4,"victory":false,"max_hp_per_floor":[72,72,72,72,72,72,72,72,72,72,72,72,72,72,72,72,72,74,74,74,74,76,76,78,80,80,80,80,80,80,82,82,82,77,77,77],"relic_stats":{"Regal Pillow":45,"Singing Bowl":10,"counters":[15,31],"Pen Nib":[2],"Whetstone":["CutThroughFate","FollowUp"],"Orichalcum":[6],"Question Card":13,"Smiling Mask":75,"Blood Vial":8,"Centennial Puzzle":[15],"Bronze Scales":[30],"VioletLotus":[0],"obtain_stats":[{"KeepersGift":0,"MaYiHuaBei":0,"MerchantsRug":4,"Regal Pillow":2,"NeowsBlessing":0,"Singing Bowl":9,"Oddly Smooth Stone":31,"Pen Nib":27,"Omamori":18,"Whetstone":24,"DeadEye":25,"Orichalcum":26,"Question Card":6,"Smiling Mask":12,"Blood Vial":26,"Centennial Puzzle":20,"Matryoshka":14,"ChampionBelt":17,"Bronze Scales":22,"PillsDrop":28,"VioletLotus":34,"PureWater":0,"HushsDoor":0,"REME_ComplimentaryCards":0},{"KeepersGift":0,"MaYiHuaBei":0,"MerchantsRug":2,"Regal Pillow":1,"NeowsBlessing":0,"Singing Bowl":3,"Oddly Smooth Stone":13,"Pen Nib":11,"Omamori":8,"Whetstone":10,"DeadEye":11,"Orichalcum":11,"Question Card":3,"Smiling Mask":4,"Blood Vial":11,"Centennial Puzzle":8,"Matryoshka":6,"ChampionBelt":7,"Bronze Scales":9,"PillsDrop":12,"VioletLotus":14,"PureWater":0,"HushsDoor":0,"REME_ComplimentaryCards":0},{"KeepersGift":0,"MaYiHuaBei":0,"MerchantsRug":2,"Regal Pillow":1,"NeowsBlessing":0,"Singing Bowl":4,"Oddly Smooth Stone":27,"Pen Nib":24,"Omamori":18,"Whetstone":22,"DeadEye":24,"Orichalcum":24,"Question Card":4,"Smiling Mask":8,"Blood Vial":24,"Centennial Puzzle":18,"Matryoshka":12,"ChampionBelt":16,"Bronze Scales":20,"PillsDrop":26,"VioletLotus":30,"PureWater":0,"HushsDoor":0,"REME_ComplimentaryCards":0}]},"card_choices":[{"not_picked":["Evaluate","Swivel","FlyingSleeves"],"picked":"SKIP","floor":1.0},{"not_picked":["SashWhip","Evaluate"],"picked":"LessonLearned","floor":3.0},{"not_picked":["Study","JustLucky"],"picked":"Consecrate","floor":6.0},{"not_picked":["EmptyBody","SandsOfTime","Crescendo"],"picked":"CutThroughFate","floor":12.0},{"not_picked":["Conclude","FlyingSleeves","EmptyBody"],"picked":"FollowUp","floor":13.0},{"not_picked":["Evaluate","Nirvana","BowlingBash"],"picked":"Adaptation","floor":14.0},{"not_picked":["ConjureBlade","REME_EmptyShield","Omniscience"],"picked":"DeusExMachina","floor":16.0},{"not_picked":["Adaptation","Nirvana","ReachHeaven","LikeWater"],"picked":"Singing Bowl","floor":18.0},{"not_picked":["CrushJoints","Crescendo","Evaluate+1","EmptyFist"],"picked":"Singing Bowl","floor":22.0},{"not_picked":["REME_Repentance","CutThroughFate","Protect","SashWhip"],"picked":"Singing Bowl","floor":24.0},{"not_picked":["Protect","WheelKick","REME_WorshipGod","InnerPeace"],"picked":"Singing Bowl","floor":25.0},{"not_picked":["FlurryOfBlows","JustLucky","ThirdEye"],"picked":"FollowUp","floor":28.0},{"not_picked":["WindmillStrike","LessonLearned","Collect","FlyingSleeves"],"picked":"Singing Bowl","floor":31.0},{"not_picked":["Ragnarok","DeusExMachina","Establishment"],"picked":"Blasphemy","floor":33.0}],"player_experience":179378,"relics_obtained":[{"floor":6.0,"key":"Question Card"},{"floor":9.0,"key":"Singing Bowl"},{"floor":12.0,"key":"Smiling Mask"},{"floor":14.0,"key":"Matryoshka"},{"floor":18.0,"key":"Omamori"},{"floor":22.0,"key":"Bronze Scales"},{"floor":24.0,"key":"Whetstone"},{"floor":25.0,"key":"DeadEye"},{"floor":26.0,"key":"Blood Vial"},{"floor":26.0,"key":"Orichalcum"},{"floor":28.0,"key":"PillsDrop"},{"floor":31.0,"key":"Oddly Smooth Stone"}],"event_choices":[{"damage_healed":0.0,"max_hp_gain":0.0,"max_hp_loss":0.0,"gold_gain":175.0,"event_name":"betterThird:BetterSerpent","player_choice":"AGREE","floor":5.0,"gold_loss":0.0,"damage_taken":0.0},{"cards_removed":["Doubt"],"damage_healed":0.0,"max_hp_gain":0.0,"max_hp_loss":0.0,"gold_gain":0.0,"event_name":"Living Wall","player_choice":"Forget","floor":8.0,"gold_loss":0.0,"damage_taken":0.0},{"cards_removed":["Defend_P"],"damage_healed":0.0,"max_hp_gain":0.0,"max_hp_loss":0.0,"gold_gain":0.0,"event_name":"Beggar","player_choice":"Gave Gold","floor":21.0,"gold_loss":75.0,"damage_taken":0.0},{"damage_healed":0.0,"max_hp_gain":0.0,"max_hp_loss":0.0,"gold_gain":0.0,"event_name":"Match and Keep!","player_choice":"0 cards matched","floor":29.0,"gold_loss":0.0,"damage_taken":0.0,"cards_obtained":[]}],"is_beta":false,"boss_relics":[{"not_picked":["bronze:MakeshiftBattery","Pandora\u0027s Box"],"picked":"ChampionBelt"},{"not_picked":[]},{"not_picked":["REME_ChargedStone","REME_DemonsWealth"],"picked":"VioletLotus"},{"not_picked":[]}],"items_purged_floors":[4,10,20,34],"is_endless":false,"potions_floor_spawned":[6,12,13,22,31],"killed_by":"Nemesis","ascension_level":20}}