{"host":"1tl36azeqm6yhdgj","time":1611688426,"event":{"mods":["AchievementEnabler","BaseMod","Minty Spire (QoL Compilation)","StSLib","The IronCluck","everything is the same but u backflip on backflip"],"gold_per_floor":[12,12,87,107,121,121,121],"floor_reached":6,"language":"ENG","playtime":173,"items_purged":[],"score":72,"play_id":"5e9871ec-e928-445e-b3cc-e12452c772b2","local_time":"20210126141346","is_ascension_mode":true,"campfire_choices":[],"circlet_count":0,"master_deck":["AscendersBane","Strike_R","Strike_R","Strike_R","Strike_R","Defend_R","Defend_R","Defend_R","Defend_R","Bash","Feed","Thunderclap","Corruption","Infernal Blade","Flame Barrier"],"relics":["Burning Blood"],"acts_visited":["Exordium"],"potions_floor_usage":[],"damage_taken":[{"damage":9.0,"enemies":"Jaw Worm","floor":1.0,"turns":5.0},{"damage":16.0,"enemies":"2 Louse","floor":4.0,"turns":2.0},{"damage":0.0,"enemies":"Cultist","floor":5.0,"turns":2.0},{"damage":77,"enemies":"Lagavulin","floor":6,"turns":11}],"seed_played":"3873222984108761171","potions_obtained":[{"floor":4.0,"key":"FairyPotion"}],"is_trial":false,"path_per_floor":["M","?","?","M","M","E"],"character_chosen":"IRONCLAD","items_purchased":[],"campfire_rested":0,"item_purchase_floors":[],"current_hp_per_floor":[68,68,57,50,59,25,25],"gold":121,"neow_bonus":"THREE_RARE_CARDS","is_daily":false,"chose_seed":false,"campfire_upgraded":0,"win_rate":0.0,"timestamp":1611688426,"path_taken":["M","?","?","M","M","E"],"items_purchased_type":[],"build_version":"2020-12-22","purchased_purges":0,"victory":false,"max_hp_per_floor":[78,78,78,81,84,84,84],"card_choices":[{"not_picked":["Impervious","Berserk"],"picked":"Feed","floor":0.0},{"not_picked":["Cleave","Sword Boomerang"],"picked":"Thunderclap","floor":1.0},{"not_picked":["Clash","Evolve"],"picked":"Infernal Blade","floor":4.0},{"not_picked":["Clothesline","Twin Strike"],"picked":"Flame Barrier","floor":5.0}],"player_experience":2071260,"relics_obtained":[],"event_choices":[{"damage_healed":0.0,"max_hp_gain":0.0,"max_hp_loss":0.0,"gold_gain":0.0,"cards_transformed":["Strike_R"],"event_name":"Living Wall","player_choice":"Change","floor":2.0,"gold_loss":0.0,"damage_taken":0.0,"cards_obtained":["Corruption"]},{"damage_healed":0.0,"max_hp_gain":0.0,"max_hp_loss":0.0,"gold_gain":75.0,"event_name":"World of Goop","player_choice":"Gather Gold","floor":3.0,"gold_loss":0.0,"damage_taken":11.0}],"is_beta":false,"boss_relics":[],"items_purged_floors":[],"is_endless":false,"potions_floor_spawned":[4],"killed_by":"Lagavulin","ascension_level":20}}