{"host":"dyudzmz1c60osjjw","time":1611639023,"event":{"mods":["AchievementEnabler","BaseMod","BetterRewards","Colored Map","Conspire","Downfall","Duelist Mod","Friendly Minions","Hermit","Hubris","Infinite Spire","Koishi","Marisa????????","Minty Spire (QoL Compilation)","StSLib","The Administrix","The Animator","The Cursed","The Disciple","The Mystic","The Runesmith","The Servant 0.9.4"],"gold_per_floor":[115,126,46,62,76,111,111,186,210,210,257,284,303,319,319,417,417,429,445,459,459,479,479,513,513,584,600,600,600,600],"floor_reached":29,"language":"ENG","playtime":1749,"items_purged":[],"score":257,"play_id":"b727ce79-5a90-4866-80db-3a907975aad0","local_time":"20210126163023","is_ascension_mode":false,"campfire_choices":[{"floor":7,"key":"REST"},{"floor":15,"key":"REST"},{"floor":23,"key":"REST"},{"floor":25,"key":"REST"},{"floor":28,"key":"REST"}],"circlet_count":0,"master_deck":["Strike_MRS","Strike_MRS","Strike_MRS","Strike_MRS","Defend_MRS","Defend_MRS","Defend_MRS","Defend_MRS","MasterSpark","UpSweep","LuminesStrike","ChargingUp","MysteriousBeam","OrrerysSun","DeepEcoloBomb","EscapeVelocity","EarthLightRay","ManaRampage","PowerUp","ManaConvection","StarlightTyphoon","MagicAbsorber","GasGiant"],"relics":["MiniHakkero","hubris:MysteriousPyramids","Centennial Puzzle","Potion Belt","Blood Vial","hubris:TerracottaHorce","infinitespire:Beetle Shell","Ornamental Fan"],"acts_visited":["Exordium","TheCity"],"potions_floor_usage":[6,6,16,24,24,24,29],"damage_taken":[{"damage":6,"enemies":"Cultist","floor":1,"turns":3},{"damage":0,"enemies":"2 Louse","floor":2,"turns":2},{"damage":6,"enemies":"Jaw Worm","floor":4,"turns":3},{"damage":19,"enemies":"Large Slime","floor":5,"turns":4},{"damage":18,"enemies":"Lagavulin","floor":6,"turns":5},{"damage":17,"enemies":"3 Sentries","floor":12,"turns":5},{"damage":10,"enemies":"Blue Slaver","floor":13,"turns":3},{"damage":11,"enemies":"Exordium Wildlife","floor":14,"turns":3},{"damage":27,"enemies":"Slime Boss","floor":16,"turns":7},{"damage":1,"enemies":"Spheric Guardian","floor":18,"turns":3},{"damage":10,"enemies":"Shell Parasite","floor":19,"turns":3},{"damage":23,"enemies":"Centurion and Healer","floor":20,"turns":5},{"damage":34,"enemies":"Snecko","floor":22,"turns":4},{"damage":22,"enemies":"Book of Stabbing","floor":24,"turns":3},{"damage":27,"enemies":"Cultist and Chosen","floor":27,"turns":5},{"damage":40,"enemies":"Slavers","floor":29,"turns":2}],"seed_played":"-3166546669912581038","potions_obtained":[{"floor":1,"key":"BlessingOfTheForge"},{"floor":2,"key":"Ancient Potion"},{"floor":6,"key":"LiquidBronze"},{"floor":13,"key":"DuplicationPotion"},{"floor":16,"key":"Fire Potion"},{"floor":18,"key":"FearPotion"},{"floor":20,"key":"FearPotion"}],"is_trial":false,"path_per_floor":["M","M","$","M","M","E","R","?","T","?","T","E","M","M","R","B",null,"M","M","M","?","M","R","E","R","T","M","R","E"],"character_chosen":"MARISA","items_purchased":["OrrerysSun"],"campfire_rested":5,"item_purchase_floors":[3],"current_hp_per_floor":[69,69,69,63,44,26,48,37,37,62,62,45,37,28,50,29,64,69,61,44,30,2,26,6,30,30,9,33,0,0],"gold":600,"neow_bonus":"THREE_CARDS","is_daily":false,"chose_seed":false,"campfire_upgraded":0,"win_rate":0.0,"timestamp":1611639023,"path_taken":["M","M","$","M","M","E","R","?","T","?","?","E","M","M","R","BOSS","M","M","M","?","M","R","E","R","T","M","R","E"],"items_purchased_type":["Card"],"build_version":"2020-12-22","purchased_purges":0,"victory":false,"max_hp_per_floor":[75,75,75,75,75,75,75,75,75,75,75,75,75,75,75,75,75,75,75,75,80,80,80,80,80,80,80,80,80,80],"card_choices":[{"not_picked":["MilkyWay","ShootingEcho"],"picked":"LuminesStrike","floor":0},{"not_picked":["Acceleration","SporeBomb"],"picked":"ChargingUp","floor":1},{"not_picked":["FinalSpark","ShootingEcho"],"picked":"MysteriousBeam","floor":2},{"not_picked":["GrandCross","NonDirectionalLaser"],"picked":"DeepEcoloBomb","floor":4},{"not_picked":["6A","WitchOfGreed","UnstableBomb"],"picked":"SKIP","floor":5},{"not_picked":["ShootingEcho","FairyDestructionRay"],"picked":"EscapeVelocity","floor":6},{"not_picked":["GalacticHalo","IllusionStar","GrandCross"],"picked":"SKIP","floor":12},{"not_picked":["WitchOfGreed","MilkyWay","FairyDestructionRay"],"picked":"SKIP","floor":13},{"not_picked":["WitchOfGreed","DoubleSpark"],"picked":"EarthLightRay","floor":14},{"not_picked":["AbsoluteMagnitude","FinalSpark"],"picked":"ManaRampage","floor":16},{"not_picked":["WitchOfGreed","DragonMeteor+1"],"picked":"PowerUp","floor":18},{"not_picked":["DoubleSpark","WitchOfGreed+1"],"picked":"ManaConvection","floor":19},{"not_picked":["SporeBomb+1","FairyDestructionRay","Acceleration"],"picked":"SKIP","floor":20},{"not_picked":["WitchLeyline","UnstableBomb"],"picked":"StarlightTyphoon","floor":22},{"not_picked":["UnstableBomb","DoubleSpark"],"picked":"MagicAbsorber","floor":24},{"not_picked":["MagicChant+1","MaximisePower"],"picked":"GasGiant","floor":27}],"player_experience":210182,"relics_obtained":[{"floor":6,"key":"hubris:MysteriousPyramids"},{"floor":9,"key":"Centennial Puzzle"},{"floor":11,"key":"Potion Belt"},{"floor":12,"key":"Blood Vial"},{"floor":24,"key":"infinitespire:Beetle Shell"},{"floor":26,"key":"Ornamental Fan"}],"event_choices":[{"damage_healed":0,"gold_gain":75,"player_choice":"Gather Gold","damage_taken":11,"max_hp_gain":0,"max_hp_loss":0,"event_name":"World of Goop","floor":8,"gold_loss":0},{"damage_healed":25,"gold_gain":0,"player_choice":"Banana","damage_taken":0,"max_hp_gain":0,"max_hp_loss":0,"event_name":"Big Fish","floor":10,"gold_loss":0},{"damage_healed":0,"gold_gain":0,"player_choice":"Shed Blood","damage_taken":19,"max_hp_gain":5,"max_hp_loss":0,"event_name":"Forgotten Altar","floor":21,"gold_loss":0}],"is_beta":false,"boss_relics":[{"not_picked":["Snecko Eye","SacredBark"],"picked":"hubris:TerracottaHorce"}],"items_purged_floors":[],"is_endless":false,"potions_floor_spawned":[1,2,6,13,16,18,20],"killed_by":"Slavers","ascension_level":0}}