{"host":"vpcwwncyo54nsck6","time":1611699985,"event":{"mods":["BaseMod","Downfall","Minty Spire (QoL Compilation)","StSLib"],"gold_per_floor":[99,112,122,139,210,110,110,145,145,160,195,195,227,55,75,75,75,75],"floor_reached":16,"language":"ENG","playtime":1193,"items_purged":[],"score":152,"play_id":"9c659d52-7148-421a-8b96-e436d2064875","local_time":"20210126142625","is_ascension_mode":true,"campfire_choices":[{"floor":1,"key":"RECALL"},{"data":"champ:FalseCounter","floor":6,"key":"SMITH"}],"circlet_count":0,"master_deck":["champ:Strike","champ:Strike","champ:Strike","champ:Strike","champ:Defend","champ:Defend","champ:Defend","champ:Defend","champ:Execute","champ:Taunt","champ:TornadoPunch","champ:DefensiveShout","champ:FalseCounter+1","champ:ShieldWall","champ:SwordSigil","Pain","champ:StanceDance","champ:LastStand"],"relics":["Runic Pyramid","downfall:HeartBlessingRed","Orichalcum","Akabeko","bronze:BronzeIdol","WarpedTongs","Letter Opener","Toolbox"],"acts_visited":["Exordium"],"potions_floor_usage":[],"damage_taken":[{"damage":10,"enemies":"Cultist","floor":2,"turns":4},{"damage":1,"enemies":"Jaw Worm","floor":3,"turns":6},{"damage":18,"enemies":"Small Slimes","floor":4,"turns":3},{"damage":62,"enemies":"Lagavulin","floor":8,"turns":8},{"damage":21,"enemies":"Red Slaver","floor":10,"turns":3},{"damage":6,"enemies":"3 Sentries","floor":11,"turns":4},{"damage":21,"enemies":"Lagavulin","floor":13,"turns":5},{"damage":17,"enemies":"downfall:FleeingMerchant","floor":14,"turns":4},{"damage":11,"enemies":"Exordium Thugs","floor":15,"turns":2},{"damage":13,"enemies":"WA_ARCHETYPE_RETAIN","floor":16,"turns":4}],"seed_played":"3859482007473586696","potions_obtained":[{"floor":2,"key":"SpeedPotion"},{"floor":8,"key":"Energy Potion"},{"floor":11,"key":"EssenceOfSteel"}],"is_trial":false,"path_per_floor":["R","M","M","M","T","R","T","E","?","M","E","?","E","$","M","B"],"character_chosen":"THE_CHAMP","items_purchased":["Toolbox"],"campfire_rested":0,"item_purchase_floors":[14],"current_hp_per_floor":[90,90,89,81,81,81,81,54,54,48,42,42,31,24,13,0,0,0],"gold":75,"neow_bonus":"BOSS_RELIC","is_daily":false,"chose_seed":false,"campfire_upgraded":1,"win_rate":0.0,"timestamp":1611699985,"path_taken":["R","M","?","M","?","R","T","E","?","M","E","?","E","$","M","BOSS"],"items_purchased_type":["Relic"],"build_version":"2020-12-22","purchased_purges":0,"victory":false,"max_hp_per_floor":[90,90,90,90,90,90,90,90,90,90,90,90,90,90,90,90,90,90],"card_choices":[{"not_picked":["champ:Haymaker","champ:AdrenalArmor"],"picked":"champ:TornadoPunch","floor":2},{"not_picked":["champ:CalledShot","champ:Shatter"],"picked":"champ:DefensiveShout","floor":3},{"not_picked":["champ:DancingMaster","champ:PerfectedStrike"],"picked":"champ:FalseCounter","floor":4},{"not_picked":["champ:EnGarde","champ:PreciseThrust"],"picked":"champ:ShieldWall","floor":8},{"not_picked":["champ:BerserkerStyle","champ:Backstep"],"picked":"champ:SwordSigil","floor":10},{"not_picked":["champ:BerserkersShout","champ:FanOfKnives","champ:BladeFlurry"],"picked":"SKIP","floor":11},{"not_picked":["champ:PerfectedStrike","champ:Parry","champ:Encircle"],"picked":"SKIP","floor":13},{"not_picked":["champ:Backstep","champ:FocusedBerserking"],"picked":"champ:StanceDance","floor":14},{"not_picked":["champ:SwordSigil","champ:ShieldSigil"],"picked":"champ:LastStand","floor":15}],"player_experience":2478064,"relics_obtained":[{"floor":7,"key":"Orichalcum"},{"floor":8,"key":"Akabeko"},{"floor":11,"key":"bronze:BronzeIdol"},{"floor":13,"key":"Letter Opener"}],"event_choices":[{"damage_healed":0,"gold_gain":0,"player_choice":"Rummage","damage_taken":0,"relics_obtained":["WarpedTongs"],"max_hp_gain":0,"max_hp_loss":0,"event_name":"Accursed Blacksmith","floor":12,"gold_loss":0,"cards_obtained":["Pain"]}],"is_beta":false,"boss_relics":[],"items_purged_floors":[],"is_endless":false,"potions_floor_spawned":[2,8,11,13],"killed_by":"WA_ARCHETYPE_RETAIN","ascension_level":1}}