{"host":"zlryddw6xv0ljf8b","time":1611682122,"event":{"mods":["AchievementEnabler","BaseMod","Colored Map","Colored Powertips","Highlight Path","Minty Spire (QoL Compilation)","Permanent Neow","Quick Restart","StSLib","UnlockEverythingMod"],"gold_per_floor":[112,124,142,92,92,92,123,123,123,152,152,170,188,198,198,198,198],"floor_reached":16,"language":"ENG","playtime":840,"items_purged":[],"score":151,"play_id":"d8646596-a881-4600-bed6-50956315292e","local_time":"20210126112842","is_ascension_mode":true,"campfire_choices":[{"data":"Neutralize","floor":6.0,"key":"SMITH"},{"data":"Grand Finale","floor":8,"key":"SMITH"},{"data":"Acrobatics","floor":11,"key":"SMITH"},{"floor":15,"key":"REST"}],"circlet_count":0,"master_deck":["Strike_G","Strike_G","Strike_G","Strike_G","Defend_G","Defend_G","Defend_G","Defend_G","Defend_G","Survivor","Neutralize+1","Grand Finale+1","Deadly Poison","Blur","Escape Plan","Bouncing Flask","Acrobatics+1","Acrobatics","Reflex","Footwork"],"relics":["Ring of the Snake","Bird Faced Urn","Torii","Tingsha","Anchor"],"acts_visited":["Exordium"],"potions_floor_usage":[7,10],"damage_taken":[{"damage":0.0,"enemies":"Small Slimes","floor":1.0,"turns":3.0},{"damage":2.0,"enemies":"2 Louse","floor":2.0,"turns":3.0},{"damage":0.0,"enemies":"Jaw Worm","floor":3.0,"turns":4.0},{"damage":0,"enemies":"Gremlin Nob","floor":7,"turns":2},{"damage":8,"enemies":"Lagavulin","floor":10,"turns":5},{"damage":0,"enemies":"Exordium Wildlife","floor":12,"turns":2},{"damage":0,"enemies":"Blue Slaver","floor":13,"turns":3},{"damage":0,"enemies":"3 Louse","floor":14,"turns":5},{"damage":66,"enemies":"Slime Boss","floor":16,"turns":14}],"seed_played":"2300086698037113417","potions_obtained":[{"floor":2.0,"key":"Swift Potion"},{"floor":7,"key":"LiquidMemories"},{"floor":10,"key":"SteroidPotion"}],"is_trial":false,"path_per_floor":["M","M","M","?","?","R","E","R","T","E","R","M","M","M","R","B"],"character_chosen":"THE_SILENT","items_purchased":[],"campfire_rested":1,"item_purchase_floors":[],"current_hp_per_floor":[70,68,68,68,50,50,50,50,50,42,42,42,42,42,63,0,0],"gold":198,"neow_bonus":"ONE_RANDOM_RARE_CARD","is_daily":false,"chose_seed":false,"campfire_upgraded":3,"win_rate":0.0,"timestamp":1611682122,"path_taken":["M","M","M","?","?","R","E","R","T","E","R","M","M","M","R","BOSS"],"items_purchased_type":[],"build_version":"2020-12-22","purchased_purges":0,"victory":false,"max_hp_per_floor":[70,70,70,70,70,70,70,70,70,70,70,70,70,70,70,70,70],"card_choices":[{"not_picked":["PiercingWail","Cloak And Dagger"],"picked":"Deadly Poison","floor":1.0},{"not_picked":["Deadly Poison","Reflex"],"picked":"Blur","floor":2.0},{"not_picked":["Skewer","Blade Dance"],"picked":"Escape Plan","floor":3.0},{"not_picked":["Backstab","Deadly Poison"],"picked":"Bouncing Flask","floor":7},{"not_picked":["Dodge and Roll","Phantasmal Killer"],"picked":"Acrobatics","floor":10},{"not_picked":["Escape Plan","Dagger Spray"],"picked":"Acrobatics","floor":12},{"not_picked":["Flying Knee","Concentrate"],"picked":"Reflex","floor":13},{"not_picked":["Sucker Punch","Dagger Spray"],"picked":"Footwork","floor":14}],"player_experience":5969,"relics_obtained":[{"floor":7,"key":"Torii"},{"floor":9,"key":"Tingsha"},{"floor":10,"key":"Anchor"}],"event_choices":[{"cards_removed":["Strike_G"],"damage_healed":0.0,"max_hp_gain":0.0,"max_hp_loss":0.0,"gold_gain":0.0,"event_name":"The Cleric","player_choice":"Card Removal","floor":4.0,"gold_loss":50.0,"damage_taken":0.0},{"damage_healed":0.0,"max_hp_gain":0.0,"max_hp_loss":0.0,"gold_gain":0.0,"event_name":"Scrap Ooze","player_choice":"Success","floor":5.0,"gold_loss":0.0,"damage_taken":18.0,"relics_obtained":["Bird Faced Urn"]}],"is_beta":false,"boss_relics":[],"items_purged_floors":[],"is_endless":false,"potions_floor_spawned":[2,7,10],"killed_by":"Slime Boss","ascension_level":2}}