{"host":"c3lc60y5x60jlt1y","time":1611679059,"event":{"mods":["AchievementEnabler","BaseMod","Bestiary","Colored Map","Minty Spire (QoL Compilation)","Quick Restart","StSLib","ojb\u0027s Info Mod"],"gold_per_floor":[110,110,77,89,103,103,153,186,186,199,52,52,52],"floor_reached":12,"language":"ENG","playtime":434,"items_purged":[],"score":156,"play_id":"eb7e36d2-b278-4917-9aae-e8e2612f32d2","local_time":"20210126183739","is_ascension_mode":true,"campfire_choices":[{"data":"Corruption","floor":6,"key":"SMITH"}],"circlet_count":0,"master_deck":["AscendersBane","Strike_R","Strike_R","Strike_R","Strike_R","Strike_R","Defend_R","Defend_R","Defend_R","Defend_R","Bash","Corruption+1","Perfected Strike+1","Dark Embrace+1","Fire Breathing","Wild Strike","Shrug It Off","Inflame"],"relics":["Burning Blood","SsserpentHead","Ginger","Incense Burner","Strange Spoon"],"acts_visited":["Exordium"],"potions_floor_usage":[],"damage_taken":[{"damage":3,"enemies":"2 Louse","floor":1,"turns":3},{"damage":1,"enemies":"Cultist","floor":4,"turns":3},{"damage":7,"enemies":"Jaw Worm","floor":5,"turns":3},{"damage":30,"enemies":"3 Sentries","floor":8,"turns":4},{"damage":14,"enemies":"Blue Slaver","floor":10,"turns":4},{"damage":25,"enemies":"Gremlin Nob","floor":12,"turns":3}],"seed_played":"5605213874726494757","potions_obtained":[{"floor":8,"key":"Dexterity Potion"}],"is_trial":false,"path_per_floor":["M","?","$","M","M","R","?","E","T","M","$","E"],"character_chosen":"IRONCLAD","items_purchased":["Dark Embrace","Strange Spoon","Inflame"],"campfire_rested":0,"item_purchase_floors":[3,11,11],"current_hp_per_floor":[71,71,71,75,74,74,51,27,27,19,19,0,0],"gold":52,"neow_bonus":"ONE_RANDOM_RARE_CARD","is_daily":false,"chose_seed":false,"campfire_upgraded":1,"win_rate":0.0,"timestamp":1611679059,"path_taken":["M","?","?","M","M","R","?","E","T","M","?","E"],"items_purchased_type":["Card","Relic","Card"],"build_version":"2020-12-22","purchased_purges":0,"victory":false,"max_hp_per_floor":[75,75,75,75,75,75,75,75,75,75,75,75,75],"card_choices":[{"not_picked":["Heavy Blade","Intimidate"],"picked":"Perfected Strike","floor":1},{"not_picked":["Burning Pact","Sword Boomerang"],"picked":"Fire Breathing","floor":4},{"not_picked":["Bloodletting","Infernal Blade"],"picked":"Wild Strike","floor":5},{"not_picked":["Twin Strike","Sword Boomerang","Rupture"],"picked":"SKIP","floor":8},{"not_picked":["Perfected Strike","Pommel Strike"],"picked":"Shrug It Off","floor":10}],"player_experience":8590937,"relics_obtained":[{"floor":8,"key":"Ginger"},{"floor":9,"key":"Incense Burner"}],"event_choices":[{"damage_healed":0,"gold_gain":0,"player_choice":"Trade","damage_taken":0,"relics_obtained":["SsserpentHead"],"max_hp_gain":0,"max_hp_loss":0,"event_name":"FaceTrader","floor":2,"gold_loss":0},{"damage_healed":0,"gold_gain":0,"player_choice":"Entered Light","damage_taken":23,"max_hp_gain":0,"max_hp_loss":0,"event_name":"Shining Light","floor":7,"gold_loss":0,"cards_upgraded":["Dark Embrace","Perfected Strike"]}],"is_beta":false,"boss_relics":[],"items_purged_floors":[],"is_endless":false,"potions_floor_spawned":[8],"killed_by":"Gremlin Nob","ascension_level":20}}