{"host":"yuhy0i501zzmn1iz","time":1611623550,"event":{"mods":["AchievementEnabler","AlwaysNeverKeys","BaseMod","Bestiary","Better Match","Better Third Choice","Curses Come First","Downfall","Minty Spire (QoL Compilation)","StSLib","slay the spire mod where everything is the same but ironclad has a cowboy hat"],"gold_per_floor":[115,115,126,146,62,89,89,100,123,155,155,155,80,60,60,60,60],"floor_reached":16,"language":"ENG","playtime":770,"items_purged":[],"score":124,"play_id":"002a0360-d516-461a-9475-9149e001f505","local_time":"20210125201230","is_ascension_mode":true,"campfire_choices":[{"floor":7.0,"key":"REST"},{"floor":11.0,"key":"REST"},{"floor":15.0,"key":"REST"}],"circlet_count":0,"master_deck":["Strike_P","Strike_P","Strike_P","Defend_P","Defend_P","Defend_P","Defend_P","Eruption","Vigilance","Deep Breath","WindmillStrike","Nirvana","WheelKick","Purity","CutThroughFate","CrushJoints","CarveReality","Sanctity","JustLucky","MasterReality"],"relics":["PureWater","Anchor","Juzu Bracelet","Blood Vial","Smiling Mask"],"acts_visited":["Exordium"],"potions_floor_usage":[16],"damage_taken":[{"damage":24.0,"enemies":"Jaw Worm","floor":1.0,"turns":2.0},{"damage":0.0,"enemies":"Cultist","floor":3.0,"turns":4.0},{"damage":0.0,"enemies":"Small Slimes","floor":4.0,"turns":3.0},{"damage":40.0,"enemies":"Lagavulin","floor":6.0,"turns":4.0},{"damage":4.0,"enemies":"Red Slaver","floor":8.0,"turns":3.0},{"damage":15.0,"enemies":"Gremlin Nob","floor":10.0,"turns":3.0},{"damage":51,"enemies":"The Guardian","floor":16,"turns":12}],"seed_played":"535676704099832958","potions_obtained":[{"floor":4.0,"key":"Fire Potion"},{"floor":6.0,"key":"Dexterity Potion"},{"floor":14.0,"key":"StancePotion"}],"is_trial":false,"path_per_floor":["M","?","M","M","$","E","R","M","T","E","R","?","?","?","R","B"],"character_chosen":"WATCHER","items_purchased":["Purity"],"campfire_rested":3,"item_purchase_floors":[5],"current_hp_per_floor":[48,48,48,48,48,8,29,25,25,10,31,28,28,28,49,0,0],"gold":60,"neow_bonus":"RANDOM_COLORLESS","is_daily":false,"chose_seed":false,"campfire_upgraded":0,"win_rate":0.0,"timestamp":1611623550,"path_taken":["M","?","?","?","$","E","R","M","T","E","R","?","?","?","R","BOSS"],"items_purchased_type":["Card"],"build_version":"2020-12-22","purchased_purges":0,"victory":false,"max_hp_per_floor":[72,72,72,72,72,72,72,72,72,72,72,72,72,72,72,72,72],"card_choices":[{"not_picked":["Panacea","Bandage Up"],"picked":"Deep Breath","floor":0.0},{"not_picked":["Meditate","FearNoEvil"],"picked":"WindmillStrike","floor":1.0},{"not_picked":["Swivel","Evaluate"],"picked":"Nirvana","floor":3.0},{"not_picked":["WreathOfFlame","EmptyFist"],"picked":"WheelKick","floor":4.0},{"not_picked":["Crescendo","Protect"],"picked":"CutThroughFate","floor":6.0},{"not_picked":["Crescendo","WaveOfTheHand"],"picked":"CrushJoints","floor":8.0},{"not_picked":["DeceiveReality","JustLucky"],"picked":"CarveReality","floor":10.0},{"not_picked":["ForeignInfluence","Study"],"picked":"Sanctity","floor":13.0},{"not_picked":["Consecrate","ThirdEye"],"picked":"JustLucky","floor":13.0},{"not_picked":["Wish","DeusExMachina"],"picked":"MasterReality","floor":13.0}],"player_experience":343730,"relics_obtained":[{"floor":6.0,"key":"Anchor"},{"floor":9.0,"key":"Juzu Bracelet"},{"floor":10.0,"key":"Blood Vial"}],"event_choices":[{"cards_removed":["Strike_P"],"damage_healed":0.0,"max_hp_gain":0.0,"max_hp_loss":0.0,"gold_gain":0.0,"event_name":"Wheel of Change","player_choice":"Card Removal","floor":2.0,"gold_loss":0.0,"damage_taken":0.0},{"damage_healed":0.0,"max_hp_gain":0.0,"max_hp_loss":0.0,"gold_gain":0.0,"event_name":"betterThird:BetterScrap","player_choice":"Relic ","floor":12.0,"gold_loss":0.0,"damage_taken":3.0,"cards_obtained":["Spot Weakness"]},{"damage_healed":0.0,"max_hp_gain":0.0,"max_hp_loss":0.0,"gold_gain":0.0,"event_name":"betterMatch:BetterMatch","player_choice":"1","floor":13.0,"gold_loss":0.0,"damage_taken":0.0,"cards_obtained":["betterMatch:UncommonCard","betterMatch:CommonCard","betterMatch:RareCard"]},{"damage_healed":0.0,"max_hp_gain":0.0,"max_hp_loss":0.0,"gold_gain":0.0,"event_name":"The Woman in Blue","player_choice":"Bought 1 Potion","floor":14.0,"gold_loss":0.0,"damage_taken":0.0}],"is_beta":false,"boss_relics":[],"items_purged_floors":[],"is_endless":false,"potions_floor_spawned":[4,6],"killed_by":"The Guardian","ascension_level":3}}