{"host":"farxtl2u8hmkbdo2","time":1611704601,"event":{"mods":["A Magickal Journey","BaseMod","Better Altar","Better Note","Better Sensory Stone","Better Skull","Better Third Choice","Challenge The Spire","Colored Map","Colored Powertips","Current Relic Mod","Energized Spire","Fox Events","Gremlin Mod","Hermit","Hubris","Mimic Mod","Minty Spire (QoL Compilation)","Quick Restart","READ ME - Guardian Mod","READ ME - Snecko Mod","Rare Cards Sparkle","StSLib","The Bladedancer","The Bug Knight","The Cursed","The Disciple","The Elementalist","The Hierophant","The Marked","The Necromancer","The Runesmith","Transform Curses"],"gold_per_floor":[116,130,130,35,54,54,54],"floor_reached":6,"language":"SPA","playtime":453,"items_purged":[],"score":36,"play_id":"c2a981b2-cd2a-407f-8006-37d833398ff0","local_time":"20210126204321","is_ascension_mode":false,"campfire_choices":[],"circlet_count":0,"master_deck":["hermit:Strike_Hermit","hermit:Strike_Hermit","hermit:Strike_Hermit","hermit:Strike_Hermit","hermit:Defend_Hermit","hermit:Defend_Hermit","hermit:Defend_Hermit","hermit:Snapshot","hermit:Covet","hermit:Gambit","hermit:FlashPowder","hermit:OverwhelmingPower","hermit:TakeCover","hermit:HighCaliber","hermit:GoldenBullet"],"relics":["hermit:Momento"],"acts_visited":["Exordium"],"potions_floor_usage":[],"damage_taken":[{"damage":1,"enemies":"Cultist","floor":1,"turns":3},{"damage":1,"enemies":"2 Louse","floor":2,"turns":2},{"damage":0,"enemies":"Jaw Worm","floor":5,"turns":3},{"damage":66,"enemies":"Gremlin Nob","floor":6,"turns":5}],"seed_played":"4391895456318835172","potions_obtained":[],"is_trial":false,"path_per_floor":["M","M","?","$","M","E"],"character_chosen":"HERMIT","items_purchased":["hermit:TakeCover","hermit:HighCaliber"],"campfire_rested":0,"item_purchase_floors":[4,4],"current_hp_per_floor":[53,52,52,52,52,0,0],"gold":54,"neow_bonus":"THREE_RARE_CARDS","is_daily":false,"chose_seed":false,"campfire_upgraded":0,"win_rate":0.0,"timestamp":1611704601,"path_taken":["M","?","?","$","?","E"],"items_purchased_type":["Card","Card"],"build_version":"2020-12-22","purchased_purges":0,"victory":false,"max_hp_per_floor":[75,75,75,75,75,75,75],"card_choices":[{"not_picked":["hermit:Purgatory","hermit:FromBeyond"],"picked":"hermit:Gambit","floor":0},{"not_picked":["hermit:Ricochet","hermit:ItchyTrigger"],"picked":"hermit:FlashPowder","floor":1},{"not_picked":["hermit:Glare","hermit:Quickdraw"],"picked":"hermit:OverwhelmingPower","floor":2},{"not_picked":["hermit:Coalescence","hermit:Cheat"],"picked":"hermit:GoldenBullet","floor":5}],"player_experience":1884232,"relics_obtained":[],"event_choices":[{"cards_removed":["hermit:Defend_Hermit"],"damage_healed":0,"gold_gain":0,"player_choice":"Purged","damage_taken":0,"max_hp_gain":0,"max_hp_loss":0,"event_name":"Purifier","floor":3,"gold_loss":0}],"is_beta":false,"boss_relics":[],"items_purged_floors":[],"is_endless":false,"potions_floor_spawned":[],"killed_by":"Gremlin Nob","ascension_level":0}}