{"host":"xervbyl8oukkrn1w","time":1611705143,"event":{"mods":["BaseMod","Downfall","Hubris","Infinite Spire","Mad Scientist","Minty Spire (QoL Compilation)","Quick Restart","READ ME - Guardian Mod","Reliquary","Replay The Spire","Shade Mod","StSLib","The Blackbeard","The Cursed","The Elementalist","The Jungle","The Necromancer","The Runesmith"],"gold_per_floor":[119,135,135,135,153,186,186,197,197,197,213,240,240,240,240,342,342,362,362,332,332],"floor_reached":20,"language":"ENG","playtime":1460,"items_purged":[],"score":182,"play_id":"88936412-30ec-4a3e-8565-89dbb09b636a","local_time":"20210126235223","is_ascension_mode":false,"campfire_choices":[{"data":"Combust","floor":7,"key":"SMITH"},{"data":"Armaments","floor":10,"key":"SMITH"},{"data":"Neutralize","floor":15,"key":"SMITH"}],"circlet_count":0,"master_deck":["Strike_R","Strike_R","Strike_R","Strike_R","Strike_R","Defend_R","Defend_R","Defend_R","Defend_R","Twin Strike+1","Armaments+1","Combust+1","Pommel Strike","Survivor","Neutralize+1","Berserk","Pot Of Greed","Pot Of Greed","TheCursedMod:Dregs","Writhe","Doubt","Uppercut","Discovery"],"relics":["Burning Blood","PreservedInsect","Blue Doll","infinitespire:Eraser","reliquary:FeatherDuster","Replay:Ancient Bell","Grinning Jar","infinitespire:BottledMercury","infinitespire:Lychee Nut"],"acts_visited":["Exordium","TheCity"],"potions_floor_usage":[8,12],"damage_taken":[{"damage":1,"enemies":"Jaw Worm","floor":1,"turns":3},{"damage":0,"enemies":"Small Slimes","floor":2,"turns":4},{"damage":1,"enemies":"Cultist","floor":5,"turns":3},{"damage":35,"enemies":"3 Sentries","floor":6,"turns":9},{"damage":13,"enemies":"Large Slime","floor":8,"turns":5},{"damage":10,"enemies":"Blue Slaver","floor":11,"turns":4},{"damage":8,"enemies":"Gremlin Nob","floor":12,"turns":3},{"damage":41,"enemies":"Slime Boss","floor":16,"turns":10},{"damage":44,"enemies":"Shell Parasite","floor":18,"turns":8},{"damage":20,"enemies":"2 Thieves","floor":20,"turns":1}],"seed_played":"1958921774115342612","potions_obtained":[{"floor":2,"key":"Strength Potion"},{"floor":5,"key":"SteroidPotion"}],"is_trial":false,"path_per_floor":["M","M","?","?","M","E","R","M","T","R","M","E","?","?","R","B",null,"M","?","M"],"character_chosen":"IRONCLAD","items_purchased":[],"campfire_rested":0,"item_purchase_floors":[],"current_hp_per_floor":[88,88,81,81,86,57,57,50,50,50,46,44,44,44,44,9,66,29,17,0,0],"gold":332,"neow_bonus":"TEN_PERCENT_HP_BONUS","is_daily":false,"chose_seed":false,"campfire_upgraded":3,"win_rate":0.0,"timestamp":1611705143,"path_taken":["M","M","?","?","M","E","R","?","T","R","M","E","?","?","R","BOSS","M","?","M"],"items_purchased_type":[],"build_version":"2020-12-22","purchased_purges":0,"victory":false,"max_hp_per_floor":[88,88,88,88,88,88,88,88,88,88,88,88,88,88,88,88,66,66,66,66,66],"card_choices":[{"not_picked":["Clash","hubris:CleavingFinish"],"picked":"Twin Strike","floor":1},{"not_picked":["Rage","Spot Weakness"],"picked":"Armaments","floor":2},{"not_picked":["Battle Trance","Replay:Undeath\u0027s Touch"],"picked":"hubris:ReadiedAction","floor":5},{"not_picked":["Heavy Blade","Corruption"],"picked":"Combust","floor":6},{"not_picked":["hubris:ReadiedAction","True Grit"],"picked":"Bloodletting","floor":8},{"not_picked":["Pummel","Massacre"],"picked":"Pommel Strike","floor":11},{"not_picked":["Dark Embrace","Clash","Brutality"],"picked":"SKIP","floor":12},{"not_picked":["Impervious","Reaper"],"picked":"Berserk","floor":16},{"not_picked":["downfall:Icky","Spreading Infection"],"picked":"TheCursedMod:Dregs","floor":17},{"not_picked":["downfall:Aged","Delirium"],"picked":"Writhe","floor":17},{"not_picked":["ReplayTheSpireMod:Doomed","Amnesia"],"picked":"Doubt","floor":17},{"not_picked":["Perfected Strike","Body Slam"],"picked":"Uppercut","floor":18}],"player_experience":122426,"relics_obtained":[{"floor":6,"key":"Blue Doll"},{"floor":9,"key":"infinitespire:Eraser"},{"floor":12,"key":"reliquary:FeatherDuster"}],"event_choices":[{"damage_healed":0,"gold_gain":0,"player_choice":"Success","damage_taken":7,"relics_obtained":["PreservedInsect"],"max_hp_gain":0,"max_hp_loss":0,"event_name":"Scrap Ooze","floor":3,"gold_loss":0},{"damage_healed":0,"gold_gain":0,"player_choice":"Ignored","damage_taken":0,"max_hp_gain":0,"max_hp_loss":0,"event_name":"NoteForYourself","floor":4,"gold_loss":0},{"damage_healed":0,"gold_gain":0,"player_choice":"CARD ","damage_taken":12,"max_hp_gain":0,"max_hp_loss":0,"event_name":"Knowing Skull","floor":19,"potions_obtained":[],"gold_loss":0,"cards_obtained":["Discovery"]}],"is_beta":false,"boss_relics":[{"not_picked":["Busted Crown","ChewingGum"],"picked":"Replay:Ancient Bell"},{"not_picked":["hubris:TenFootPole","ReplayTheSpireMod:Lightbulb"],"picked":"Grinning Jar"},{"not_picked":["Replay:Bottled Steam","Replay:Ringing Soul"],"picked":"infinitespire:BottledMercury"},{"not_picked":["Mango","Ginger"],"picked":"infinitespire:Lychee Nut"}],"items_purged_floors":[],"is_endless":false,"potions_floor_spawned":[2,5],"killed_by":"2 Thieves","ascension_level":0}}