{"host":"exhp4inpfmbngj23","time":1611619615,"event":{"mods":["Abigail Mod","BaseMod","Beaked The Cultist","Downfall","Friendly Minions","Kiyohime????","Minty Spire (QoL Compilation)","StSLib","The Alterego"],"gold_per_floor":[199,210,210,229,404,304,304,204,221,247,312,147,180,198,214,319,319,219,235,235,255,270,289,289,314,314,314,329,349,369,402,415,415,415,415],"floor_reached":33,"language":"ENG","playtime":2606,"items_purged":[],"score":341,"play_id":"af6ac1fc-5419-4349-99ca-93236a8bd46e","local_time":"20210125160655","is_ascension_mode":true,"campfire_choices":[{"floor":1,"key":"RECALL"},{"data":"bronze:Iterate","floor":6,"key":"SMITH"},{"data":"bronze:Iterate","floor":8,"key":"SMITH"},{"data":"bronze:AlphaBuild","floor":18,"key":"SMITH"},{"floor":26,"key":"REST"}],"circlet_count":0,"master_deck":["bronze:Replicate","bronze:Goto","bronze:Iterate+1","bronze:Iterate+1","bronze:Boost","Doubt","bronze:BitShift","bronze:Iterate","bronze:Constructor","bronze:Flail","bronze:Flail","bronze:Repair","bronze:FineTuning","bronze:Virus","bronze:ForLoop","bronze:Branch","bronze:WildBeam","bronze:AlphaBuild+1","bronze:CutThrough","bronze:Overload","bronze:WhirlingStrike","bronze:DelayedSlice+1","bronze:DelayedSlice","bronze:Repulsor+1","bronze:Assembly+1","bronze:GetLatest+1","bronze:Separator+1","bronze:DelayedSlice+1","bronze:Mutator+1","bronze:Terminator+1"],"relics":["bronze:BronzeCore","downfall:HeartBlessingRed","downfall:HeartBlessingBlue","bronze:ProtectiveGoggles","Darkstone Periapt","Pandora\u0027s Box","downfall:HeartBlessingGreen","Nloth\u0027s Gift","Toxic Egg 2","Frozen Egg 2","Thread and Needle"],"acts_visited":["Exordium","TheCity"],"potions_floor_usage":[11,13,16,31],"damage_taken":[{"damage":8,"enemies":"Jaw Worm","floor":2,"turns":4},{"damage":2,"enemies":"Small Slimes","floor":4,"turns":3},{"damage":0,"enemies":"2 Louse","floor":9,"turns":2},{"damage":14,"enemies":"Gremlin Nob","floor":10,"turns":4},{"damage":26,"enemies":"Lagavulin Event","floor":11,"turns":6},{"damage":0,"enemies":"downfall:FleeingMerchant","floor":12,"turns":4},{"damage":5,"enemies":"3 Sentries","floor":13,"turns":4},{"damage":13,"enemies":"Exordium Wildlife","floor":14,"turns":5},{"damage":0,"enemies":"2 Fungi Beasts","floor":15,"turns":2},{"damage":37,"enemies":"DF_ARCHETYPE_STREAMLINE","floor":16,"turns":8},{"damage":10,"enemies":"Shell Parasite","floor":19,"turns":4},{"damage":0,"enemies":"Spheric Guardian","floor":21,"turns":4},{"damage":41,"enemies":"3 Cultists","floor":22,"turns":6},{"damage":5,"enemies":"Chosen and Byrds","floor":23,"turns":5},{"damage":31,"enemies":"Gremlin Leader","floor":25,"turns":7},{"damage":0,"enemies":"Shelled Parasite and Fungi","floor":28,"turns":4},{"damage":6,"enemies":"Snecko","floor":29,"turns":3},{"damage":18,"enemies":"Snake Plant","floor":30,"turns":3},{"damage":23,"enemies":"Book of Stabbing","floor":31,"turns":6},{"damage":0,"enemies":"Chosen and Byrds","floor":32,"turns":4},{"damage":37,"enemies":"SI_MIRROR_ARCHETYPE","floor":33,"turns":6}],"seed_played":"1625050649635467906","potions_obtained":[{"floor":4,"key":"Explosive Potion"},{"floor":10,"key":"Explosive Potion"},{"floor":13,"key":"LiquidBronze"},{"floor":15,"key":"Block Potion"},{"floor":22,"key":"Weak Potion"},{"floor":29,"key":"Dexterity Potion"},{"floor":30,"key":"AttackPotion"}],"is_trial":false,"path_per_floor":["R","M","?","M","?","R","T","R","M","E","?","$","E","M","M","B",null,"R","M","?","M","M","M","T","E","R","?","M","M","M","E","M","B"],"character_chosen":"THE_AUTOMATON","items_purchased":["bronze:Flail","bronze:Repair"],"campfire_rested":1,"item_purchase_floors":[12,12],"current_hp_per_floor":[70,62,62,60,60,60,60,70,70,56,30,30,34,28,37,7,84,84,83,83,86,52,55,55,31,56,56,63,57,46,30,30,0,0,0],"gold":415,"neow_bonus":"HUNDRED_GOLD","is_daily":false,"chose_seed":false,"campfire_upgraded":3,"win_rate":0.0,"timestamp":1611619615,"path_taken":["R","M","?","M","?","R","T","R","M","E","?","$","E","?","M","BOSS","R","M","?","?","M","?","T","E","R","?","M","?","M","E","M","BOSS"],"items_purchased_type":["Card","Card"],"build_version":"2020-12-22","purchased_purges":0,"victory":false,"max_hp_per_floor":[70,70,70,70,70,70,70,80,80,80,80,80,82,82,84,84,84,84,86,86,86,86,86,86,86,86,86,86,86,86,86,86,86,86,86],"card_choices":[{"not_picked":["bronze:BitShift","bronze:Safeguard"],"picked":"bronze:Iterate","floor":2},{"not_picked":["bronze:BuggyMess","bronze:Branch"],"picked":"bronze:Boost","floor":4},{"not_picked":["bronze:Overheat","bronze:Shield"],"picked":"bronze:BitShift","floor":9},{"not_picked":["bronze:Mutator","bronze:Invalidate"],"picked":"bronze:Iterate","floor":10},{"not_picked":["bronze:Shield","bronze:BitShift"],"picked":"bronze:Constructor","floor":11},{"not_picked":["bronze:InfiniteBeams","bronze:ChildClass"],"picked":"bronze:Flail","floor":12},{"not_picked":["bronze:Repulsor","bronze:CloningBeam","bronze:ChosenStrike"],"picked":"Singing Bowl","floor":13},{"not_picked":["bronze:BronzeArmor","bronze:FindAndReplace"],"picked":"bronze:FineTuning","floor":14},{"not_picked":["bronze:Shield","bronze:Constructor","bronze:Refactor"],"picked":"Singing Bowl","floor":15},{"not_picked":["bronze:HyperBeam","bronze:Hardcode"],"picked":"bronze:Virus","floor":16},{"not_picked":["bronze:Overheat+1","bronze:ForceShield","bronze:Shell"],"picked":"Singing Bowl","floor":19},{"not_picked":["bronze:Invalidate","bronze:InfiniteBeams"],"picked":"bronze:WhirlingStrike","floor":21},{"not_picked":["bronze:FindAndReplace","bronze:MaxOutput"],"picked":"bronze:DelayedSlice+1","floor":22},{"not_picked":["bronze:BitShift","bronze:Branch"],"picked":"bronze:DelayedSlice","floor":23},{"not_picked":["bronze:Iterate","bronze:CleanCode+1"],"picked":"bronze:Repulsor+1","floor":25},{"not_picked":["bronze:Constructor+1","bronze:FollowUp"],"picked":"bronze:GetLatest+1","floor":28},{"not_picked":["bronze:DelayedSlice","bronze:Deprecate+1"],"picked":"bronze:Separator+1","floor":29},{"not_picked":["bronze:Separator+1","bronze:Iterate"],"picked":"bronze:DelayedSlice+1","floor":30},{"not_picked":["bronze:Refactor+1","bronze:Separator"],"picked":"bronze:Mutator+1","floor":31},{"not_picked":["bronze:WhirlingStrike","bronze:Invalidate+1"],"picked":"bronze:Terminator+1","floor":32}],"player_experience":2044012,"relics_obtained":[{"floor":10,"key":"bronze:ProtectiveGoggles"},{"floor":11,"key":"Darkstone Periapt"},{"floor":13,"key":"Singing Bowl"},{"floor":24,"key":"Toxic Egg 2"},{"floor":25,"key":"Frozen Egg 2"},{"floor":31,"key":"Thread and Needle"}],"event_choices":[],"is_beta":false,"boss_relics":[{"not_picked":["Cursed Key","Sozu"],"picked":"Pandora\u0027s Box"}],"items_purged_floors":[],"is_endless":false,"potions_floor_spawned":[4,10,13,15,22,29,30],"killed_by":"SI_MIRROR_ARCHETYPE","ascension_level":1}}