{"host":"qq27suot6m8koe0b","time":1611659342,"event":{"mods":["Act Like it!","BaseMod","CapriCore","Downfall","GifTheSpireLib","Minty Spire (QoL Compilation)","StSLib"],"gold_per_floor":[99,116,116,26,43,59,59,91,104,4,15,32,32,51,62,62,62,62],"floor_reached":16,"language":"ZHS","playtime":791,"items_purged":["Pain"],"score":106,"play_id":"06a1360b-155d-4467-8f7d-c5cfda36732d","local_time":"20210126190902","is_ascension_mode":false,"campfire_choices":[{"floor":1,"key":"RECALL"},{"data":"champ:EndlessRage","floor":10,"key":"SMITH"},{"data":"champ:Taunt","floor":13,"key":"SMITH"}],"circlet_count":0,"master_deck":["champ:Strike","champ:Strike","champ:Strike","champ:Strike","champ:Defend","champ:Defend","champ:Defend","champ:Defend","champ:Execute","champ:Taunt+1","champ:AdrenalArmor","champ:GladiatorStyle","champ:EndlessRage+1","champ:Backstep","champ:Encircle","champ:StanceDance","champ:FlashCut","champ:ArenaPreparation"],"relics":["champ:ChampionCrown","WarpedTongs","HornCleat","Kunai","downfall:HeartBlessingRed"],"acts_visited":["Exordium"],"potions_floor_usage":[16],"damage_taken":[{"damage":18,"enemies":"2 Louse","floor":2,"turns":2},{"damage":17,"enemies":"downfall:FleeingMerchant","floor":4,"turns":4},{"damage":14,"enemies":"Cultist","floor":5,"turns":4},{"damage":21,"enemies":"Jaw Worm","floor":6,"turns":4},{"damage":45,"enemies":"Gremlin Nob","floor":8,"turns":5},{"damage":46,"enemies":"Large Slime","floor":9,"turns":8},{"damage":13,"enemies":"Lots of Slimes","floor":11,"turns":4},{"damage":29,"enemies":"Exordium Thugs","floor":12,"turns":5},{"damage":22,"enemies":"3 Louse","floor":14,"turns":3},{"damage":27,"enemies":"Blue Slaver","floor":15,"turns":4},{"damage":27,"enemies":"DF_ARCHETYPE_STREAMLINE","floor":16,"turns":3}],"seed_played":"5066730091951769150","potions_obtained":[{"floor":8,"key":"BlessingOfTheForge"},{"floor":9,"key":"LiquidBronze"},{"floor":11,"key":"Energy Potion"},{"floor":12,"key":"champ:CounterPotion"}],"is_trial":false,"path_per_floor":["R","M","?","$","M","M","T","E","M","R","M","M","R","M","M","B"],"character_chosen":"THE_CHAMP","items_purchased":[],"campfire_rested":0,"item_purchase_floors":[],"current_hp_per_floor":[99,91,91,84,80,69,69,54,38,38,35,26,26,19,10,0,0,0],"gold":62,"neow_bonus":"TEN_PERCENT_HP_BONUS","is_daily":false,"chose_seed":false,"campfire_upgraded":2,"win_rate":0.0,"timestamp":1611659342,"path_taken":["R","M","?","?","M","M","T","E","M","R","M","M","R","?","M","BOSS"],"items_purchased_type":[],"build_version":"2020-12-22","purchased_purges":1,"victory":false,"max_hp_per_floor":[99,99,99,99,99,99,99,99,99,99,99,99,99,99,99,99,99,99],"card_choices":[{"not_picked":["champ:FalseCounter","champ:Haymaker"],"picked":"champ:AdrenalArmor","floor":2},{"not_picked":["champ:CrookedStrike","champ:Haymaker"],"picked":"champ:GladiatorStyle","floor":4},{"not_picked":["champ:CrownThrow","champ:Circumvent"],"picked":"champ:EndlessRage","floor":5},{"not_picked":["champ:EndlessRage","champ:BringItOn"],"picked":"champ:Backstep","floor":6},{"not_picked":["champ:FancyFootwork","champ:GladiatorStyle","champ:Backstep"],"picked":"SKIP","floor":8},{"not_picked":["champ:CrownThrow","champ:EnGarde"],"picked":"champ:Encircle","floor":9},{"not_picked":["champ:EnragedBash","champ:AdrenalArmor"],"picked":"champ:StanceDance","floor":11},{"not_picked":["champ:PerfectedStrike","champ:TornadoPunch","champ:EndlessRage"],"picked":"SKIP","floor":12},{"not_picked":["champ:CrownThrow","champ:StanceDance"],"picked":"champ:FlashCut","floor":14},{"not_picked":["champ:EnGarde","champ:StanceDance"],"picked":"champ:ArenaPreparation","floor":15}],"player_experience":359591,"relics_obtained":[{"floor":7,"key":"HornCleat"},{"floor":8,"key":"Kunai"}],"event_choices":[{"damage_healed":0,"gold_gain":0,"player_choice":"Rummage","damage_taken":0,"relics_obtained":["WarpedTongs"],"max_hp_gain":0,"max_hp_loss":0,"event_name":"Accursed Blacksmith","floor":3,"gold_loss":0,"cards_obtained":["Pain"]}],"is_beta":false,"boss_relics":[],"items_purged_floors":[4],"is_endless":false,"potions_floor_spawned":[8,9,11,12,14],"killed_by":"DF_ARCHETYPE_STREAMLINE","ascension_level":0}}