{"host":"jpol0bbzretdyr3c","time":1611620423,"event":{"mods":["100% Spire Juice","Act Like it!","BaseMod","Colored Map","Gensokyo","Infinite Spire","Koishi","Marisa????????","Minty Spire (QoL Compilation)","Replay The Spire","StSLib","The Servant 0.9.4"],"gold_per_floor":[110,160,179,179,189,103,103,131,131,148,174,192,209,28,28,124,124,134,144,24,34,44,70,90,117,117,127,160,160,170,183,183,283,283,296,296,296,71,81,114,114,146,146,174,191,203,1,18,18,120,120,126,127,127,127,137,150,155,155,155,162,165,165,165,82,82,152,152,147,107,107,113,25,33,26,26,26,26,30,32,32,32,32,104,104,105,101,101,106,106,33,33,33,59,47,19,35,35,41,41,41],"floor_reached":100,"language":"ENG","playtime":6108,"items_purged":["Voices","Regret","Replay:Hysterical Blindness","Pain","Amnesia","Decay","Moonworks:Strike"],"score":2384,"play_id":"c21c1a68-9371-470f-aca0-6fe17fec5c4b","local_time":"20210125162023","is_ascension_mode":true,"campfire_choices":[{"data":"Moonworks:Ambush","floor":7.0,"key":"SMITH"},{"floor":15.0,"key":"DIG"},{"data":"Moonworks:EvilSpyWorkPreparation","floor":29.0,"key":"SMITH"},{"data":"Moonworks:EvilSpyWorkPreparation","floor":32.0,"key":"SMITH"},{"data":"Moonworks:EvilSpyWorkPreparation","floor":49.0,"key":"SMITH"},{"data":"Moonworks:EvilSpyWorkPreparation","floor":63.0,"key":"SMITH"},{"data":"Replay:Sluggish","floor":66.0,"key":"PURGE"},{"data":"Moonworks:EvilSpyWorkPreparation","floor":76.0,"key":"SMITH"},{"data":"infinitespire:Punishment","floor":81.0,"key":"SMITH"},{"data":"Moonworks:EvilSpyWorkPreparation","floor":83.0,"key":"SMITH"},{"data":"1","floor":93.0,"key":"LIFT"},{"data":"2","floor":98.0,"key":"LIFT"}],"circlet_count":0,"master_deck":["Moonworks:Strike","Moonworks:Strike","Moonworks:Strike","Moonworks:Defend","Moonworks:Defend","Moonworks:Defend","Moonworks:Defend","Moonworks:Ambush+1","Moonworks:LongDistanceShot","Moonworks:SakisCookie","Moonworks:EvilSpyWorkPreparation+1","Moonworks:Dinner+1","Moonworks:MiracleWalker+1","Moonworks:SealedMemories","Moonworks:AngelHand","Moonworks:JonathanRush","Moonworks:EvilSpyWorkPreparation+1","Moonworks:JonathanRush+1","Clumsy","Moonworks:PlushieMaster+1","Moonworks:LulusLuckyEgg","Moonworks:JonathanRush","Moonworks:FullSpeedAlicianrone","Moonworks:JonathanRush","Moonworks:ExtendedPhotonRifle","Moonworks:EvilSpyWorkPreparation+1","Moonworks:JonathanRush","Moonworks:AnotherUltimateWeapon+1","Moonworks:NicePresent","Injury","Moonworks:CloudOfSeagulls","Moonworks:Encore+1","Moonworks:FullSpeedAlicianrone+1","Gensokyo:UnlikelyAid+1","Moonworks:AnotherUltimateWeapon+1","Moonworks:MiracleRedBeanIceCream","Sickly","Moonworks:SakisCookie+1","Moonworks:LulusLuckyEgg+1","Moonworks:ImOnFire","Moonworks:EvilSpyWorkPreparation+1","Moonworks:CloudOfSeagulls+1","Moonworks:BackdoorTrade+1","Moonworks:Blazing+1","Moonworks:NicePresent","Moonworks:EvilSpyWorkPreparation+1","Moonworks:CloudOfSeagulls","Moonworks:Wanted+1","Moonworks:UnluckyCharm","Moonworks:EvilSpyWorkPreparation+1","Moonworks:DevilHand","Clumsy","Moonworks:EvilSpyWorkPreparation+1","Moonworks:PlushieMaster+1","Moonworks:CloudOfSeagulls","Gensokyo:FourOfAKind","Gensokyo:FourOfAKind","Gensokyo:FourOfAKind","Gensokyo:FourOfAKind","Moonworks:AngelHand","Moonworks:CompletionReward+1","Moonworks:BigMagnum+1","Looming Evil","Moonworks:SakisCookie","infinitespire:Punishment+1","Moonworks:EvilSpyWorkPreparation+1","Moonworks:ReproductionOfRecords+1","Moonworks:ReproductionOfRecords","ReplayTheSpireMod:Faulty Equipment","Moonworks:EvilMastermind+1","Moonworks:CloudOfSeagulls","Moonworks:EvilSpyWorkPreparation","Pot Of Greed+1","Pot Of Greed+1","Pot Of Greed","Pot Of Greed","Pot Of Greed","Pot Of Greed","Pot Of Greed","Moonworks:CloudOfSeagulls","Pain","ReplayTheSpireMod:Splinters","Moonworks:NicePresent+1","ReplayTheSpireMod:Splinters","Pain","Moonworks:CloudOfSeagulls+1"],"relics":["Moonworks:BrokenBomb","Moonworks:Homemark","ReplayTheSpireMod:Ring of Exchange","Ring of Greed","Golden Egg","Membership Card","Gensokyo:OccultBall","Blue Doll","ReplayTheSpireMod:Shallot","Art of War","Replay:Accelerometer","infinitespire:Lychee Nut","ClockworkSouvenir","Potion Belt","Strawberry","Iron Hammer","Durian","Cursed Key","Calipers","Replay:Wax Seal","Bag of Marbles","Dream Catcher","Anchor","Divine Protection","Pen Nib","Moonworks:LittleGull","Gensokyo:LunaticRedEyes","Frozen Egg 2","Singing Bowl","Darkstone Periapt","Garlic","Gensokyo:NagashiBinaDoll","Honey Jar","infinitespire:EmpoweringShard","Pantograph","Guide Book","Gensokyo:DualWield","Grinning Jar","Girya","ReplayTheSpireMod:Lightbulb","ReplayTheSpireMod:CursedCoin","Happy Flower","Replay:PocketPolymizer","War Paint"],"acts_visited":["Gensokyo:Gensokyo","Gensokyo:Gensokyoer","Gensokyo:Gensokyoest","Gensokyo:Gensokyo","Gensokyo:Gensokyoer","Gensokyo:Gensokyoest"],"potions_floor_usage":[],"damage_taken":[{"damage":6.0,"enemies":"Gensokyo:2_Kodama","floor":1.0,"turns":3.0},{"damage":4.0,"enemies":"Gensokyo:Python","floor":3.0,"turns":4.0},{"damage":4.0,"enemies":"Gensokyo:Gryphon","floor":5.0,"turns":4.0},{"damage":13.0,"enemies":"Gensokyo:Aya","floor":6.0,"turns":5.0},{"damage":21.0,"enemies":"Gensokyo:Mamizou","floor":8.0,"turns":10.0},{"damage":0.0,"enemies":"Gensokyo:5_Fairies","floor":10.0,"turns":3.0},{"damage":3.0,"enemies":"Gensokyo:Cirno","floor":11.0,"turns":5.0},{"damage":4.0,"enemies":"Gensokyo:Kitsune","floor":12.0,"turns":3.0},{"damage":0.0,"enemies":"Gensokyo:VengefulSpirit","floor":13.0,"turns":3.0},{"damage":25.0,"enemies":"Gensokyo:Yukari","floor":16.0,"turns":11.0},{"damage":19.0,"enemies":"Gensokyo:CosmicMonolith","floor":18.0,"turns":3.0},{"damage":3.0,"enemies":"Gensokyo:2_Gloops","floor":19.0,"turns":5.0},{"damage":0.0,"enemies":"Gensokyo:Swordslinger","floor":21.0,"turns":3.0},{"damage":15.0,"enemies":"Gensokyo:Mirror_and_Dog","floor":22.0,"turns":3.0},{"damage":0.0,"enemies":"Gensokyo:Tenshi","floor":23.0,"turns":4.0},{"damage":0.0,"enemies":"Gensokyo:Slime_Group","floor":24.0,"turns":3.0},{"damage":35.0,"enemies":"Nightmare","floor":25.0,"turns":6.0},{"damage":10.0,"enemies":"Gensokyo:Wraith","floor":27.0,"turns":5.0},{"damage":14.0,"enemies":"Gensokyo:Reisen","floor":28.0,"turns":6.0},{"damage":2.0,"enemies":"Gensokyo:Swordslinger","floor":31.0,"turns":4.0},{"damage":37.0,"enemies":"Gensokyo:Eternal_Rivals","floor":33.0,"turns":6.0},{"damage":0.0,"enemies":"Gensokyo:3_Bats","floor":35.0,"turns":3.0},{"damage":3.0,"enemies":"Gensokyo:3_Boulders","floor":39.0,"turns":6.0},{"damage":17.0,"enemies":"Gensokyo:Kasen","floor":40.0,"turns":5.0},{"damage":0.0,"enemies":"Gensokyo:Marisa","floor":42.0,"turns":6.0},{"damage":0.0,"enemies":"Gensokyo:Doremy","floor":44.0,"turns":5.0},{"damage":0.0,"enemies":"Gensokyo:SeedOfUnknown","floor":45.0,"turns":6.0},{"damage":0.0,"enemies":"Gensokyo:Sharpion","floor":46.0,"turns":5.0},{"damage":0.0,"enemies":"Gensokyo:Rafflesia","floor":48.0,"turns":2.0},{"damage":10.0,"enemies":"Gensokyo:Yuyuko","floor":50.0,"turns":6.0},{"damage":0.0,"enemies":"Gensokyo:2_Kodama","floor":52.0,"turns":4.0},{"damage":0.0,"enemies":"Gensokyo:Gryphon","floor":53.0,"turns":3.0},{"damage":0.0,"enemies":"Gensokyo:3_Fairies","floor":56.0,"turns":2.0},{"damage":0.0,"enemies":"Gensokyo:Mamizou","floor":57.0,"turns":5.0},{"damage":0.0,"enemies":"Gensokyo:Kitsune","floor":58.0,"turns":2.0},{"damage":0.0,"enemies":"Gensokyo:VengefulSpirit","floor":59.0,"turns":4.0},{"damage":0.0,"enemies":"Gensokyo:5_Fairies","floor":61.0,"turns":2.0},{"damage":13.0,"enemies":"Gensokyo:Aya","floor":62.0,"turns":4.0},{"damage":32.0,"enemies":"Gensokyo:Kokoro","floor":67.0,"turns":6.0},{"damage":0.0,"enemies":"Gensokyo:AngelMirror","floor":69.0,"turns":3.0},{"damage":0.0,"enemies":"Gensokyo:CosmicMonolith","floor":72.0,"turns":1.0},{"damage":0.0,"enemies":"Gensokyo:Tenshi","floor":74.0,"turns":4.0},{"damage":5.0,"enemies":"Gensokyo:Slime_Group","floor":75.0,"turns":4.0},{"damage":0.0,"enemies":"Gensokyo:3_Gloops","floor":78.0,"turns":5.0},{"damage":0.0,"enemies":"Gensokyo:Swordslinger","floor":79.0,"turns":2.0},{"damage":4.0,"enemies":"Gensokyo:Mirror_and_Dog","floor":80.0,"turns":3.0},{"damage":0.0,"enemies":"Gensokyo:Slime_Group","floor":82.0,"turns":2.0},{"damage":0.0,"enemies":"Gensokyo:Eiki","floor":84.0,"turns":4.0},{"damage":0.0,"enemies":"Gensokyo:3_Bats","floor":86.0,"turns":3.0},{"damage":25.0,"enemies":"Gensokyo:3_Boulders","floor":87.0,"turns":3.0},{"damage":0.0,"enemies":"Gensokyo:Dusk_and_Dawn","floor":89.0,"turns":2.0},{"damage":22.0,"enemies":"Gensokyo:Marisa","floor":91.0,"turns":6.0},{"damage":4.0,"enemies":"Gensokyo:Sharpion","floor":95.0,"turns":4.0},{"damage":2.0,"enemies":"Gensokyo:Kasen","floor":97.0,"turns":6.0},{"damage":0.0,"enemies":"Gensokyo:Marisa","floor":99.0,"turns":5.0}],"seed_played":"-4164716136603768986","potions_obtained":[{"floor":1.0,"key":"EntropicBrew"},{"floor":6.0,"key":"DistilledChaos"},{"floor":11.0,"key":"Regen Potion"},{"floor":22.0,"key":"AttackPotion"},{"floor":24.0,"key":"Block Potion"},{"floor":28.0,"key":"LiquidMemories"},{"floor":33.0,"key":"SneckoOil"},{"floor":39.0,"key":"SpeedPotion"},{"floor":44.0,"key":"Explosive Potion"},{"floor":50.0,"key":"Energy Potion"},{"floor":57.0,"key":"SteroidPotion"},{"floor":59.0,"key":"Adrenaline Potion"},{"floor":67.0,"key":"FearPotion"},{"floor":72.0,"key":"FearPotion"},{"floor":74.0,"key":"SpeedPotion"},{"floor":80.0,"key":"SpeedPotion"},{"floor":82.0,"key":"Adrenaline Potion"},{"floor":87.0,"key":"Block Potion"},{"floor":89.0,"key":"DistilledChaos"},{"floor":95.0,"key":"Ancient Potion"},{"floor":99.0,"key":"Regen Potion"}],"is_trial":false,"path_per_floor":["M","?","M","?","M","E","R","E","T","M","E","M","M","$","R_BF","B",null,"M","M","?","M","M","E","M","NM","T","M","E","R","?","M","R","B",null,"M","?","?","$","M","E","?","E","T","E","M","M","$","M","R","B",null,"M","M","?","AVR","M","E","M","M","T","M","E","R","?","$","R_BF","B",null,"M","?","?","M","$","E","M","R","T","M","M","M","R","M","R","B",null,"M","M","?","M","?","E","T","R","T","M","$","E","R","E","R"],"character_chosen":"THE_STARBREAKER","items_purchased":["Moonworks:JonathanRush","Replay:Wax Seal","Bag of Marbles","Moonworks:AnotherUltimateWeapon","Moonworks:LittleGull","Moonworks:CloudOfSeagulls+1","Moonworks:EvilSpyWorkPreparation","ReplayTheSpireMod:CursedCoin","Happy Flower"],"campfire_rested":0,"item_purchase_floors":[14,38,38,38,47,47,65,96,96],"current_hp_per_floor":[60,60,56,56,52,39,39,24,24,29,32,33,33,33,33,20,49,30,42,42,47,46,49,49,33,33,31,35,35,35,51,51,22,58,58,58,35,35,49,56,56,58,58,58,58,58,58,58,58,58,58,58,58,58,58,58,58,58,58,58,60,48,48,54,54,54,34,72,72,72,51,53,53,53,55,55,61,63,63,63,63,63,63,69,69,69,49,49,54,54,46,52,52,58,65,77,83,83,96,96,96],"gold":41,"neow_bonus":"TEN_PERCENT_HP_BONUS","is_daily":false,"chose_seed":false,"campfire_upgraded":8,"win_rate":0.0,"timestamp":1611620423,"path_taken":["M","?","M","?","M","E","R","E","T","M","E","M","M","?","R_BF","BOSS","M","?","?","M","M","E","M","NM","T","M","E","R","?","M","R","BOSS","M","?","?","$","M","E","?","E","T","E","?","M","?","M","R","BOSS","M","M","?","AVR","M","E","M","?","T","M","E","R","?","$","R_BF","BOSS","M","?","?","M","$","E","?","R","T","M","M","M","R","M","R","BOSS","M","M","?","M","?","E","?","R","T","M","?","E","R","E","R"],"items_purchased_type":["Card","Relic","Relic","Card","Relic","Card","Card","Relic","Relic"],"build_version":"2020-12-22","purchased_purges":7,"victory":false,"max_hp_per_floor":[66,66,66,66,66,66,66,66,66,66,66,66,66,66,49,49,49,49,49,49,49,49,49,49,56,56,56,61,61,58,58,58,58,58,58,58,58,58,58,58,58,58,58,58,58,58,58,58,58,58,58,58,58,58,58,58,58,58,58,58,60,60,60,66,66,66,72,72,72,72,51,53,53,53,55,55,61,63,63,63,63,63,63,69,69,69,69,69,71,71,71,77,77,83,83,95,95,95,97,97,97],"card_choices":[{"not_picked":["Moonworks:SakisCookie","Moonworks:CloudOfSeagulls"],"picked":"Moonworks:Flamethrower","floor":1.0},{"not_picked":["Moonworks:FullSpeedAlicianrone","Moonworks:RagingMadness"],"picked":"Moonworks:SakisCookie","floor":3.0},{"not_picked":["Moonworks:MixPhenomenon","Moonworks:Poppoformation"],"picked":"Moonworks:EvilSpyWorkPreparation","floor":5.0},{"not_picked":["Moonworks:NicePresent","Moonworks:DeployBits"],"picked":"Moonworks:Dinner","floor":6.0},{"not_picked":["Moonworks:ScrambledEve","Moonworks:AngelHand"],"picked":"Moonworks:MiracleWalker","floor":8.0},{"not_picked":["Moonworks:BigMagnum","Moonworks:CloudOfSeagulls"],"picked":"Moonworks:SealedMemories","floor":10.0},{"not_picked":["Moonworks:AccelHyper","Moonworks:NicePresent"],"picked":"Moonworks:AngelHand","floor":11.0},{"not_picked":["Moonworks:CloudOfSeagulls","Moonworks:ImmovableObject"],"picked":"Moonworks:JonathanRush","floor":12.0},{"not_picked":["Moonworks:LulusLuckyEgg","Moonworks:IndiscriminateFireSupport"],"picked":"Moonworks:EvilSpyWorkPreparation","floor":13.0},{"not_picked":["Moonworks:WeAreWaruda","Moonworks:EvilMastermind"],"picked":"Moonworks:PlushieMaster","floor":16.0},{"not_picked":["Moonworks:Flamethrower","Moonworks:ImOnFire"],"picked":"Moonworks:LulusLuckyEgg","floor":18.0},{"not_picked":["Moonworks:Bloodlust","Moonworks:WindyEnchantment"],"picked":"Moonworks:JonathanRush","floor":19.0},{"not_picked":["Moonworks:IndiscriminateFireSupport","Moonworks:ImOnFire"],"picked":"Moonworks:JonathanRush","floor":21.0},{"not_picked":["Moonworks:ImOnFire","Moonworks:DeployBits"],"picked":"Moonworks:ExtendedPhotonRifle","floor":22.0},{"not_picked":["Moonworks:WeAreWaruda","Moonworks:ReproductionOfRecords+1"],"picked":"Moonworks:EvilSpyWorkPreparation","floor":23.0},{"not_picked":["Moonworks:ImOnFire","Moonworks:Assault"],"picked":"Moonworks:JonathanRush","floor":24.0},{"not_picked":["Moonworks:ReproductionOfRecords+1","Moonworks:IndiscriminateFireSupport"],"picked":"Moonworks:AnotherUltimateWeapon","floor":25.0},{"not_picked":["Moonworks:ImOnFire","Moonworks:AwakeningOfTalent"],"picked":"Moonworks:NicePresent","floor":27.0},{"not_picked":["Moonworks:EvilSpyWorkPreparation","Moonworks:ImOnFire"],"picked":"Moonworks:CloudOfSeagulls","floor":28.0},{"not_picked":["Moonworks:ExtendedPhotonRifle","Moonworks:CastOff+1","Moonworks:BigMagnum"],"picked":"SKIP","floor":31.0},{"not_picked":["Moonworks:MetallicMonocoque","Moonworks:SubspaceTunnel"],"picked":"Moonworks:Encore","floor":33.0},{"not_picked":["Moonworks:CompletionReward","Moonworks:IndiscriminateFireSupport+1"],"picked":"Moonworks:FullSpeedAlicianrone+1","floor":35.0},{"not_picked":["Gensokyo:LifeSpringInfinity","Gensokyo:RainbowDanmaku"],"picked":"Gensokyo:UnlikelyAid","floor":36.0},{"not_picked":["Moonworks:Bloodlust+1","Moonworks:x16BigRocket"],"picked":"Moonworks:MiracleRedBeanIceCream","floor":39.0},{"not_picked":["Moonworks:ImOnFire+1","Moonworks:BigMagnum"],"picked":"Moonworks:SakisCookie+1","floor":40.0},{"not_picked":["Moonworks:SakisCookie+1","Moonworks:BigMagnum"],"picked":"Moonworks:LulusLuckyEgg+1","floor":42.0},{"not_picked":["Moonworks:SelfDestruct+1","Moonworks:NicePresent"],"picked":"Moonworks:ImOnFire","floor":44.0},{"not_picked":["Moonworks:JonathanRush","Moonworks:Poppoformation"],"picked":"Moonworks:EvilSpyWorkPreparation","floor":45.0},{"not_picked":["Moonworks:FinalSurgery+1","Moonworks:Assault+1","Moonworks:IndiscriminateFireSupport"],"picked":"SKIP","floor":46.0},{"not_picked":["Moonworks:Heat300Percent+1","Moonworks:SweetBattle"],"picked":"Moonworks:BackdoorTrade+1","floor":48.0},{"not_picked":["Moonworks:HolyNight","Moonworks:GoAway"],"picked":"Moonworks:Blazing","floor":50.0},{"not_picked":["Moonworks:CastOff","Moonworks:x16BigRocket"],"picked":"Moonworks:NicePresent","floor":52.0},{"not_picked":["Moonworks:IndiscriminateFireSupport","Moonworks:ForcedRevival"],"picked":"Moonworks:EvilSpyWorkPreparation","floor":53.0},{"not_picked":["Moonworks:CompletionReward","Moonworks:RedAndBlue"],"picked":"Moonworks:CloudOfSeagulls","floor":56.0},{"not_picked":["Moonworks:DeployBits","Moonworks:ImOnFire"],"picked":"Moonworks:Wanted","floor":57.0},{"not_picked":["Moonworks:ImOnFire","Moonworks:LulusLuckyEgg"],"picked":"Moonworks:UnluckyCharm","floor":58.0},{"not_picked":["Moonworks:MixPhenomenon","Moonworks:ImOnFire"],"picked":"Moonworks:EvilSpyWorkPreparation","floor":59.0},{"not_picked":["Moonworks:TacticalRetreat","Moonworks:SakisCookie","Moonworks:ImOnFire"],"picked":"Singing Bowl","floor":61.0},{"not_picked":["Moonworks:SakisCookie","Moonworks:ImOnFire"],"picked":"Moonworks:DevilHand","floor":62.0},{"not_picked":["Moonworks:StarBlastingFuse","Moonworks:CrystalBarrier+1"],"picked":"Moonworks:PlushieMaster","floor":67.0},{"not_picked":["Moonworks:DeployBits","Moonworks:ImOnFire","Moonworks:FullSpeedAlicianrone+1"],"picked":"Moonworks:CloudOfSeagulls","floor":69.0},{"not_picked":["Moonworks:SakisCookie","Moonworks:AngelHand","Moonworks:TacticalRetreat+1","Moonworks:MiracleRedBeanIceCream"],"picked":"Singing Bowl","floor":72.0},{"not_picked":["Moonworks:ReproductionOfRecords","Moonworks:MiracleWalker","Moonworks:BigMagnum"],"picked":"Moonworks:CompletionReward+1","floor":74.0},{"not_picked":["Moonworks:x16BigRocket","Moonworks:MixPhenomenon+1","Moonworks:BigMagnum+1","Moonworks:SealedMemories"],"picked":"Singing Bowl","floor":75.0},{"not_picked":["Moonworks:BindingChains+1","Moonworks:MiracleRedBeanIceCream","Moonworks:Assault+1","Moonworks:SakisCookie"],"picked":"Singing Bowl","floor":78.0},{"not_picked":["Replay:Fractal Strike","infinitespire:Execution"],"picked":"infinitespire:Punishment","floor":78.0},{"not_picked":["Moonworks:BigMagnum","Moonworks:DeployBits","Moonworks:ImOnFire+1"],"picked":"Moonworks:EvilSpyWorkPreparation","floor":79.0},{"not_picked":["Moonworks:IndiscriminateFireSupport+1","Moonworks:FinalBattle+1","Moonworks:DeployBits"],"picked":"Moonworks:ReproductionOfRecords+1","floor":80.0},{"not_picked":["Moonworks:BigMagnum","Moonworks:RagingMadness+1","Moonworks:IndiscriminateFireSupport"],"picked":"Moonworks:ReproductionOfRecords","floor":82.0},{"not_picked":["Moonworks:StarBlastingFuse","Moonworks:CrystalBarrier+1","Moonworks:OutOfAmmo+1"],"picked":"Moonworks:EvilMastermind","floor":84.0},{"not_picked":["Moonworks:DeployBits","Moonworks:SakisCookie+1","Moonworks:SweetBattle+1"],"picked":"Moonworks:CloudOfSeagulls","floor":86.0},{"not_picked":["Moonworks:CookingTime","Moonworks:LulusLuckyEgg","Moonworks:SakisCookie+1"],"picked":"Moonworks:EvilSpyWorkPreparation","floor":87.0},{"not_picked":["Moonworks:FinalSurgery","Moonworks:ImOnFire+1","Moonworks:Dinner+1","Moonworks:BigMagnum+1"],"picked":"Singing Bowl","floor":89.0},{"not_picked":["Moonworks:DevilHand+1","Moonworks:PlushieMaster","Moonworks:Dinner+1"],"picked":"Moonworks:CloudOfSeagulls","floor":91.0},{"not_picked":["Moonworks:LulusLuckyEgg","Moonworks:ImmovableObject+1","Moonworks:TacticalRetreat+1"],"picked":"Moonworks:NicePresent+1","floor":95.0},{"not_picked":["Moonworks:ImOnFire+1","Moonworks:EvilSpyWorkPreparation","Moonworks:FullSpeedAlicianrone+1"],"picked":"Moonworks:CloudOfSeagulls+1","floor":97.0},{"not_picked":["Moonworks:Blazing+1","Moonworks:IndiscriminateFireSupport+1","Moonworks:FullSpeedAlicianrone","Moonworks:BindingChains+1"],"picked":"Singing Bowl","floor":99.0}],"player_experience":446051,"relics_obtained":[{"floor":2.0,"key":"ReplayTheSpireMod:Ring of Exchange"},{"floor":2.0,"key":"Ring of Greed"},{"floor":2.0,"key":"Golden Egg"},{"floor":2.0,"key":"Membership Card"},{"floor":5.0,"key":"Gensokyo:OccultBall"},{"floor":6.0,"key":"Gensokyo:OccultBall"},{"floor":6.0,"key":"Blue Doll"},{"floor":8.0,"key":"ReplayTheSpireMod:Shallot"},{"floor":9.0,"key":"Art of War"},{"floor":11.0,"key":"Replay:Accelerometer"},{"floor":13.0,"key":"Gensokyo:OccultBall"},{"floor":15.0,"key":"infinitespire:Lychee Nut"},{"floor":16.0,"key":"Gensokyo:OccultBall"},{"floor":23.0,"key":"Potion Belt"},{"floor":25.0,"key":"Gensokyo:OccultBall"},{"floor":25.0,"key":"Strawberry"},{"floor":26.0,"key":"Iron Hammer"},{"floor":28.0,"key":"Durian"},{"floor":33.0,"key":"Gensokyo:OccultBall"},{"floor":40.0,"key":"Dream Catcher"},{"floor":42.0,"key":"Anchor"},{"floor":43.0,"key":"Divine Protection"},{"floor":44.0,"key":"Pen Nib"},{"floor":57.0,"key":"Singing Bowl"},{"floor":60.0,"key":"Darkstone Periapt"},{"floor":62.0,"key":"Garlic"},{"floor":74.0,"key":"infinitespire:EmpoweringShard"},{"floor":77.0,"key":"Pantograph"},{"floor":91.0,"key":"Grinning Jar"},{"floor":92.0,"key":"Girya"},{"floor":94.0,"key":"ReplayTheSpireMod:Lightbulb"},{"floor":97.0,"key":"Replay:PocketPolymizer"},{"floor":99.0,"key":"War Paint"}],"event_choices":[],"is_beta":false,"boss_relics":[{"not_picked":["ReplayTheSpireMod:DimensionalGlitch","OrangePellets"],"picked":"ClockworkSouvenir"},{"not_picked":["Replay:Lucky Slots","Frozen Eye"],"picked":"Cursed Key"},{"not_picked":["Toolbox","infinitespire:Cupcake","Pandora\u0027s Box"]},{"not_picked":["Lee\u0027s Waffle","ReplayTheSpireMod:SealedPack"],"picked":"Honey Jar"},{"not_picked":["Runic Dome","TheAbacus"],"picked":"Guide Book"}],"items_purged_floors":[14,38,47,55,65,73,96],"is_endless":true,"potions_floor_spawned":[1,6,8,11,12,22,24,28,33,39,44,50,57,59,61,67,72,74,80,82,87,89,95,99],"ascension_level":1}}