{"host":"wshh0nphwn6jv7vj","time":1611653653,"event":{"mods":["BaseMod","Bestiary","Minty Spire (QoL Compilation)","Relic Stats"],"gold_per_floor":[109,109,74,74,20,39,67,67,115,115,158,158,196,127,127,213,213,235,235,235],"floor_reached":19,"language":"ENG","playtime":1179,"items_purged":[],"score":381,"play_id":"c7af9737-b243-4eaa-babf-46e3784d2cf1","local_time":"20210126043413","is_ascension_mode":true,"campfire_choices":[{"data":"Scrawl","floor":8,"key":"SMITH"},{"data":"Prostrate","floor":10,"key":"SMITH"},{"data":"Prostrate","floor":12,"key":"SMITH"},{"floor":15,"key":"REST"}],"circlet_count":0,"master_deck":["AscendersBane","Eruption","Vigilance","Adaptation","SashWhip","Collect","CarveReality","FollowUp","ForeignInfluence","ForeignInfluence","Scrawl+1","Prostrate+1","Prostrate+1","Protect","Evaluate","Wireheading","Nirvana","Devotion","Ragnarok","TalkToTheHand"],"relics":["Pandora\u0027s Box","GoldenEye","Regal Pillow","CeramicFish","Darkstone Periapt","Pocketwatch","Runic Pyramid"],"acts_visited":["Exordium","TheCity"],"potions_floor_usage":[16,19],"damage_taken":[{"damage":4.0,"enemies":"Jaw Worm","floor":1.0,"turns":2.0},{"damage":0,"enemies":"2 Louse","floor":6,"turns":2},{"damage":27,"enemies":"Gremlin Nob","floor":7,"turns":5},{"damage":0,"enemies":"Lagavulin","floor":11,"turns":4},{"damage":9,"enemies":"Gremlin Nob","floor":13,"turns":3},{"damage":34,"enemies":"The Guardian","floor":16,"turns":7},{"damage":35,"enemies":"Chosen","floor":18,"turns":5},{"damage":25,"enemies":"3 Byrds","floor":19,"turns":5}],"seed_played":"6011034368060805682","potions_obtained":[{"floor":6,"key":"BottledMiracle"},{"floor":11,"key":"Fire Potion"},{"floor":16,"key":"Ancient Potion"}],"is_trial":false,"path_per_floor":["M","?","?","?","$","M","E","R","T","R","E","R","E","$","R","B",null,"M","M"],"character_chosen":"WATCHER","items_purchased":["Prostrate","Devotion"],"campfire_rested":1,"item_purchase_floors":[5,14],"current_hp_per_floor":[57,52,68,68,68,68,41,41,41,41,41,41,32,32,67,33,59,24,0,0],"gold":235,"neow_bonus":"BOSS_RELIC","is_daily":false,"chose_seed":false,"campfire_upgraded":3,"win_rate":0.0,"timestamp":1611653653,"path_taken":["M","?","?","?","?","M","E","R","T","R","E","R","E","$","R","BOSS","M","M"],"items_purchased_type":["Card","Card"],"build_version":"2020-12-22","purchased_purges":0,"victory":false,"max_hp_per_floor":[68,68,68,68,68,68,68,68,68,68,68,68,68,68,68,68,68,68,68,68],"relic_stats":{"Darkstone Periapt":0,"Regal Pillow":15,"counters":[8,33],"CeramicFish":45,"Pandora\u0027s Box":["Adaptation","SashWhip","Collect","CarveReality","FollowUp","ForeignInfluence","ForeignInfluence","Scrawl"],"GoldenEye":[10],"obtain_stats":[{"Darkstone Periapt":11,"Regal Pillow":7,"CeramicFish":9,"Pandora\u0027s Box":0,"PureWater":0,"GoldenEye":2,"Pocketwatch":13,"Runic Pyramid":17},{"Darkstone Periapt":4,"Regal Pillow":3,"CeramicFish":3,"Pandora\u0027s Box":0,"PureWater":0,"GoldenEye":1,"Pocketwatch":5,"Runic Pyramid":6},{"Darkstone Periapt":13,"Regal Pillow":9,"CeramicFish":9,"Pandora\u0027s Box":0,"PureWater":0,"GoldenEye":2,"Pocketwatch":16,"Runic Pyramid":23}],"Pocketwatch":[7]},"card_choices":[{"not_picked":["CarveReality","Evaluate"],"picked":"Prostrate","floor":1.0},{"not_picked":["Evaluate","ClearTheMind"],"picked":"Protect","floor":6},{"not_picked":["EmptyBody","Weave"],"picked":"Evaluate","floor":7},{"not_picked":["Crescendo","FollowUp"],"picked":"Wireheading","floor":11},{"not_picked":["FlyingSleeves","ThirdEye"],"picked":"Nirvana","floor":13},{"not_picked":["DeusExMachina","LessonLearned"],"picked":"Ragnarok","floor":16},{"not_picked":["ClearTheMind","Indignation"],"picked":"TalkToTheHand","floor":18}],"player_experience":1616744,"relics_obtained":[{"floor":7,"key":"Regal Pillow"},{"floor":9,"key":"CeramicFish"},{"floor":11,"key":"Darkstone Periapt"},{"floor":13,"key":"Pocketwatch"}],"event_choices":[{"damage_healed":0.0,"max_hp_gain":0.0,"max_hp_loss":0.0,"gold_gain":0.0,"event_name":"Scrap Ooze","player_choice":"Success","floor":2.0,"gold_loss":0.0,"damage_taken":5.0,"relics_obtained":["GoldenEye"]},{"damage_healed":17,"gold_gain":0,"player_choice":"Healed","damage_taken":0,"max_hp_gain":0,"max_hp_loss":0,"event_name":"The Cleric","floor":3,"gold_loss":35},{"damage_healed":0,"gold_gain":0,"player_choice":"Ignored","damage_taken":0,"max_hp_gain":0,"max_hp_loss":0,"event_name":"Liars Game","floor":4,"gold_loss":0}],"is_beta":false,"boss_relics":[{"not_picked":["Snecko Eye","Coffee Dripper"],"picked":"Runic Pyramid"}],"items_purged_floors":[],"is_endless":false,"potions_floor_spawned":[6,11,16],"killed_by":"3 Byrds","ascension_level":17}}