{"host":"Danavis","time":1611635434,"event":{"mods":["AchievementEnabler","BaseMod","Colored Map","Downfall","Hermit","Minty Spire (QoL Compilation)","Permanent Neow","Reliquary","Replay The Spire","StSLib"],"gold_per_floor":[117,117,8,24,41,41,57,57,57,57,89,89,89,89,89,193,193,211,211,211,231,251,251,251,251],"floor_reached":24,"language":"ENG","playtime":1801,"items_purged":[],"score":194,"play_id":"725e30ff-20aa-42b4-8c4e-4221b9443844","local_time":"20210125233034","is_ascension_mode":false,"campfire_choices":[{"data":"hermit:CursedWeapon","floor":6,"key":"SMITH"},{"data":"hermit:Dive","floor":8,"key":"SMITH"},{"data":"hermit:Scavenge","floor":10,"key":"SMITH"},{"data":"hermit:BlackWind","floor":15,"key":"SMITH"},{"data":"hermit:GoldenBullet","floor":23,"key":"SMITH"}],"circlet_count":0,"master_deck":["hermit:Strike_Hermit","hermit:Strike_Hermit","hermit:Strike_Hermit","hermit:Strike_Hermit","hermit:Snapshot","hermit:Covet","hermit:Headshot","hermit:BigShot+1","hermit:ItchyTrigger","hermit:Scavenge+1","hermit:CursedWeapon+1","hermit:Dive+1","hermit:BlackWind+1","Amnesia","hermit:Gambit","hermit:GoldenBullet+1","hermit:Ricochet+1"],"relics":["Runic Dome","Letter Opener","Replay:Bottled Steam","Replay:Ringing Soul","Gremlin Horn","Ring of Peace","ReplayTheSpireMod:Ring of Challenge","Replay:Drink Me","Pear"],"acts_visited":["Exordium","TheCity"],"potions_floor_usage":[21],"damage_taken":[{"damage":0,"enemies":"Small Slimes","floor":1,"turns":2},{"damage":0,"enemies":"2 Louse","floor":4,"turns":1},{"damage":11,"enemies":"Jaw Worm","floor":5,"turns":2},{"damage":4,"enemies":"3 Louse","floor":7,"turns":3},{"damage":9,"enemies":"3 Sentries","floor":11,"turns":5},{"damage":9,"enemies":"Fading Forest","floor":16,"turns":11},{"damage":0,"enemies":"2 Thieves","floor":18,"turns":3},{"damage":18,"enemies":"Shell Parasite","floor":21,"turns":4},{"damage":12,"enemies":"Snake Plant","floor":22,"turns":4},{"damage":48,"enemies":"Gremlin Leader","floor":24,"turns":5}],"seed_played":"7951889037804338311","potions_obtained":[{"floor":5,"key":"SmokeBomb"},{"floor":11,"key":"sneckomod:MuddlingPotion"},{"floor":16,"key":"SpeedPotion"}],"is_trial":false,"path_per_floor":["M","?","$","M","M","R","M","R","T","R","E","?","T","?","R","B",null,"M","?","?","M","M","R","E"],"character_chosen":"HERMIT","items_purchased":["hermit:BigShot+1","hermit:ItchyTrigger"],"campfire_rested":0,"item_purchase_floors":[3,3],"current_hp_per_floor":[75,68,68,68,57,57,53,53,53,53,44,32,32,35,35,39,61,64,64,74,59,47,47,0,0],"gold":251,"neow_bonus":"BOSS_RELIC","is_daily":false,"chose_seed":false,"campfire_upgraded":5,"win_rate":0.0,"timestamp":1611635434,"path_taken":["M","?","$","M","M","R","M","R","T","R","E","?","?","?","R","BOSS","M","?","?","M","M","R","E"],"items_purchased_type":["Card","Card"],"build_version":"2020-12-18","purchased_purges":0,"victory":false,"max_hp_per_floor":[75,75,75,75,75,75,75,75,75,75,75,75,75,78,78,81,61,64,64,74,77,77,77,77,77],"card_choices":[{"not_picked":["hermit:Misfire","hermit:Glare"],"picked":"hermit:Headshot","floor":1},{"not_picked":["hermit:Ricochet","hermit:Horror"],"picked":"hermit:Scavenge","floor":4},{"not_picked":["hermit:Glare","hermit:Malice"],"picked":"hermit:CursedWeapon","floor":5},{"not_picked":["hermit:Gambit","hermit:Roulette"],"picked":"hermit:Dive","floor":7},{"not_picked":["hermit:BodyArmor","hermit:Roulette"],"picked":"hermit:BlackWind","floor":11},{"not_picked":["hermit:FatalDesire","hermit:EternalForm"],"picked":"hermit:Gambit","floor":16},{"not_picked":["hermit:Dive","hermit:Misfire"],"picked":"hermit:GoldenBullet","floor":18},{"not_picked":["hermit:EyeOfTheStorm","hermit:Snipe"],"picked":"hermit:Ricochet+1","floor":21},{"not_picked":["hermit:TakeCover","hermit:SprayPray","hermit:Manifest"],"picked":"SKIP","floor":22}],"player_experience":270934,"relics_obtained":[{"floor":9,"key":"Letter Opener"},{"floor":11,"key":"Replay:Bottled Steam"},{"floor":13,"key":"Gremlin Horn"},{"floor":14,"key":"Ring of Peace"},{"floor":14,"key":"ReplayTheSpireMod:Ring of Challenge"}],"event_choices":[{"cards_removed":["hermit:Defend_Hermit"],"damage_healed":0,"gold_gain":0,"player_choice":"Card Removal","damage_taken":7,"max_hp_gain":0,"max_hp_loss":0,"event_name":"Golden Wing","floor":2,"gold_loss":0},{"damage_healed":0,"gold_gain":0,"player_choice":"Success","damage_taken":12,"relics_obtained":["Replay:Ringing Soul"],"max_hp_gain":0,"max_hp_loss":0,"event_name":"Scrap Ooze","floor":12,"gold_loss":0},{"damage_healed":0,"gold_gain":0,"player_choice":"Ignored","damage_taken":0,"max_hp_gain":0,"max_hp_loss":0,"event_name":"Ghosts","floor":19,"gold_loss":0},{"damage_healed":0,"gold_gain":0,"player_choice":"Opened","damage_taken":0,"relics_obtained":["Pear"],"max_hp_gain":0,"max_hp_loss":0,"event_name":"The Mausoleum","floor":20,"gold_loss":0}],"is_beta":true,"boss_relics":[{"not_picked":["Black Star","reliquary:WritOfMandamus"],"picked":"Replay:Drink Me"}],"items_purged_floors":[],"is_endless":false,"potions_floor_spawned":[5,11,16],"killed_by":"Gremlin Leader","ascension_level":0}}