{"host":"lzzv50t0ea3gz1kk","time":1611632383,"event":{"mods":["ATMod(°¢èªMod)","Act Like it!","Aspiration","BaseMod","Colored Powertips","Conspire","Downfall","Gensokyo","Hallownest","Hermit","Marisa£¨ìFÓê¡¡Ä§ÀíÉ³£©","Minty Spire (QoL Compilation)","Robot Space Explorer","SIMod","StSLib","The Saiyan"],"gold_per_floor":[99,118,138,157,0,20,20,20,34,34,61,46,46,65,78,181,181,81,98,98,8,19,31,31,59,72,72,90,90,90,107,123,219,219,119,138,156,166,219,219,267,297,297,197,197,10,10,35,47,47,47,77,0,0,0,0],"floor_reached":57,"language":"ZHS","playtime":4450,"items_purged":["hexamod:Strike"],"score":1201,"play_id":"aa7d8346-0f9c-4878-8d78-89e767d0c245","local_time":"20210126113943","is_ascension_mode":false,"campfire_choices":[{"data":"AT_KingSlayer","floor":1,"key":"SMITH"},{"floor":8,"key":"RECALL"},{"data":"hexamod:BacktrackSmack","floor":10,"key":"SMITH"},{"data":"hexamod:TimeWarp","floor":13,"key":"SMITH"},{"data":"hexamod:GhostflameInferno","floor":18,"key":"SMITH"},{"floor":27,"key":"REST"},{"floor":30,"key":"REST"},{"data":"hexamod:ForkedFlame","floor":35,"key":"SMITH"},{"floor":40,"key":"REST"},{"floor":44,"key":"REST"},{"floor":45,"key":"REST"},{"data":"hexamod:EmpoweredFlame","floor":47,"key":"SMITH"},{"data":"hexamod:SkipABeat","floor":54,"key":"SMITH"}],"circlet_count":0,"master_deck":["hexamod:Strike","hexamod:Strike","hexamod:Strike","hexamod:Defend","hexamod:Defend","hexamod:Defend","hexamod:Defend","hexamod:Sear","hexamod:Float","AT_KingSlayer+1","hexamod:Hexaguard","hexamod:StepThrough","hexamod:GhostOfSpirePast","hexamod:TimeWarp+1","hexamod:PowerFromBeyond","hexamod:BacktrackSmack+1","hexamod:AdvancingGuard","hexamod:CatchUp","hexamod:GhostflameInferno+1","hexamod:FlamesFromBeyond+1","hexamod:RecurringNightmare+1","hexamod:EtherealExpedition+1","hexamod:SkipABeat+1","hexamod:GhostShield+1","hexamod:ForkedFlame+1","hexamod:AdvancingGuard+1","hexamod:BacktrackSmack+1","hexamod:EmpoweredFlame+1","Master of Strategy","hexamod:GhostflameBarrier+1","hexamod:FastForward+1"],"relics":["hexamod:SpiritBrand","AT_ATBox","AT_RedTearstoneRing","Bottled Tornado","Odd Mushroom","Black Star","downfall:HeartBlessingRed","Juzu Bracelet","aspiration:Stabinomicon","Lizard Tail","SlaversCollar","downfall:HeartBlessingGreen","WingedGreaves","Lantern","Sundial","downfall:HeartBlessingBlue","AT_SunfireAegis","Nunchaku","Anchor","AT_ForceNature","AT_DeathDance","StrikeDummy"],"acts_visited":["Exordium","TheCity","TheBeyond","TheEnding"],"potions_floor_usage":[6,11,23,25,28,33,33,39,56,56,56],"damage_taken":[{"damage":0,"enemies":"Cultist","floor":2,"turns":3},{"damage":0,"enemies":"2 Louse","floor":3,"turns":3},{"damage":0,"enemies":"Small Slimes","floor":4,"turns":3},{"damage":0,"enemies":"downfall:FleeingMerchant","floor":5,"turns":4},{"damage":5,"enemies":"Exordium Thugs","floor":6,"turns":3},{"damage":0,"enemies":"Exordium Wildlife","floor":9,"turns":4},{"damage":0,"enemies":"The Mushroom Lair","floor":11,"turns":4},{"damage":0,"enemies":"downfall:FleeingMerchant","floor":12,"turns":4},{"damage":0,"enemies":"3 Louse","floor":14,"turns":3},{"damage":0,"enemies":"Blue Slaver","floor":15,"turns":3},{"damage":22,"enemies":"WA_ARCHETYPE_RETAIN","floor":16,"turns":7},{"damage":5,"enemies":"Shell Parasite","floor":19,"turns":4},{"damage":10,"enemies":"downfall:FleeingMerchant","floor":21,"turns":4},{"damage":0,"enemies":"Chosen","floor":22,"turns":3},{"damage":8,"enemies":"Snake Plant","floor":23,"turns":3},{"damage":12,"enemies":"Book of Stabbing","floor":25,"turns":5},{"damage":0,"enemies":"Cultist and Chosen","floor":26,"turns":4},{"damage":5,"enemies":"Sentry and Sphere","floor":28,"turns":4},{"damage":11,"enemies":"Snake Plant","floor":31,"turns":3},{"damage":16,"enemies":"Shelled Parasite and Fungi","floor":32,"turns":4},{"damage":51,"enemies":"IC_MUSHROOM_ARCHETYPE","floor":33,"turns":8},{"damage":2,"enemies":"3 Shapes","floor":36,"turns":3},{"damage":0,"enemies":"Orb Walker","floor":37,"turns":2},{"damage":0,"enemies":"Transient","floor":38,"turns":5},{"damage":27,"enemies":"2 Orb Walkers","floor":39,"turns":4},{"damage":43,"enemies":"Reptomancer","floor":42,"turns":6},{"damage":2,"enemies":"downfall:FleeingMerchant","floor":46,"turns":3},{"damage":8,"enemies":"Giant Head","floor":48,"turns":4},{"damage":14,"enemies":"3 Darklings","floor":49,"turns":3},{"damage":17,"enemies":"DF_ARCHETYPE_ORBS","floor":50,"turns":5},{"damage":7,"enemies":"downfall:CharBossMerchant","floor":52,"turns":5},{"damage":17,"enemies":"downfall:NeowBoss","floor":55,"turns":11},{"damage":585,"enemies":"downfall:NeowBossFinal","floor":56,"turns":17}],"seed_played":"7115017162965249728","potions_obtained":[{"floor":3,"key":"SteroidPotion"},{"floor":9,"key":"Fire Potion"},{"floor":14,"key":"Ancient Potion"},{"floor":15,"key":"Guardian:BlockOnCardUsePotion"},{"floor":22,"key":"AttackPotion"},{"floor":23,"key":"FearPotion"},{"floor":25,"key":"Guardian:BlockOnCardUsePotion"},{"floor":28,"key":"Ancient Potion"},{"floor":31,"key":"LiquidBronze"},{"floor":36,"key":"EssenceOfSteel"},{"floor":37,"key":"BlessingOfTheForge"},{"floor":49,"key":"bronze:BurnAndBuffPotion"}],"is_trial":false,"path_per_floor":["R","M","M","M","$","M","T","R","M","R","?","$","R","M","M","B",null,"R","M","?","$","M","M","T","E","M","R","M","?","R","M","M","B",null,"R","M","M","M","?","R","T","E","?","R","R","$","R","E","M","B",null,"E","$","R","B","B",null],"character_chosen":"THE_SPIRIT","items_purchased":["hexamod:TimeWarp","AT_SunfireAegis","hexamod:EmpoweredFlame","Nunchaku","Master of Strategy","bronze:BurnAndBuffPotion"],"campfire_rested":5,"item_purchase_floors":[5,46,46,46,46,53],"current_hp_per_floor":[70,70,70,70,70,65,65,65,65,65,65,65,65,65,65,43,70,70,65,65,55,55,47,47,35,35,56,51,51,70,59,43,35,70,70,68,68,68,41,62,62,19,19,53,77,75,75,67,53,36,80,73,73,73,56,444],"gold":0,"neow_bonus":"RANDOM_COMMON_RELIC","is_daily":false,"chose_seed":false,"campfire_upgraded":7,"win_rate":0.0,"timestamp":1611632383,"path_taken":["R","M","M","M","$","?","T","R","M","R","?","$","R","M","M","BOSS","R","M","?","?","M","?","T","E","M","R","M","?","R","M","M","BOSS","R","M","M","M","?","R","T","E","?","R","R","$","R","E","M","BOSS","E","$","R","BOSS","BOSS"],"items_purchased_type":["Card","Relic","Card","Relic","Card","Potion"],"build_version":"2020-12-22","purchased_purges":1,"victory":true,"max_hp_per_floor":[70,70,70,70,70,70,70,70,70,70,70,70,70,70,70,70,70,70,70,70,70,70,70,70,70,70,70,70,70,70,70,70,70,70,70,70,70,70,70,70,70,70,70,80,80,80,80,80,80,80,80,80,80,80,80,80],"card_choices":[{"not_picked":["hexamod:InspiringFlames","hexamod:FastForward"],"picked":"hexamod:Hexaguard","floor":2},{"not_picked":["hexamod:NightmareGuise","hexamod:Rewind","hexamod:NightmareStrike"],"picked":"SKIP","floor":3},{"not_picked":["hexamod:InspiringFlames","hexamod:NightmareStrike"],"picked":"hexamod:StepThrough","floor":4},{"not_picked":["hexamod:Incineration","hexamod:GhostLash"],"picked":"hexamod:GhostOfSpirePast","floor":5},{"not_picked":["hexamod:FlamesFromBeyond","hexamod:FastForward"],"picked":"hexamod:PowerFromBeyond","floor":6},{"not_picked":["hexamod:ThermalTransfer","hexamod:HeatMetal"],"picked":"hexamod:BacktrackSmack","floor":9},{"not_picked":["hexamod:PhantomFireball","hexamod:FastForward"],"picked":"hexamod:AdvancingGuard","floor":12},{"not_picked":["hexamod:HeatShield","hexamod:UnleashSpirits"],"picked":"hexamod:CatchUp","floor":14},{"not_picked":["hexamod:EtherealExpedition","hexamod:NecessarySacrifice","hexamod:ChargedBarrage"],"picked":"SKIP","floor":15},{"not_picked":["hexamod:TimeWarp","hexamod:UnleashSpirits"],"picked":"hexamod:GhostflameInferno","floor":16},{"not_picked":["hexamod:GhostLash","hexamod:Hexaguard","hexamod:InspiringFlames"],"picked":"SKIP","floor":19},{"not_picked":["hexamod:GhostflameBarrier","hexamod:HauntingEcho"],"picked":"hexamod:FlamesFromBeyond+1","floor":21},{"not_picked":["hexamod:NightmareStrike","hexamod:Hexaguard"],"picked":"hexamod:RecurringNightmare+1","floor":22},{"not_picked":["hexamod:HeatMetal","hexamod:GhostLash"],"picked":"hexamod:EtherealExpedition+1","floor":23},{"not_picked":["hexamod:HeatCrush","hexamod:GhostLash"],"picked":"hexamod:SkipABeat","floor":25},{"not_picked":["hexamod:NightmareStrike","hexamod:ChargedBarrage","hexamod:FlamesFromBeyond"],"picked":"SKIP","floor":26},{"not_picked":["hexamod:EtherealExpedition+1","hexamod:HeatShield+1","hexamod:TurnItUp"],"picked":"SKIP","floor":28},{"not_picked":["hexamod:SecondSeal","hexamod:GhostLash","hexamod:Haunt"],"picked":"SKIP","floor":31},{"not_picked":["hexamod:PowerFromBeyond","hexamod:EtherealExpedition"],"picked":"hexamod:GhostShield+1","floor":32},{"not_picked":["hexamod:TimeWarp","hexamod:SearingWound"],"picked":"hexamod:ForkedFlame","floor":33},{"not_picked":["hexamod:FastForward","hexamod:HeatMetal+1","hexamod:NecessarySacrifice"],"picked":"SKIP","floor":36},{"not_picked":["hexamod:HauntingEcho","hexamod:SwordOfDarkness","hexamod:SpectersWail"],"picked":"SKIP","floor":37},{"not_picked":["hexamod:SkipABeat","hexamod:NecessarySacrifice"],"picked":"hexamod:AdvancingGuard+1","floor":38},{"not_picked":["hexamod:VolcanoVisage","hexamod:WildfireWeapon"],"picked":"hexamod:BacktrackSmack+1","floor":42},{"not_picked":["hexamod:SpectersWail","hexamod:GhostLash+1","hexamod:RainOfEmbers+1"],"picked":"SKIP","floor":46},{"not_picked":["hexamod:HeatCrush+1","hexamod:PhantomCloak"],"picked":"hexamod:GhostflameBarrier+1","floor":48},{"not_picked":["hexamod:BurningTouch+1","hexamod:EmpoweredFlame","hexamod:SecondSeal"],"picked":"SKIP","floor":49},{"not_picked":["hexamod:PhantomCloak","hexamod:DynamicBlow+1"],"picked":"hexamod:FastForward+1","floor":52}],"player_experience":418058,"relics_obtained":[{"floor":7,"key":"Bottled Tornado"},{"floor":11,"key":"Odd Mushroom"},{"floor":24,"key":"Juzu Bracelet"},{"floor":25,"key":"aspiration:Stabinomicon"},{"floor":25,"key":"Lizard Tail"},{"floor":39,"key":"WingedGreaves"},{"floor":42,"key":"Lantern"},{"floor":42,"key":"Sundial"},{"floor":48,"key":"Anchor"},{"floor":48,"key":"AT_ForceNature"},{"floor":52,"key":"AT_DeathDance"},{"floor":52,"key":"StrikeDummy"}],"event_choices":[{"damage_healed":0,"gold_gain":0,"player_choice":"Fought Mushrooms","damage_taken":0,"max_hp_gain":0,"max_hp_loss":0,"event_name":"Mushrooms","floor":11,"gold_loss":0},{"damage_healed":0,"gold_gain":0,"player_choice":"Fight","damage_taken":0,"max_hp_gain":0,"max_hp_loss":0,"event_name":"Mysterious Sphere","floor":39,"gold_loss":0}],"is_beta":false,"boss_relics":[{"not_picked":["aspiration:SilentSkillbook","SacredBark"],"picked":"Black Star"},{"not_picked":["Snecko Eye","Pandora\u0027s Box"],"picked":"SlaversCollar"}],"items_purged_floors":[21],"is_endless":false,"potions_floor_spawned":[3,9,14,15,22,23,25,28,31,36,37,38,49],"ascension_level":0}}