{"host":"rb2p2z6v6vieend5","time":1611703494,"event":{"mods":["BaseMod","Block Reminder","Colored Map","DeckTracker","Highlight Path","Minty Spire (QoL Compilation)","Random Character Button","Relic Stats"],"gold_per_floor":[110,124,199,216,231,231,257,257,308,308,324,338,338,62,62,166,166,181,199,199,52,106,106,126,225,249,249,278,278,106,125,125,222,222,238,249,249,249,159,159,171,188,188,188,188,202,54,104,104,104],"floor_reached":51,"language":"ENG","playtime":2838,"items_purged":["Strike_G","Strike_G"],"score":1096,"play_id":"6c04d5d6-7a7d-4e82-a2ec-473045b1007e","local_time":"20210127002454","is_ascension_mode":true,"campfire_choices":[{"data":"Neutralize","floor":6,"key":"SMITH"},{"floor":8,"key":"REST"},{"data":"Deadly Poison","floor":10,"key":"SMITH"},{"floor":15,"key":"REST"},{"data":"Leg Sweep","floor":23,"key":"SMITH"},{"data":"Glass Knife","floor":27,"key":"SMITH"},{"data":"Crippling Poison","floor":32,"key":"SMITH"},{"data":"Bouncing Flask","floor":40,"key":"SMITH"},{"data":"Glass Knife","floor":44,"key":"SMITH"},{"data":"Poisoned Stab","floor":49,"key":"SMITH"}],"circlet_count":0,"master_deck":["Defend_G","Defend_G","Defend_G","Survivor","Neutralize+1","Heel Hook","Deadly Poison+1","Flying Knee","Grand Finale","Leg Sweep+1","Poisoned Stab+1","Die Die Die","Deadly Poison+1","Bouncing Flask+1","Glass Knife+1","Crippling Poison+1","Glass Knife+1","Quick Slash+1","Well Laid Plans+1","Backstab+1","Escape Plan+1","Finesse","Backflip+1"],"relics":["Ring of the Snake","TungstenRod","White Beast Statue","Potion Belt","MawBank","Torii","Runic Pyramid","Juzu Bracelet","Pen Nib","Paper Crane","Thread and Needle","Astrolabe","Frozen Egg 2","Pantograph","Snake Skull","Pocketwatch"],"acts_visited":["Exordium","TheCity","TheBeyond"],"potions_floor_usage":[5,16,16,28,33,33,33,41,50,50,50],"damage_taken":[{"damage":0,"enemies":"Jaw Worm","floor":1,"turns":5},{"damage":0,"enemies":"Small Slimes","floor":2,"turns":6},{"damage":0,"enemies":"2 Louse","floor":4,"turns":3},{"damage":9,"enemies":"Exordium Thugs","floor":5,"turns":6},{"damage":16,"enemies":"Lagavulin","floor":7,"turns":9},{"damage":14,"enemies":"Lots of Slimes","floor":11,"turns":6},{"damage":0,"enemies":"Looter","floor":12,"turns":4},{"damage":0,"enemies":"The Guardian","floor":16,"turns":11},{"damage":0,"enemies":"3 Byrds","floor":18,"turns":4},{"damage":0,"enemies":"Chosen","floor":19,"turns":5},{"damage":0,"enemies":"Snecko","floor":24,"turns":5},{"damage":0,"enemies":"Book of Stabbing","floor":28,"turns":5},{"damage":0,"enemies":"Centurion and Healer","floor":31,"turns":6},{"damage":0,"enemies":"Automaton","floor":33,"turns":8},{"damage":11,"enemies":"3 Shapes","floor":35,"turns":4},{"damage":0,"enemies":"3 Darklings","floor":36,"turns":4},{"damage":5,"enemies":"Spire Growth","floor":41,"turns":4},{"damage":0,"enemies":"Sphere and 2 Shapes","floor":42,"turns":6},{"damage":7,"enemies":"Transient","floor":46,"turns":5},{"damage":0,"enemies":"Mind Bloom Boss Battle","floor":48,"turns":4},{"damage":65,"enemies":"Time Eater","floor":50,"turns":10}],"seed_played":"8990014308643879098","potions_obtained":[{"floor":1,"key":"CunningPotion"},{"floor":4,"key":"Explosive Potion"},{"floor":5,"key":"Ancient Potion"},{"floor":11,"key":"FearPotion"},{"floor":12,"key":"EssenceOfSteel"},{"floor":16,"key":"DuplicationPotion"},{"floor":18,"key":"Energy Potion"},{"floor":19,"key":"SkillPotion"},{"floor":28,"key":"DistilledChaos"},{"floor":31,"key":"PowerPotion"},{"floor":33,"key":"Energy Potion"},{"floor":35,"key":"CunningPotion"},{"floor":36,"key":"BlessingOfTheForge"},{"floor":41,"key":"SpeedPotion"}],"is_trial":false,"path_per_floor":["M","M","?","M","M","R","E","R","T","R","M","M","?","$","R","B",null,"M","M","?","$","T","R","M","?","T","R","E","?","$","M","R","B",null,"M","M","?","T","?","R","M","M","T","R","?","M","$","?","R","B",null],"character_chosen":"THE_SILENT","items_purchased":["Torii","Bouncing Flask","Crippling Poison","Snake Skull"],"campfire_rested":2,"item_purchase_floors":[14,21,30,47],"current_hp_per_floor":[45,45,35,35,26,26,10,31,31,31,17,17,3,3,24,24,59,59,59,59,59,59,59,59,59,59,59,59,59,59,59,59,59,67,56,56,56,56,56,56,51,51,51,51,51,44,44,69,69,5],"gold":104,"neow_bonus":"ONE_RARE_RELIC","is_daily":false,"chose_seed":false,"campfire_upgraded":8,"win_rate":0.0,"timestamp":1611703494,"path_taken":["M","M","?","M","M","R","E","R","T","R","M","M","?","$","R","BOSS","M","M","?","$","?","R","M","?","T","R","E","?","?","M","R","BOSS","M","M","?","?","?","R","M","M","T","R","?","M","?","?","R","BOSS"],"items_purchased_type":["Relic","Card","Card","Relic"],"build_version":"2020-12-22","purchased_purges":2,"victory":true,"max_hp_per_floor":[70,70,70,70,70,70,70,70,70,70,70,70,70,70,70,70,70,70,70,70,70,70,70,70,70,70,70,70,70,70,70,70,70,70,70,70,70,70,70,70,70,70,70,70,70,70,70,70,70,70],"relic_stats":{"Torii":73,"counters":[21,120],"Astrolabe":["Quick Slash","Well Laid Plans","Backstab"],"Pantograph":26,"Pen Nib":[9],"Snake Skull":[44],"Juzu Bracelet":2,"MawBank":12,"obtain_stats":[{"Potion Belt":9,"Torii":14,"Astrolabe":34,"Thread and Needle":29,"Pen Nib":26,"Snake Skull":47,"Juzu Bracelet":22,"Paper Crane":28,"Frozen Egg 2":38,"MawBank":13,"White Beast Statue":7,"Pantograph":43,"TungstenRod":0,"Ring of the Snake":0,"Runic Pyramid":17,"Pocketwatch":48},{"Potion Belt":5,"Torii":7,"Astrolabe":14,"Thread and Needle":12,"Pen Nib":11,"Snake Skull":19,"Juzu Bracelet":10,"Paper Crane":12,"Frozen Egg 2":16,"MawBank":7,"White Beast Statue":5,"Pantograph":18,"TungstenRod":0,"Ring of the Snake":0,"Runic Pyramid":8,"Pocketwatch":20},{"Potion Belt":29,"Torii":39,"Astrolabe":83,"Thread and Needle":69,"Pen Nib":64,"Snake Skull":106,"Juzu Bracelet":59,"Paper Crane":69,"Frozen Egg 2":91,"MawBank":39,"White Beast Statue":29,"Pantograph":101,"TungstenRod":0,"Ring of the Snake":0,"Runic Pyramid":50,"Pocketwatch":110}],"TungstenRod":75,"Ring of the Snake":[42],"Pocketwatch":[0]},"card_choices":[{"not_picked":["Expertise","Bane","Prepared"],"picked":"SKIP","floor":1},{"not_picked":["Masterful Stab","Bane"],"picked":"Heel Hook","floor":2},{"not_picked":["Quick Slash","Setup"],"picked":"Deadly Poison","floor":4},{"not_picked":["Blur","Acrobatics"],"picked":"Flying Knee","floor":5},{"not_picked":["Outmaneuver","Escape Plan"],"picked":"Grand Finale","floor":7},{"not_picked":["Dash","Caltrops"],"picked":"Leg Sweep","floor":11},{"not_picked":["Infinite Blades","Cloak And Dagger"],"picked":"Poisoned Stab","floor":12},{"not_picked":["A Thousand Cuts","Malaise"],"picked":"Die Die Die","floor":16},{"not_picked":["PiercingWail","Flying Knee","Acrobatics"],"picked":"SKIP","floor":18},{"not_picked":["Skewer","Bane","Dash"],"picked":"SKIP","floor":19},{"not_picked":["Flying Knee","Dagger Throw"],"picked":"Glass Knife","floor":24},{"not_picked":["Eviscerate","Reflex","Dodge and Roll+1"],"picked":"SKIP","floor":28},{"not_picked":["PiercingWail","Flying Knee+1","Underhanded Strike"],"picked":"SKIP","floor":31},{"not_picked":["After Image","Storm of Steel"],"picked":"Glass Knife","floor":33},{"not_picked":["Bane","PiercingWail","Blade Dance+1"],"picked":"SKIP","floor":35},{"not_picked":["Predator+1","Reflex+1"],"picked":"Escape Plan","floor":36},{"not_picked":["Dramatic Entrance","Blind"],"picked":"Finesse","floor":37},{"not_picked":["Blur+1","Blade Dance+1"],"picked":"Backflip+1","floor":41},{"not_picked":["Setup+1","PiercingWail+1","Tools of the Trade+1"],"picked":"SKIP","floor":42},{"not_picked":["Dagger Spray","Crippling Poison+1","Cloak And Dagger"],"picked":"SKIP","floor":46}],"player_experience":620427,"relics_obtained":[{"floor":7,"key":"White Beast Statue"},{"floor":9,"key":"Potion Belt"},{"floor":22,"key":"Juzu Bracelet"},{"floor":26,"key":"Pen Nib"},{"floor":28,"key":"Paper Crane"},{"floor":38,"key":"Frozen Egg 2"},{"floor":43,"key":"Pantograph"},{"floor":48,"key":"Pocketwatch"}],"event_choices":[{"damage_healed":0,"gold_gain":75,"player_choice":"Gather Gold","damage_taken":11,"max_hp_gain":0,"max_hp_loss":0,"event_name":"World of Goop","floor":3,"gold_loss":0},{"damage_healed":0,"gold_gain":0,"player_choice":"Success","damage_taken":18,"relics_obtained":["MawBank"],"max_hp_gain":0,"max_hp_loss":0,"event_name":"Scrap Ooze","floor":13,"gold_loss":0},{"damage_healed":0,"gold_gain":0,"player_choice":"Copied","damage_taken":0,"max_hp_gain":0,"max_hp_loss":0,"event_name":"Duplicator","floor":20,"gold_loss":0,"cards_obtained":["Deadly Poison"]},{"damage_healed":0,"gold_gain":99,"player_choice":"Stole From Cult","damage_taken":0,"max_hp_gain":0,"max_hp_loss":0,"event_name":"Nest","floor":25,"gold_loss":0},{"damage_healed":0,"gold_gain":0,"player_choice":"Gave Potion","damage_taken":0,"relics_obtained":["Thread and Needle"],"max_hp_gain":0,"max_hp_loss":0,"event_name":"WeMeetAgain","floor":29,"gold_loss":0},{"damage_healed":0,"gold_gain":0,"player_choice":"Memory 1","damage_taken":0,"max_hp_gain":0,"max_hp_loss":0,"event_name":"SensoryStone","floor":37,"gold_loss":0},{"cards_removed":["Defend_G"],"damage_healed":0,"gold_gain":0,"player_choice":"Upgrade and Remove","damage_taken":0,"max_hp_gain":0,"max_hp_loss":0,"event_name":"Designer","floor":39,"gold_loss":90,"cards_upgraded":["Escape Plan"]},{"cards_removed":["Defend_G"],"damage_healed":0,"gold_gain":0,"player_choice":"Purged","damage_taken":0,"max_hp_gain":0,"max_hp_loss":0,"event_name":"Purifier","floor":45,"gold_loss":0},{"damage_healed":0,"gold_gain":0,"player_choice":"Fight","damage_taken":0,"max_hp_gain":0,"max_hp_loss":0,"event_name":"MindBloom","floor":48,"gold_loss":0}],"is_beta":false,"boss_relics":[{"not_picked":["WristBlade","Fusion Hammer"],"picked":"Runic Pyramid"},{"not_picked":["HoveringKite","Snecko Eye"],"picked":"Astrolabe"}],"items_purged_floors":[21,30],"is_endless":false,"potions_floor_spawned":[1,4,5,11,12,16,18,19,24,28,31,33,35,36,41,42,46,48],"ascension_level":8}}