{"host":"q3s8ewiy6v9taln3","time":1611629645,"event":{"mods":["BaseMod","Minty Spire (QoL Compilation)"],"gold_per_floor":[109,109,171,221,12,45,115,16,16,16,144,158,189,203,203,299,299,313,363,42,56,18,18,51,111,182,200,200,231,281,297,297,394,394,408,458,141,159,35,70,70,120,146,146,26,76,3,17,17,17,17,17,17,52,52,52],"floor_reached":55,"language":"ENG","playtime":2051,"items_purged":["Strike_R","Pain","Strike_R","Strike_R"],"score":848,"play_id":"1dbd0b77-baa2-45a6-a0f9-ff38826e17cd","local_time":"20210125215405","is_ascension_mode":true,"campfire_choices":[{"data":"Bash","floor":10,"key":"SMITH"},{"data":"Flex","floor":15,"key":"SMITH"},{"data":"Flex","floor":23,"key":"SMITH"},{"floor":28,"key":"RECALL"},{"data":"Limit Break","floor":32,"key":"SMITH"},{"data":"Inflame","floor":41,"key":"SMITH"},{"data":"Demon Form","floor":44,"key":"SMITH"},{"data":"Pommel Strike","floor":49,"key":"SMITH"},{"data":"Heavy Blade","floor":52,"key":"SMITH"}],"circlet_count":0,"master_deck":["Strike_R","Defend_R","Defend_R","Defend_R","Defend_R","Bash+1","Sword Boomerang","Cleave","Reaper","Flex+1","Pommel Strike+1","Shrug It Off","Heavy Blade+1","Immolate","Flex+1","Offering","Iron Wave+1","Limit Break+1","Feed+1","Heavy Blade+1","Inflame+1","Demon Form+1","Pommel Strike+1","Pummel+1","Heavy Blade+1"],"relics":["Burning Blood","SsserpentHead","Bronze Scales","Thread and Needle","The Courier","Mark of Pain","WarpedTongs","ClockworkSouvenir","Lantern","Red Skull","Molten Egg 2","Happy Flower","Sozu","Bottled Tornado","Pen Nib","Boot","Nunchaku"],"acts_visited":["Exordium","TheCity","TheBeyond","TheEnding"],"potions_floor_usage":[6,16,16,16,24,24,24,33,35,40],"damage_taken":[{"damage":5,"enemies":"Cultist","floor":1,"turns":4},{"damage":3,"enemies":"2 Louse","floor":3,"turns":3},{"damage":25,"enemies":"3 Sentries","floor":6,"turns":5},{"damage":0,"enemies":"Small Slimes","floor":7,"turns":3},{"damage":0,"enemies":"Exordium Wildlife","floor":12,"turns":4},{"damage":23,"enemies":"Lagavulin","floor":13,"turns":5},{"damage":25,"enemies":"Large Slime","floor":14,"turns":6},{"damage":52,"enemies":"Hexaghost","floor":16,"turns":7},{"damage":26,"enemies":"Shell Parasite","floor":18,"turns":4},{"damage":7,"enemies":"Spheric Guardian","floor":21,"turns":3},{"damage":3,"enemies":"Gremlin Leader","floor":24,"turns":5},{"damage":15,"enemies":"Snake Plant","floor":25,"turns":2},{"damage":6,"enemies":"Snecko","floor":27,"turns":2},{"damage":11,"enemies":"Book of Stabbing","floor":29,"turns":3},{"damage":2,"enemies":"Sentry and Sphere","floor":31,"turns":3},{"damage":22,"enemies":"Automaton","floor":33,"turns":6},{"damage":27,"enemies":"3 Shapes","floor":35,"turns":2},{"damage":33,"enemies":"3 Darklings","floor":38,"turns":2},{"damage":45,"enemies":"Reptomancer","floor":40,"turns":4},{"damage":22,"enemies":"Sphere and 2 Shapes","floor":48,"turns":3},{"damage":9,"enemies":"Donu and Deca","floor":50,"turns":4},{"damage":54,"enemies":"Shield and Spear","floor":54,"turns":3},{"damage":60,"enemies":"The Heart","floor":55,"turns":2}],"seed_played":"2328176451377751174","potions_obtained":[{"floor":3,"key":"BloodPotion"},{"floor":13,"key":"SkillPotion"},{"floor":14,"key":"DuplicationPotion"},{"floor":16,"key":"SpeedPotion"},{"floor":21,"key":"GamblersBrew"},{"floor":25,"key":"PowerPotion"},{"floor":31,"key":"Explosive Potion"},{"floor":33,"key":"Swift Potion"}],"is_trial":false,"path_per_floor":["M","?","M","?","$","E","M","$","T","R","?","M","E","M","R","B",null,"M","?","$","M","$","R","E","M","T","M","R","E","?","M","R","B",null,"M","?","$","M","$","E","R","?","T","R","$","?","$","M","R","B",null,"R","$","E","B"],"character_chosen":"IRONCLAD","items_purchased":["Bronze Scales","Explosive Potion","Flex","ClockworkSouvenir","Lantern","PowerPotion","Inflame","Bottled Tornado","Demon Form","Pommel Strike+1","Pummel+1"],"campfire_rested":0,"item_purchase_floors":[5,5,8,20,20,22,37,37,39,47,47],"current_hp_per_floor":[88,88,88,88,88,69,83,83,83,83,83,88,71,60,60,31,88,68,68,68,76,76,76,88,79,79,87,87,82,82,86,86,78,88,79,79,79,52,52,26,26,80,80,80,80,80,80,80,80,77,80,80,80,32,0,0],"gold":52,"neow_bonus":"TEN_PERCENT_HP_BONUS","is_daily":false,"chose_seed":false,"campfire_upgraded":8,"win_rate":0.0,"timestamp":1611629645,"path_taken":["M","?","?","?","$","E","?","$","T","R","?","M","E","M","R","BOSS","M","?","$","M","$","R","E","?","T","M","R","E","?","M","R","BOSS","M","?","?","M","$","E","R","?","T","R","$","?","$","M","R","BOSS","R","$","E","BOSS"],"items_purchased_type":["Relic","Potion","Card","Relic","Relic","Potion","Card","Relic","Card","Card","Card"],"build_version":"2020-12-22","purchased_purges":4,"victory":false,"max_hp_per_floor":[88,88,88,88,88,88,88,88,88,88,88,88,88,88,88,88,88,88,88,88,88,88,88,88,88,88,88,88,88,88,88,88,88,88,92,92,92,92,92,92,92,80,80,80,80,80,80,80,80,80,80,80,80,80,80,80],"card_choices":[{"not_picked":["Warcry","Armaments"],"picked":"Sword Boomerang","floor":1},{"not_picked":["Blood for Blood","Clothesline"],"picked":"Cleave","floor":3},{"not_picked":["Shockwave","Seeing Red"],"picked":"Reaper","floor":6},{"not_picked":["Entrench","Whirlwind","Sword Boomerang"],"picked":"SKIP","floor":7},{"not_picked":["Anger","Perfected Strike"],"picked":"Pommel Strike","floor":12},{"not_picked":["Corruption","Intimidate"],"picked":"Shrug It Off","floor":13},{"not_picked":["Body Slam","Shockwave"],"picked":"Heavy Blade","floor":14},{"not_picked":["Reaper","Brutality"],"picked":"Immolate","floor":16},{"not_picked":["Cleave+1","Dual Wield"],"picked":"Flex","floor":18},{"not_picked":["Second Wind","Carnage","Twin Strike"],"picked":"SKIP","floor":21},{"not_picked":["Headbutt+1","Body Slam+1"],"picked":"Offering","floor":24},{"not_picked":["Rampage+1","Searing Blow+1"],"picked":"Iron Wave+1","floor":25},{"not_picked":["Body Slam+1","Sword Boomerang+1","Clothesline+1"],"picked":"SKIP","floor":27},{"not_picked":["Feed+1","Havoc"],"picked":"Limit Break","floor":29},{"not_picked":["Spot Weakness","Seeing Red"],"picked":"Rupture","floor":31},{"not_picked":["Barricade","Juggernaut"],"picked":"Feed+1","floor":33},{"not_picked":["Clash+1","Flex+1"],"picked":"Heavy Blade+1","floor":35},{"not_picked":["Perfected Strike+1","Power Through+1","Body Slam+1"],"picked":"SKIP","floor":38},{"not_picked":["Dual Wield+1","Bloodletting","Sever Soul+1"],"picked":"SKIP","floor":40},{"not_picked":["Searing Blow+1","Clash+1"],"picked":"Heavy Blade+1","floor":48},{"not_picked":["Clash+1","Cleave+1","Second Wind"],"picked":"SKIP","floor":54}],"player_experience":127511,"relics_obtained":[{"floor":6,"key":"Thread and Needle"},{"floor":13,"key":"The Courier"},{"floor":24,"key":"Red Skull"},{"floor":26,"key":"Molten Egg 2"},{"floor":29,"key":"Happy Flower"},{"floor":40,"key":"Pen Nib"},{"floor":43,"key":"Boot"},{"floor":54,"key":"Nunchaku"}],"event_choices":[{"damage_healed":0,"gold_gain":0,"player_choice":"Trade","damage_taken":0,"relics_obtained":["SsserpentHead"],"max_hp_gain":0,"max_hp_loss":0,"event_name":"FaceTrader","floor":2,"gold_loss":0},{"damage_healed":0,"gold_gain":0,"player_choice":"0 cards matched","damage_taken":0,"max_hp_gain":0,"max_hp_loss":0,"event_name":"Match and Keep!","floor":4,"gold_loss":0,"cards_obtained":[]},{"damage_healed":0,"gold_gain":78,"player_choice":"Gained Gold","damage_taken":0,"max_hp_gain":0,"max_hp_loss":0,"event_name":"Golden Wing","floor":11,"gold_loss":0},{"damage_healed":0,"gold_gain":0,"player_choice":"Rummage","damage_taken":0,"relics_obtained":["WarpedTongs"],"max_hp_gain":0,"max_hp_loss":0,"event_name":"Accursed Blacksmith","floor":19,"gold_loss":0,"cards_obtained":["Pain"]},{"damage_healed":0,"gold_gain":0,"player_choice":"Ignored","damage_taken":0,"max_hp_gain":0,"max_hp_loss":0,"event_name":"Vampires","floor":30,"gold_loss":0},{"cards_removed":["Strike_R"],"damage_healed":0,"gold_gain":0,"player_choice":"Card Removal","damage_taken":0,"max_hp_gain":0,"max_hp_loss":0,"event_name":"Wheel of Change","floor":36,"gold_loss":0},{"damage_healed":80,"gold_gain":0,"player_choice":"Heal","damage_taken":0,"max_hp_gain":0,"max_hp_loss":12,"event_name":"The Moai Head","floor":42,"gold_loss":0},{"cards_removed":["Rupture"],"damage_healed":0,"gold_gain":0,"player_choice":"Removed Power","damage_taken":0,"max_hp_gain":0,"max_hp_loss":0,"event_name":"Falling","floor":46,"gold_loss":0}],"is_beta":false,"boss_relics":[{"not_picked":["Coffee Dripper","SacredBark"],"picked":"Mark of Pain"},{"not_picked":["Tiny House","Black Blood"],"picked":"Sozu"}],"items_purged_floors":[8,20,37,45],"is_endless":false,"potions_floor_spawned":[3,13,14,16,21,25,31,33,40],"killed_by":"The Heart","ascension_level":3}}