{"host":"6xsbn6ynqlzwllfm","time":1611695546,"event":{"mods":["2.2 Compatiblity","BaseMod","Bestiary","Colored Map","Colored Powertips","Curses Come First","Highlight Path","Keyboard Shortcuts","Minty Spire (QoL Compilation)","Relic Stats","Slay the Relics Exporter","StSLib","SuperFastMode"],"gold_per_floor":[111,131,145,145,145,178,178,206,231,264,264,297,317,342,342,342,342],"floor_reached":16,"language":"ENG","playtime":497,"items_purged":[],"score":240,"play_id":"d4d9cbe8-6439-495f-aca9-694808487f12","local_time":"20210126161226","is_ascension_mode":true,"campfire_choices":[{"floor":7,"key":"REST"},{"data":"Demon Form","floor":15,"key":"SMITH"}],"circlet_count":0,"master_deck":["AscendersBane","Strike_R+1","Strike_R","Strike_R","Strike_R","Strike_R","Defend_R","Defend_R","Defend_R","Defend_R","Bash","True Grit","Wild Strike","Cleave+1","Shockwave","Sword Boomerang","True Grit","Headbutt","Shrug It Off","Demon Form+1"],"relics":["Burning Blood","Vajra","Tiny Chest","Akabeko","CaptainsWheel","Golden Idol","Odd Mushroom"],"acts_visited":["Exordium"],"potions_floor_usage":[16,16],"damage_taken":[{"damage":5,"enemies":"Small Slimes","floor":1,"turns":4},{"damage":3,"enemies":"2 Louse","floor":2,"turns":4},{"damage":7,"enemies":"Jaw Worm","floor":3,"turns":5},{"damage":31,"enemies":"Gremlin Nob","floor":6,"turns":4},{"damage":23,"enemies":"3 Sentries","floor":8,"turns":6},{"damage":1,"enemies":"Gremlin Nob","floor":10,"turns":3},{"damage":0,"enemies":"The Mushroom Lair","floor":12,"turns":1},{"damage":0,"enemies":"Gremlin Gang","floor":13,"turns":1},{"damage":0,"enemies":"2 Fungi Beasts","floor":14,"turns":2},{"damage":52,"enemies":"Hexaghost","floor":16,"turns":9}],"seed_played":"-5381371346834569669","potions_obtained":[{"floor":8,"key":"Fire Potion"},{"floor":12,"key":"Weak Potion"},{"floor":14,"key":"AttackPotion"}],"is_trial":false,"path_per_floor":["M","M","M","?","?","E","R","E","T","E","?","?","M","M","R","B"],"character_chosen":"IRONCLAD","items_purchased":[],"campfire_rested":1,"item_purchase_floors":[],"current_hp_per_floor":[65,68,67,40,40,15,41,24,24,29,29,35,41,47,47,0,0],"gold":342,"neow_bonus":"TWENTY_PERCENT_HP_BONUS","is_daily":false,"chose_seed":false,"campfire_upgraded":1,"win_rate":0.0,"timestamp":1611695546,"path_taken":["M","M","M","?","?","E","R","E","T","E","?","?","M","M","R","BOSS"],"items_purchased_type":[],"build_version":"2020-12-22","purchased_purges":0,"victory":false,"max_hp_per_floor":[89,89,89,89,89,89,89,89,89,89,81,81,81,81,81,81,81],"relic_stats":{"counters":[10,39],"Golden Idol":16,"Tiny Chest":0,"obtain_stats":[{"CaptainsWheel":10,"Golden Idol":11,"Vajra":6,"Tiny Chest":8,"Odd Mushroom":12,"Burning Blood":0,"Akabeko":9},{"CaptainsWheel":6,"Golden Idol":6,"Vajra":4,"Tiny Chest":5,"Odd Mushroom":7,"Burning Blood":0,"Akabeko":5},{"CaptainsWheel":26,"Golden Idol":26,"Vajra":17,"Tiny Chest":23,"Odd Mushroom":27,"Burning Blood":0,"Akabeko":23}],"Burning Blood":54},"card_choices":[{"not_picked":["Armaments","Heavy Blade"],"picked":"True Grit","floor":1},{"not_picked":["Heavy Blade","Pommel Strike"],"picked":"Wild Strike","floor":2},{"not_picked":["Clash","Clothesline"],"picked":"Cleave","floor":3},{"not_picked":["Seeing Red","Rampage"],"picked":"Shockwave","floor":6},{"not_picked":["Flame Barrier","Twin Strike"],"picked":"Sword Boomerang","floor":8},{"not_picked":["Headbutt","Metallicize"],"picked":"True Grit","floor":10},{"not_picked":["Warcry","Body Slam"],"picked":"Headbutt","floor":12},{"not_picked":["Bloodletting","Thunderclap"],"picked":"Shrug It Off","floor":13},{"not_picked":["Headbutt","Body Slam"],"picked":"Demon Form","floor":14}],"player_experience":1141983,"relics_obtained":[{"floor":6,"key":"Vajra"},{"floor":8,"key":"Tiny Chest"},{"floor":9,"key":"Akabeko"},{"floor":10,"key":"CaptainsWheel"},{"floor":12,"key":"Odd Mushroom"}],"event_choices":[{"damage_healed":0,"gold_gain":0,"player_choice":"Entered Light","damage_taken":27,"max_hp_gain":0,"max_hp_loss":0,"event_name":"Shining Light","floor":4,"gold_loss":0,"cards_upgraded":["Strike_R","Cleave"]},{"damage_healed":0,"gold_gain":0,"player_choice":"Ignored","damage_taken":0,"max_hp_gain":0,"max_hp_loss":0,"event_name":"Liars Game","floor":5,"gold_loss":0},{"damage_healed":0,"gold_gain":0,"player_choice":"Lose Max HP","damage_taken":0,"relics_obtained":["Golden Idol"],"max_hp_gain":0,"max_hp_loss":8,"event_name":"Golden Idol","floor":11,"gold_loss":0},{"damage_healed":0,"gold_gain":0,"player_choice":"Fought Mushrooms","damage_taken":0,"max_hp_gain":0,"max_hp_loss":0,"event_name":"Mushrooms","floor":12,"gold_loss":0}],"is_beta":false,"boss_relics":[],"items_purged_floors":[],"is_endless":false,"potions_floor_spawned":[8,12,14],"killed_by":"Hexaghost","ascension_level":20}}