{"host":"g4jqqbmo30rq7cal","time":1611656617,"event":{"mods":["AchievementEnabler","Act Like it!","BaseMod","Better Altar","Better Match","Better Note","Better Sensory Stone","Better Skull","Better Third Choice","Better Vampires","BetterRewards","Conspire","DeckTracker","Downfall","Luminous","Minty Spire (QoL Compilation)","Rare Cards Sparkle","Shade Mod","Shop Mod","StSLib","The Bug Knight","The Cursed","The Marked","The Mystic","Thieving Mod","[IsaacMod]????"],"gold_per_floor":[99,199,219,275,32,44,44,55,355,372,64,96,43,43,57,57,57],"floor_reached":16,"language":"RUS","playtime":895,"items_purged":[],"score":100,"play_id":"5c19d606-6539-4185-af6e-1260021d3808","local_time":"20210126152337","is_ascension_mode":false,"campfire_choices":[{"floor":1,"key":"RECALL"}],"circlet_count":0,"master_deck":["theMarked:Strike","theMarked:Strike","theMarked:Strike","theMarked:Strike","theMarked:Strike","theMarked:Defend","theMarked:Defend","theMarked:Defend","theMarked:Defend","theMarked:SoldierOfQuellstein","theMarked:ParalyzingBlade","theMarked:Opportunist","theMarked:WardOff","theMarked:CreepingChasm","theMarked:GodGivenPower","theMarked:WardOff","theMarked:MagusForm","theMarked:Panic","theMarked:ChannelForce","theMarked:Improvise","theMarked:ComboAttacks","theMarked:GodGivenPower","theMarked:EmpowerWeapon"],"relics":["theMarked:ArtifactOfAir","HushsDoor","DoctorsRemote","conspire:TreasureMap","White Beast Statue","SteamSale","MerchantsRug","Dead Branch","Bag of Marbles"],"acts_visited":["Exordium"],"potions_floor_usage":[12,16,16],"damage_taken":[{"damage":1,"enemies":"Jaw Worm","floor":3,"turns":4},{"damage":5,"enemies":"Lagavulin Event","floor":4,"turns":3},{"damage":0,"enemies":"downfall:FleeingMerchant","floor":5,"turns":4},{"damage":0,"enemies":"Small Slimes","floor":6,"turns":3},{"damage":0,"enemies":"2 Louse","floor":8,"turns":2},{"damage":11,"enemies":"2 Fungi Beasts","floor":10,"turns":3},{"damage":3,"enemies":"downfall:FleeingMerchant","floor":11,"turns":4},{"damage":19,"enemies":"3 Sentries","floor":12,"turns":5},{"damage":4,"enemies":"downfall:FleeingMerchant","floor":13,"turns":4},{"damage":4,"enemies":"Large Slime","floor":15,"turns":5},{"damage":30,"enemies":"SI_SHIV_ARCHETYPE","floor":16,"turns":3}],"seed_played":"-7925726263103016795","potions_obtained":[{"floor":8,"key":"PowerPotion"},{"floor":10,"key":"PowerPotion"},{"floor":11,"key":"DuplicationPotion"},{"floor":12,"key":"Fire Potion"}],"is_trial":false,"path_per_floor":["R","?","M","?","$","M","T","M","?","M","$","E","$","?","M","B"],"character_chosen":"THE_DEFAULT","items_purchased":["conspire:TreasureMap","theMarked:CreepingChasm","SteamSale","MerchantsRug","Dead Branch","theMarked:ComboAttacks"],"campfire_rested":0,"item_purchase_floors":[5,5,11,11,11,13],"current_hp_per_floor":[77,77,76,71,71,71,71,71,71,60,57,38,34,34,30,0,0],"gold":57,"neow_bonus":"TEN_PERCENT_HP_BONUS","is_daily":false,"chose_seed":false,"campfire_upgraded":0,"win_rate":0.0,"timestamp":1611656617,"path_taken":["R","?","M","?","$","M","T","M","?","M","?","E","$","?","M","BOSS"],"items_purchased_type":["Relic","Card","Relic","Relic","Relic","Card"],"build_version":"2020-12-22","purchased_purges":0,"victory":false,"max_hp_per_floor":[77,77,77,77,77,77,77,77,77,77,77,77,77,77,77,77,77],"card_choices":[{"not_picked":[],"picked":"Bomb","floor":0},{"not_picked":["theMarked:Generate","theMarked:WastefulAttack"],"picked":"theMarked:ParalyzingBlade","floor":3},{"not_picked":["theMarked:ChainLightning","theMarked:Convert"],"picked":"theMarked:Opportunist","floor":4},{"not_picked":["theMarked:ChainLightning","theMarked:Heritage"],"picked":"theMarked:WardOff","floor":5},{"not_picked":["theMarked:RepellingDischarge","theMarked:Frustration"],"picked":"theMarked:GodGivenPower","floor":6},{"not_picked":["theMarked:TakeCover","theMarked:KeepCalmAndFight"],"picked":"theMarked:WardOff","floor":8},{"not_picked":["theMarked:WardOff","theMarked:ElectricStrings"],"picked":"theMarked:MagusForm","floor":10},{"not_picked":["theMarked:Indomitable","theMarked:HeightenedSenses"],"picked":"theMarked:Panic","floor":11},{"not_picked":["theMarked:RogueSparks","theMarked:Memento"],"picked":"theMarked:ChannelForce","floor":12},{"not_picked":["theMarked:BanishingStrike","theMarked:SwordAndMagic"],"picked":"theMarked:Improvise","floor":13},{"not_picked":["theMarked:Frustration","theMarked:ResourceFulStrike"],"picked":"theMarked:EmpowerWeapon","floor":15}],"player_experience":311969,"relics_obtained":[{"floor":4,"key":"Pocketwatch"},{"floor":7,"key":"White Beast Statue"},{"floor":12,"key":"Bag of Marbles"}],"event_choices":[],"is_beta":false,"boss_relics":[],"items_purged_floors":[],"is_endless":false,"potions_floor_spawned":[8,10,11,12,13,15],"killed_by":"SI_SHIV_ARCHETYPE","ascension_level":0}}