{"host":"zke3fwiit0h580fo","time":1611679131,"event":{"mods":["AchievementEnabler","BaseMod","Colored Map","Colored Powertips","Hubris","Minty Spire (QoL Compilation)","Quick Restart","Relic Stats","Replay The Spire","StSLib","SuperFastMode"],"gold_per_floor":[110,110,90,102,52,84,84,110,110,123,29,46,63,63,63,161,161,175,450,463,482,407,459,459,459,537,537,553,553,35,97,97,97,97],"floor_reached":33,"language":"ENG","playtime":798,"items_purged":["Defend_R"],"score":329,"play_id":"0fcaa78d-272d-47e3-972e-94ad9e1dc0ec","local_time":"20210126173851","is_ascension_mode":true,"campfire_choices":[{"data":"Armaments","floor":7,"key":"SMITH"},{"floor":15,"key":"REST"},{"floor":24,"key":"REST"},{"data":"Limit Break","floor":32,"key":"SMITH"}],"circlet_count":0,"master_deck":["Strike_R","Strike_R","Strike_R","Strike_R","Defend_R","Defend_R","Defend_R","Bash","Replay:Undeath\u0027s Touch","Searing Blow","Armaments+1","Hemogenesis","Flex","Bandage Up","True Grit+1","Whirlwind","Limit Break+1","Heavy Blade+1","Warcry","Blood for Blood","Twin Strike","Heavy Blade"],"relics":["Mark of Pain","Ring of Fury","Ring of Hypnosis","Darkstone Periapt","Replay:Baseball","hubris:ToyBattleship","Replay:Ancient Bell","hubris:ChampionShield","hubris:PeanutButter","ReplayFunnel","Strawberry","White Beast Statue","hubris:BottledHeart","TungstenRod","Pet Ghost"],"acts_visited":["Exordium","TheCity"],"potions_floor_usage":[6,16,18,21,33,33,33],"damage_taken":[{"damage":5,"enemies":"Small Slimes","floor":1,"turns":3},{"damage":8,"enemies":"2 Louse","floor":4,"turns":3},{"damage":7,"enemies":"Gremlin Nob","floor":6,"turns":3},{"damage":34,"enemies":"3 Sentries","floor":8,"turns":7},{"damage":0,"enemies":"Cultist","floor":10,"turns":3},{"damage":16,"enemies":"3 Louse","floor":12,"turns":4},{"damage":10,"enemies":"Exordium Thugs","floor":13,"turns":3},{"damage":13,"enemies":"Hexaghost","floor":16,"turns":7},{"damage":31,"enemies":"3 Byrds","floor":18,"turns":5},{"damage":15,"enemies":"Chosen","floor":20,"turns":4},{"damage":30,"enemies":"Centurion and Healer","floor":21,"turns":4},{"damage":1,"enemies":"Snake Plant","floor":28,"turns":4},{"damage":5,"enemies":"Automaton","floor":33,"turns":4}],"seed_played":"4294099302307643023","potions_obtained":[{"floor":3,"key":"LiquidMemories"},{"floor":8,"key":"AttackPotion"},{"floor":10,"key":"SteroidPotion"},{"floor":12,"key":"Fire Potion"},{"floor":20,"key":"AttackPotion"},{"floor":28,"key":"BlessingOfTheForge"},{"floor":31,"key":"Dexterity Potion"},{"floor":31,"key":"SteroidPotion"},{"floor":31,"key":"Elixir"}],"is_trial":false,"path_per_floor":["M","?","?","M","?","E","R","E","T","M","$","M","M","?","R","B",null,"M","?","M","M","?","T","R","?","T","?","M","?","$","?","R","B"],"character_chosen":"IRONCLAD","items_purchased":["Bandage Up","TungstenRod","Pet Ghost"],"campfire_rested":2,"item_purchase_floors":[11,30,30],"current_hp_per_floor":[75,75,75,67,67,60,60,26,26,33,33,26,20,20,44,35,80,55,61,55,29,29,29,54,61,61,61,69,1,1,1,1,0,0],"gold":97,"neow_bonus":"BOSS_RELIC","is_daily":false,"chose_seed":false,"campfire_upgraded":2,"win_rate":0.0,"timestamp":1611679131,"path_taken":["M","?","?","?","?","E","R","E","T","M","?","M","?","?","R","BOSS","M","?","?","M","?","?","R","?","T","?","?","?","$","?","R","BOSS"],"items_purchased_type":["Card","Relic","Relic"],"build_version":"2020-12-22","purchased_purges":1,"victory":false,"max_hp_per_floor":[80,80,80,80,80,80,80,80,80,80,80,80,80,80,80,80,80,80,86,86,86,86,86,86,93,93,93,93,1,1,1,1,1,1],"relic_stats":{"Darkstone Periapt":6,"counters":[13,54],"obtain_stats":[{"Darkstone Periapt":6,"ReplayFunnel":23,"Ring of Hypnosis":2,"Replay:Ancient Bell":17,"Burning Blood":0,"White Beast Statue":26,"Pet Ghost":30,"Replay:Baseball":8,"hubris:BottledHeart":29,"Strawberry":25,"Ring of Fury":2,"hubris:PeanutButter":17,"Mark of Pain":0,"hubris:ToyBattleship":9,"hubris:ChampionShield":17,"TungstenRod":30},{"Darkstone Periapt":3,"ReplayFunnel":11,"Ring of Hypnosis":1,"Replay:Ancient Bell":8,"Burning Blood":0,"White Beast Statue":11,"Pet Ghost":12,"Replay:Baseball":4,"hubris:BottledHeart":12,"Strawberry":11,"Ring of Fury":1,"hubris:PeanutButter":8,"Mark of Pain":0,"hubris:ToyBattleship":4,"hubris:ChampionShield":8,"TungstenRod":12},{"Darkstone Periapt":9,"ReplayFunnel":46,"Ring of Hypnosis":3,"Replay:Ancient Bell":33,"Burning Blood":0,"White Beast Statue":46,"Pet Ghost":50,"Replay:Baseball":16,"hubris:BottledHeart":50,"Strawberry":46,"Ring of Fury":3,"hubris:PeanutButter":33,"Mark of Pain":0,"hubris:ToyBattleship":16,"hubris:ChampionShield":33,"TungstenRod":50}],"TungstenRod":1},"card_choices":[{"not_picked":["Havoc","Hemokinesis"],"picked":"Replay:Undeath\u0027s Touch","floor":1},{"not_picked":["Disarm","Havoc"],"picked":"Searing Blow","floor":4},{"not_picked":["Pummel","Burning Pact"],"picked":"Armaments","floor":6},{"not_picked":["Perfected Strike","Fire Breathing"],"picked":"Hemogenesis","floor":8},{"not_picked":["Metallicize","Intimidate"],"picked":"Flex","floor":10},{"not_picked":["Wild Strike","Pommel Strike"],"picked":"True Grit","floor":12},{"not_picked":["Barricade","Flex"],"picked":"Whirlwind","floor":13},{"not_picked":["Reaper","Demon Form"],"picked":"Limit Break","floor":16},{"not_picked":["Run Through","Pommel Strike"],"picked":"Heavy Blade+1","floor":18},{"not_picked":["Sever Soul","Wild Strike"],"picked":"Warcry","floor":20},{"not_picked":["Pommel Strike","True Grit"],"picked":"Blood for Blood","floor":21},{"not_picked":["Anger","Shrug It Off"],"picked":"Twin Strike","floor":28},{"not_picked":["Reaper","Run Through"],"picked":"Heavy Blade","floor":31}],"player_experience":56715,"relics_obtained":[{"floor":2,"key":"Ring of Fury"},{"floor":2,"key":"Ring of Hypnosis"},{"floor":6,"key":"Darkstone Periapt"},{"floor":8,"key":"Replay:Baseball"},{"floor":9,"key":"hubris:ToyBattleship"},{"floor":23,"key":"ReplayFunnel"},{"floor":26,"key":"White Beast Statue"}],"event_choices":[{"damage_healed":0,"gold_gain":0,"player_choice":"Bought 1 Potion","damage_taken":0,"max_hp_gain":0,"max_hp_loss":0,"event_name":"The Woman in Blue","floor":3,"gold_loss":0},{"cards_removed":["Looming Evil"],"damage_healed":0,"gold_gain":0,"player_choice":"Card Removal","damage_taken":0,"max_hp_gain":0,"max_hp_loss":0,"event_name":"The Cleric","floor":5,"gold_loss":50},{"damage_healed":0,"gold_gain":275,"player_choice":"Desecrate","damage_taken":0,"max_hp_gain":0,"max_hp_loss":0,"event_name":"Golden Shrine","floor":19,"gold_loss":0,"cards_obtained":["Regret"]},{"cards_removed":["Regret"],"damage_healed":0,"gold_gain":0,"player_choice":"Gave Gold","damage_taken":0,"max_hp_gain":0,"max_hp_loss":0,"event_name":"Beggar","floor":22,"gold_loss":75},{"damage_healed":0,"gold_gain":0,"player_choice":"Opened","damage_taken":0,"relics_obtained":["Strawberry"],"max_hp_gain":0,"max_hp_loss":0,"event_name":"The Mausoleum","floor":25,"gold_loss":0},{"cards_removed":["Strike_R"],"damage_healed":0,"gold_gain":0,"player_choice":"Purged","damage_taken":0,"max_hp_gain":0,"max_hp_loss":0,"event_name":"Purifier","floor":27,"gold_loss":0}],"is_beta":false,"boss_relics":[{"not_picked":["Pandora\u0027s Box","Cursed Key"],"picked":"Replay:Ancient Bell"},{"not_picked":["Art of War","Blue Doll"],"picked":"hubris:ChampionShield"},{"not_picked":["Toxic Egg 2","Mercury Hourglass"],"picked":"hubris:PeanutButter"}],"items_purged_floors":[30],"is_endless":false,"potions_floor_spawned":[8,10,12,20,28],"killed_by":"Automaton","ascension_level":4}}