{"host":"4cz9gr89nglr7k8k","time":1611689748,"event":{"mods":["BaseMod","Minty Spire (QoL Compilation)","Relic Stats","Slay-I"],"gold_per_floor":[109,55,55,130,130,130,142,142,142],"floor_reached":8,"language":"DEU","playtime":146,"items_purged":[],"score":88,"play_id":"92386f64-908e-48f6-9ce4-32016a6f41c1","local_time":"20210126203548","is_ascension_mode":true,"campfire_choices":[{"data":"Clash","floor":6,"key":"SMITH"}],"circlet_count":0,"master_deck":["AscendersBane","Strike_R","Strike_R","Strike_R","Strike_R","Strike_R","Defend_R","Defend_R","Defend_R","Defend_R","Bash","Exhume","Cleave+1","Clash+1","Rampage"],"relics":["Burning Blood"],"acts_visited":["Exordium"],"potions_floor_usage":[],"damage_taken":[{"damage":14,"enemies":"Jaw Worm","floor":1,"turns":4},{"damage":4,"enemies":"Small Slimes","floor":7,"turns":3},{"damage":62,"enemies":"Lagavulin","floor":8,"turns":6}],"seed_played":"-6457111655270049823","potions_obtained":[],"is_trial":false,"path_per_floor":["M","$","?","?","?","R","M","E"],"character_chosen":"IRONCLAD","items_purchased":["Clash"],"campfire_rested":0,"item_purchase_floors":[2],"current_hp_per_floor":[60,60,65,54,54,54,56,0,0],"gold":142,"neow_bonus":"ONE_RANDOM_RARE_CARD","is_daily":false,"chose_seed":false,"campfire_upgraded":1,"win_rate":0.0,"timestamp":1611689748,"path_taken":["M","$","?","?","?","R","?","E"],"items_purchased_type":["Card"],"build_version":"2020-12-22","purchased_purges":0,"victory":false,"max_hp_per_floor":[75,75,80,80,80,80,80,80,80],"relic_stats":{"counters":[3,13],"obtain_stats":[{"Burning Blood":0},{"Burning Blood":0},{"Burning Blood":0}],"Burning Blood":12},"card_choices":[{"not_picked":["Shrug It Off","Rage"],"picked":"Cleave","floor":1},{"not_picked":["Evolve","Ghostly Armor"],"picked":"Rampage","floor":7}],"player_experience":1525122,"relics_obtained":[],"event_choices":[{"damage_healed":0,"gold_gain":0,"player_choice":"Donut","damage_taken":0,"max_hp_gain":5,"max_hp_loss":0,"event_name":"Big Fish","floor":3,"gold_loss":0},{"damage_healed":0,"gold_gain":75,"player_choice":"Gather Gold","damage_taken":11,"max_hp_gain":0,"max_hp_loss":0,"event_name":"World of Goop","floor":4,"gold_loss":0},{"damage_healed":0,"gold_gain":0,"player_choice":"Grow","damage_taken":0,"max_hp_gain":0,"max_hp_loss":0,"event_name":"Living Wall","floor":5,"gold_loss":0,"cards_upgraded":["Cleave"]}],"is_beta":false,"boss_relics":[],"items_purged_floors":[],"is_endless":false,"potions_floor_spawned":[],"killed_by":"Lagavulin","ascension_level":20}}