{"host":"86exz9sc3zcspcml","time":1611700966,"event":{"mods":["AchievementEnabler","BaseMod","Better Third Choice","Colored Map","Colored Powertips","Gold Saver","Minty Spire (QoL Compilation)","Quick Restart","Rare Cards Sparkle","Spire Birthday Party","StSLib"],"gold_per_floor":[307,307,307,257,6,35,35,49,100,100,100,113,127,156,156,257,257,267,267,17,17,27,27,27],"floor_reached":23,"language":"ENG","playtime":993,"items_purged":[],"score":197,"play_id":"6b02d732-3294-4e2c-b460-1961ba1bc5d2","local_time":"20210126164246","is_ascension_mode":false,"campfire_choices":[{"floor":7,"key":"REST"},{"floor":10,"key":"RECALL"},{"floor":15,"key":"REST"}],"circlet_count":0,"master_deck":["Strike_P","Strike_P","Strike_P","Strike_P","Defend_P+1","Defend_P","Defend_P+1","Defend_P","Eruption","Vigilance","CrushJoints","JustLucky","DeusExMachina","EmptyBody","FlyingSleeves","CrushJoints","FollowUp","DeusExMachina","Prostrate","Finesse","FollowUp+1"],"relics":["PureWater","Shuriken","War Paint","Boot","Velvet Choker","MutagenicStrength","Damaru"],"acts_visited":["Exordium","TheCity"],"potions_floor_usage":[14,16],"damage_taken":[{"damage":9,"enemies":"2 Louse","floor":1,"turns":3},{"damage":24,"enemies":"3 Sentries","floor":6,"turns":9},{"damage":0,"enemies":"Small Slimes","floor":8,"turns":2},{"damage":3,"enemies":"Jaw Worm","floor":12,"turns":3},{"damage":10,"enemies":"Exordium Wildlife","floor":13,"turns":4},{"damage":13,"enemies":"Lagavulin","floor":14,"turns":4},{"damage":33,"enemies":"Slime Boss","floor":16,"turns":11},{"damage":23,"enemies":"Shell Parasite","floor":18,"turns":4},{"damage":19,"enemies":"Chosen","floor":22,"turns":5},{"damage":34,"enemies":"Gremlin Leader","floor":23,"turns":1}],"seed_played":"-7345766736365727278","potions_obtained":[{"floor":6,"key":"AttackPotion"},{"floor":14,"key":"Weak Potion"},{"floor":22,"key":"Dexterity Potion"}],"is_trial":false,"path_per_floor":["M","?","?","?","$","E","R","M","T","R","?","M","M","E","R","B",null,"M","?","$","?","M","E"],"character_chosen":"WATCHER","items_purchased":["Shuriken","Damaru","Finesse"],"campfire_rested":2,"item_purchase_floors":[5,20,20],"current_hp_per_floor":[63,63,63,63,63,39,60,60,60,60,60,57,47,34,55,22,72,49,49,49,49,30,0,0],"gold":27,"neow_bonus":"THREE_CARDS","is_daily":false,"chose_seed":false,"campfire_upgraded":0,"win_rate":0.0,"timestamp":1611700966,"path_taken":["M","?","?","?","?","E","R","?","T","R","?","M","?","E","R","BOSS","M","?","$","?","M","E"],"items_purchased_type":["Relic","Relic","Card"],"build_version":"2020-12-22","purchased_purges":0,"victory":false,"max_hp_per_floor":[72,72,72,72,72,72,72,72,72,72,72,72,72,72,72,72,72,72,72,72,72,72,72,72],"card_choices":[{"not_picked":["Halt","BowlingBash"],"picked":"CrushJoints","floor":0},{"not_picked":["Evaluate","FearNoEvil"],"picked":"JustLucky","floor":1},{"not_picked":["SashWhip","CutThroughFate"],"picked":"DeusExMachina","floor":6},{"not_picked":["Weave","Evaluate"],"picked":"EmptyBody","floor":8},{"not_picked":["DeusExMachina","Tantrum"],"picked":"FlyingSleeves","floor":12},{"not_picked":["Halt","JustLucky"],"picked":"CrushJoints","floor":13},{"not_picked":["FlurryOfBlows","Sanctity"],"picked":"FollowUp","floor":14},{"not_picked":["Omniscience","Scrawl"],"picked":"DeusExMachina","floor":16},{"not_picked":["EmptyBody","Meditate"],"picked":"Prostrate","floor":18},{"not_picked":["Worship","Fasting2"],"picked":"FollowUp+1","floor":22}],"player_experience":96959,"relics_obtained":[{"floor":6,"key":"War Paint"},{"floor":14,"key":"Boot"}],"event_choices":[{"damage_healed":0,"gold_gain":0,"player_choice":"Ignored","damage_taken":307,"max_hp_gain":0,"max_hp_loss":0,"event_name":"betterThird:BetterSerpent","floor":2,"gold_loss":0},{"damage_healed":63,"gold_gain":0,"player_choice":"Embrace Burn","damage_taken":0,"max_hp_gain":0,"max_hp_loss":72,"event_name":"betterThird:BetterShining","floor":3,"gold_loss":0},{"cards_removed":["Burn"],"damage_healed":0,"gold_gain":0,"player_choice":"Card Removal","damage_taken":0,"max_hp_gain":0,"max_hp_loss":0,"event_name":"The Cleric","floor":4,"gold_loss":50},{"damage_healed":0,"gold_gain":0,"player_choice":"Ignored","damage_taken":0,"max_hp_gain":0,"max_hp_loss":0,"event_name":"NoteForYourself","floor":11,"gold_loss":0},{"damage_healed":0,"gold_gain":0,"player_choice":"Inject Mutagens","damage_taken":0,"relics_obtained":["MutagenicStrength"],"max_hp_gain":0,"max_hp_loss":0,"event_name":"Drug Dealer","floor":19,"gold_loss":0}],"is_beta":false,"boss_relics":[{"not_picked":["Coffee Dripper","Astrolabe"],"picked":"Velvet Choker"}],"items_purged_floors":[],"is_endless":false,"potions_floor_spawned":[6,8,13,14,22],"killed_by":"Gremlin Leader","ascension_level":0}}