{"host":"gbbz8f5svnnpwo8d","time":1611625962,"event":{"mods":["AchievementEnabler","AlwaysNeverKeys","BaseMod","Bestiary","Better Altar","Better Match","Better Note","Better Sensory Stone","Better Silent Start","Better Skull","Better Third Choice","Better Vampires","Better-Laid Plans","BetterRewards","Block Reminder","Colored Map","Colored Powertips","Curses Come First","Dark Map","Displayed Cursed Tome","GifTheSpireLib","Minty Spire (QoL Compilation)","MonsterHotkey","Permanent Neow","Potion Indicator Mod","Quick Restart","Random Character Button","Rare Cards Sparkle","Relic Stats","Shop Mod","Spicy Shops","Spire Birthday Party","StSLib","Transform Curses"],"gold_per_floor":[114,189,208,223,239,239,259,259,259,272,272,41,61,79,79,174,174,194,194,210,226,243,243,243,243,243,268,279,28,28,46,46,46,46],"floor_reached":33,"language":"ENG","playtime":713,"items_purged":["Strike_R","Strike_R"],"score":288,"play_id":"c755bddc-fa15-4a49-a76a-c01cd76833ba","local_time":"20210125185242","is_ascension_mode":false,"campfire_choices":[{"data":"Inflame","floor":6.0,"key":"SMITH"},{"floor":8.0,"key":"REST"},{"data":"Bash","floor":15.0,"key":"SMITH"},{"data":"Berserk","floor":23.0,"key":"SMITH"},{"data":"Shrug It Off","floor":25.0,"key":"SMITH"},{"data":"Purity","floor":30.0,"key":"SMITH"},{"data":"Battle Trance","floor":32.0,"key":"SMITH"}],"circlet_count":0,"master_deck":["Strike_R","Strike_R","Strike_R","Defend_R","Defend_R","Defend_R","Defend_R","Bash+1","Anger","Parasite","Headbutt","Inflame+1","Whirlwind+1","Berserk+1","Power Through+1","Shrug It Off+1","Battle Trance+1","Flex","Purity+1"],"relics":["Burning Blood","Chemical X","Akabeko","Bag of Marbles","Incense Burner","MerchantsRug","Gambling Chip","FossilizedHelix","Happy Flower","Mark of Pain","Ginger","Frozen Egg 2","WingedGreaves","Membership Card","Vajra"],"acts_visited":["Exordium","TheCity"],"potions_floor_usage":[33,33,33],"damage_taken":[{"damage":0.0,"enemies":"Small Slimes","floor":1.0,"turns":1.0},{"damage":1.0,"enemies":"Jaw Worm","floor":3.0,"turns":2.0},{"damage":0.0,"enemies":"2 Louse","floor":4.0,"turns":1.0},{"damage":5.0,"enemies":"Lots of Slimes","floor":5.0,"turns":4.0},{"damage":8.0,"enemies":"2 Fungi Beasts","floor":7.0,"turns":3.0},{"damage":0.0,"enemies":"Exordium Thugs","floor":10.0,"turns":1.0},{"damage":0.0,"enemies":"3 Louse","floor":13.0,"turns":2.0},{"damage":0.0,"enemies":"Large Slime","floor":14.0,"turns":1.0},{"damage":27.0,"enemies":"Hexaghost","floor":16.0,"turns":5.0},{"damage":0.0,"enemies":"Shell Parasite","floor":18.0,"turns":1.0},{"damage":0.0,"enemies":"Spheric Guardian","floor":20.0,"turns":2.0},{"damage":11.0,"enemies":"Cultist and Chosen","floor":21.0,"turns":5.0},{"damage":0.0,"enemies":"Centurion and Healer","floor":22.0,"turns":1.0},{"damage":0.0,"enemies":"Slavers","floor":27.0,"turns":1.0},{"damage":0.0,"enemies":"Chosen and Byrds","floor":28.0,"turns":2.0},{"damage":0.0,"enemies":"Snake Plant","floor":31.0,"turns":2.0},{"damage":96,"enemies":"Champ","floor":33,"turns":7}],"seed_played":"9079674724011459337","potions_obtained":[{"floor":3.0,"key":"Dexterity Potion"},{"floor":10.0,"key":"Weak Potion"},{"floor":16.0,"key":"LiquidMemories"},{"floor":21.0,"key":"Regen Potion"},{"floor":22.0,"key":"Fruit Juice"},{"floor":27.0,"key":"ColorlessPotion"}],"is_trial":false,"path_per_floor":["M","?","M","M","M","R","M","R","T","M","?","$","M","M","R","B",null,"M","?","M","M","M","R","?","R","T","E","M","$","R","M","R","B"],"character_chosen":"IRONCLAD","items_purchased":["Chemical X","Akabeko","Bag of Marbles","MerchantsRug","Anger","Happy Flower","Membership Card","Vajra","Purity"],"campfire_rested":1,"item_purchase_floors":[0,0,0,0,0,12,29,29,29],"current_hp_per_floor":[38,27,32,38,39,39,37,61,61,67,67,67,73,79,79,58,80,80,80,80,75,80,80,80,80,80,80,80,80,80,80,80,0,0],"gold":46,"neow_bonus":"","is_daily":false,"chose_seed":false,"campfire_upgraded":6,"win_rate":0.0,"timestamp":1611625962,"path_taken":["M","?","M","M","M","R","M","R","T","M","?","?","?","M","R","BOSS","M","?","?","M","?","R","?","R","T","E","M","?","R","M","R","BOSS"],"items_purchased_type":["Relic","Relic","Relic","Relic","Card","Relic","Relic","Relic","Card"],"build_version":"2020-12-22","purchased_purges":2,"victory":false,"max_hp_per_floor":[80,80,80,80,80,80,80,80,80,80,80,80,80,80,80,80,80,80,80,80,80,80,80,80,80,80,80,80,80,80,80,80,85,85],"relic_stats":{"Happy Flower":[9],"counters":[198,842],"Gambling Chip":[56],"Chemical X":[96],"Ginger":[2],"obtain_stats":[{"Ice Cream":48,"Calipers":46,"Gremlin Horn":52,"CeramicFish":25,"Vajra":23,"Ginger":39,"Whetstone":29,"Bottled Tornado":45,"Boot":54,"Sling":2,"Blood Vial":43,"Lizard Tail":48,"Centennial Puzzle":9,"HornCleat":48,"Sundial":22,"MealTicket":0,"Fusion Hammer":17,"Kunai":0,"Toxic Egg 2":47,"Girya":37,"MerchantsRug":0,"Happy Flower":7,"Dead Branch":30,"Astrolabe":17,"Oddly Smooth Stone":0,"Eternal Feather":9,"Pen Nib":7,"Charon\u0027s Ashes":43,"Letter Opener":8,"Question Card":0,"Akabeko":36,"SlaversCollar":17,"Bronze Scales":54,"Molten Egg 2":26,"Pandora\u0027s Box":34,"Mark of Pain":17,"Unceasing Top":0,"Meat on the Bone":10,"Regal Pillow":14,"Lantern":44,"Torii":0,"Singing Bowl":43,"SacredBark":17,"Magic Flower":44,"Snake Skull":43,"Bag of Preparation":44,"Incense Burner":0,"Juzu Bracelet":0,"Empty Cage":34,"Cursed Key":17,"Smiling Mask":9,"Burning Blood":0,"ClockworkSouvenir":48,"Emotion Chip":0,"Nunchaku":49,"Dream Catcher":43,"Shovel":14,"Gambling Chip":54,"Pantograph":10,"Tiny Chest":27,"WingedGreaves":27,"Red Mask":20,"Chemical X":0,"Cracked Core":0,"InkBottle":43,"Red Skull":53,"Ring of the Snake":0,"Potion Belt":28,"Lee\u0027s Waffle":0,"Golden Idol":11,"Thread and Needle":26,"PreservedInsect":0,"The Courier":9,"Frozen Egg 2":9,"Orichalcum":0,"Odd Mushroom":12,"MawBank":43,"White Beast Statue":7,"Nuclear Battery":17,"Mercury Hourglass":19,"Peace Pipe":44,"Anchor":42,"Busted Crown":34,"Ornamental Fan":0,"Bloody Idol":28,"Turnip":54,"Ectoplasm":17,"Art of War":26,"Bag of Marbles":53,"Membership Card":38,"Bottled Lightning":54,"FossilizedHelix":45,"TungstenRod":0,"Toy Ornithopter":9},{"Ice Cream":30,"Calipers":112,"Gremlin Horn":64,"CeramicFish":147,"Vajra":50,"Ginger":60,"Whetstone":169,"Bottled Tornado":28,"Boot":90,"Sling":159,"Blood Vial":175,"Lizard Tail":88,"Centennial Puzzle":139,"HornCleat":178,"Sundial":145,"MealTicket":66,"Fusion Hammer":46,"Kunai":37,"Toxic Egg 2":62,"Girya":27,"MerchantsRug":33,"Happy Flower":4,"Dead Branch":104,"Astrolabe":123,"Oddly Smooth Stone":158,"Eternal Feather":4,"Pen Nib":69,"Charon\u0027s Ashes":132,"Letter Opener":43,"Question Card":66,"Akabeko":82,"SlaversCollar":7,"Bronze Scales":32,"Molten Egg 2":51,"Pandora\u0027s Box":55,"Mark of Pain":99,"Unceasing Top":33,"Meat on the Bone":5,"Regal Pillow":45,"Lantern":85,"Torii":37,"Singing Bowl":60,"SacredBark":164,"Magic Flower":154,"Snake Skull":85,"Bag of Preparation":110,"Incense Burner":136,"Juzu Bracelet":136,"Empty Cage":25,"Cursed Key":72,"Smiling Mask":119,"Burning Blood":0,"ClockworkSouvenir":178,"Emotion Chip":0,"Nunchaku":63,"Dream Catcher":109,"Shovel":45,"Gambling Chip":65,"Pantograph":96,"Tiny Chest":51,"WingedGreaves":195,"Red Mask":48,"Chemical X":116,"Cracked Core":0,"InkBottle":27,"Red Skull":179,"Ring of the Snake":0,"Potion Belt":80,"Lee\u0027s Waffle":66,"Golden Idol":5,"Thread and Needle":127,"PreservedInsect":0,"The Courier":43,"Frozen Egg 2":15,"Orichalcum":91,"Odd Mushroom":141,"MawBank":153,"White Beast Statue":42,"Nuclear Battery":19,"Mercury Hourglass":165,"Peace Pipe":133,"Anchor":60,"Busted Crown":149,"Ornamental Fan":0,"Bloody Idol":23,"Turnip":115,"Ectoplasm":143,"Art of War":22,"Bag of Marbles":64,"Membership Card":108,"Bottled Lightning":180,"FossilizedHelix":111,"TungstenRod":158,"Toy Ornithopter":160},{"Ice Cream":146,"Calipers":527,"Gremlin Horn":310,"CeramicFish":650,"Vajra":253,"Ginger":297,"Whetstone":730,"Bottled Tornado":134,"Boot":434,"Sling":686,"Blood Vial":761,"Lizard Tail":422,"Centennial Puzzle":632,"HornCleat":776,"Sundial":645,"MealTicket":324,"Fusion Hammer":235,"Kunai":197,"Toxic Egg 2":302,"Girya":121,"MerchantsRug":176,"Happy Flower":12,"Dead Branch":490,"Astrolabe":580,"Oddly Smooth Stone":682,"Eternal Feather":12,"Pen Nib":334,"Charon\u0027s Ashes":611,"Letter Opener":221,"Question Card":324,"Akabeko":393,"SlaversCollar":26,"Bronze Scales":170,"Molten Egg 2":258,"Pandora\u0027s Box":275,"Mark of Pain":471,"Unceasing Top":176,"Meat on the Bone":15,"Regal Pillow":227,"Lantern":407,"Torii":197,"Singing Bowl":297,"SacredBark":707,"Magic Flower":668,"Snake Skull":407,"Bag of Preparation":520,"Incense Burner":627,"Juzu Bracelet":627,"Empty Cage":106,"Cursed Key":351,"Smiling Mask":558,"Burning Blood":0,"ClockworkSouvenir":776,"Emotion Chip":0,"Nunchaku":305,"Dream Catcher":515,"Shovel":227,"Gambling Chip":316,"Pantograph":460,"Tiny Chest":258,"WingedGreaves":831,"Red Mask":244,"Chemical X":549,"Cracked Core":0,"InkBottle":121,"Red Skull":788,"Ring of the Snake":0,"Potion Belt":378,"Lee\u0027s Waffle":324,"Golden Idol":15,"Thread and Needle":593,"PreservedInsect":0,"The Courier":221,"Frozen Egg 2":51,"Orichalcum":445,"Odd Mushroom":635,"MawBank":665,"White Beast Statue":214,"Nuclear Battery":66,"Mercury Hourglass":713,"Peace Pipe":615,"Anchor":297,"Busted Crown":656,"Ornamental Fan":0,"Bloody Idol":91,"Turnip":543,"Ectoplasm":640,"Art of War":85,"Bag of Marbles":310,"Membership Card":511,"Bottled Lightning":793,"FossilizedHelix":523,"TungstenRod":682,"Toy Ornithopter":689}],"Burning Blood":546},"card_choices":[{"not_picked":["Blood for Blood","Fire Breathing"],"picked":"Headbutt","floor":1.0},{"not_picked":["Cleave","Carnage"],"picked":"Inflame","floor":3.0},{"not_picked":["Thunderclap","Heavy Blade","Iron Wave"],"picked":"SKIP","floor":4.0},{"not_picked":["Armaments","Twin Strike","Warcry"],"picked":"SKIP","floor":5.0},{"not_picked":["True Grit","Sword Boomerang"],"picked":"Whirlwind","floor":7.0},{"not_picked":["Cleave","Thunderclap","Sword Boomerang"],"picked":"SKIP","floor":10.0},{"not_picked":["Evolve","Clothesline","Sentinel"],"picked":"SKIP","floor":13.0},{"not_picked":["Shockwave","Clothesline","Ghostly Armor"],"picked":"SKIP","floor":14.0},{"not_picked":["Barricade","Immolate"],"picked":"Berserk","floor":16.0},{"not_picked":["Twin Strike+1","Clothesline","Iron Wave"],"picked":"SKIP","floor":18.0},{"not_picked":["Anger","Wild Strike"],"picked":"Power Through+1","floor":20.0},{"not_picked":["Warcry","Clothesline"],"picked":"Shrug It Off","floor":21.0},{"not_picked":["Perfected Strike","Entrench+1"],"picked":"Battle Trance","floor":22.0},{"not_picked":["Armaments","Sword Boomerang+1","Uppercut"],"picked":"SKIP","floor":27.0},{"not_picked":["Disarm+1","Cleave+1"],"picked":"Flex","floor":28.0},{"not_picked":["Dark Embrace+1","Entrench+1","Anger"],"picked":"SKIP","floor":31.0}],"player_experience":3615466,"relics_obtained":[{"floor":9.0,"key":"FossilizedHelix"},{"floor":26.0,"key":"Frozen Egg 2"},{"floor":27.0,"key":"WingedGreaves"}],"event_choices":[{"damage_healed":0.0,"max_hp_gain":0.0,"max_hp_loss":0.0,"gold_gain":75.0,"event_name":"betterThird:BetterGoop","player_choice":"Gold","floor":2.0,"gold_loss":0.0,"damage_taken":11.0},{"damage_healed":0.0,"max_hp_gain":0.0,"max_hp_loss":0.0,"gold_gain":0.0,"event_name":"Living Wall","player_choice":"Grow","floor":11.0,"gold_loss":0.0,"damage_taken":0.0,"cards_upgraded":["Whirlwind"]},{"cards_removed":["Strike_R"],"damage_healed":0.0,"max_hp_gain":0.0,"max_hp_loss":0.0,"gold_gain":0.0,"event_name":"betterNote:BetterNote","player_choice":"Give","floor":19.0,"gold_loss":0.0,"damage_taken":0.0,"cards_obtained":["Strike_G"]},{"damage_healed":0.0,"max_hp_gain":0.0,"max_hp_loss":0.0,"gold_gain":0.0,"event_name":"The Mausoleum","player_choice":"Opened","floor":24.0,"gold_loss":0.0,"damage_taken":0.0,"relics_obtained":["Ginger"]}],"is_beta":false,"boss_relics":[{"not_picked":["Coffee Dripper","Ectoplasm"],"picked":"Mark of Pain"}],"items_purged_floors":[12,29],"is_endless":false,"potions_floor_spawned":[3,10,16,21,22,27],"killed_by":"Champ","ascension_level":0}}