{"host":"fligtxqnrbjmaaid","time":1611649425,"event":{"mods":["ATMod(°¢èªMod)","AchievementEnabler","Act Like it!","BaseMod","Dota2Spire","Downfall","Hallownest","Infinite Spire","Lobotomy","Marisa£¨ìFÓê¡¡Ä§ÀíÉ³£©","Minty Spire (QoL Compilation)","Replay The Spire","StSLib","The Blackbeard","The Construct","The Cursed","The Gatherer","The Runesmith","The Senshi","[IsaacMod]ÒÔÈö¼âËþ"],"gold_per_floor":[109,109,125,125,137,137,155,155,155,155,155,184,184,240,240,379,379,584,584,650,735,735,797,797,822,822],"floor_reached":25,"language":"ZHS","playtime":1228,"items_purged":[],"score":211,"play_id":"fb5c678d-fe6a-4f8c-8a74-7433d7a59eb7","local_time":"20210126162345","is_ascension_mode":false,"campfire_choices":[{"data":"AT_OneInchPunch","floor":6,"key":"SMITH"},{"data":"Limit Break","floor":10,"key":"SMITH"},{"data":"Clash","floor":13,"key":"SMITH"}],"circlet_count":0,"master_deck":["Strike_R","Strike_R","Strike_R","Defend_R","Defend_R+1","Bash","AT_OneInchPunch+1","Limit Break+1","Clash+1","Heavy Blade","Berserk","Clash","Berserk","Headbutt","Iron Wave","AT_DrawKnifeCut","Flex","infinitespire:Gouge","infinitespire:DeathsTouch"],"relics":["Burning Blood","HushsDoor","AT_ATBox","SteamSale","TheBean","AT_MibuBalloonWealth","War Paint","Coffee Dripper"],"acts_visited":["Exordium","TheCity"],"potions_floor_usage":[25,25],"damage_taken":[{"damage":6,"enemies":"Jaw Worm","floor":1,"turns":2},{"damage":0,"enemies":"Cultist","floor":3,"turns":2},{"damage":0,"enemies":"2 Louse","floor":5,"turns":1},{"damage":5,"enemies":"Exordium Thugs","floor":7,"turns":3},{"damage":7,"enemies":"3 Sentries","floor":12,"turns":5},{"damage":6,"enemies":"Gremlin Nob","floor":14,"turns":3},{"damage":3,"enemies":"Lots of Slimes","floor":16,"turns":5},{"damage":21,"enemies":"Fading Forest","floor":18,"turns":11},{"damage":15,"enemies":"2 Thieves","floor":20,"turns":2},{"damage":10,"enemies":"3 Byrds","floor":21,"turns":5},{"damage":25,"enemies":"Cultist and Chosen","floor":23,"turns":5},{"damage":72,"enemies":"Slavers","floor":25,"turns":2}],"seed_played":"637277732079697811","potions_obtained":[{"floor":3,"key":"AttackPotion"},{"floor":7,"key":"SneckoOil"},{"floor":14,"key":"AttackPotion"},{"floor":16,"key":"BloodPotion"}],"is_trial":false,"path_per_floor":["M","?","M","?","M","R","M","PTL","PTL","R","T","E","R","E","$","M","R","B",null,"M","M","?","M","AVR","E"],"character_chosen":"IRONCLAD","items_purchased":[],"campfire_rested":0,"item_purchase_floors":[],"current_hp_per_floor":[80,80,80,80,80,80,80,80,80,80,80,79,79,79,79,80,80,74,80,71,67,67,48,48,0,0],"gold":822,"neow_bonus":"ONE_RANDOM_RARE_CARD","is_daily":false,"chose_seed":false,"campfire_upgraded":3,"win_rate":0.0,"timestamp":1611649425,"path_taken":["M","?","?","?","M","R","M","PTL","PTL","R","T","E","R","E","$","M","R","BOSS","M","M","?","M","AVR","E"],"items_purchased_type":[],"build_version":"2020-12-22","purchased_purges":0,"victory":false,"max_hp_per_floor":[80,80,80,80,80,80,80,80,80,80,80,80,80,80,80,80,80,80,80,80,80,80,80,80,80,80],"card_choices":[{"not_picked":["Body Slam","Warcry"],"picked":"Bomb","floor":1},{"not_picked":["Disarm","Demonic Infusion","Sword Boomerang"],"picked":"SKIP","floor":3},{"not_picked":["Wild Strike","Whirlwind"],"picked":"Clash","floor":5},{"not_picked":["AT_CaressingTears","Replay:Undeath\u0027s Touch","ReplayTheSpireMod:Strike From Hell"],"picked":"SKIP","floor":7},{"not_picked":["Metallicize","Whirlwind","AT_DiedThrough"],"picked":"SKIP","floor":12},{"not_picked":["ReplayTheSpireMod:Strike From Hell","Combust"],"picked":"Heavy Blade","floor":14},{"not_picked":["Clothesline","ReplayTheSpireMod:Strike From Hell"],"picked":"Berserk","floor":16},{"not_picked":["Reaper","Corruption"],"picked":"Berserk","floor":18},{"not_picked":["Replay:Undeath\u0027s Touch","AT_IchimonjiDouble+1","Havoc"],"picked":"SKIP","floor":20},{"not_picked":["True Grit","AT_GerminateFire"],"picked":"Headbutt","floor":21},{"not_picked":["Warcry","Massacre"],"picked":"Flex","floor":23}],"player_experience":91486,"relics_obtained":[{"floor":11,"key":"TheBean"},{"floor":12,"key":"AT_MibuBalloonWealth"},{"floor":14,"key":"War Paint"}],"event_choices":[{"cards_removed":["Strike_R"],"damage_healed":0,"gold_gain":0,"player_choice":"Offered Basic","damage_taken":0,"max_hp_gain":0,"max_hp_loss":0,"event_name":"Bonfire Elementals","floor":4,"gold_loss":0},{"damage_healed":0,"gold_gain":0,"cards_transformed":["Defend_R","Strike_R"],"player_choice":"Became Test Subject","damage_taken":0,"max_hp_gain":0,"max_hp_loss":0,"event_name":"Drug Dealer","floor":22,"gold_loss":0,"cards_obtained":["Iron Wave","AT_DrawKnifeCut"]}],"is_beta":false,"boss_relics":[{"not_picked":["construct:ClawGrip","Runic Pyramid"],"picked":"Coffee Dripper"},{"not_picked":[]}],"items_purged_floors":[],"is_endless":false,"potions_floor_spawned":[3,7,14,16,23],"killed_by":"Slavers","ascension_level":0}}