{"host":"1c17lcvl7acx821p","time":1611685546,"event":{"mods":["AchievementEnabler","BaseMod","Colored Map","Minty Spire (QoL Compilation)","Quick Restart","Relic Sorter","StSLib"],"gold_per_floor":[119,137,137,153,153,153,186,202,247,293,293,312,312,67,87,87,183,183,193,208,222,235,235,269,269,269,292,315,335,335,28,28,48,88,97,97,192,192,218,107,117,145,145,145,170,170,170],"floor_reached":46,"language":"ENG","playtime":2069,"items_purged":["Defend_R","Strike_R"],"score":784,"play_id":"6521de6c-c15a-47ff-aec7-152ecb1eddd4","local_time":"20210126202546","is_ascension_mode":true,"campfire_choices":[{"data":"Bash","floor":6.0,"key":"SMITH"},{"floor":11.0,"key":"REST"},{"data":"Clash","floor":13.0,"key":"SMITH"},{"data":"Discovery","floor":16.0,"key":"SMITH"},{"floor":25.0,"key":"REST"},{"data":"Dual Wield","floor":32.0,"key":"SMITH"},{"floor":35.0,"key":"REST"},{"data":"Feel No Pain","floor":36.0,"key":"SMITH"},{"data":"Battle Trance","floor":44,"key":"SMITH"}],"circlet_count":0,"master_deck":["AscendersBane","Strike_R","Strike_R+1","Strike_R+1","Strike_R","Defend_R","Defend_R+1","Defend_R+1","Bash+1","Battle Trance","Metallicize","True Grit","Clash+1","Intimidate","Discovery+1","Feel No Pain+1","Clash","Feed","Ghostly Armor+1","Demon Form+1","Sever Soul","Heavy Blade","Pummel","Shrug It Off","Dual Wield+1","Heavy Blade+1","Spot Weakness","Battle Trance+1","Second Wind+1","Dropkick"],"relics":["Burning Blood","NeowsBlessing","Letter Opener","Whetstone","Oddly Smooth Stone","Centennial Puzzle","Philosopher\u0027s Stone","Enchiridion","Dream Catcher","Blood Vial","CeramicFish","Sling","The Courier","Snecko Eye","Ancient Tea Set","Bag of Preparation"],"acts_visited":["Exordium","TheCity","TheBeyond"],"potions_floor_usage":[37,39,45],"damage_taken":[{"damage":0.0,"enemies":"Cultist","floor":1.0,"turns":1.0},{"damage":0.0,"enemies":"Jaw Worm","floor":2.0,"turns":1.0},{"damage":0.0,"enemies":"Small Slimes","floor":4.0,"turns":1.0},{"damage":46.0,"enemies":"Gremlin Nob","floor":7.0,"turns":5.0},{"damage":0.0,"enemies":"2 Fungi Beasts","floor":8.0,"turns":4.0},{"damage":1.0,"enemies":"Blue Slaver","floor":12.0,"turns":4.0},{"damage":0.0,"enemies":"Exordium Thugs","floor":15.0,"turns":4.0},{"damage":35.0,"enemies":"Hexaghost","floor":17.0,"turns":9.0},{"damage":12.0,"enemies":"Spheric Guardian","floor":19.0,"turns":4.0},{"damage":9.0,"enemies":"3 Byrds","floor":20.0,"turns":5.0},{"damage":38.0,"enemies":"Shelled Parasite and Fungi","floor":21.0,"turns":7.0},{"damage":19.0,"enemies":"Snecko","floor":22.0,"turns":4.0},{"damage":18.0,"enemies":"Gremlin Leader","floor":24.0,"turns":7.0},{"damage":0.0,"enemies":"Chosen and Byrds","floor":29.0,"turns":7.0},{"damage":14.0,"enemies":"Centurion and Healer","floor":33.0,"turns":5.0},{"damage":70.0,"enemies":"Book of Stabbing","floor":34.0,"turns":7.0},{"damage":39,"enemies":"Automaton","floor":37,"turns":8},{"damage":4,"enemies":"3 Darklings","floor":39,"turns":5},{"damage":13,"enemies":"3 Shapes","floor":41,"turns":3},{"damage":5,"enemies":"Sphere and 2 Shapes","floor":42,"turns":3},{"damage":73,"enemies":"Nemesis","floor":45,"turns":7},{"damage":24,"enemies":"Maw","floor":46,"turns":4}],"seed_played":"4807885437335199175","potions_obtained":[{"floor":2.0,"key":"Dexterity Potion"},{"floor":7.0,"key":"Strength Potion"},{"floor":8.0,"key":"BloodPotion"},{"floor":15.0,"key":"Dexterity Potion"},{"floor":20.0,"key":"BloodPotion"},{"floor":24.0,"key":"SpeedPotion"},{"floor":29.0,"key":"BloodPotion"},{"floor":33.0,"key":"DistilledChaos"},{"floor":42,"key":"EssenceOfSteel"},{"floor":45,"key":"CultistPotion"}],"is_trial":false,"path_per_floor":["M","M","?","M","T","R","E","M","T","T","R","M","R","$","M","R","B",null,"M","M","M","M","?","E","R","?","T","T","M","?","$","R","M","E","R","R","B",null,"M","?","M","M","?","R","E","M"],"character_chosen":"IRONCLAD","items_purchased":["Discovery","Feel No Pain","Dual Wield","Sling"],"campfire_rested":3,"item_purchase_floors":[14,14,31,31],"current_hp_per_floor":[78,80,64,70,70,70,30,36,36,36,60,65,65,65,80,80,51,73,67,67,38,28,29,17,43,72,72,72,80,80,80,80,92,28,55,55,24,75,79,79,74,77,77,77,12,0,0],"gold":170,"neow_bonus":"THREE_ENEMY_KILL","is_daily":false,"chose_seed":false,"campfire_upgraded":6,"win_rate":0.0,"timestamp":1611685546,"path_taken":["M","M","?","M","?","R","E","M","T","T","R","M","R","$","M","R","BOSS","M","M","M","M","?","E","R","?","T","T","M","?","$","R","M","E","R","R","BOSS","M","?","M","?","?","R","E","M"],"items_purchased_type":["Card","Card","Card","Relic"],"build_version":"2020-12-22","purchased_purges":2,"victory":false,"max_hp_per_floor":[80,80,80,80,80,80,80,80,80,80,80,80,80,80,80,80,80,80,80,83,86,89,89,89,89,89,89,89,89,89,89,89,92,92,92,92,92,92,92,92,92,92,92,92,92,92,92],"card_choices":[{"not_picked":["Anger","Pommel Strike"],"picked":"Battle Trance","floor":1.0},{"not_picked":["Hemokinesis","Anger"],"picked":"Metallicize","floor":2.0},{"not_picked":["Evolve","Infernal Blade"],"picked":"True Grit","floor":4.0},{"not_picked":["Anger","Heavy Blade","Havoc"],"picked":"SKIP","floor":7.0},{"not_picked":["Anger","Sword Boomerang"],"picked":"Clash","floor":8.0},{"not_picked":["Shockwave","Rupture"],"picked":"Intimidate","floor":12.0},{"not_picked":["Iron Wave","Ghostly Armor"],"picked":"Clash","floor":15.0},{"not_picked":["Reaper","Exhume"],"picked":"Feed","floor":17.0},{"not_picked":["Clash","Anger"],"picked":"Ghostly Armor+1","floor":19.0},{"not_picked":["Wild Strike+1","Inflame"],"picked":"Demon Form","floor":20.0},{"not_picked":["Perfected Strike","Anger"],"picked":"Sever Soul","floor":21.0},{"not_picked":["Rupture","Havoc"],"picked":"Heavy Blade","floor":22.0},{"not_picked":["Hemokinesis","Body Slam"],"picked":"Pummel","floor":24.0},{"not_picked":["Blood for Blood","Twin Strike"],"picked":"Shrug It Off","floor":25.0},{"not_picked":["Bloodletting","Flex","Whirlwind"],"picked":"SKIP","floor":29.0},{"not_picked":["Anger","Wild Strike"],"picked":"Heavy Blade+1","floor":33.0},{"not_picked":["Feed","Metallicize"],"picked":"Spot Weakness","floor":34.0},{"not_picked":["Armaments","Clothesline"],"picked":"Battle Trance","floor":35.0},{"not_picked":["Shrug It Off+1","Wild Strike"],"picked":"Second Wind+1","floor":39},{"not_picked":["Flex","Thunderclap","Twin Strike"],"picked":"SKIP","floor":41},{"not_picked":["Pommel Strike","Thunderclap"],"picked":"Dropkick","floor":42},{"not_picked":["Thunderclap","Iron Wave","Clash"],"picked":"SKIP","floor":45}],"player_experience":224567,"relics_obtained":[{"floor":5.0,"key":"Letter Opener"},{"floor":7.0,"key":"Whetstone"},{"floor":9.0,"key":"Oddly Smooth Stone"},{"floor":10.0,"key":"Centennial Puzzle"},{"floor":23.0,"key":"Enchiridion"},{"floor":24.0,"key":"Dream Catcher"},{"floor":27.0,"key":"Blood Vial"},{"floor":28.0,"key":"CeramicFish"},{"floor":34.0,"key":"The Courier"},{"floor":45,"key":"Bag of Preparation"}],"event_choices":[{"damage_healed":0.0,"max_hp_gain":0.0,"max_hp_loss":0.0,"gold_gain":0.0,"event_name":"Shining Light","player_choice":"Entered Light","floor":3.0,"gold_loss":0.0,"damage_taken":16.0,"cards_upgraded":["Defend_R","Defend_R"]},{"damage_healed":0.0,"max_hp_gain":0.0,"max_hp_loss":0.0,"gold_gain":0.0,"event_name":"Cursed Tome","player_choice":"Obtained Book","floor":23.0,"gold_loss":0.0,"damage_taken":16.0},{"damage_healed":29.0,"max_hp_gain":0.0,"max_hp_loss":0.0,"gold_gain":0.0,"event_name":"The Library","player_choice":"Heal","floor":26.0,"gold_loss":0.0,"damage_taken":0.0},{"damage_healed":0.0,"max_hp_gain":0.0,"max_hp_loss":0.0,"gold_gain":0.0,"event_name":"Ghosts","player_choice":"Ignored","floor":30.0,"gold_loss":0.0,"damage_taken":0.0},{"damage_healed":0,"gold_gain":0,"player_choice":"Paid Gold","damage_taken":0,"relics_obtained":["Ancient Tea Set"],"max_hp_gain":0,"max_hp_loss":0,"event_name":"WeMeetAgain","floor":40,"gold_loss":111},{"damage_healed":0,"gold_gain":0,"player_choice":"Forge","damage_taken":0,"max_hp_gain":0,"max_hp_loss":0,"event_name":"Accursed Blacksmith","floor":43,"gold_loss":0,"cards_upgraded":["Demon Form"]}],"is_beta":false,"boss_relics":[{"not_picked":["Pandora\u0027s Box","Tiny House"],"picked":"Philosopher\u0027s Stone"},{"not_picked":["Mark of Pain","Runic Pyramid"],"picked":"Snecko Eye"}],"items_purged_floors":[14,31],"is_endless":false,"potions_floor_spawned":[2,7,8,15,20,24,29,33,42,45],"killed_by":"Maw","ascension_level":12}}