{"host":"31srvgftwd43oumg","time":1611621496,"event":{"mods":["BaseMod","Better Third Choice","BetterRewards","Card Forge","Hubris","Infinite Spire","Jorbs\u0027s Wanderer Trilogy","Koishi","Luminous","Marisa????????","Minty Spire (QoL Compilation)","Remilia??????","Replay The Spire","Shop Mod","StSLib","The Bug Knight","The Cursed","The Death Knight","The Disciple","The Exalted","The Hierophant","The Mystic","The Necromancer","The Senshi"],"gold_per_floor":[409,409,429,43,62,121,121,157,211,246,79,113,63,93,93,223,223,247,0,0,16,39,83,83,121,146,159,198,198,198,237,237,356,356,375,375,395,266,266,41,72,72,121,162,175,175,193,193,193,193],"floor_reached":51,"language":"ENG","playtime":2115,"items_purged":["stsjorbsmod:Amnesia","Armaments","Spot Weakness","Shockwave","Cleave"],"score":1082,"play_id":"f85c68c3-1d9f-463d-a3bc-fcd5b435b6ed","local_time":"20210125183816","daily_mods":["SealedDeck","Heirloom","Elite Swarm"],"is_ascension_mode":false,"campfire_choices":[{"data":"Heavy Blade","floor":7,"key":"SMITH"},{"data":"Spot Weakness","floor":15,"key":"SMITH"},{"data":"Demon Form","floor":24,"key":"SMITH"},{"data":"Iron Wave","floor":29,"key":"SMITH"},{"data":"ReplayTheSpireMod:Limb From Limb","floor":32,"key":"SMITH"},{"data":"Cleave","floor":49,"key":"SMITH"}],"circlet_count":0,"master_deck":["Iron Wave+1","Cleave+1","Metallicize+1","Heavy Blade+1","Spot Weakness+1","Flex+1","Secret Weapon+1","Armaments+1","Double Tap+1","Metallicize+1","Immolate+1","Berserk+1","Demon Form+1","ReplayTheSpireMod:Limb From Limb+1","ReplayTheSpireMod:Private Reserves+1","Offering+1"],"relics":["Burning Blood","Hammer of Thor","Seething Fire","Anvil of the Gods","Old Coin","Golden Idol","ReplayTheSpireMod:CursedCoin","Toxic Egg 2","hubris:AstralHammer","Gambling Chip","Smiling Mask","hubris:Potato","Membership Card","Singing Bowl","Odd Mushroom","Coffee Dripper","Eternal Feather","Medical Kit","Iron Hammer","Centennial Puzzle","Juzu Bracelet","hubris:TenFootPole","Snack Pack","Sozu","ReplayFunnel","BargainBundle","hubris:IronBody","Pondfish Scales","Bromod:ArcaneTempo","PreservedInsect"],"acts_visited":["Exordium","TheCity","TheBeyond"],"potions_floor_usage":[6,22,50,50],"damage_taken":[{"damage":2,"enemies":"2 Louse","floor":1,"turns":2},{"damage":5,"enemies":"Small Slimes","floor":3,"turns":3},{"damage":0,"enemies":"Cultist","floor":5,"turns":2},{"damage":0,"enemies":"3 Sentries","floor":6,"turns":3},{"damage":17,"enemies":"Gremlin Nob","floor":8,"turns":4},{"damage":0,"enemies":"Lagavulin","floor":10,"turns":5},{"damage":0,"enemies":"HollowMod:MossKnight","floor":12,"turns":6},{"damage":0,"enemies":"The Mushroom Lair","floor":14,"turns":1},{"damage":0,"enemies":"Slime Boss","floor":16,"turns":6},{"damage":21,"enemies":"2 Thieves","floor":18,"turns":2},{"damage":0,"enemies":"Chosen","floor":21,"turns":2},{"damage":3,"enemies":"Snecko","floor":22,"turns":3},{"damage":13,"enemies":"Replay:Snechameleon","floor":23,"turns":5},{"damage":13,"enemies":"Book of Stabbing","floor":25,"turns":4},{"damage":9,"enemies":"Shelled Parasite and Fungi","floor":27,"turns":3},{"damage":0,"enemies":"Gremlin Leader","floor":28,"turns":4},{"damage":7,"enemies":"HollowMod:Nosk","floor":31,"turns":4},{"damage":37,"enemies":"Pondfish","floor":33,"turns":5},{"damage":0,"enemies":"3 Shapes","floor":35,"turns":2},{"damage":0,"enemies":"3 Darklings","floor":37,"turns":1},{"damage":9,"enemies":"Reptomancer","floor":41,"turns":3},{"damage":30,"enemies":"Nemesis","floor":44,"turns":3},{"damage":9,"enemies":"Maw","floor":45,"turns":4},{"damage":0,"enemies":"Transient","floor":47,"turns":5},{"damage":8,"enemies":"hubris:GrandSnecko","floor":50,"turns":4}],"seed_played":"2885296149127980579","potions_obtained":[{"floor":1,"key":"ColorlessPotion"},{"floor":3,"key":"Weak Potion"},{"floor":5,"key":"ElixirPotion"},{"floor":16,"key":"Dexterity Potion"},{"floor":23,"key":"Swift Potion"}],"is_trial":true,"path_per_floor":["M","?","M","$","M","E","R","E","T","E","$","E","$","?","R","B",null,"M","$","?","M","M","E","R","E","T","M","E","R","?","E","R","B",null,"M","?","M","$","?","$","E","?","T","E","M","?","M","?","R","B",null],"character_chosen":"IRONCLAD","items_purchased":["ReplayTheSpireMod:CursedCoin","Toxic Egg 2","Flex+1","Secret Weapon+1","Membership Card","Metallicize","Eternal Feather","Medical Kit","ReplayFunnel","BargainBundle","hubris:IronBody","ReplayTheSpireMod:Private Reserves+1"],"campfire_rested":0,"item_purchase_floors":[4,4,4,4,11,11,19,19,38,40,40,40],"current_hp_per_floor":[80,60,61,61,67,73,73,62,62,68,68,74,74,82,82,82,82,69,69,69,77,82,75,84,79,79,78,86,94,94,95,96,67,98,100,100,102,102,102,102,101,101,101,79,82,67,85,80,89,91],"gold":193,"neow_bonus":"","is_daily":false,"chose_seed":false,"campfire_upgraded":6,"win_rate":0.0,"timestamp":1611621496,"path_taken":["M","?","M","$","M","E","R","E","T","E","$","E","$","?","R","BOSS","M","$","?","?","M","E","R","E","T","M","E","R","?","E","R","BOSS","M","?","M","$","?","$","E","?","T","E","M","?","M","?","R","BOSS"],"items_purchased_type":["Relic","Relic","Card","Card","Relic","Card","Relic","Relic","Relic","Relic","Relic","Card"],"build_version":"2020-12-22","purchased_purges":5,"victory":true,"max_hp_per_floor":[80,80,80,80,80,80,80,80,80,80,80,80,80,82,82,82,82,84,84,84,86,88,88,88,90,90,92,94,94,94,96,96,98,98,100,100,102,102,102,102,104,104,104,104,106,106,108,108,108,108],"card_choices":[{"not_picked":["Shrug It Off","Second Wind"],"picked":"Spot Weakness","floor":1},{"not_picked":["Body Slam","Twin Strike","Run Through"],"picked":"SKIP","floor":3},{"not_picked":["Disarm+1","Entrench+1"],"picked":"Armaments+1","floor":5},{"not_picked":["hubris:StunningStrike","Reaper"],"picked":"Double Tap+1","floor":6},{"not_picked":["Juggernaut","Eclipse+1","Hemogenesis"],"picked":"SKIP","floor":8},{"not_picked":["Bludgeon","Replay:Many Hands+1","Impervious+1"],"picked":"SKIP","floor":10},{"not_picked":["Double Tap+1","Barricade"],"picked":"Immolate","floor":12},{"not_picked":["Rupture","Havoc+1","Replay:Undeath\u0027s Touch"],"picked":"Singing Bowl","floor":14},{"not_picked":["Feed","hubris:StunningStrike"],"picked":"Berserk","floor":16},{"not_picked":["Anger","Replay:Undeath\u0027s Touch+1","Second Wind+1"],"picked":"Singing Bowl","floor":18},{"not_picked":["Infernal Blade+1","Bloodletting+1","ReplayTheSpireMod:Corrosion Curse+1"],"picked":"Singing Bowl","floor":21},{"not_picked":["Seeing Red+1","Iron Wave","Body Slam"],"picked":"Singing Bowl","floor":22},{"not_picked":["Offering+1","Demonic Infusion+1"],"picked":"Demon Form","floor":23},{"not_picked":["Fiend Fire","Impervious+1","Brutality"],"picked":"Singing Bowl","floor":25},{"not_picked":["Dropkick","Rupture","Sword Boomerang"],"picked":"Singing Bowl","floor":27},{"not_picked":["Barricade","Replay:Many Hands+1","Impervious+1"],"picked":"Singing Bowl","floor":28},{"not_picked":["Brutality","Eclipse+1","Exhume+1"],"picked":"Singing Bowl","floor":31},{"not_picked":["Impervious+1","hubris:StunningStrike","Corruption"],"picked":"Singing Bowl","floor":33},{"not_picked":["Abandon+1","Flex+1","Replay:Undeath\u0027s Touch"],"picked":"Singing Bowl","floor":35},{"not_picked":["ReplayTheSpireMod:Muscle Training+1","Headbutt+1","Clothesline+1"],"picked":"Singing Bowl","floor":37},{"not_picked":["Bludgeon","Brutality","Berserk"],"picked":"Singing Bowl","floor":41},{"not_picked":["Immolate","Impervious+1"],"picked":"Offering+1","floor":44},{"not_picked":["Run Through+1","Rampage","True Grit+1"],"picked":"Singing Bowl","floor":45},{"not_picked":["Replay:Undeath\u0027s Touch+1","Warcry+1","Clash+1"],"picked":"Singing Bowl","floor":47}],"player_experience":989806,"relics_obtained":[{"floor":6,"key":"hubris:AstralHammer"},{"floor":8,"key":"Gambling Chip"},{"floor":9,"key":"Smiling Mask"},{"floor":10,"key":"hubris:Potato"},{"floor":12,"key":"Singing Bowl"},{"floor":14,"key":"Odd Mushroom"},{"floor":23,"key":"Iron Hammer"},{"floor":25,"key":"Centennial Puzzle"},{"floor":26,"key":"Juzu Bracelet"},{"floor":28,"key":"hubris:TenFootPole"},{"floor":31,"key":"Snack Pack"},{"floor":41,"key":"Pondfish Scales"},{"floor":43,"key":"Bromod:ArcaneTempo"},{"floor":44,"key":"PreservedInsect"}],"event_choices":[{"damage_healed":0,"gold_gain":0,"player_choice":"Take Damage","damage_taken":20,"relics_obtained":["Golden Idol"],"max_hp_gain":0,"max_hp_loss":0,"event_name":"Golden Idol","floor":2,"gold_loss":0},{"damage_healed":0,"gold_gain":0,"player_choice":"Fought Mushrooms","damage_taken":0,"max_hp_gain":0,"max_hp_loss":0,"event_name":"Mushrooms","floor":14,"gold_loss":0},{"damage_healed":0,"gold_gain":0,"player_choice":"Upgraded","damage_taken":0,"max_hp_gain":0,"max_hp_loss":0,"event_name":"Upgrade Shrine","floor":20,"gold_loss":0,"cards_upgraded":["Berserk"]},{"damage_healed":0,"gold_gain":0,"player_choice":"Read","damage_taken":0,"max_hp_gain":0,"max_hp_loss":0,"event_name":"The Library","floor":30,"gold_loss":0,"cards_obtained":["ReplayTheSpireMod:Limb From Limb"]},{"cards_removed":["Shrug It Off"],"damage_healed":0,"gold_gain":0,"player_choice":"Removed Skill","damage_taken":0,"max_hp_gain":0,"max_hp_loss":0,"event_name":"Falling","floor":36,"gold_loss":0},{"cards_removed":["Uppercut"],"damage_healed":0,"gold_gain":0,"player_choice":"Purged","damage_taken":0,"max_hp_gain":0,"max_hp_loss":0,"event_name":"Purifier","floor":42,"gold_loss":0},{"damage_healed":0,"gold_gain":0,"player_choice":"Damaged","damage_taken":10,"max_hp_gain":0,"max_hp_loss":0,"event_name":"Wheel of Change","floor":48,"gold_loss":0}],"is_beta":false,"boss_relics":[{"not_picked":["Runic Pyramid","infinitespire:Cupcake"],"picked":"Coffee Dripper"},{"not_picked":["Abe\u0027s Treasure","SlaversCollar"],"picked":"Sozu"}],"items_purged_floors":[4,13,19,38,40],"is_endless":false,"potions_floor_spawned":[1,3,5,10,16,23,28,31,33,35,37,47],"ascension_level":0}}