{"host":"95ip98gf8c4vrv08","time":1611671830,"event":{"mods":["100% Spire Juice","ATMod(??Mod)","Arknights The Spire","BaseMod","Minty Spire (QoL Compilation)","Quick Restart","Reimu??????","Relic Stats","Spicy Shops","StSLib","The Bug Knight","The Cursed","The Gatherer","The Senshi","??????REMEMod","????"],"gold_per_floor":[110,185,185,203,216,216,216],"floor_reached":6,"language":"ZHS","playtime":391,"items_purged":[],"score":36,"play_id":"c7894f22-7afa-45d9-9393-e158247b5a23","local_time":"20210126223710","is_ascension_mode":false,"campfire_choices":[],"circlet_count":0,"master_deck":["TheCursedMod:Strike_TheCursed","TheCursedMod:Strike_TheCursed","TheCursedMod:Strike_TheCursed","TheCursedMod:Strike_TheCursed","TheCursedMod:Defend_TheCursed","TheCursedMod:Defend_TheCursed","TheCursedMod:Defend_TheCursed","TheCursedMod:Defend_TheCursed","TheCursedMod:CursedWand","TheCursedMod:CleanUpWorkshop","TheCursedMod:Dregs","AT_FamilyPortrait","TheCursedMod:CircleOfFocus+1","TheCursedMod:CursedArmor","TheCursedMod:Obscuration","TheCursedMod:ReleasedKnowledge"],"relics":["TheCursedMod:BlackMagic101","REME_ComplimentaryCards","AT_ATBox"],"acts_visited":["Exordium"],"potions_floor_usage":[6],"damage_taken":[{"damage":0,"enemies":"Small Slimes","floor":1,"turns":3},{"damage":14,"enemies":"Jaw Worm","floor":4,"turns":5},{"damage":1,"enemies":"2 Louse","floor":5,"turns":3},{"damage":58,"enemies":"Lagavulin","floor":6,"turns":14}],"seed_played":"-8974492758091337659","potions_obtained":[{"floor":5,"key":"GamblersBrew"}],"is_trial":false,"path_per_floor":["M","?","?","M","M","E"],"character_chosen":"THE_CURSED","items_purchased":[],"campfire_rested":0,"item_purchase_floors":[],"current_hp_per_floor":[82,71,71,57,56,0,0],"gold":216,"neow_bonus":"TEN_PERCENT_HP_BONUS","is_daily":false,"chose_seed":false,"campfire_upgraded":0,"win_rate":0.0,"timestamp":1611671830,"path_taken":["M","?","?","M","M","E"],"items_purchased_type":[],"build_version":"2020-12-22","purchased_purges":0,"victory":false,"max_hp_per_floor":[82,82,82,82,82,84,84],"relic_stats":{"counters":[4,25],"obtain_stats":[{"TheCursedMod:BlackMagic101":0,"AT_ATBox":0,"REME_ComplimentaryCards":0},{"TheCursedMod:BlackMagic101":0,"AT_ATBox":0,"REME_ComplimentaryCards":0},{"TheCursedMod:BlackMagic101":0,"AT_ATBox":0,"REME_ComplimentaryCards":0}]},"card_choices":[{"not_picked":["TheCursedMod:TroublousMinions","TheCursedMod:Torture"],"picked":"TheCursedMod:CursedArmor","floor":1},{"not_picked":["TheCursedMod:RapidMovement","TheCursedMod:RavingStaff"],"picked":"TheCursedMod:Obscuration","floor":4},{"not_picked":["TheCursedMod:Stretching","TheCursedMod:CursedMace"],"picked":"TheCursedMod:ReleasedKnowledge","floor":5}],"player_experience":221396,"relics_obtained":[],"event_choices":[{"damage_healed":0,"gold_gain":75,"player_choice":"Gather Gold","damage_taken":11,"max_hp_gain":0,"max_hp_loss":0,"event_name":"World of Goop","floor":2,"gold_loss":0},{"damage_healed":0,"gold_gain":0,"player_choice":"Grow","damage_taken":0,"max_hp_gain":0,"max_hp_loss":0,"event_name":"Living Wall","floor":3,"gold_loss":0,"cards_upgraded":["TheCursedMod:CircleOfFocus"]}],"is_beta":false,"boss_relics":[],"items_purged_floors":[],"is_endless":false,"potions_floor_spawned":[5],"killed_by":"Lagavulin","ascension_level":0}}