{"host":"xmrw7jl1ir2912vf","time":1611701145,"event":{"mods":["BaseMod","Minty Spire (QoL Compilation)","Relic Stats"],"gold_per_floor":[212,230,242,255,265,265,291,291,291,310,327,252,264,264,264,384,384,384,110,110,110,110,110,110,110,110,110,110,110,110,110,110,110,110,110,110,110,110,110,110,110,110,110,110,110,110,110,110,110,110],"floor_reached":51,"language":"ENG","playtime":3763,"items_purged":["Strike_B","Strike_B"],"score":1007,"play_id":"38a9b5ab-e478-411e-91af-3e98ffd40eba","local_time":"20210126174545","is_ascension_mode":true,"campfire_choices":[{"data":"Chaos","floor":6,"key":"SMITH"},{"data":"Doom and Gloom","floor":8,"key":"SMITH"},{"floor":15,"key":"REST"},{"data":"Electrodynamics","floor":24,"key":"SMITH"},{"data":"Redo","floor":28,"key":"SMITH"},{"data":"Zap","floor":32,"key":"SMITH"},{"data":"Strike_B+1","floor":40,"key":"PURGE"},{"data":"Strike_B+1","floor":47,"key":"PURGE"},{"floor":49,"key":"REST"}],"circlet_count":0,"master_deck":["Defend_B+1","Defend_B+1","Defend_B+1","Defend_B+1","Zap+1","Dualcast+1","Chaos+1","Steam","Beam Cell","Doom and Gloom+1","Ball Lightning","Thunder Strike","Rebound","Cold Snap","Leap+1","Electrodynamics+1","Self Repair","Defragment+1","Redo+1","Capacitor","Steam Power+1","Reinforced Body+1","Seek+1","Genetic Algorithm+1","Steam+1","Hologram+1","Storm","Defragment+1","Lockon+1","Redo+1"],"relics":["Cracked Core","Lantern","Sundial","Golden Idol","Ectoplasm","Tiny Chest","Peace Pipe","Gambling Chip","Toxic Egg 2","Runic Pyramid","CaptainsWheel","War Paint","Blood Vial","DataDisk","TungstenRod","Singing Bowl"],"acts_visited":["Exordium","TheCity","TheBeyond"],"potions_floor_usage":[16,18,20,23,25,30,33,39,50,50,50],"damage_taken":[{"damage":1,"enemies":"Cultist","floor":1,"turns":3},{"damage":3,"enemies":"2 Louse","floor":2,"turns":3},{"damage":7,"enemies":"Small Slimes","floor":3,"turns":4},{"damage":7,"enemies":"Looter","floor":4,"turns":4},{"damage":7,"enemies":"Blue Slaver","floor":5,"turns":4},{"damage":24,"enemies":"Lagavulin","floor":7,"turns":6},{"damage":8,"enemies":"3 Louse","floor":10,"turns":3},{"damage":1,"enemies":"Looter","floor":11,"turns":2},{"damage":0,"enemies":"Large Slime","floor":13,"turns":3},{"damage":16,"enemies":"Slime Boss","floor":16,"turns":6},{"damage":7,"enemies":"Spheric Guardian","floor":18,"turns":4},{"damage":7,"enemies":"Shell Parasite","floor":20,"turns":5},{"damage":23,"enemies":"Book of Stabbing","floor":23,"turns":5},{"damage":0,"enemies":"Gremlin Leader","floor":25,"turns":5},{"damage":0,"enemies":"Chosen and Byrds","floor":29,"turns":4},{"damage":15,"enemies":"Snake Plant","floor":30,"turns":2},{"damage":18,"enemies":"Champ","floor":33,"turns":7},{"damage":0,"enemies":"3 Shapes","floor":35,"turns":2},{"damage":23,"enemies":"2 Orb Walkers","floor":36,"turns":3},{"damage":0,"enemies":"Orb Walker","floor":37,"turns":2},{"damage":13,"enemies":"4 Shapes","floor":39,"turns":4},{"damage":0,"enemies":"Giant Head","floor":41,"turns":6},{"damage":10,"enemies":"3 Darklings","floor":42,"turns":3},{"damage":8,"enemies":"Mind Bloom Boss Battle","floor":44,"turns":4},{"damage":9,"enemies":"Transient","floor":48,"turns":5},{"damage":32,"enemies":"Time Eater","floor":50,"turns":7}],"seed_played":"7974903816083204914","potions_obtained":[{"floor":1,"key":"Block Potion"},{"floor":3,"key":"Swift Potion"},{"floor":5,"key":"PowerPotion"},{"floor":20,"key":"PotionOfCapacity"},{"floor":23,"key":"FocusPotion"},{"floor":30,"key":"FocusPotion"},{"floor":36,"key":"SkillPotion"},{"floor":39,"key":"Block Potion"},{"floor":42,"key":"Strength Potion"}],"is_trial":false,"path_per_floor":["M","M","M","M","M","R","E","R","T","M","M","$","M","?","R","B",null,"M","$","M","?","?","E","R","E","T","T","R","M","M","?","R","B",null,"M","?","M","T","M","R","E","M","T","?","?","T","R","M","R","B",null],"character_chosen":"DEFECT","items_purchased":["Self Repair","Fire Potion","FocusPotion"],"campfire_rested":2,"item_purchase_floors":[19,19,19],"current_hp_per_floor":[67,64,57,50,43,43,19,19,19,11,10,10,10,10,30,14,55,48,48,48,48,48,25,25,32,32,32,32,39,24,24,24,13,55,62,39,39,39,33,33,40,39,39,40,40,40,40,40,60,30],"gold":110,"neow_bonus":"HUNDRED_GOLD","is_daily":false,"chose_seed":false,"campfire_upgraded":5,"win_rate":0.0,"timestamp":1611701145,"path_taken":["M","M","?","M","M","R","E","R","T","M","M","$","M","?","R","BOSS","M","$","M","?","?","E","R","E","T","?","R","M","M","?","R","BOSS","M","?","M","?","M","R","E","?","T","?","?","?","R","M","R","BOSS"],"items_purchased_type":["Card","Potion","Potion"],"build_version":"2020-12-22","purchased_purges":2,"victory":true,"max_hp_per_floor":[75,75,75,75,75,75,75,75,75,75,75,75,75,69,69,69,69,69,69,69,69,69,69,69,69,69,69,69,69,69,69,69,69,69,69,69,69,69,69,69,69,69,69,69,69,69,69,69,69,69],"relic_stats":{"Peace Pipe":3,"Blood Vial":8,"Singing Bowl":0,"counters":[26,106],"Sundial":[6],"Golden Idol":157,"Gambling Chip":[29],"Tiny Chest":2,"Ectoplasm":558,"War Paint":["Dualcast","Leap"],"obtain_stats":[{"Lantern":7,"Singing Bowl":46,"Golden Idol":14,"War Paint":38,"Peace Pipe":25,"Blood Vial":41,"CaptainsWheel":36,"DataDisk":43,"Sundial":9,"Gambling Chip":26,"Tiny Chest":23,"Ectoplasm":17,"Toxic Egg 2":27,"Cracked Core":0,"TungstenRod":44,"Runic Pyramid":34},{"Lantern":6,"Singing Bowl":24,"Golden Idol":9,"War Paint":20,"Peace Pipe":14,"Blood Vial":22,"CaptainsWheel":19,"DataDisk":23,"Sundial":6,"Gambling Chip":14,"Tiny Chest":13,"Ectoplasm":10,"Toxic Egg 2":14,"Cracked Core":0,"TungstenRod":24,"Runic Pyramid":17},{"Lantern":24,"Singing Bowl":94,"Golden Idol":32,"War Paint":77,"Peace Pipe":57,"Blood Vial":87,"CaptainsWheel":75,"DataDisk":90,"Sundial":24,"Gambling Chip":57,"Tiny Chest":52,"Ectoplasm":38,"Toxic Egg 2":57,"Cracked Core":0,"TungstenRod":94,"Runic Pyramid":70}],"TungstenRod":3},"card_choices":[{"not_picked":["Redo","Beam Cell"],"picked":"Chaos","floor":1},{"not_picked":["Leap","Go for the Eyes"],"picked":"Steam","floor":2},{"not_picked":["Conserve Battery","Force Field"],"picked":"Beam Cell","floor":3},{"not_picked":["Streamline","Turbo"],"picked":"Doom and Gloom","floor":4},{"not_picked":["Self Repair","Tempest"],"picked":"Ball Lightning","floor":5},{"not_picked":["Turbo","Amplify"],"picked":"Thunder Strike","floor":7},{"not_picked":["Gash","Stack"],"picked":"Rebound","floor":10},{"not_picked":["Rip and Tear","Undo"],"picked":"Cold Snap","floor":11},{"not_picked":["Stack","Barrage"],"picked":"Leap","floor":13},{"not_picked":["Seek","Biased Cognition"],"picked":"Electrodynamics","floor":16},{"not_picked":["Steam","Coolheaded"],"picked":"Reinforced Body","floor":18},{"not_picked":["Storm","Steam"],"picked":"Defragment+1","floor":20},{"not_picked":["Hologram","Auto Shields"],"picked":"Redo","floor":23},{"not_picked":["FTL+1","Fusion"],"picked":"Capacitor","floor":25},{"not_picked":["Blizzard","Turbo+1"],"picked":"Steam Power+1","floor":29},{"not_picked":["Steam Power+1","Melter"],"picked":"Reinforced Body+1","floor":30},{"not_picked":["Hyperbeam","Creative AI"],"picked":"Seek+1","floor":33},{"not_picked":["Sweeping Beam","Heatsinks+1"],"picked":"Genetic Algorithm+1","floor":35},{"not_picked":["Sunder+1","Skim+1"],"picked":"Steam+1","floor":36},{"not_picked":["Barrage+1","Skim+1"],"picked":"Hologram+1","floor":37},{"not_picked":["Reinforced Body+1","Rebound"],"picked":"Storm","floor":39},{"not_picked":["Recycle+1","Chill+1"],"picked":"Defragment+1","floor":41},{"not_picked":["Conserve Battery+1","Doom and Gloom+1","Skim+1"],"picked":"SKIP","floor":42},{"not_picked":["Streamline+1","Reboot+1"],"picked":"Lockon+1","floor":44},{"not_picked":["Coolheaded+1","Leap+1"],"picked":"Redo+1","floor":48}],"player_experience":518460,"relics_obtained":[{"floor":7,"key":"Lantern"},{"floor":9,"key":"Sundial"},{"floor":23,"key":"Tiny Chest"},{"floor":25,"key":"Peace Pipe"},{"floor":26,"key":"Gambling Chip"},{"floor":27,"key":"Toxic Egg 2"},{"floor":36,"key":"CaptainsWheel"},{"floor":38,"key":"War Paint"},{"floor":41,"key":"Blood Vial"},{"floor":43,"key":"DataDisk"},{"floor":44,"key":"TungstenRod"},{"floor":46,"key":"Singing Bowl"}],"event_choices":[{"damage_healed":0,"gold_gain":0,"player_choice":"Lose Max HP","damage_taken":0,"relics_obtained":["Golden Idol"],"max_hp_gain":0,"max_hp_loss":6,"event_name":"Golden Idol","floor":14,"gold_loss":0},{"damage_healed":0,"gold_gain":0,"player_choice":"Ignored","damage_taken":0,"max_hp_gain":0,"max_hp_loss":0,"event_name":"Vampires","floor":21,"gold_loss":0},{"damage_healed":0,"gold_gain":0,"player_choice":"Simplicity","damage_taken":0,"max_hp_gain":0,"max_hp_loss":0,"event_name":"Back to Basics","floor":22,"gold_loss":0,"cards_upgraded":["Strike_B","Strike_B","Defend_B","Defend_B","Defend_B","Defend_B"]},{"damage_healed":0,"gold_gain":0,"player_choice":"Ignored","damage_taken":0,"max_hp_gain":0,"max_hp_loss":0,"event_name":"The Mausoleum","floor":31,"gold_loss":0},{"damage_healed":0,"gold_gain":0,"player_choice":"Fight","damage_taken":0,"max_hp_gain":0,"max_hp_loss":0,"event_name":"Mysterious Sphere","floor":36,"gold_loss":0},{"damage_healed":0,"gold_gain":0,"player_choice":"Fight","damage_taken":0,"max_hp_gain":0,"max_hp_loss":0,"event_name":"MindBloom","floor":44,"gold_loss":0},{"cards_removed":["Reinforced Body"],"damage_healed":0,"gold_gain":0,"player_choice":"Removed Skill","damage_taken":0,"max_hp_gain":0,"max_hp_loss":0,"event_name":"Falling","floor":45,"gold_loss":0}],"is_beta":false,"boss_relics":[{"not_picked":["Runic Dome","Astrolabe"],"picked":"Ectoplasm"},{"not_picked":["Cursed Key","Busted Crown"],"picked":"Runic Pyramid"}],"items_purged_floors":[12,19],"is_endless":false,"potions_floor_spawned":[1,3,5,20,23,30,36,39,42,48],"ascension_level":8}}