{"host":"flash","time":1611665660,"event":{"mods":["ATMod(°¢èªMod)","Act Like it!","BaseMod","Jorbs\u0027s Wanderer Trilogy","Luminous","Minty Spire (QoL Compilation)","Shop Mod","StSLib","Td1madao Mod","[IsaacMod]ÒÔÈö¼âËþ"],"gold_per_floor":[112,112,112,187,200,200,215,245,281,319,345,357,369,399,411,499,511,535,559,571,598,625,637,660,700,764,776,803,815,927,540,540,619,619,636,652,652,668,568,568,598,598,623,641,343,343,372,388,388,388],"floor_reached":51,"language":"ZHS","playtime":1787,"items_purged":["Strike_P","Defend_P","Strike_P"],"score":1438,"play_id":"0850b191-bb96-44b4-a0f2-45ff5044f3c3","local_time":"20210126205420","is_ascension_mode":true,"campfire_choices":[{"floor":6.0,"key":"REST"},{"floor":12.0,"key":"REST"},{"data":"AT_FamilyPortrait","floor":15.0,"key":"SMITH"},{"floor":23.0,"key":"REST"},{"floor":27.0,"key":"REST"},{"floor":32.0,"key":"REST"},{"data":"MasterReality","floor":40.0,"key":"SMITH"},{"data":"WaveOfTheHand","floor":46,"key":"SMITH"},{"data":"ForeignInfluence","floor":49,"key":"SMITH"}],"circlet_count":0,"master_deck":["AscendersBane","Defend_P+1","Defend_P","Defend_P","Eruption","Vigilance","AT_FamilyPortrait+1","AT_ChampionStep+1","ReachHeaven","EmptyMind","Conclude","MasterReality+1","ForeignInfluence+1","TalkToTheHand","WaveOfTheHand+1","LikeWater","DeusExMachina","LessonLearned","ForeignInfluence+1","Swivel"],"relics":["AT_ATBox","HushsDoor","GuppysHead","Philosopher\u0027s Stone","MawBank","Bronze Scales","DeathBook","AT_TrinityForce","DeadEye","Bag of Marbles","MutagenicStrength","AT_ArchangelStaff","Busted Crown","Eternal Feather","Centennial Puzzle","Habit","AT_ImmortalShieldbow"],"acts_visited":["Exordium","TheCity","TheBeyond"],"potions_floor_usage":[41,50],"damage_taken":[{"damage":5.0,"enemies":"Small Slimes","floor":1.0,"turns":5.0},{"damage":7.0,"enemies":"Cultist","floor":5.0,"turns":3.0},{"damage":1.0,"enemies":"2 Louse","floor":7.0,"turns":3.0},{"damage":16.0,"enemies":"Gremlin Nob","floor":8.0,"turns":3.0},{"damage":21.0,"enemies":"Lagavulin","floor":10.0,"turns":5.0},{"damage":0.0,"enemies":"Exordium Thugs","floor":11.0,"turns":1.0},{"damage":0.0,"enemies":"2 Fungi Beasts","floor":14.0,"turns":2.0},{"damage":21.0,"enemies":"Hexaghost","floor":16.0,"turns":7.0},{"damage":0.0,"enemies":"Chosen","floor":18.0,"turns":3.0},{"damage":15.0,"enemies":"3 Byrds","floor":19.0,"turns":2.0},{"damage":28.0,"enemies":"Centurion and Healer","floor":21.0,"turns":5.0},{"damage":14.0,"enemies":"Shelled Parasite and Fungi","floor":22.0,"turns":5.0},{"damage":13.0,"enemies":"Snecko","floor":24.0,"turns":4.0},{"damage":0.0,"enemies":"Slavers","floor":25.0,"turns":1.0},{"damage":8.0,"enemies":"Chosen and Byrds","floor":28.0,"turns":5.0},{"damage":21.0,"enemies":"Collector","floor":33.0,"turns":7.0},{"damage":0.0,"enemies":"Orb Walker","floor":35.0,"turns":1.0},{"damage":0.0,"enemies":"3 Darklings","floor":36.0,"turns":1.0},{"damage":0.0,"enemies":"Transient","floor":38.0,"turns":5.0},{"damage":4,"enemies":"Reptomancer","floor":41,"turns":2},{"damage":0,"enemies":"Sphere and 2 Shapes","floor":44,"turns":2},{"damage":5,"enemies":"Giant Head","floor":47,"turns":3},{"damage":12,"enemies":"Spire Growth","floor":48,"turns":3},{"damage":10,"enemies":"Donu and Deca","floor":50,"turns":5}],"seed_played":"8287144537695874048","potions_obtained":[{"floor":8.0,"key":"Fire Potion"},{"floor":11.0,"key":"EssenceOfSteel"},{"floor":19.0,"key":"DuplicationPotion"},{"floor":21.0,"key":"Regen Potion"},{"floor":22.0,"key":"FearPotion"},{"floor":38.0,"key":"Dexterity Potion"},{"floor":41,"key":"Fire Potion"}],"is_trial":false,"path_per_floor":["M","?","?","?","M","R","M","E","T","E","M","R","?","M","R","B",null,"M","M","?","M","M","R","M","E","T","R","M","?","?","$","R","B",null,"M","M","?","M","$","R","E","?","T","M","$","R","E","M","R","B",null],"character_chosen":"WATCHER","items_purchased":["AT_ArchangelStaff","WaveOfTheHand","LikeWater","LessonLearned","Habit"],"campfire_rested":5,"item_purchase_floors":[31,31,31,34,45],"current_hp_per_floor":[56,56,56,45,38,58,57,41,41,20,20,40,45,45,45,24,61,61,46,46,18,18,39,26,26,26,47,39,39,39,39,60,39,62,62,62,62,62,62,62,58,58,58,58,58,69,64,52,64,54],"gold":388,"neow_bonus":"BOSS_RELIC","is_daily":false,"chose_seed":false,"campfire_upgraded":4,"win_rate":0.0,"timestamp":1611665660,"path_taken":["M","?","?","?","M","R","M","E","T","E","M","R","?","M","R","BOSS","M","M","?","?","M","R","M","E","T","R","M","?","?","$","R","BOSS","M","M","?","M","?","R","E","?","T","?","?","R","E","M","R","BOSS"],"items_purchased_type":["Relic","Card","Card","Card","Relic"],"build_version":"2020-12-18","purchased_purges":3,"victory":true,"max_hp_per_floor":[68,68,68,68,68,68,68,68,68,68,68,68,73,73,73,73,73,73,73,73,73,73,73,73,73,73,73,73,73,73,73,73,73,69,69,69,69,69,69,69,69,69,69,69,69,69,69,69,69,69],"card_choices":[{"not_picked":[],"picked":"DoctorFetus","floor":0.0},{"not_picked":["Halt","AT_DivineConfetti"],"picked":"AT_ChampionStep","floor":1.0},{"not_picked":["EmptyFist","BowlingBash"],"picked":"ReachHeaven","floor":5.0},{"not_picked":["Protect","Perseverance"],"picked":"EmptyMind","floor":7.0},{"not_picked":["Evaluate","Wallop"],"picked":"Conclude","floor":8.0},{"not_picked":["FlyingSleeves","EmptyFist","Crescendo"],"picked":"SKIP","floor":10.0},{"not_picked":["SandsOfTime","Weave","CarveReality"],"picked":"SKIP","floor":11.0},{"not_picked":["Study","AT_SoftenMuscles","FollowUp"],"picked":"SKIP","floor":14.0},{"not_picked":["SpiritShield","Devotion"],"picked":"MasterReality","floor":16.0},{"not_picked":["BowlingBash","SashWhip","PathToVictory"],"picked":"SKIP","floor":18.0},{"not_picked":["Halt","BattleHymn+1"],"picked":"ForeignInfluence","floor":19.0},{"not_picked":["SandsOfTime","BowlingBash","Collect"],"picked":"SKIP","floor":21.0},{"not_picked":["CrushJoints","ClearTheMind","MasterReality"],"picked":"SKIP","floor":22.0},{"not_picked":["FlurryOfBlows","FollowUp+1"],"picked":"TalkToTheHand","floor":24.0},{"not_picked":["JustLucky","Meditate","Vengeance"],"picked":"SKIP","floor":25.0},{"not_picked":["Evaluate","CutThroughFate+1","Consecrate"],"picked":"SKIP","floor":28.0},{"not_picked":["Alpha","AT_RealColorLess"],"picked":"DeusExMachina","floor":33.0},{"not_picked":["Prostrate+1"],"picked":"SKIP","floor":35.0},{"not_picked":[],"picked":"ForeignInfluence+1","floor":36.0},{"not_picked":["FollowUp"],"picked":"SKIP","floor":38.0},{"not_picked":["CutThroughFate"],"picked":"SKIP","floor":41},{"not_picked":["CutThroughFate"],"picked":"SKIP","floor":44},{"not_picked":["EmptyMind"],"picked":"SKIP","floor":47},{"not_picked":["Collect"],"picked":"SKIP","floor":48}],"player_experience":666202,"relics_obtained":[{"floor":8.0,"key":"MawBank"},{"floor":9.0,"key":"Bronze Scales"},{"floor":10.0,"key":"DeathBook"},{"floor":25.0,"key":"DeadEye"},{"floor":26.0,"key":"Bag of Marbles"},{"floor":41,"key":"Eternal Feather"},{"floor":43,"key":"Centennial Puzzle"},{"floor":47,"key":"AT_ImmortalShieldbow"}],"event_choices":[{"cards_removed":["Strike_P"],"damage_healed":0.0,"max_hp_gain":0.0,"max_hp_loss":0.0,"gold_gain":0.0,"event_name":"Bonfire Elementals","player_choice":"Offered Basic","floor":3.0,"gold_loss":0.0,"damage_taken":0.0},{"damage_healed":0.0,"max_hp_gain":0.0,"max_hp_loss":0.0,"gold_gain":75.0,"event_name":"World of Goop","player_choice":"Gather Gold","floor":4.0,"gold_loss":0.0,"damage_taken":11.0},{"damage_healed":0.0,"max_hp_gain":5.0,"max_hp_loss":0.0,"gold_gain":0.0,"event_name":"Big Fish","player_choice":"Donut","floor":13.0,"gold_loss":0.0,"damage_taken":0.0},{"damage_healed":0.0,"max_hp_gain":0.0,"max_hp_loss":0.0,"gold_gain":0.0,"event_name":"Vampires","player_choice":"Ignored","floor":20.0,"gold_loss":0.0,"damage_taken":0.0},{"damage_healed":0.0,"max_hp_gain":0.0,"max_hp_loss":0.0,"gold_gain":0.0,"event_name":"Drug Dealer","player_choice":"Inject Mutagens","floor":29.0,"gold_loss":0.0,"damage_taken":0.0,"relics_obtained":["MutagenicStrength"]},{"cards_removed":["DoctorFetus"],"damage_healed":0.0,"max_hp_gain":0.0,"max_hp_loss":0.0,"gold_gain":0.0,"event_name":"Falling","player_choice":"Removed Power","floor":37.0,"gold_loss":0.0,"damage_taken":0.0},{"damage_healed":0,"gold_gain":0,"cards_transformed":["Strike_P"],"player_choice":"Transformed","damage_taken":0,"max_hp_gain":0,"max_hp_loss":0,"event_name":"Transmorgrifier","floor":42,"gold_loss":0,"cards_obtained":["Swivel"]}],"is_beta":true,"boss_relics":[{"not_picked":["Velvet Choker","Fusion Hammer"],"picked":"AT_TrinityForce"},{"not_picked":[]},{"not_picked":["Black Star","Pandora\u0027s Box"],"picked":"Busted Crown"},{"not_picked":[]}],"items_purged_floors":[31,39,45],"is_endless":false,"potions_floor_spawned":[8,11,14,19,21,22,25,33,38,41,44],"ascension_level":17}}