{"host":"8is2j71l4wmybkoi","time":1611655806,"event":{"mods":["AchievementEnabler","BaseMod","Colored Map","Minty Spire (QoL Compilation)","Rare Cards Sparkle","StSLib","SuperFastMode"],"gold_per_floor":[117,117,127,127,142,142,160,160,213,213,213,248,263,275,275,374,374,389,401,401,401,52,80,100,114,114,126,138,165,176,176,176,278,278,289,304,304,353,97,97,129,142,142,160,160,160,191,210,210,210],"floor_reached":51,"language":"KOR","playtime":1734,"items_purged":["Strike_B","Strike_B"],"score":765,"play_id":"898e4514-0196-4266-985b-94504ef3d449","local_time":"20210126191006","is_ascension_mode":true,"campfire_choices":[{"data":"Zap","floor":6,"key":"SMITH"},{"floor":10,"key":"REST"},{"data":"Dualcast","floor":15,"key":"SMITH"},{"floor":32,"key":"REST"},{"data":"Heatsinks","floor":40,"key":"SMITH"},{"data":"Creative AI","floor":45,"key":"SMITH"},{"floor":49,"key":"REST"}],"circlet_count":0,"master_deck":["Strike_B+1","Defend_B+1","Defend_B","Defend_B","Zap+1","Dualcast+1","Stack","All For One","Steam","Go for the Eyes","Gash","Core Surge","Lockon+1","Sweeping Beam+1","Capacitor","Rainbow","Beam Cell+1","Static Discharge+1","Ball Lightning+1","Heatsinks+1","Skim+1","Coolheaded","Echo Form","Self Repair","Core Surge+1","Creative AI+1","Coolheaded+1","Machine Learning","Hologram+1"],"relics":["Tiny Chest","Omamori","Molten Egg 2","Ice Cream","Cursed Key","Nloth\u0027s Gift","White Beast Statue","Mummified Hand","Happy Flower","Orichalcum","Busted Crown","Calipers","Lee\u0027s Waffle","StrikeDummy","Prayer Wheel"],"acts_visited":["Exordium","TheCity","TheBeyond"],"potions_floor_usage":[12,16,16,18,18,18,19,23,24,25,27,30,33,33,33,33,36,38,41,44,47,50,50,50],"damage_taken":[{"damage":0,"enemies":"Cultist","floor":1,"turns":3},{"damage":0,"enemies":"2 Louse","floor":3,"turns":2},{"damage":0,"enemies":"Jaw Worm","floor":5,"turns":2},{"damage":14,"enemies":"Exordium Wildlife","floor":7,"turns":4},{"damage":8,"enemies":"3 Sentries","floor":12,"turns":7},{"damage":0,"enemies":"Large Slime","floor":13,"turns":3},{"damage":0,"enemies":"3 Louse","floor":14,"turns":2},{"damage":3,"enemies":"Hexaghost","floor":16,"turns":7},{"damage":14,"enemies":"3 Byrds","floor":18,"turns":4},{"damage":15,"enemies":"Spheric Guardian","floor":19,"turns":4},{"damage":34,"enemies":"Book of Stabbing","floor":23,"turns":4},{"damage":5,"enemies":"Cultist and Chosen","floor":24,"turns":4},{"damage":3,"enemies":"Centurion and Healer","floor":25,"turns":5},{"damage":1,"enemies":"3 Cultists","floor":27,"turns":4},{"damage":1,"enemies":"Snecko","floor":28,"turns":3},{"damage":0,"enemies":"Chosen and Byrds","floor":30,"turns":3},{"damage":18,"enemies":"Collector","floor":33,"turns":7},{"damage":7,"enemies":"3 Shapes","floor":35,"turns":6},{"damage":23,"enemies":"3 Darklings","floor":36,"turns":3},{"damage":22,"enemies":"2 Orb Walkers","floor":38,"turns":4},{"damage":12,"enemies":"Nemesis","floor":41,"turns":3},{"damage":1,"enemies":"4 Shapes","floor":42,"turns":4},{"damage":1,"enemies":"Spire Growth","floor":44,"turns":5},{"damage":19,"enemies":"Reptomancer","floor":47,"turns":3},{"damage":14,"enemies":"Sphere and 2 Shapes","floor":48,"turns":4},{"damage":27,"enemies":"Time Eater","floor":50,"turns":9}],"seed_played":"-1126524890226862498","potions_obtained":[{"floor":3,"key":"Strength Potion"},{"floor":7,"key":"CultistPotion"},{"floor":13,"key":"Block Potion"},{"floor":14,"key":"EntropicBrew"},{"floor":19,"key":"LiquidBronze"},{"floor":23,"key":"ColorlessPotion"},{"floor":24,"key":"Block Potion"},{"floor":25,"key":"DistilledChaos"},{"floor":27,"key":"Block Potion"},{"floor":28,"key":"LiquidMemories"},{"floor":30,"key":"EntropicBrew"},{"floor":33,"key":"LiquidMemories"},{"floor":35,"key":"Explosive Potion"},{"floor":36,"key":"FocusPotion"},{"floor":38,"key":"PowerPotion"},{"floor":41,"key":"AttackPotion"},{"floor":42,"key":"DistilledChaos"},{"floor":44,"key":"Weak Potion"},{"floor":47,"key":"Regen Potion"}],"is_trial":false,"path_per_floor":["M","?","M","?","M","R","M","?","T","R","T","E","M","M","R","B",null,"M","M","?","?","$","E","M","M","T","M","M","T","M","?","R","B",null,"M","M","T","?","$","R","E","M","T","M","R","T","E","M","R","B",null],"character_chosen":"DEFECT","items_purchased":["White Beast Statue","Ball Lightning+1","Lee\u0027s Waffle"],"campfire_rested":3,"item_purchase_floors":[22,22,39],"current_hp_per_floor":[54,36,36,36,36,36,22,7,7,29,29,21,21,21,21,18,75,61,46,46,46,46,12,7,4,4,3,2,2,2,2,24,13,75,75,59,59,44,82,82,77,82,82,82,82,82,70,63,82,77],"gold":210,"neow_bonus":"TRANSFORM_TWO_CARDS","is_daily":false,"chose_seed":false,"campfire_upgraded":4,"win_rate":0.0,"timestamp":1611655806,"path_taken":["M","?","M","?","M","R","?","?","T","R","?","E","M","M","R","BOSS","M","M","?","?","$","E","?","M","T","M","M","?","M","?","R","BOSS","M","M","?","?","$","R","E","M","T","M","R","?","E","M","R","BOSS"],"items_purchased_type":["Relic","Card","Relic"],"build_version":"2020-12-22","purchased_purges":2,"victory":true,"max_hp_per_floor":[75,75,75,75,75,75,75,75,75,75,75,75,75,75,75,75,75,75,75,75,75,75,75,75,75,75,75,75,75,75,75,75,75,75,75,75,75,75,82,82,82,82,82,82,82,82,82,82,82,82],"card_choices":[{"not_picked":["Force Field","Coolheaded"],"picked":"Steam","floor":1},{"not_picked":["Compile Driver","Storm"],"picked":"Go for the Eyes","floor":3},{"not_picked":["Stack","Auto Shields"],"picked":"Gash","floor":5},{"not_picked":["Hologram","Turbo"],"picked":"Core Surge","floor":7},{"not_picked":["Genetic Algorithm","Turbo"],"picked":"Lockon+1","floor":12},{"not_picked":["Glacier","Redo"],"picked":"Sweeping Beam+1","floor":13},{"not_picked":["Rebound+1","Double Energy"],"picked":"Capacitor","floor":14},{"not_picked":["Meteor Strike+1","Machine Learning"],"picked":"Rainbow","floor":16},{"not_picked":["Compile Driver+1","Rebound+1"],"picked":"Beam Cell+1","floor":18},{"not_picked":["White Noise","Conserve Battery"],"picked":"Static Discharge+1","floor":19},{"not_picked":["Capacitor","Multi-Cast"],"picked":"Heatsinks","floor":23},{"not_picked":["Sunder+1","Streamline+1"],"picked":"Skim+1","floor":24},{"not_picked":["Undo","Leap+1"],"picked":"Coolheaded","floor":25},{"not_picked":["Tempest","FTL+1"],"picked":"Echo Form","floor":27},{"not_picked":["Capacitor","Compile Driver+1","Static Discharge"],"picked":"SKIP","floor":28},{"not_picked":["Force Field+1","Sweeping Beam+1"],"picked":"Self Repair","floor":30},{"not_picked":["Hyperbeam+1","Reboot"],"picked":"Creative AI","floor":33},{"not_picked":[],"picked":"Coolheaded+1","floor":35},{"not_picked":["Go for the Eyes+1"],"picked":"SKIP","floor":36},{"not_picked":["Turbo"],"picked":"SKIP","floor":41},{"not_picked":["Beam Cell+1"],"picked":"SKIP","floor":42},{"not_picked":["Hologram+1"],"picked":"SKIP","floor":44},{"not_picked":[],"picked":"Machine Learning","floor":47},{"not_picked":[],"picked":"Hologram+1","floor":48},{"not_picked":["Tempest+1"],"picked":"SKIP","floor":48}],"player_experience":812116,"relics_obtained":[{"floor":9,"key":"Omamori"},{"floor":11,"key":"Molten Egg 2"},{"floor":12,"key":"Ice Cream"},{"floor":23,"key":"Mummified Hand"},{"floor":26,"key":"Happy Flower"},{"floor":29,"key":"Orichalcum"},{"floor":38,"key":"Calipers"},{"floor":41,"key":"StrikeDummy"},{"floor":47,"key":"Prayer Wheel"}],"event_choices":[{"damage_healed":0,"gold_gain":0,"player_choice":"Success","damage_taken":18,"relics_obtained":["Tiny Chest"],"max_hp_gain":0,"max_hp_loss":0,"event_name":"Scrap Ooze","floor":2,"gold_loss":0},{"cards_removed":["Strike_B"],"damage_healed":0,"gold_gain":0,"player_choice":"Took Card","damage_taken":0,"max_hp_gain":0,"max_hp_loss":0,"event_name":"NoteForYourself","floor":4,"gold_loss":0,"cards_obtained":["Strike_B"]},{"damage_healed":0,"gold_gain":0,"player_choice":"Entered Light","damage_taken":15,"max_hp_gain":0,"max_hp_loss":0,"event_name":"Shining Light","floor":8,"gold_loss":0,"cards_upgraded":["Defend_B","Strike_B"]},{"damage_healed":0,"gold_gain":0,"player_choice":"Ignored","damage_taken":0,"max_hp_gain":0,"max_hp_loss":0,"event_name":"Ghosts","floor":20,"gold_loss":0},{"damage_healed":0,"gold_gain":0,"player_choice":"Traded Relic","damage_taken":0,"relics_obtained":["Nloth\u0027s Gift"],"max_hp_gain":0,"max_hp_loss":0,"event_name":"N\u0027loth","floor":21,"relics_lost":["Cracked Core"],"gold_loss":0},{"damage_healed":0,"gold_gain":0,"player_choice":"Copied","damage_taken":0,"max_hp_gain":0,"max_hp_loss":0,"event_name":"Duplicator","floor":31,"gold_loss":0,"cards_obtained":["Core Surge"]},{"damage_healed":0,"gold_gain":0,"player_choice":"Fight","damage_taken":0,"max_hp_gain":0,"max_hp_loss":0,"event_name":"Mysterious Sphere","floor":38,"gold_loss":0}],"is_beta":false,"boss_relics":[{"not_picked":["Empty Cage","Ectoplasm"],"picked":"Cursed Key"},{"not_picked":["Runic Pyramid","Coffee Dripper"],"picked":"Busted Crown"}],"items_purged_floors":[22,39],"is_endless":false,"potions_floor_spawned":[3,7,13,14,19,23,24,25,27,28,30,33,35,36,38,41,42,44,47,48],"ascension_level":1}}