{"host":"ifd7sfhtlbe34qll","time":1611619217,"event":{"mods":["2.2 Compatiblity","Act Like it!","BaseMod","Block Reminder","Colored Map","Curses Come First","Highlight Path","Minty Spire (QoL Compilation)","Potion Indicator Mod","Quick Restart","Random Character Button","Relic Stats","StSLib"],"gold_per_floor":[116,132,143,113,130,159,159,176,176,101,101,134,134,95,95,169,169,182,201,101,117,133,133,158,158,229,245,265,265,265],"floor_reached":29,"language":"ENG","playtime":2340,"items_purged":["Strike_R","Strike_R"],"score":664,"play_id":"7044cdeb-8a27-4976-aa42-8234cbbc948e","local_time":"20210125180017","is_ascension_mode":true,"campfire_choices":[{"data":"Carnage","floor":7,"key":"SMITH"},{"data":"Demon Form","floor":11,"key":"SMITH"},{"data":"Bash","floor":13,"key":"SMITH"},{"data":"Fiend Fire","floor":15,"key":"SMITH"},{"data":"Immolate","floor":23,"key":"SMITH"},{"data":"True Grit","floor":25,"key":"SMITH"}],"circlet_count":0,"master_deck":["AscendersBane","Strike_R","Strike_R","Strike_R","Defend_R","Defend_R","Defend_R","Defend_R","Bash+1","Carnage+1","Clothesline","Cleave","Seeing Red","Demon Form+1","Pommel Strike","Fiend Fire+1","Whirlwind","Immolate+1","True Grit+1","Thunderclap","Havoc","Spot Weakness","Sword Boomerang","Corruption"],"relics":["SacredBark","Juzu Bracelet","Meat on the Bone","Gambling Chip","Coffee Dripper","Ornamental Fan","Matryoshka"],"acts_visited":["Exordium","TheCity"],"potions_floor_usage":[5,6,19,22,29],"damage_taken":[{"damage":4.0,"enemies":"Small Slimes","floor":1.0,"turns":5.0},{"damage":1.0,"enemies":"Cultist","floor":2.0,"turns":3.0},{"damage":6,"enemies":"Jaw Worm","floor":3,"turns":4},{"damage":3,"enemies":"Exordium Wildlife","floor":5,"turns":7},{"damage":6,"enemies":"Gremlin Nob","floor":6,"turns":3},{"damage":4,"enemies":"2 Fungi Beasts","floor":8,"turns":2},{"damage":15,"enemies":"Lagavulin","floor":12,"turns":5},{"damage":0,"enemies":"Slime Boss","floor":16,"turns":6},{"damage":25,"enemies":"Spheric Guardian","floor":18,"turns":4},{"damage":7,"enemies":"Chosen","floor":19,"turns":3},{"damage":26,"enemies":"Snake Plant","floor":21,"turns":4},{"damage":29,"enemies":"Centurion and Healer","floor":22,"turns":4},{"damage":0,"enemies":"Gremlin Leader","floor":24,"turns":4},{"damage":0,"enemies":"Snecko","floor":27,"turns":2},{"damage":15,"enemies":"Snake Plant","floor":28,"turns":3},{"damage":48,"enemies":"Slavers","floor":29,"turns":3}],"seed_played":"7846965908200646118","potions_obtained":[{"floor":1.0,"key":"EssenceOfSteel"},{"floor":2.0,"key":"BlessingOfTheForge"},{"floor":4,"key":"Strength Potion"},{"floor":5,"key":"SpeedPotion"},{"floor":6,"key":"Ancient Potion"},{"floor":21,"key":"Strength Potion"}],"is_trial":false,"path_per_floor":["M","M","M","?","M","E","R","M","T","$","R","E","R","$","R","B",null,"M","M","$","M","M","R","E","R","T","M","M","E"],"character_chosen":"IRONCLAD","items_purchased":["Whirlwind"],"campfire_rested":0,"item_purchase_floors":[14],"current_hp_per_floor":[64,63,57,57,54,48,48,44,44,44,44,41,41,41,41,41,67,42,47,47,33,16,16,28,28,28,40,37,0,0],"gold":265,"neow_bonus":"BOSS_RELIC","is_daily":false,"chose_seed":false,"campfire_upgraded":6,"win_rate":0.0,"timestamp":1611619217,"path_taken":["M","M","M","?","?","E","R","M","T","$","R","E","R","?","R","BOSS","M","M","$","M","M","R","E","R","T","M","M","E"],"items_purchased_type":["Card"],"build_version":"2020-12-22","purchased_purges":2,"victory":false,"max_hp_per_floor":[75,75,75,75,75,75,75,75,75,75,75,75,75,75,75,75,75,75,75,75,75,75,75,75,75,75,75,75,75,75],"relic_stats":{"counters":[16,62],"Ornamental Fan":[8],"Gambling Chip":[26],"Juzu Bracelet":0,"obtain_stats":[{"Matryoshka":26,"Ornamental Fan":24,"SacredBark":0,"Gambling Chip":12,"Juzu Bracelet":6,"Coffee Dripper":17,"Burning Blood":0,"Meat on the Bone":9},{"Matryoshka":13,"Ornamental Fan":13,"SacredBark":0,"Gambling Chip":7,"Juzu Bracelet":5,"Coffee Dripper":8,"Burning Blood":0,"Meat on the Bone":6},{"Matryoshka":54,"Ornamental Fan":54,"SacredBark":0,"Gambling Chip":29,"Juzu Bracelet":22,"Coffee Dripper":35,"Burning Blood":0,"Meat on the Bone":24}],"Meat on the Bone":84},"card_choices":[{"not_picked":["Uppercut","Iron Wave"],"picked":"Carnage","floor":1.0},{"not_picked":["Seeing Red","Infernal Blade"],"picked":"Clothesline","floor":2.0},{"not_picked":["Clash","Body Slam"],"picked":"Cleave","floor":3},{"not_picked":["Havoc","Intimidate"],"picked":"Seeing Red","floor":5},{"not_picked":["Spot Weakness","Fire Breathing"],"picked":"Demon Form","floor":6},{"not_picked":["Dual Wield","Havoc"],"picked":"Pommel Strike","floor":8},{"not_picked":["Body Slam","Heavy Blade"],"picked":"Fiend Fire","floor":12},{"not_picked":["Double Tap","Exhume"],"picked":"Immolate","floor":16},{"not_picked":["Wild Strike+1","Havoc"],"picked":"True Grit","floor":18},{"not_picked":["Clash","Seeing Red"],"picked":"Thunderclap","floor":19},{"not_picked":["Sever Soul","Rage"],"picked":"Havoc","floor":21},{"not_picked":["Sever Soul","Wild Strike"],"picked":"Spot Weakness","floor":22},{"not_picked":["Headbutt","Intimidate+1"],"picked":"Sword Boomerang","floor":24},{"not_picked":["Clash","Perfected Strike"],"picked":"Corruption","floor":27},{"not_picked":["Rupture","Wild Strike","Twin Strike"],"picked":"SKIP","floor":28}],"player_experience":1451801,"relics_obtained":[{"floor":6,"key":"Juzu Bracelet"},{"floor":9,"key":"Meat on the Bone"},{"floor":12,"key":"Gambling Chip"},{"floor":24,"key":"Ornamental Fan"},{"floor":26,"key":"Matryoshka"}],"event_choices":[{"damage_healed":0,"gold_gain":0,"player_choice":"Bought 2 Potions","damage_taken":0,"max_hp_gain":0,"max_hp_loss":0,"event_name":"The Woman in Blue","floor":4,"gold_loss":0}],"is_beta":false,"boss_relics":[{"not_picked":["Sozu","Runic Pyramid"],"picked":"Coffee Dripper"}],"items_purged_floors":[10,20],"is_endless":false,"potions_floor_spawned":[1,2,5,6,18,21],"killed_by":"Slavers","ascension_level":20}}