{"host":"va904f3s24glxxej","time":1611671690,"event":{"mods":["AchievementEnabler","BaseMod","Colored Powertips","Downfall","Hubris","Minty Spire (QoL Compilation)","Replay The Spire","StSLib","The Necromancer"],"gold_per_floor":[99,111,123,142,158,158,158,214,234,249,249,249,249,261,274,370,370,370,389,489,499,85,85,85,35,35,20,20,38,67,52,62,62,62,62],"floor_reached":33,"language":"ENG","playtime":2732,"items_purged":["bronze:Philosophize"],"score":297,"play_id":"4185e9d6-91d6-4bf6-b5f1-44e8b6ba0073","local_time":"20210126143450","is_ascension_mode":true,"campfire_choices":[{"data":"bronze:DigitalCarnage","floor":6,"key":"SMITH"},{"data":"bronze:MaxOutput","floor":13,"key":"SMITH"},{"data":"bronze:Mutator","floor":18,"key":"SMITH"},{"data":"bronze:OilSpill","floor":28,"key":"SMITH"}],"circlet_count":0,"master_deck":["bronze:Replicate","bronze:Goto","bronze:Separator","bronze:OilSpill+1","bronze:DigitalCarnage+1","bronze:SpaghettiCode+1","bronze:MaxOutput+1","bronze:Frontload","bronze:ForLoop","bronze:BronzeOrb+1","bronze:Mutator+1","bronze:SpaghettiCode+1","bronze:HyperBeam+1","bronze:ForceShield","bronze:BronzeOrb+1","bronze:HardenedForm","bronze:Fortify+1","bronze:Terminator+1","expansioncontent:DashGenerateEvil+1","bronze:Repair+1"],"relics":["bronze:BronzeCore","Ornamental Fan","Pet Ghost","Molten Egg 2","Pandora\u0027s Box","downfall:GremlinWheel","Guide Book","Nilry\u0027s Codex","StrikeDummy","Bottled Tornado","Peace Pipe"],"acts_visited":["Exordium","TheCity"],"potions_floor_usage":[8,16,16,22,22,30,31],"damage_taken":[{"damage":0,"enemies":"2 Louse","floor":2,"turns":3},{"damage":6,"enemies":"Small Slimes","floor":3,"turns":2},{"damage":6,"enemies":"Jaw Worm","floor":4,"turns":3},{"damage":10,"enemies":"Exordium Thugs","floor":5,"turns":2},{"damage":18,"enemies":"Lagavulin Event","floor":8,"turns":3},{"damage":0,"enemies":"Red Slaver","floor":9,"turns":1},{"damage":0,"enemies":"2 Fungi Beasts","floor":10,"turns":2},{"damage":7,"enemies":"Large Slime","floor":14,"turns":3},{"damage":18,"enemies":"Exordium Wildlife","floor":15,"turns":3},{"damage":51,"enemies":"DF_ARCHETYPE_STREAMLINE","floor":16,"turns":9},{"damage":0,"enemies":"Chosen","floor":19,"turns":4},{"damage":23,"enemies":"Chosen","floor":20,"turns":4},{"damage":10,"enemies":"Shell Parasite","floor":21,"turns":3},{"damage":0,"enemies":"downfall:FleeingMerchant","floor":22,"turns":4},{"damage":4,"enemies":"downfall:FleeingMerchant","floor":27,"turns":4},{"damage":0,"enemies":"Chosen and Byrds","floor":29,"turns":3},{"damage":10,"enemies":"Replay:Snechameleon","floor":30,"turns":5},{"damage":13,"enemies":"downfall:FleeingMerchant","floor":31,"turns":4},{"damage":24,"enemies":"Centurion and Healer","floor":32,"turns":4},{"damage":61,"enemies":"IC_MUSHROOM_ARCHETYPE","floor":33,"turns":6}],"seed_played":"-8296144567523908043","potions_obtained":[{"floor":5,"key":"SkillPotion"},{"floor":8,"key":"bronze:BuildAFunctionPotion"},{"floor":9,"key":"FearPotion"},{"floor":14,"key":"Doom Potion"},{"floor":15,"key":"bronze:BurnAndBuffPotion"},{"floor":16,"key":"SneckoOil"},{"floor":20,"key":"SpeedPotion"},{"floor":29,"key":"Adrenaline Potion"},{"floor":30,"key":"SkillPotion"}],"is_trial":false,"path_per_floor":["R","M","M","M","M","R","T","?","M","M","?","T","R","M","M","B",null,"R","M","?","M","$","?","T","?","T","$","R","M","E","$","M","B"],"character_chosen":"THE_AUTOMATON","items_purchased":["Guide Book","expansioncontent:DashGenerateEvil"],"campfire_rested":0,"item_purchase_floors":[22,22],"current_hp_per_floor":[75,75,69,63,53,53,53,35,35,35,85,85,85,78,60,9,85,85,85,62,52,52,36,36,67,67,63,63,63,63,60,46,0,0,0],"gold":62,"neow_bonus":"TRANSFORM_CARD","is_daily":false,"chose_seed":false,"campfire_upgraded":4,"win_rate":0.0,"timestamp":1611671690,"path_taken":["R","M","M","M","M","R","T","?","M","M","?","?","R","M","M","BOSS","R","M","?","M","?","?","T","?","?","$","R","M","E","?","M","BOSS"],"items_purchased_type":["Relic","Card"],"build_version":"2020-12-22","purchased_purges":1,"victory":false,"max_hp_per_floor":[75,75,75,75,75,75,75,75,75,75,85,85,85,85,85,85,85,85,85,85,85,85,85,85,85,85,85,85,85,85,85,85,85,85,85],"card_choices":[{"not_picked":["bronze:OilSpill","bronze:FollowUp"],"picked":"bronze:Separator","floor":2},{"not_picked":["bronze:DelayedSlice","bronze:WhirlingStrike"],"picked":"bronze:OilSpill","floor":3},{"not_picked":["bronze:Branch","bronze:Turbo"],"picked":"bronze:DigitalCarnage","floor":4},{"not_picked":["bronze:Boost","bronze:ChildClass"],"picked":"bronze:SpaghettiCode","floor":5},{"not_picked":["bronze:Iterate","bronze:Shell"],"picked":"bronze:MaxOutput","floor":9},{"not_picked":["bronze:WhirlingStrike","bronze:Invalidate"],"picked":"bronze:Frontload","floor":10},{"not_picked":["bronze:Flail+1","bronze:FollowUp+1"],"picked":"bronze:ForLoop","floor":14},{"not_picked":["bronze:DelayedSlice+1","bronze:DarkDash+1"],"picked":"bronze:BronzeOrb+1","floor":15},{"not_picked":["bronze:RecursiveStrike+1","bronze:HyperBeam+1"],"picked":"bronze:Mutator","floor":16},{"not_picked":["bronze:WildBeam+1","bronze:Safeguard+1","bronze:Boost+1"],"picked":"SKIP","floor":19},{"not_picked":["bronze:Shield","bronze:NullPointer+1","bronze:BuggyMess"],"picked":"SKIP","floor":21},{"not_picked":["bronze:BitShift+1","bronze:CutThrough+1"],"picked":"bronze:Terminator+1","floor":22},{"not_picked":["bronze:DigitalCarnage+1","bronze:Overheat+1"],"picked":"bronze:Repair+1","floor":27},{"not_picked":["bronze:DelayedGuard","bronze:FollowUp+1","bronze:ThunderWave+1"],"picked":"SKIP","floor":29},{"not_picked":["bronze:Frontload","bronze:ChildClass","bronze:BuggyMess"],"picked":"SKIP","floor":30},{"not_picked":["bronze:Shield","bronze:Terminator","bronze:ThunderWave+1"],"picked":"SKIP","floor":31},{"not_picked":["bronze:Safeguard","bronze:WhirlingStrike+1","bronze:BuggyMess"],"picked":"SKIP","floor":32}],"player_experience":763726,"relics_obtained":[{"floor":7,"key":"Ornamental Fan"},{"floor":8,"key":"Pet Ghost"},{"floor":12,"key":"Molten Egg 2"},{"floor":20,"key":"downfall:GremlinWheel"},{"floor":23,"key":"Nilry\u0027s Codex"},{"floor":24,"key":"StrikeDummy"},{"floor":26,"key":"Bottled Tornado"},{"floor":30,"key":"Peace Pipe"}],"event_choices":[{"damage_healed":0,"gold_gain":0,"player_choice":"Donut","damage_taken":0,"max_hp_gain":5,"max_hp_loss":0,"event_name":"Big Fish","floor":1,"gold_loss":0}],"is_beta":false,"boss_relics":[{"not_picked":["hubris:TerracottaHorce","Snecko Heart"],"picked":"Pandora\u0027s Box"}],"items_purged_floors":[22],"is_endless":false,"potions_floor_spawned":[5,8,9,14,15,16,20,29,30],"killed_by":"IC_MUSHROOM_ARCHETYPE","ascension_level":1}}