{"host":"lh9qfzqeqctr28d2","time":1611644383,"event":{"mods":["BaseMod","Luminous","Minty Spire (QoL Compilation)","Quick Restart","Relic Stats","Remilia£®¿Ÿ√◊¿Ú—«£©","Replay The Spire","StSLib","Yakumo Yukari mod"],"gold_per_floor":[117,133,152,163,181,208,208,241,267,267,232,243,276,290,290,367,367,382,393,127,127,144,144,157,157,180,208,208,222,232,242,242,315,415,429,429,449,449,449,475,486,486,565,565,582,632,651,424,424,424],"floor_reached":51,"language":"ZHS","playtime":2347,"items_purged":[],"score":1309,"play_id":"b21300b1-470a-487c-92af-5f5b2ccec9dc","local_time":"20210126145943","is_ascension_mode":true,"campfire_choices":[{"data":"ScarletImprint","floor":7.0,"key":"SMITH"},{"floor":10.0,"key":"REST"},{"data":"EternalNight","floor":15.0,"key":"SMITH"},{"floor":23.0,"key":"REST"},{"floor":25.0,"key":"REST"},{"data":"EmergencyRegeneration","floor":32,"key":"SMITH"},{"floor":42,"key":"REST"},{"floor":44,"key":"REST"}],"circlet_count":0,"master_deck":["AscendersBane","RedMoon+1","ScarletShoot+1","Stigmanizer","NightLord","EternalNight+1","RedRainbow+1","ScarletImprint+1","ScarletCoffin+1","DemonKingCradle+1","TransientEternity+1","ScarletMeister+1","DiffusionOfMisfortune","TricksterDevil+1","KillingBlow+1","EquivalentExchange+1","ChainGang+1","UnderTheZenith+1","MastersStateliness+1","MillenniumVampire+1","MillenniumVampire+1","EmergencyRegeneration+1","ScarletNetherworld+1","ReincarnationDial+1"],"relics":["ScarletHat","Torii","Bag of Marbles","Golden Egg","Gremlin Food","Bag of Preparation","ReplayFunnel","Pandora\u0027s Box","Mercury Hourglass","Nunchaku","Anchor","ReplayTheSpireMod:Shallot","Replay:Wanted Poster","Mango","War Paint","Eternal Feather","Replay:Arrowhead","Membership Card","ReplayTheSpireMod:TigerMarble"],"acts_visited":["Exordium","TheCity","TheBeyond"],"potions_floor_usage":[50],"damage_taken":[{"damage":0.0,"enemies":"Cultist","floor":1.0,"turns":4.0},{"damage":1.0,"enemies":"2 Louse","floor":2.0,"turns":3.0},{"damage":1.0,"enemies":"Small Slimes","floor":3.0,"turns":4.0},{"damage":0.0,"enemies":"Exordium Thugs","floor":4.0,"turns":3.0},{"damage":0.0,"enemies":"2 Fungi Beasts","floor":5.0,"turns":3.0},{"damage":21.0,"enemies":"Gremlin Nob","floor":6.0,"turns":4.0},{"damage":9.0,"enemies":"Lagavulin","floor":8.0,"turns":7.0},{"damage":0.0,"enemies":"3 Louse","floor":12.0,"turns":3.0},{"damage":12.0,"enemies":"Gremlin Nob","floor":13.0,"turns":4.0},{"damage":0.0,"enemies":"Looter","floor":14.0,"turns":1.0},{"damage":21.0,"enemies":"The Guardian","floor":16.0,"turns":10.0},{"damage":9.0,"enemies":"2 Thieves","floor":18.0,"turns":2.0},{"damage":1.0,"enemies":"3 Byrds","floor":19.0,"turns":4.0},{"damage":16.0,"enemies":"Snake Plant","floor":22.0,"turns":3.0},{"damage":44.0,"enemies":"Chosen and Byrds","floor":24.0,"turns":2.0},{"damage":40.0,"enemies":"Gremlin Leader","floor":27.0,"turns":3.0},{"damage":0,"enemies":"Snecko","floor":29,"turns":3},{"damage":0,"enemies":"3 Cultists","floor":30,"turns":2},{"damage":0,"enemies":"Cultist and Chosen","floor":31,"turns":2},{"damage":51,"enemies":"Champ","floor":33,"turns":7},{"damage":0,"enemies":"3 Darklings","floor":35,"turns":2},{"damage":6,"enemies":"3 Shapes","floor":37,"turns":3},{"damage":145,"enemies":"Reptomancer","floor":40,"turns":6},{"damage":94,"enemies":"Spire Growth","floor":41,"turns":4},{"damage":20,"enemies":"Sphere and 2 Shapes","floor":45,"turns":2},{"damage":22,"enemies":"2 Orb Walkers","floor":46,"turns":3},{"damage":24,"enemies":"4 Shapes","floor":47,"turns":2},{"damage":118,"enemies":"Donu and Deca","floor":50,"turns":5}],"seed_played":"-68872766755349176","potions_obtained":[{"floor":2.0,"key":"Weak Potion"},{"floor":4.0,"key":"Ancient Potion"},{"floor":5.0,"key":"AttackPotion"},{"floor":8.0,"key":"Energy Potion"},{"floor":12.0,"key":"Strength Potion"},{"floor":19.0,"key":"FearPotion"},{"floor":22.0,"key":"ColorlessPotion"},{"floor":24.0,"key":"Elixir"},{"floor":35,"key":"PowerPotion"}],"is_trial":false,"path_per_floor":["M","M","M","M","M","E","R","E","T","R","?","M","E","M","R","B",null,"M","M","$","?","M","R","M","R","T","E","$","M","M","M","R","B",null,"M","?","M","?","?","E","M","R","T","R","M","?","M","$","R","B",null],"character_chosen":"REMILIA","items_purchased":["Nunchaku","MastersStateliness","MillenniumVampire","Membership Card","ReplayTheSpireMod:TigerMarble"],"campfire_rested":5,"item_purchase_floors":[20,20,20,48,48],"current_hp_per_floor":[50,49,50,52,52,32,32,25,25,47,65,65,53,53,53,39,66,57,56,56,42,26,50,36,60,60,60,60,62,62,62,62,57,74,74,74,88,88,88,23,5,33,33,73,74,57,33,33,45,40],"gold":424,"neow_bonus":"ONE_RARE_RELIC","is_daily":false,"chose_seed":false,"campfire_upgraded":3,"win_rate":0.0,"timestamp":1611644383,"path_taken":["M","M","?","M","M","E","R","E","T","R","?","M","E","M","R","BOSS","M","M","$","?","M","R","M","R","T","E","?","M","M","M","R","BOSS","M","?","M","?","?","E","M","R","T","R","M","?","M","?","R","BOSS"],"items_purchased_type":["Relic","Card","Card","Relic","Relic"],"build_version":"2020-12-22","purchased_purges":0,"victory":true,"max_hp_per_floor":[75,75,75,75,75,75,75,75,75,75,75,75,75,75,75,75,75,75,75,75,80,80,80,80,80,80,80,80,80,80,80,80,80,80,80,80,94,94,94,94,94,94,94,94,94,94,94,94,94,94],"relic_stats":{"Nunchaku":[14],"Torii":16,"counters":[28,101],"Pandora\u0027s Box":["TransientEternity","ScarletMeister","DiffusionOfMisfortune","TricksterDevil","KillingBlow","EquivalentExchange","ChainGang","UnderTheZenith"],"Eternal Feather":24,"Bag of Preparation":[38],"War Paint":["RedMoon","ReincarnationDial"],"obtain_stats":[{"Gremlin Food":9,"ReplayFunnel":16,"Golden Egg":8,"Torii":0,"Mango":37,"Eternal Feather":43,"Bag of Preparation":13,"War Paint":40,"ScarletHat":0,"Replay:Arrowhead":46,"Mercury Hourglass":19,"Replay:Wanted Poster":34,"Nunchaku":20,"Anchor":26,"ReplayTheSpireMod:Shallot":27,"Pandora\u0027s Box":17,"Bag of Marbles":6,"ReplayTheSpireMod:TigerMarble":48,"Membership Card":48},{"Gremlin Food":7,"ReplayFunnel":11,"Golden Egg":7,"Torii":0,"Mango":22,"Eternal Feather":24,"Bag of Preparation":9,"War Paint":23,"ScarletHat":0,"Replay:Arrowhead":26,"Mercury Hourglass":13,"Replay:Wanted Poster":20,"Nunchaku":13,"Anchor":15,"ReplayTheSpireMod:Shallot":16,"Pandora\u0027s Box":11,"Bag of Marbles":6,"ReplayTheSpireMod:TigerMarble":27,"Membership Card":27},{"Gremlin Food":28,"ReplayFunnel":46,"Golden Egg":28,"Torii":0,"Mango":79,"Eternal Feather":89,"Bag of Preparation":35,"War Paint":85,"ScarletHat":0,"Replay:Arrowhead":94,"Mercury Hourglass":52,"Replay:Wanted Poster":74,"Nunchaku":52,"Anchor":57,"ReplayTheSpireMod:Shallot":60,"Pandora\u0027s Box":46,"Bag of Marbles":21,"ReplayTheSpireMod:TigerMarble":96,"Membership Card":96}],"Mercury Hourglass":[249]},"card_choices":[{"not_picked":["ScarletDevil","CharismaGuard"],"picked":"Stigmanizer","floor":1.0},{"not_picked":["NightDance","BloodHunter"],"picked":"NightLord","floor":2.0},{"not_picked":["UnstableMagic","NightDance"],"picked":"EternalNight","floor":3.0},{"not_picked":["Ultimatum","UnderTheZenith"],"picked":"RedRainbow","floor":4.0},{"not_picked":["DevilSight","UnstableMagic","VampireSweep"],"picked":"SKIP","floor":5.0},{"not_picked":["EquivalentExchange","UnstableMagic"],"picked":"ScarletImprint","floor":6.0},{"not_picked":["ChainGang","UltimateOffering","FitfulNightmare"],"picked":"SKIP","floor":8.0},{"not_picked":["FavorOfDestiny","UnderTheZenith","NightDance"],"picked":"SKIP","floor":12.0},{"not_picked":["ScarletGensokyo","FavorOfDestiny","DiffusionOfMisfortune"],"picked":"SKIP","floor":13.0},{"not_picked":["ScarletDevil","BlasphemousPunishment"],"picked":"ScarletCoffin","floor":14.0},{"not_picked":["ScarletCoffin","BloodyHallows"],"picked":"DemonKingCradle","floor":16.0},{"not_picked":["BloodHunter","DiffusionOfMisfortune","NightDance"],"picked":"SKIP","floor":18.0},{"not_picked":["NightDance+1","FavorOfDestiny","Septette+1"],"picked":"SKIP","floor":19.0},{"not_picked":["UnstableMagic","BombardNight"],"picked":"EmergencyRegeneration","floor":22.0},{"not_picked":["RedMagic","UnderTheZenith+1"],"picked":"ScarletNetherworld","floor":24.0},{"not_picked":["FavorOfDestiny","Stigmanizer+1","CurseOfVladTepes"],"picked":"SKIP","floor":27.0},{"not_picked":["FavorOfDestiny","TwelveNightmare","MastersStateliness"],"picked":"SKIP","floor":29},{"not_picked":["Stigmanizer","ScarletNetherworld","ScarletGensokyo"],"picked":"SKIP","floor":30},{"not_picked":["RedRainbow","EternalNight","DiffusionOfMisfortune"],"picked":"SKIP","floor":31},{"not_picked":["BombardNight","ScarletImprint","BlasphemousPunishment"],"picked":"SKIP","floor":35},{"not_picked":["ScarletDevil","VampireKiss"],"picked":"ReincarnationDial","floor":37},{"not_picked":["DiffusionOfMisfortune","ForecastOfChange","StarOfDavid+1"],"picked":"SKIP","floor":40},{"not_picked":["ScarletDevil+1","StarOfDavid+1","EndlessAdversity"],"picked":"SKIP","floor":41},{"not_picked":["StarOfDavid","BlasphemousPunishment+1","NightDance"],"picked":"SKIP","floor":45},{"not_picked":["DiffusionOfMisfortune","Stigmanizer","RedRainbow"],"picked":"SKIP","floor":47}],"player_experience":461404,"relics_obtained":[{"floor":6.0,"key":"Bag of Marbles"},{"floor":8.0,"key":"Golden Egg"},{"floor":9.0,"key":"Gremlin Food"},{"floor":13.0,"key":"Bag of Preparation"},{"floor":16.0,"key":"ReplayFunnel"},{"floor":19.0,"key":"Mercury Hourglass"},{"floor":26.0,"key":"Anchor"},{"floor":27.0,"key":"ReplayTheSpireMod:Shallot"},{"floor":37,"key":"Mango"},{"floor":40,"key":"War Paint"},{"floor":43,"key":"Eternal Feather"},{"floor":46,"key":"Replay:Arrowhead"}],"event_choices":[{"damage_healed":18.0,"max_hp_gain":0.0,"max_hp_loss":0.0,"gold_gain":0.0,"event_name":"The Cleric","player_choice":"Healed","floor":11.0,"gold_loss":35.0,"damage_taken":0.0},{"damage_healed":0.0,"max_hp_gain":5.0,"max_hp_loss":0.0,"gold_gain":0.0,"event_name":"Forgotten Altar","player_choice":"Shed Blood","floor":21.0,"gold_loss":0.0,"damage_taken":19.0},{"damage_healed":0,"gold_gain":0,"player_choice":"Memory 1","damage_taken":0,"max_hp_gain":0,"max_hp_loss":0,"event_name":"SensoryStone","floor":36,"gold_loss":0},{"damage_healed":0,"gold_gain":0,"player_choice":"Ignored","damage_taken":0,"max_hp_gain":0,"max_hp_loss":0,"event_name":"Tomb of Lord Red Mask","floor":39,"gold_loss":0},{"damage_healed":0,"gold_gain":0,"player_choice":"Fight","damage_taken":0,"max_hp_gain":0,"max_hp_loss":0,"event_name":"Mysterious Sphere","floor":46,"gold_loss":0}],"is_beta":false,"boss_relics":[{"not_picked":["APieceOfRedMist","Velvet Choker"],"picked":"Pandora\u0027s Box"},{"not_picked":["Painkiller Herb","SlaversCollar"],"picked":"Replay:Wanted Poster"}],"items_purged_floors":[],"is_endless":false,"potions_floor_spawned":[2,4,5,8,12,14,22,24,29,35,40,45,47],"ascension_level":13}}