{"host":"28p8ce41sjwa6lzf","time":1611678160,"event":{"mods":["BaseMod","Bestiary","Colored Map","Colored Powertips","Dark Map","Highlight Path","Minty Spire (QoL Compilation)","Permanent Neow","Quick Restart","Random Character Button","Rare Cards Sparkle","Relic Stats","StSLib","Unceasing Turn Reminder"],"gold_per_floor":[117,135,135,156,156,196,196,237,264,279,292,112,112,126,126,224,224,237,26,26,44,62,62,62],"floor_reached":23,"language":"ENG","playtime":1597,"items_purged":["Strike_B"],"score":406,"play_id":"3d16c118-9a5d-4a54-9441-b7cf43419741","local_time":"20210126102240","is_ascension_mode":true,"campfire_choices":[{"floor":7.0,"key":"REST"},{"data":"Hologram","floor":13.0,"key":"SMITH"},{"floor":15.0,"key":"REST"}],"circlet_count":0,"master_deck":["AscendersBane","Strike_B","Strike_B+1","Defend_B","Defend_B","Defend_B","Defend_B","Zap","Dualcast","Buffer+1","Streamline","Rebound","Genetic Algorithm","Ball Lightning","Machine Learning","Static Discharge","Coolheaded","Hologram+1","Heatsinks","Conserve Battery","Biased Cognition","Cold Snap+1","Thunder Strike","Force Field","Capacitor","Heatsinks"],"relics":["Cracked Core","Golden Idol","Art of War","Happy Flower","Lantern","SlaversCollar"],"acts_visited":["Exordium","TheCity"],"potions_floor_usage":[22,23],"damage_taken":[{"damage":0.0,"enemies":"Cultist","floor":1.0,"turns":4.0},{"damage":0.0,"enemies":"Small Slimes","floor":2.0,"turns":3.0},{"damage":12.0,"enemies":"Jaw Worm","floor":4.0,"turns":2.0},{"damage":15.0,"enemies":"3 Sentries","floor":6.0,"turns":7.0},{"damage":15.0,"enemies":"Lagavulin","floor":8.0,"turns":5.0},{"damage":3.0,"enemies":"Blue Slaver","floor":10.0,"turns":4.0},{"damage":6.0,"enemies":"Lots of Slimes","floor":11.0,"turns":3.0},{"damage":4.0,"enemies":"2 Fungi Beasts","floor":14.0,"turns":3.0},{"damage":11.0,"enemies":"The Guardian","floor":16.0,"turns":10.0},{"damage":26.0,"enemies":"2 Thieves","floor":18.0,"turns":3.0},{"damage":12,"enemies":"Spheric Guardian","floor":21,"turns":5},{"damage":12,"enemies":"Shelled Parasite and Fungi","floor":22,"turns":6},{"damage":4,"enemies":"Slavers","floor":23,"turns":2}],"seed_played":"-6023365416482670375","potions_obtained":[{"floor":2.0,"key":"Fire Potion"},{"floor":6.0,"key":"SteroidPotion"},{"floor":16.0,"key":"FocusPotion"},{"floor":21,"key":"FocusPotion"}],"is_trial":false,"path_per_floor":["M","M","?","M","?","E","R","E","T","M","M","$","R","M","R","B",null,"M","$","?","M","M","E"],"character_chosen":"DEFECT","items_purchased":["Hologram","Heatsinks","Thunder Strike","Explosive Potion"],"campfire_rested":2,"item_purchase_floors":[12,12,19,19],"current_hp_per_floor":[64,64,64,52,33,18,37,22,22,19,13,13,13,9,28,17,52,26,26,26,14,2,0,0],"gold":62,"neow_bonus":"ONE_RANDOM_RARE_CARD","is_daily":false,"chose_seed":false,"campfire_upgraded":1,"win_rate":0.0,"timestamp":1611678160,"path_taken":["M","M","?","M","?","E","R","E","T","M","M","$","R","M","R","BOSS","M","$","?","?","M","E"],"items_purchased_type":["Card","Card","Card","Potion"],"build_version":"2020-12-22","purchased_purges":1,"victory":false,"max_hp_per_floor":[71,71,64,64,64,64,64,64,64,64,64,64,64,64,64,64,64,64,64,64,64,64,64,64],"relic_stats":{"Happy Flower":[12],"counters":[13,57],"Golden Idol":60,"Art of War":[7],"obtain_stats":[{"SlaversCollar":17,"Lantern":9,"Happy Flower":8,"Golden Idol":3,"Art of War":6,"Cracked Core":0},{"SlaversCollar":9,"Lantern":5,"Happy Flower":5,"Golden Idol":2,"Art of War":4,"Cracked Core":0},{"SlaversCollar":41,"Lantern":21,"Happy Flower":21,"Golden Idol":7,"Art of War":16,"Cracked Core":0}]},"card_choices":[{"not_picked":["Beam Cell","Skim"],"picked":"Streamline","floor":1.0},{"not_picked":["Turbo","Consume"],"picked":"Rebound","floor":2.0},{"not_picked":["White Noise","Doom and Gloom"],"picked":"Genetic Algorithm","floor":4.0},{"not_picked":["Stack","Turbo"],"picked":"Ball Lightning","floor":6.0},{"not_picked":["Barrage","Streamline"],"picked":"Machine Learning","floor":8.0},{"not_picked":["Hello World","Streamline"],"picked":"Static Discharge","floor":10.0},{"not_picked":["Ball Lightning","Machine Learning"],"picked":"Coolheaded","floor":11.0},{"not_picked":["Streamline","FTL"],"picked":"Conserve Battery","floor":14.0},{"not_picked":["All For One","Electrodynamics"],"picked":"Biased Cognition","floor":16.0},{"not_picked":["Leap","Ball Lightning"],"picked":"Cold Snap+1","floor":18.0},{"not_picked":["Streamline","Sunder"],"picked":"Capacitor","floor":21},{"not_picked":["Barrage","Leap"],"picked":"Heatsinks","floor":22}],"player_experience":1178866,"relics_obtained":[{"floor":6.0,"key":"Art of War"},{"floor":8.0,"key":"Happy Flower"},{"floor":9.0,"key":"Lantern"}],"event_choices":[{"damage_healed":0.0,"max_hp_gain":0.0,"max_hp_loss":7.0,"gold_gain":0.0,"event_name":"Golden Idol","player_choice":"Lose Max HP","floor":3.0,"gold_loss":0.0,"damage_taken":0.0,"relics_obtained":["Golden Idol"]},{"damage_healed":0.0,"max_hp_gain":0.0,"max_hp_loss":0.0,"gold_gain":0.0,"event_name":"Shining Light","player_choice":"Entered Light","floor":5.0,"gold_loss":0.0,"damage_taken":19.0,"cards_upgraded":["Strike_B","Buffer"]},{"damage_healed":0.0,"max_hp_gain":0.0,"max_hp_loss":0.0,"gold_gain":0.0,"cards_transformed":["Strike_B"],"event_name":"Transmorgrifier","player_choice":"Transformed","floor":20.0,"gold_loss":0.0,"damage_taken":0.0,"cards_obtained":["Force Field"]}],"is_beta":false,"boss_relics":[{"not_picked":["Velvet Choker","FrozenCore"],"picked":"SlaversCollar"}],"items_purged_floors":[12],"is_endless":false,"potions_floor_spawned":[2,6,16,21],"killed_by":"Slavers","ascension_level":20}}