{"host":"Krakhan","time":1611634921,"event":{"mods":["AchievementEnabler","BaseMod","Colored Map","Colored Powertips","Faster Ascension Climbing","Highlight Path","Minty Spire (QoL Compilation)","Rare Cards Sparkle","Relic Stats","StSLib"],"gold_per_floor":[118,268,287,9,27,27,42,42,42,70,70,81,92,108,108,181,181,195,195,195,8,27,54,70,70,124,224,241,274,274,294,294,373,373,390,410,155,175,186,217,217,217,217,217,251,251,251,278,278,278,278,278,278,32,58,58],"floor_reached":57,"language":"ENG","playtime":6654,"items_purged":["Doubt","Writhe","Strike_G"],"score":2989,"play_id":"c85c0cd5-b834-49bc-9a91-d1fbbfe517f4","local_time":"20210125232201","is_ascension_mode":true,"campfire_choices":[{"data":"Blade Dance","floor":6.0,"key":"SMITH"},{"data":"Calculated Gamble","floor":8.0,"key":"SMITH"},{"data":"Finisher","floor":15.0,"key":"SMITH"},{"floor":25.0,"key":"REST"},{"floor":30.0,"key":"REST"},{"floor":32.0,"key":"REST"},{"floor":41.0,"key":"RECALL"},{"floor":44.0,"key":"REST"},{"floor":46.0,"key":"REST"},{"floor":49.0,"key":"REST"},{"floor":53.0,"key":"REST"}],"circlet_count":0,"master_deck":["AscendersBane","Strike_G","Strike_G","Strike_G","Defend_G","Defend_G","Defend_G","Defend_G","Defend_G","Survivor","Neutralize","Blade Dance+1","Sucker Punch","Calculated Gamble+1","Finisher+1","Endless Agony","Well Laid Plans","Underhanded Strike","Backflip","Backflip","After Image","Deflect","Apotheosis","Backflip","Calculated Gamble","Acrobatics","Reflex","After Image","Slice","Wraith Form v2","CurseOfTheBell","Blade Dance","Acrobatics","Escape Plan","Prepared+1","Caltrops","Finisher","Venomology","Accuracy","Concentrate"],"relics":["Ring of the Snake","Tingsha","Lee\u0027s Waffle","Bird Faced Urn","Fusion Hammer","Ninja Scroll","Ancient Tea Set","Smiling Mask","Turnip","Sundial","Paper Crane","Calling Bell","Juzu Bracelet","InkBottle","Tough Bandages","Frozen Eye","MealTicket","Darkstone Periapt","CaptainsWheel","Pocketwatch","TheAbacus","Mercury Hourglass"],"acts_visited":["Exordium","TheCity","TheBeyond","TheEnding"],"potions_floor_usage":[56],"damage_taken":[{"damage":8.0,"enemies":"Jaw Worm","floor":1.0,"turns":4.0},{"damage":4.0,"enemies":"Small Slimes","floor":3.0,"turns":4.0},{"damage":0.0,"enemies":"2 Louse","floor":5.0,"turns":2.0},{"damage":0.0,"enemies":"2 Fungi Beasts","floor":7.0,"turns":3.0},{"damage":20.0,"enemies":"3 Sentries","floor":10.0,"turns":7.0},{"damage":6.0,"enemies":"3 Louse","floor":12.0,"turns":3.0},{"damage":0.0,"enemies":"Large Slime","floor":13.0,"turns":3.0},{"damage":0.0,"enemies":"Blue Slaver","floor":14.0,"turns":1.0},{"damage":20.0,"enemies":"The Guardian","floor":16.0,"turns":13.0},{"damage":4.0,"enemies":"Shell Parasite","floor":18.0,"turns":2.0},{"damage":0.0,"enemies":"Spheric Guardian","floor":22.0,"turns":3.0},{"damage":37.0,"enemies":"Gremlin Leader","floor":23.0,"turns":9.0},{"damage":1.0,"enemies":"Snake Plant","floor":24.0,"turns":4.0},{"damage":0.0,"enemies":"Colosseum Slavers","floor":27.0,"turns":3.0},{"damage":8.0,"enemies":"Colosseum Nobs","floor":27.0,"turns":5.0},{"damage":7.0,"enemies":"3 Cultists","floor":28.0,"turns":4.0},{"damage":22.0,"enemies":"Slavers","floor":29.0,"turns":7.0},{"damage":5.0,"enemies":"Chosen and Byrds","floor":31.0,"turns":4.0},{"damage":0.0,"enemies":"Champ","floor":33.0,"turns":12.0},{"damage":6.0,"enemies":"Orb Walker","floor":35.0,"turns":4.0},{"damage":24.0,"enemies":"3 Shapes","floor":36.0,"turns":5.0},{"damage":0.0,"enemies":"Spire Growth","floor":38.0,"turns":4.0},{"damage":0.0,"enemies":"3 Darklings","floor":39.0,"turns":5.0},{"damage":0.0,"enemies":"Giant Head","floor":40.0,"turns":6.0},{"damage":0.0,"enemies":"Reptomancer","floor":45.0,"turns":9.0},{"damage":6.0,"enemies":"Nemesis","floor":48.0,"turns":5.0},{"damage":0.0,"enemies":"Donu and Deca","floor":50.0,"turns":8.0},{"damage":19.0,"enemies":"Awakened One","floor":51.0,"turns":15.0},{"damage":30.0,"enemies":"Shield and Spear","floor":55.0,"turns":8.0},{"damage":45,"enemies":"The Heart","floor":56,"turns":10}],"seed_played":"1535200408844573075","potions_obtained":[{"floor":7.0,"key":"Weak Potion"},{"floor":10.0,"key":"Explosive Potion"},{"floor":12.0,"key":"CunningPotion"},{"floor":22.0,"key":"PowerPotion"},{"floor":24.0,"key":"Explosive Potion"},{"floor":29.0,"key":"Swift Potion"},{"floor":38.0,"key":"SpeedPotion"},{"floor":48.0,"key":"Strength Potion"}],"is_trial":false,"path_per_floor":["M","?","M","$","M","R","M","R","T","E","?","M","M","M","R","B",null,"M","?","?","$","M","E","M","R","T","?","M","E","R","M","R","B",null,"M","M","$","M","M","E","R","?","T","R","E","R","?","E","R","B","B",null,"R","$","E","B",null],"character_chosen":"THE_SILENT","items_purchased":["Lee\u0027s Waffle","Calculated Gamble","Apotheosis","Frozen Eye","Escape Plan","Accuracy","TheAbacus"],"campfire_rested":7,"item_purchase_floors":[4,4,21,37,37,54,54],"current_hp_per_floor":[36,36,32,73,73,73,73,73,73,53,46,42,44,44,44,26,61,61,61,40,40,44,13,16,39,39,37,34,16,39,40,63,69,76,78,61,61,67,75,78,78,74,74,74,74,74,74,72,74,74,61,71,74,74,52,19],"gold":58,"neow_bonus":"ONE_RARE_RELIC","is_daily":false,"chose_seed":false,"campfire_upgraded":3,"win_rate":0.0,"timestamp":1611634921,"path_taken":["M","?","M","$","M","R","M","R","T","E","?","M","M","M","R","BOSS","M","?","?","$","M","E","M","R","T","?","M","E","R","M","R","BOSS","M","M","$","M","M","E","R","?","T","R","E","R","?","E","R","BOSS","BOSS","R","$","E","BOSS"],"items_purchased_type":["Relic","Card","Card","Relic","Card","Card","Relic"],"build_version":"2020-12-18","purchased_purges":3,"victory":true,"max_hp_per_floor":[66,66,66,73,73,73,73,73,73,73,73,73,73,73,73,73,73,73,73,78,78,78,78,78,78,78,78,78,78,78,78,78,78,78,78,78,78,78,78,78,78,74,74,74,74,74,74,74,74,74,74,74,74,74,74,74],"relic_stats":{"Darkstone Periapt":0,"Lee\u0027s Waffle":41,"counters":[30,172],"Tingsha":[1389],"Juzu Bracelet":0,"Smiling Mask":125,"Mercury Hourglass":[30],"Tough Bandages":[990],"TheAbacus":[36],"Sundial":[26],"Bird Faced Urn":[112],"MealTicket":0,"Turnip":[6],"obtain_stats":[{"Darkstone Periapt":43,"Lee\u0027s Waffle":4,"Tingsha":0,"Juzu Bracelet":34,"Paper Crane":29,"Ancient Tea Set":23,"Smiling Mask":26,"Mercury Hourglass":55,"Calling Bell":34,"Frozen Eye":37,"Tough Bandages":34,"CaptainsWheel":45,"TheAbacus":54,"Ninja Scroll":19,"Sundial":27,"Bird Faced Urn":10,"MealTicket":40,"Fusion Hammer":17,"Turnip":27,"InkBottle":34,"Ring of the Snake":0,"Pocketwatch":48},{"Darkstone Periapt":24,"Lee\u0027s Waffle":2,"Tingsha":0,"Juzu Bracelet":19,"Paper Crane":17,"Ancient Tea Set":12,"Smiling Mask":13,"Mercury Hourglass":29,"Calling Bell":19,"Frozen Eye":21,"Tough Bandages":19,"CaptainsWheel":25,"TheAbacus":28,"Ninja Scroll":10,"Sundial":15,"Bird Faced Urn":5,"MealTicket":24,"Fusion Hammer":9,"Turnip":15,"InkBottle":19,"Ring of the Snake":0,"Pocketwatch":26},{"Darkstone Periapt":117,"Lee\u0027s Waffle":8,"Tingsha":0,"Juzu Bracelet":93,"Paper Crane":77,"Ancient Tea Set":54,"Smiling Mask":58,"Mercury Hourglass":162,"Calling Bell":93,"Frozen Eye":102,"Tough Bandages":93,"CaptainsWheel":126,"TheAbacus":154,"Ninja Scroll":42,"Sundial":66,"Bird Faced Urn":20,"MealTicket":117,"Fusion Hammer":40,"Turnip":66,"InkBottle":93,"Ring of the Snake":0,"Pocketwatch":131}],"InkBottle":[69],"Ring of the Snake":[58],"Pocketwatch":[9]},"card_choices":[{"not_picked":["Acrobatics","Prepared"],"picked":"Blade Dance","floor":1.0},{"not_picked":["Deflect","Deadly Poison"],"picked":"Sucker Punch","floor":3.0},{"not_picked":["Poisoned Stab","Concentrate"],"picked":"Finisher","floor":5.0},{"not_picked":["Choke","Dodge and Roll"],"picked":"Endless Agony","floor":7.0},{"not_picked":["Night Terror","Underhanded Strike"],"picked":"Well Laid Plans","floor":10.0},{"not_picked":["Catalyst","Endless Agony"],"picked":"Underhanded Strike","floor":12.0},{"not_picked":["Blade Dance","Flying Knee"],"picked":"Backflip","floor":13.0},{"not_picked":["Bane","Heel Hook"],"picked":"Backflip","floor":14.0},{"not_picked":["A Thousand Cuts","Glass Knife"],"picked":"After Image","floor":16.0},{"not_picked":["Outmaneuver","Masterful Stab+1"],"picked":"Deflect","floor":18.0},{"not_picked":["Well Laid Plans","Finisher"],"picked":"Backflip","floor":22.0},{"not_picked":["Masterful Stab","Backflip+1"],"picked":"Calculated Gamble","floor":23.0},{"not_picked":["Endless Agony+1","Flying Knee"],"picked":"Acrobatics","floor":24.0},{"not_picked":["Dagger Spray","Quick Slash"],"picked":"Reflex","floor":28.0},{"not_picked":["Backstab","Dodge and Roll+1"],"picked":"After Image","floor":29.0},{"not_picked":["Poisoned Stab","Expertise"],"picked":"Slice","floor":31.0},{"not_picked":["Malaise","Die Die Die"],"picked":"Wraith Form v2","floor":33.0},{"not_picked":["Dagger Spray+1","Cloak And Dagger+1"],"picked":"Blade Dance","floor":35.0},{"not_picked":["Outmaneuver","Deflect"],"picked":"Acrobatics","floor":36.0},{"not_picked":["Leg Sweep","Backflip+1"],"picked":"Prepared+1","floor":38.0},{"not_picked":["Slice","Endless Agony"],"picked":"Caltrops","floor":39.0},{"not_picked":["Flying Knee","Blade Dance"],"picked":"Finisher","floor":40.0},{"not_picked":["Bane","Deadly Poison","Blade Dance"],"picked":"SKIP","floor":45.0},{"not_picked":["Bane","Deadly Poison","Blade Dance"],"picked":"SKIP","floor":45.0},{"not_picked":["Noxious Fumes+1","Blade Dance"],"picked":"Venomology","floor":48.0},{"not_picked":["Finisher","Poisoned Stab"],"picked":"Concentrate","floor":55.0}],"player_experience":1367035,"relics_obtained":[{"floor":10.0,"key":"Bird Faced Urn"},{"floor":23.0,"key":"Ancient Tea Set"},{"floor":26.0,"key":"Smiling Mask"},{"floor":27.0,"key":"Turnip"},{"floor":27.0,"key":"Sundial"},{"floor":29.0,"key":"Paper Crane"},{"floor":34.0,"key":"Juzu Bracelet"},{"floor":34.0,"key":"InkBottle"},{"floor":34.0,"key":"Tough Bandages"},{"floor":40.0,"key":"MealTicket"},{"floor":43.0,"key":"Darkstone Periapt"},{"floor":45.0,"key":"CaptainsWheel"},{"floor":48.0,"key":"Pocketwatch"},{"floor":55.0,"key":"Mercury Hourglass"}],"event_choices":[{"damage_healed":0.0,"max_hp_gain":0.0,"max_hp_loss":0.0,"gold_gain":150.0,"event_name":"Liars Game","player_choice":"AGREE","floor":2.0,"gold_loss":0.0,"damage_taken":0.0,"cards_obtained":["Doubt"]},{"cards_removed":["Strike_G"],"damage_healed":0.0,"max_hp_gain":0.0,"max_hp_loss":0.0,"gold_gain":0.0,"event_name":"Golden Wing","player_choice":"Card Removal","floor":11.0,"gold_loss":0.0,"damage_taken":7.0},{"damage_healed":0.0,"max_hp_gain":0.0,"max_hp_loss":0.0,"gold_gain":0.0,"event_name":"The Mausoleum","player_choice":"Opened","floor":19.0,"gold_loss":0.0,"damage_taken":0.0,"relics_obtained":["Ninja Scroll"],"cards_obtained":["Writhe"]},{"damage_healed":0.0,"max_hp_gain":5.0,"max_hp_loss":0.0,"gold_gain":0.0,"event_name":"Forgotten Altar","player_choice":"Shed Blood","floor":20.0,"gold_loss":0.0,"damage_taken":26.0},{"damage_healed":0.0,"max_hp_gain":0.0,"max_hp_loss":0.0,"gold_gain":0.0,"event_name":"Colosseum","player_choice":"Fight","floor":27.0,"gold_loss":0.0,"damage_taken":0.0},{"damage_healed":0.0,"max_hp_gain":0.0,"max_hp_loss":0.0,"gold_gain":0.0,"event_name":"Colosseum","player_choice":"Fought Nobs","floor":27.0,"gold_loss":0.0,"damage_taken":0.0},{"damage_healed":0.0,"max_hp_gain":0.0,"max_hp_loss":4.0,"gold_gain":0.0,"event_name":"Winding Halls","player_choice":"Max HP","floor":42.0,"gold_loss":0.0,"damage_taken":0.0},{"damage_healed":0.0,"max_hp_gain":0.0,"max_hp_loss":0.0,"gold_gain":0.0,"event_name":"Tomb of Lord Red Mask","player_choice":"Ignored","floor":47.0,"gold_loss":0.0,"damage_taken":0.0}],"is_beta":true,"boss_relics":[{"not_picked":["Black Star","Snecko Eye"],"picked":"Fusion Hammer"},{"not_picked":["Velvet Choker","Sozu"],"picked":"Calling Bell"}],"items_purged_floors":[4,37,54],"is_endless":false,"potions_floor_spawned":[7,10,12,16,22,24,28,29,38,45,48],"ascension_level":20}}