{"host":"s5d39dhq0ddhxhke","time":1611652195,"event":{"mods":["AchievementEnabler","BaseMod","Colored Map","Minty Spire (QoL Compilation)","SuperFastMode"],"gold_per_floor":[112,187,207,207,207,207,219,144,144,158,4,31,16,16,16,16,16],"floor_reached":16,"language":"ENG","playtime":510,"items_purged":["Strike_R","Strike_R"],"score":175,"play_id":"d3c66e55-9ba4-4696-a6cf-087e424290c9","local_time":"20210126110955","is_ascension_mode":true,"campfire_choices":[{"data":"Entrench","floor":6,"key":"SMITH"},{"floor":15,"key":"REST"}],"circlet_count":0,"master_deck":["AscendersBane","Strike_R","Strike_R","Defend_R","Defend_R","Defend_R","Defend_R","Bash","Entrench+1","Shrug It Off","Twin Strike","Armaments"],"relics":["Burning Blood","Lantern","Turnip","Question Card"],"acts_visited":["Exordium"],"potions_floor_usage":[13,13],"damage_taken":[{"damage":5,"enemies":"2 Louse","floor":1,"turns":3},{"damage":7,"enemies":"Small Slimes","floor":3,"turns":4},{"damage":15,"enemies":"Cultist","floor":7,"turns":6},{"damage":0,"enemies":"Red Slaver","floor":10,"turns":7},{"damage":27,"enemies":"Gremlin Nob","floor":12,"turns":5},{"damage":1,"enemies":"Exordium Thugs","floor":13,"turns":4},{"damage":30,"enemies":"Hexaghost","floor":16,"turns":3}],"seed_played":"-3988499523424356929","potions_obtained":[{"floor":1,"key":"SkillPotion"},{"floor":12,"key":"DistilledChaos"}],"is_trial":false,"path_per_floor":["M","?","M","?","?","R","M","$","T","M","$","E","M","$","R","B"],"character_chosen":"IRONCLAD","items_purchased":["Twin Strike"],"campfire_rested":1,"item_purchase_floors":[11],"current_hp_per_floor":[76,65,64,46,46,46,37,37,37,43,43,22,27,27,51,21,21],"gold":16,"neow_bonus":"TEN_PERCENT_HP_BONUS","is_daily":false,"chose_seed":false,"campfire_upgraded":1,"win_rate":0.0,"timestamp":1611652195,"path_taken":["M","?","M","?","?","R","?","?","T","M","$","E","M","?","R","BOSS"],"items_purchased_type":["Card"],"build_version":"2020-12-22","purchased_purges":2,"victory":false,"max_hp_per_floor":[82,82,82,82,82,82,82,82,82,82,82,82,82,82,82,82,82],"card_choices":[{"not_picked":["Warcry","Clash"],"picked":"Entrench","floor":1},{"not_picked":["Power Through","Wild Strike"],"picked":"Shrug It Off","floor":3},{"not_picked":["Sever Soul","Clash","Perfected Strike"],"picked":"SKIP","floor":7},{"not_picked":["Flex","Perfected Strike","Headbutt"],"picked":"SKIP","floor":10},{"not_picked":["Iron Wave","Shrug It Off"],"picked":"Armaments","floor":12},{"not_picked":["Carnage","Entrench","Reckless Charge","Perfected Strike"],"picked":"SKIP","floor":13},{"not_picked":["Carnage","Entrench","Reckless Charge","Perfected Strike"],"picked":"SKIP","floor":13}],"player_experience":465193,"relics_obtained":[{"floor":9,"key":"Turnip"},{"floor":12,"key":"Question Card"}],"event_choices":[{"damage_healed":0,"gold_gain":75,"player_choice":"Gather Gold","damage_taken":11,"max_hp_gain":0,"max_hp_loss":0,"event_name":"World of Goop","floor":2,"gold_loss":0},{"damage_healed":0,"gold_gain":0,"player_choice":"Success","damage_taken":18,"relics_obtained":["Lantern"],"max_hp_gain":0,"max_hp_loss":0,"event_name":"Scrap Ooze","floor":4,"gold_loss":0},{"cards_removed":["Strike_R"],"damage_healed":0,"gold_gain":0,"player_choice":"Purged","damage_taken":0,"max_hp_gain":0,"max_hp_loss":0,"event_name":"Purifier","floor":5,"gold_loss":0}],"is_beta":false,"boss_relics":[],"items_purged_floors":[8,11],"is_endless":false,"potions_floor_spawned":[1,12],"killed_by":"Hexaghost","ascension_level":15}}