{"host":"h9tcael3k7jl3sxo","time":1611651695,"event":{"mods":["BaseMod","BetterRewards","Downfall","Hermit","Minty Spire (QoL Compilation)","StSLib"],"gold_per_floor":[115,125,13,13,13,13,41,41,65,84,109,171,171,187,187,283,283,293,60,0,15,15,47,47,82,82,95,95,112,112,65,65,65,65],"floor_reached":33,"language":"ENG","playtime":2916,"items_purged":[],"score":366,"play_id":"23301f8a-fbe4-4bc0-996a-2ee893d8aa98","local_time":"20210126040135","is_ascension_mode":false,"campfire_choices":[{"data":"hermit:TakeAim","floor":8,"key":"SMITH"},{"floor":15,"key":"REST"},{"floor":24,"key":"REST"},{"floor":32,"key":"REST"}],"circlet_count":0,"master_deck":["hermit:Strike_Hermit+1","hermit:Strike_Hermit+1","hermit:Strike_Hermit+1","hermit:Strike_Hermit+1","hermit:Defend_Hermit+1","hermit:Defend_Hermit+1","hermit:Defend_Hermit+1","hermit:Snapshot","hermit:Covet","hermit:TrackingShot","hermit:Brawl","hermit:TakeAim+1","hermit:Enervate+1","hermit:Cheat","hermit:GhostlyPresence","hermit:Malice","hermit:FinalCanter","hermit:Manifest+1","hermit:Grudge","hermit:Reprieve+1","hermit:Vantage+1","hermit:Combo","hermit:LoneWolf+1","Pain","hermit:Maintenance+1","hermit:TakeCover+1","hermit:Snipe+1","hermit:LowProfile+1","hermit:Maintenance+1","hermit:Feint+1","hermit:TrackingShot"],"relics":["hermit:Momento","NeowsBlessing","Dream Catcher","hermit:RyeStalk","Toxic Egg 2","Sozu","Bag of Preparation","WarpedTongs","Oddly Smooth Stone","Mercury Hourglass","Pen Nib"],"acts_visited":["Exordium","TheCity"],"potions_floor_usage":[11,21,33],"damage_taken":[{"damage":0,"enemies":"Jaw Worm","floor":1,"turns":1},{"damage":0,"enemies":"Cultist","floor":2,"turns":1},{"damage":0,"enemies":"Gremlin Nob","floor":7,"turns":1},{"damage":6,"enemies":"Small Slimes","floor":10,"turns":3},{"damage":46,"enemies":"Lagavulin","floor":11,"turns":6},{"damage":8,"enemies":"Exordium Wildlife","floor":14,"turns":3},{"damage":0,"enemies":"Slime Boss","floor":16,"turns":8},{"damage":16,"enemies":"Shell Parasite","floor":18,"turns":5},{"damage":0,"enemies":"Chosen","floor":21,"turns":4},{"damage":34,"enemies":"Book of Stabbing","floor":23,"turns":5},{"damage":46,"enemies":"Gremlin Leader","floor":25,"turns":9},{"damage":5,"enemies":"Snecko","floor":27,"turns":4},{"damage":0,"enemies":"3 Cultists","floor":29,"turns":3},{"damage":47,"enemies":"Automaton","floor":33,"turns":6}],"seed_played":"7699076699616217300","potions_obtained":[{"floor":2,"key":"PowerPotion"},{"floor":11,"key":"EssenceOfSteel"},{"floor":16,"key":"DistilledChaos"}],"is_trial":false,"path_per_floor":["M","M","$","?","$","?","E","R","T","M","E","?","?","M","R","B",null,"M","$","?","M","?","E","R","E","T","M","?","M","?","$","R","B"],"character_chosen":"HERMIT","items_purchased":["hermit:TakeAim","hermit:Enervate","hermit:Combo","Bag of Preparation","hermit:Feint+1"],"campfire_rested":3,"item_purchase_floors":[3,3,19,19,31],"current_hp_per_floor":[75,75,75,60,60,60,60,60,60,54,8,8,33,25,47,47,75,63,63,63,63,63,29,51,17,17,12,12,12,12,12,34,0,0],"gold":65,"neow_bonus":"THREE_ENEMY_KILL","is_daily":false,"chose_seed":false,"campfire_upgraded":1,"win_rate":0.0,"timestamp":1611651695,"path_taken":["M","M","$","?","$","?","E","R","T","?","E","?","?","M","R","BOSS","M","$","?","M","?","E","R","E","T","?","?","M","?","?","R","BOSS"],"items_purchased_type":["Card","Card","Card","Relic","Card"],"build_version":"2020-12-22","purchased_purges":0,"victory":false,"max_hp_per_floor":[75,75,75,75,75,75,75,75,75,75,75,75,75,75,75,75,75,75,75,75,75,75,75,75,75,75,75,75,75,75,75,75,75,75],"card_choices":[{"not_picked":["hermit:CalledShot","hermit:Roulette"],"picked":"hermit:TrackingShot","floor":1},{"not_picked":["hermit:SprayPray","hermit:Desperado"],"picked":"hermit:Brawl","floor":2},{"not_picked":["hermit:LuckOfTheDraw","hermit:PistolWhip"],"picked":"hermit:GhostlyPresence","floor":7},{"not_picked":["hermit:HoleUp","hermit:Scavenge"],"picked":"hermit:Malice","floor":10},{"not_picked":["hermit:Snipe+1","hermit:Spite"],"picked":"hermit:FinalCanter","floor":11},{"not_picked":["hermit:HighCaliber","hermit:CalledShot"],"picked":"hermit:Manifest+1","floor":14},{"not_picked":["hermit:CalledShot","hermit:Glare+1"],"picked":"hermit:Grudge","floor":15},{"not_picked":["hermit:EternalForm","hermit:FinalCanter"],"picked":"hermit:Reprieve+1","floor":16},{"not_picked":["hermit:CursedWeapon","hermit:BodyArmor+1"],"picked":"hermit:Vantage+1","floor":18},{"not_picked":["hermit:Glare+1","hermit:Quickdraw"],"picked":"hermit:LoneWolf+1","floor":21},{"not_picked":["hermit:BodyArmor+1","hermit:Grudge"],"picked":"hermit:Maintenance+1","floor":23},{"not_picked":["hermit:Glare+1","hermit:Gestalt+1"],"picked":"hermit:TakeCover+1","floor":24},{"not_picked":["hermit:Glare+1","hermit:Manifest+1"],"picked":"hermit:Snipe+1","floor":25},{"not_picked":["hermit:ItchyTrigger","hermit:CursedWeapon+1"],"picked":"hermit:LowProfile+1","floor":27},{"not_picked":["hermit:OverwhelmingPower","hermit:HoleUp+1"],"picked":"hermit:Maintenance+1","floor":29},{"not_picked":["hermit:Desperado","hermit:CursedWeapon+1"],"picked":"hermit:TrackingShot","floor":32}],"player_experience":39832,"relics_obtained":[{"floor":7,"key":"Dream Catcher"},{"floor":9,"key":"hermit:RyeStalk"},{"floor":11,"key":"Toxic Egg 2"},{"floor":23,"key":"Oddly Smooth Stone"},{"floor":25,"key":"Mercury Hourglass"},{"floor":26,"key":"Pen Nib"}],"event_choices":[{"damage_healed":0,"gold_gain":0,"player_choice":"Entered Light","damage_taken":15,"max_hp_gain":0,"max_hp_loss":0,"event_name":"Shining Light","floor":4,"gold_loss":0,"cards_upgraded":["hermit:Enervate","hermit:Strike_Hermit"]},{"damage_healed":0,"gold_gain":0,"cards_transformed":["hermit:Defend_Hermit"],"player_choice":"Transformed","damage_taken":0,"max_hp_gain":0,"max_hp_loss":0,"event_name":"Transmorgrifier","floor":6,"gold_loss":0,"cards_obtained":["hermit:Cheat"]},{"damage_healed":0,"gold_gain":62,"player_choice":"Gained Gold","damage_taken":0,"max_hp_gain":0,"max_hp_loss":0,"event_name":"Golden Wing","floor":12,"gold_loss":0},{"damage_healed":25,"gold_gain":0,"player_choice":"Banana","damage_taken":0,"max_hp_gain":0,"max_hp_loss":0,"event_name":"Big Fish","floor":13,"gold_loss":0},{"damage_healed":0,"gold_gain":0,"player_choice":"Paid Fearfully","damage_taken":0,"max_hp_gain":0,"max_hp_loss":0,"event_name":"Masked Bandits","floor":20,"gold_loss":60},{"damage_healed":0,"gold_gain":0,"player_choice":"Rummage","damage_taken":0,"relics_obtained":["WarpedTongs"],"max_hp_gain":0,"max_hp_loss":0,"event_name":"Accursed Blacksmith","floor":22,"gold_loss":0,"cards_obtained":["Pain"]},{"damage_healed":0,"gold_gain":0,"player_choice":"Ignored","damage_taken":0,"max_hp_gain":0,"max_hp_loss":0,"event_name":"Vampires","floor":28,"gold_loss":0},{"damage_healed":0,"gold_gain":0,"player_choice":"Simplicity","damage_taken":0,"max_hp_gain":0,"max_hp_loss":0,"event_name":"Back to Basics","floor":30,"gold_loss":0,"cards_upgraded":["hermit:Strike_Hermit","hermit:Strike_Hermit","hermit:Strike_Hermit","hermit:Defend_Hermit","hermit:Defend_Hermit","hermit:Defend_Hermit"]}],"is_beta":false,"boss_relics":[{"not_picked":["Coffee Dripper","Astrolabe"],"picked":"Sozu"}],"items_purged_floors":[],"is_endless":false,"potions_floor_spawned":[2,11,16,18,23,27,29],"killed_by":"Automaton","ascension_level":0}}