{"host":"ve5hox67eka4rdnb","time":1611647320,"event":{"mods":["ATMod(阿瑾Mod)","Act Like it!","BaseMod","Decade(王小明)","Downfall","Gensokyo","Hermit","Lobotomy","Marisa（F雨　魔理沙）","Minty Spire (QoL Compilation)","Remilia（蕾米莉亚）","Replay The Spire","StSLib","The Cursed","The Servant 0.9.4"],"gold_per_floor":[115,40,54,74,24,50,60,60,60,60,71,25,55,55,55,160,160,174,245,11,30,30,30,30,47,47,78,78,178,178,191,191,289,289,309,29,41,54,0,34,52,82,105,105,105,123,123,136,136,136,136,136,110,137,137],"floor_reached":56,"language":"ZHS","playtime":3847,"items_purged":["RedMoon","ScarletCoffin","Defend_RM"],"score":1710,"play_id":"efa193e0-3c00-4a50-8fcd-937356c52f0f","local_time":"20210126154840","is_ascension_mode":false,"campfire_choices":[{"data":"AT_FamilyPortrait","floor":8.0,"key":"SMITH"},{"data":"LeisurelyOfLord","floor":10.0,"key":"SMITH"},{"floor":15.0,"key":"DIG"},{"data":"BatForm","floor":23.0,"key":"SMITH"},{"data":"Stigmanizer","floor":28.0,"key":"SMITH"},{"data":"1","floor":30.0,"key":"LIFT"},{"data":"2","floor":32.0,"key":"LIFT"},{"floor":44.0,"key":"RECALL"},{"data":"3","floor":47.0,"key":"LIFT"},{"data":"TransientEternity","floor":49.0,"key":"SMITH"},{"data":"DiffusionOfMisfortune","floor":52,"key":"SMITH"}],"circlet_count":0,"master_deck":["Strike_RM","Strike_RM","Strike_RM","Strike_RM","Defend_RM","Defend_RM","ScarletShoot","AT_FamilyPortrait+1","Stigmanizer+1","LeisurelyOfLord+1","RedNightlessCastle+1","ScarletSymphony","DevilSight","DiffusionOfMisfortune+1","BatForm+1","BloodHunter","VampireFantasy+1","TransientEternity+1","UnstableMagic+1","MilkyWay+1","Septette","Parasite","Shuttle+1","BloodHunter","BloodHunter"],"relics":["ScarletHat","AT_ATBox","Replay:Wax Seal","Happy Flower","RedBat","PrismaticShard","Ginger","ScarletEmblem","Regal Pillow","TypeBBloodRedTea","AT_BellowingDragoncrestRing","Girya","Onion Ring","Replay:Bronze Core","Chemical X","Red Mask","Blue Doll","ScarletDevilRocket","Eternal Feather"],"acts_visited":["Exordium","TheCity","TheBeyond","TheEnding"],"potions_floor_usage":[55,55],"damage_taken":[{"damage":0.0,"enemies":"2 Louse","floor":1.0,"turns":3.0},{"damage":0.0,"enemies":"Jaw Worm","floor":3.0,"turns":3.0},{"damage":0.0,"enemies":"Small Slimes","floor":4.0,"turns":2.0},{"damage":15.0,"enemies":"Replay:BlueRogue","floor":6.0,"turns":4.0},{"damage":1.0,"enemies":"2 Fungi Beasts","floor":7.0,"turns":2.0},{"damage":0.0,"enemies":"Exordium Wildlife","floor":11.0,"turns":1.0},{"damage":26.0,"enemies":"Gremlin Nob","floor":13.0,"turns":4.0},{"damage":8.0,"enemies":"Hexaghost","floor":16.0,"turns":5.0},{"damage":4.0,"enemies":"3 Byrds","floor":18.0,"turns":3.0},{"damage":0.0,"enemies":"Chosen","floor":21.0,"turns":4.0},{"damage":6.0,"enemies":"Shelled Parasite and Fungi","floor":25.0,"turns":4.0},{"damage":30.0,"enemies":"Book of Stabbing","floor":27.0,"turns":5.0},{"damage":0.0,"enemies":"Colosseum Slavers","floor":29.0,"turns":3.0},{"damage":0.0,"enemies":"Colosseum Nobs","floor":29.0,"turns":3.0},{"damage":0.0,"enemies":"Snecko","floor":31.0,"turns":2.0},{"damage":0.0,"enemies":"Pondfish","floor":33.0,"turns":7.0},{"damage":0.0,"enemies":"3 Darklings","floor":35.0,"turns":3.0},{"damage":0.0,"enemies":"3 Shapes","floor":37.0,"turns":2.0},{"damage":0.0,"enemies":"Spire Growth","floor":38.0,"turns":2.0},{"damage":5.0,"enemies":"R_Hoarder","floor":40.0,"turns":3.0},{"damage":0.0,"enemies":"3 Darklings","floor":41.0,"turns":2.0},{"damage":0.0,"enemies":"Reptomancer","floor":42.0,"turns":3.0},{"damage":0.0,"enemies":"Writhing Mass","floor":46.0,"turns":3.0},{"damage":0.0,"enemies":"Jaw Worm Horde","floor":48.0,"turns":2.0},{"damage":0.0,"enemies":"Awakened One","floor":50.0,"turns":5.0},{"damage":0.0,"enemies":"Malkuth","floor":51.0,"turns":3.0},{"damage":11,"enemies":"Shield and Spear","floor":54,"turns":3},{"damage":49,"enemies":"The Heart","floor":55,"turns":6}],"seed_played":"-9220184324873361420","potions_obtained":[{"floor":1.0,"key":"SteroidPotion"},{"floor":7.0,"key":"Elixir"},{"floor":13.0,"key":"SkillPotion"},{"floor":16.0,"key":"PowerPotion"},{"floor":19.0,"key":"Guardian:BlockOnCardUsePotion"},{"floor":19.0,"key":"CultistPotion"},{"floor":21.0,"key":"LifebloodPotion"},{"floor":25.0,"key":"LiquidMemories"},{"floor":29.0,"key":"FairyPotion"},{"floor":31.0,"key":"champ:CounterPotion"},{"floor":37.0,"key":"Fire Potion"},{"floor":42.0,"key":"BlessingOfTheForge"},{"floor":46.0,"key":"GamblersBrew"},{"floor":48.0,"key":"LiquidMemories"}],"is_trial":false,"path_per_floor":["M","$","M","M","?","E","M","R","T","R","M","$","E","?","R","B",null,"M","?","$","M","?","R","$","M","T","E","R","?","R","M","R","B",null,"M","$","M","M","?","E","M","E","T","R","?","M","R","M","R","B",null,null,"R","$","E","B",null],"character_chosen":"REMILIA","items_purchased":["DiffusionOfMisfortune","BatForm","BloodHunter","Chemical X","BloodHunter"],"campfire_rested":0,"item_purchase_floors":[12,20,20,36,53],"current_hp_per_floor":[75,75,75,75,75,60,59,59,59,59,60,60,41,41,41,68,75,71,53,53,67,53,53,53,54,54,45,45,58,58,68,68,80,80,80,80,80,80,80,80,80,80,80,80,80,80,80,80,80,80,80,80,80,80,80],"gold":137,"neow_bonus":"","is_daily":false,"chose_seed":false,"campfire_upgraded":6,"win_rate":0.0,"timestamp":1611647320,"path_taken":["M","$","M","M","?","E","M","R","T","R","M","$","E","?","R","BOSS","M","?","$","M","?","R","$","M","T","E","R","?","M","M","R","BOSS","M","$","M","M","?","E","M","E","T","R","?","M","R","M","R","BOSS","R","$","E","BOSS"],"items_purchased_type":["Card","Card","Card","Relic","Card"],"build_version":"2020-12-22","purchased_purges":3,"victory":true,"max_hp_per_floor":[75,75,75,75,75,75,75,75,75,75,75,75,75,75,75,75,75,75,75,75,75,80,80,80,80,80,80,80,80,80,80,80,80,80,80,80,80,80,80,80,80,80,80,80,80,80,80,80,80,80,80,80,80,80,80],"card_choices":[{"not_picked":["ScarletGensokyo","UnstableMagic"],"picked":"Stigmanizer","floor":1.0},{"not_picked":["MastersStateliness","VampireClaw"],"picked":"LeisurelyOfLord","floor":3.0},{"not_picked":["NightDance","VampireClaw"],"picked":"RedNightlessCastle","floor":4.0},{"not_picked":["MillenniumVampire","ChainGang","RedRainbow"],"picked":"SKIP","floor":6.0},{"not_picked":["VampireFantasy","ScarletDevil"],"picked":"ScarletSymphony","floor":7.0},{"not_picked":["FavorOfDestiny","VampirishNight","HunterOfTheNight"],"picked":"SKIP","floor":7.0},{"not_picked":["ScarletNetherworld","Ultimatum"],"picked":"DevilSight","floor":11.0},{"not_picked":["VampireClaw","RedRainbow","ChainGang"],"picked":"SKIP","floor":13.0},{"not_picked":["A Thousand Cuts","hexamod:TimeOfNeed"],"picked":"ScarletCoffin","floor":16.0},{"not_picked":["Slimebound:Grow","hexamod:FlamesFromBeyond"],"picked":"Gensokyo:SalamanderShield+1","floor":18.0},{"not_picked":["TheCursedMod:VitalStrike+1","hexamod:InspiringFlames"],"picked":"VampireFantasy+1","floor":21.0},{"not_picked":["DoubleSpark","Abandon","hermit:LuckOfTheDraw"],"picked":"SKIP","floor":25.0},{"not_picked":["Indignation","champ:TornadoPunch","Slimebound:SplitMire"],"picked":"SKIP","floor":27.0},{"not_picked":["Iron Wave+1","FollowUp+1","hermit:LowProfile"],"picked":"SKIP","floor":31.0},{"not_picked":["TheCursedMod:NeowsMight","Venomology"],"picked":"TransientEternity","floor":33.0},{"not_picked":["BowlingBash","TheCursedMod:CursedShiv","hermit:LowProfile+1"],"picked":"SKIP","floor":35.0},{"not_picked":["Flying Knee","hexamod:EtherealExpedition","StarOfDavid"],"picked":"SKIP","floor":37.0},{"not_picked":["ReplayTheSpireMod:Strike From Hell","LuminesStrike+1"],"picked":"UnstableMagic+1","floor":38.0},{"not_picked":["Ricochet","UnarmedAttack7","TheCursedMod:CollectTribute"],"picked":"SKIP","floor":40.0},{"not_picked":["sneckomod:UnknownClassRED","Replay:Sssssssssshield"],"picked":"MilkyWay+1","floor":41.0},{"not_picked":["sneckomod:UnlimitedRolls","Slimebound:SlimeBrawl+1","DenO_Ax"],"picked":"SKIP","floor":42.0},{"not_picked":["Slimebound:LeechEnergy","sneckomod:UnknownClassSILVER"],"picked":"Shuttle+1","floor":46.0},{"not_picked":["Armaments+1","hermit:Roulette+1","sneckomod:UnknownClassShop Special"],"picked":"SKIP","floor":48.0},{"not_picked":["SprinkleStarSeal+1","MeteoricShower","Hibiki_Attack2+1"],"picked":"SKIP","floor":54}],"player_experience":176246,"relics_obtained":[{"floor":6.0,"key":"Replay:Wax Seal"},{"floor":9.0,"key":"Happy Flower"},{"floor":13.0,"key":"RedBat"},{"floor":15.0,"key":"Ginger"},{"floor":19.0,"key":"Regal Pillow"},{"floor":26.0,"key":"TypeBBloodRedTea"},{"floor":27.0,"key":"AT_BellowingDragoncrestRing"},{"floor":29.0,"key":"Girya"},{"floor":29.0,"key":"Onion Ring"},{"floor":40.0,"key":"Blue Doll"},{"floor":42.0,"key":"ScarletDevilRocket"},{"floor":54,"key":"Eternal Feather"}],"event_choices":[{"cards_removed":["Defend_RM"],"damage_healed":0.0,"max_hp_gain":0.0,"max_hp_loss":0.0,"gold_gain":0.0,"event_name":"The Cleric","player_choice":"Card Removal","floor":5.0,"gold_loss":50.0,"damage_taken":0.0},{"damage_healed":0.0,"max_hp_gain":5.0,"max_hp_loss":0.0,"gold_gain":0.0,"event_name":"Forgotten Altar","player_choice":"Shed Blood","floor":22.0,"gold_loss":0.0,"damage_taken":19.0},{"damage_healed":0.0,"max_hp_gain":0.0,"max_hp_loss":0.0,"gold_gain":0.0,"event_name":"Colosseum","player_choice":"Fight","floor":29.0,"gold_loss":0.0,"damage_taken":0.0},{"damage_healed":0.0,"max_hp_gain":0.0,"max_hp_loss":0.0,"gold_gain":0.0,"event_name":"Colosseum","player_choice":"Fought Nobs","floor":29.0,"gold_loss":0.0,"damage_taken":0.0},{"damage_healed":0.0,"max_hp_gain":0.0,"max_hp_loss":0.0,"gold_gain":0.0,"event_name":"Tomb of Lord Red Mask","player_choice":"Paid","floor":39.0,"gold_loss":54.0,"damage_taken":0.0,"relics_obtained":["Red Mask"]},{"damage_healed":0.0,"max_hp_gain":0.0,"max_hp_loss":0.0,"gold_gain":0.0,"cards_transformed":["Gensokyo:SalamanderShield"],"event_name":"Transmorgrifier","player_choice":"Transformed","floor":45.0,"gold_loss":0.0,"damage_taken":0.0,"cards_obtained":["Septette"]}],"is_beta":false,"boss_relics":[{"not_picked":["Replay:Grab Bag","AT_MortalBlade"],"picked":"ScarletEmblem"},{"not_picked":["Busted Crown","Runic Dome"],"picked":"Replay:Bronze Core"}],"items_purged_floors":[2,20,36],"is_endless":false,"potions_floor_spawned":[1,7,13,16,21,25,29,31,37,42,46,48],"ascension_level":0}}