{"host":"cyei475933pvpemq","time":1611683592,"event":{"mods":["Act Like it!","Aspiration","BaseMod","Better Third Choice","BetterRewards","Colored Map","Colored Powertips","Downfall","Energized Spire","Highlight Path","Hubris","Hyrulean Relics","Lobotomy","Mimic Mod","Minty Spire (QoL Compilation)","Replay The Spire","Spicy Shops","Spikes Relics","StSLib","Uncapped"],"gold_per_floor":[99,99,111,111,111,141,172,347,33,52,37,48,62,91,111,111,111,111],"floor_reached":16,"language":"ENG","playtime":1213,"items_purged":[],"score":110,"play_id":"291eec78-2900-4d50-97b7-83f37db71a3c","local_time":"20210126185312","is_ascension_mode":false,"campfire_choices":[{"floor":1.0,"key":"RECALL"}],"circlet_count":0,"master_deck":["champ:Strike","champ:Strike","champ:Strike","champ:Strike","champ:Defend","champ:Defend","champ:Defend","champ:Defend","champ:Execute","champ:Taunt+1","champ:BringItOn","champ:CrownThrow","champ:FanOfKnives","Doubt","champ:DefensiveShout","champ:FancyFootwork","champ:FlashCut","champ:FanOfKnives","champ:ShieldSlam","champ:UltimateStance","champ:Shatter","champ:GladiatorStyle","champ:TornadoPunch","champ:StanceDance"],"relics":["champ:ChampionCrown","hubris:Towel","Prayer Wheel","SpikesRelics:DaevaFist","Replay:Mystery Machine","champ:FightingForDummies","Replay:Arrowhead","Blood Vial"],"acts_visited":["Exordium"],"potions_floor_usage":[14,16,16],"damage_taken":[{"damage":10.0,"enemies":"Small Slimes","floor":3.0,"turns":3.0},{"damage":51.0,"enemies":"Gremlin Nob","floor":6.0,"turns":5.0},{"damage":10.0,"enemies":"Jaw Worm","floor":7.0,"turns":8.0},{"damage":10.0,"enemies":"downfall:FleeingMerchant","floor":9.0,"turns":4.0},{"damage":1,"enemies":"Jaw Worm","floor":10,"turns":3},{"damage":20,"enemies":"downfall:FleeingMerchant","floor":11,"turns":4},{"damage":0,"enemies":"2 Louse","floor":12,"turns":2},{"damage":0,"enemies":"2 Fungi Beasts","floor":13,"turns":3},{"damage":71,"enemies":"Lagavulin","floor":14,"turns":7},{"damage":17,"enemies":"Large Slime","floor":15,"turns":6},{"damage":6,"enemies":"SI_SHIV_ARCHETYPE","floor":16,"turns":5}],"seed_played":"2660281520766652563","potions_obtained":[{"floor":6.0,"key":"DuplicationPotion"},{"floor":10,"key":"Explosive Potion"},{"floor":12,"key":"AttackPotion"},{"floor":15,"key":"FearPotion"}],"is_trial":false,"path_per_floor":["R","?","M","?","?","E","MIM","?","$","M","$","M","M","E","M","B"],"character_chosen":"THE_CHAMP","items_purchased":["champ:FightingForDummies","Replay:Arrowhead"],"campfire_rested":0,"item_purchase_floors":[9,9],"current_hp_per_floor":[99,99,99,104,104,73,73,73,73,72,62,62,62,16,2,0,0,0],"gold":111,"neow_bonus":"TEN_PERCENT_HP_BONUS","is_daily":false,"chose_seed":false,"campfire_upgraded":0,"win_rate":0.0,"timestamp":1611683592,"path_taken":["R","?","M","?","?","E","MIM","?","$","M","?","?","M","E","M","BOSS"],"items_purchased_type":["Relic","Relic"],"build_version":"2020-12-22","purchased_purges":0,"victory":false,"max_hp_per_floor":[99,99,99,104,104,104,104,104,104,104,104,104,104,104,104,104,104,104],"card_choices":[{"not_picked":["champ:AdrenalArmor","champ:FaceSlap"],"picked":"champ:BringItOn","floor":3.0},{"not_picked":["champ:GladiatorStyle","champ:Haymaker"],"picked":"champ:CrownThrow","floor":6.0},{"not_picked":["champ:BerserkersShout","champ:CrookedStrike"],"picked":"champ:FanOfKnives","floor":7.0},{"not_picked":["champ:Devastate","champ:EnGarde"],"picked":"champ:DefensiveShout","floor":9},{"not_picked":["champ:SetATrap","champ:BringItOn"],"picked":"champ:FancyFootwork","floor":10},{"not_picked":["champ:EndlessRage","champ:FlashCut","champ:DeathBlow"],"picked":"SKIP","floor":10},{"not_picked":["champ:CrookedStrike","champ:PerfectedStrike"],"picked":"champ:FlashCut","floor":11},{"not_picked":["champ:BringItOn","champ:CrookedStrike"],"picked":"champ:FanOfKnives","floor":12},{"not_picked":["champ:GutPunch","champ:BladeFlurry"],"picked":"champ:ShieldSlam","floor":12},{"not_picked":["champ:IronFortress","champ:BringItOn"],"picked":"champ:UltimateStance","floor":13},{"not_picked":["champ:FlashCut","champ:Haymaker"],"picked":"champ:Shatter","floor":13},{"not_picked":["champ:GutPunch","champ:Backstep"],"picked":"champ:GladiatorStyle","floor":14},{"not_picked":["champ:BladeFlurry","champ:Circumvent"],"picked":"champ:TornadoPunch","floor":15},{"not_picked":["champ:TornadoPunch","champ:MurderStrike"],"picked":"champ:StanceDance","floor":15}],"player_experience":319858,"relics_obtained":[{"floor":6.0,"key":"Prayer Wheel"},{"floor":7.0,"key":"SpikesRelics:DaevaFist"},{"floor":7.0,"key":"Replay:Mystery Machine"},{"floor":14,"key":"Blood Vial"}],"event_choices":[{"damage_healed":0.0,"max_hp_gain":5.0,"max_hp_loss":0.0,"gold_gain":0.0,"event_name":"Big Fish","player_choice":"Donut","floor":4.0,"gold_loss":0.0,"damage_taken":0.0}],"is_beta":false,"boss_relics":[],"items_purged_floors":[],"is_endless":false,"potions_floor_spawned":[6,10,12,15],"killed_by":"SI_SHIV_ARCHETYPE","ascension_level":0}}