{"host":"avjwtc49fhlk6kym","time":1611628441,"event":{"mods":["AchievementEnabler","BaseMod","Better Match","Better Note","Better Third Choice","Colored Map","Colored Powertips","Displayed Cursed Tome","Highlight Path","Minty Spire (QoL Compilation)","Permanent Neow","Quick Restart","StSLib"],"gold_per_floor":[112,187,27,40,55,55,55,74,145,189,207,228,258,258,258,258,258],"floor_reached":16,"language":"ENG","playtime":588,"items_purged":[],"score":102,"play_id":"62385fdd-900d-4feb-bdd6-b922ab6dbe09","local_time":"20210125213401","is_ascension_mode":false,"campfire_choices":[{"data":"Wallop","floor":6,"key":"SMITH"},{"floor":15,"key":"REST"}],"circlet_count":0,"master_deck":["Strike_P","Strike_P","Strike_P","Strike_P","Defend_P","Defend_P","Defend_P","Defend_P","Eruption","Vigilance","MasterReality","BowlingBash","Wallop+1","Enlightenment","FearNoEvil","Consecrate","Injury","BowlingBash","ForeignInfluence+1","FlyingSleeves","Swivel","InnerPeace"],"relics":["PureWater","Golden Idol","Lantern","Odd Mushroom"],"acts_visited":["Exordium"],"potions_floor_usage":[10,13,13,16],"damage_taken":[{"damage":11,"enemies":"Jaw Worm","floor":1,"turns":3},{"damage":1,"enemies":"Small Slimes","floor":4,"turns":3},{"damage":0,"enemies":"2 Louse","floor":5,"turns":2},{"damage":4,"enemies":"Blue Slaver","floor":8,"turns":4},{"damage":13,"enemies":"3 Sentries","floor":10,"turns":8},{"damage":3,"enemies":"Exordium Wildlife","floor":11,"turns":3},{"damage":5,"enemies":"Exordium Thugs","floor":12,"turns":3},{"damage":8,"enemies":"The Mushroom Lair","floor":13,"turns":4},{"damage":44,"enemies":"The Guardian","floor":16,"turns":12}],"seed_played":"7932318064364841228","potions_obtained":[{"floor":5,"key":"CultistPotion"},{"floor":11,"key":"Block Potion"},{"floor":12,"key":"SteroidPotion"},{"floor":13,"key":"Swift Potion"}],"is_trial":false,"path_per_floor":["M","?","$","M","M","R","?","M","T","E","M","M","?","?","R","B"],"character_chosen":"WATCHER","items_purchased":["Wallop","Enlightenment"],"campfire_rested":1,"item_purchase_floors":[3,3],"current_hp_per_floor":[61,50,50,49,49,49,49,45,45,32,29,24,16,16,37,0,0],"gold":258,"neow_bonus":"ONE_RANDOM_RARE_CARD","is_daily":false,"chose_seed":false,"campfire_upgraded":1,"win_rate":0.0,"timestamp":1611628441,"path_taken":["M","?","$","M","M","R","?","M","T","E","M","M","?","?","R","BOSS"],"items_purchased_type":["Card","Card"],"build_version":"2020-12-22","purchased_purges":0,"victory":false,"max_hp_per_floor":[72,72,72,72,72,72,72,72,72,72,72,72,72,72,72,72,72],"card_choices":[{"not_picked":["Evaluate","ClearTheMind"],"picked":"BowlingBash","floor":1},{"not_picked":["Halt","EmptyMind"],"picked":"FearNoEvil","floor":4},{"not_picked":["Pray","FollowUp"],"picked":"Consecrate","floor":5},{"not_picked":["Weave","Pray"],"picked":"BowlingBash","floor":8},{"not_picked":["Sanctity","WreathOfFlame"],"picked":"ForeignInfluence","floor":10},{"not_picked":["Crescendo","InnerPeace"],"picked":"FlyingSleeves","floor":11},{"not_picked":["Halt","Vault"],"picked":"Swivel","floor":12},{"not_picked":["DeceiveReality","Meditate"],"picked":"InnerPeace","floor":13}],"player_experience":410855,"relics_obtained":[{"floor":10,"key":"Lantern"},{"floor":13,"key":"Odd Mushroom"}],"event_choices":[{"damage_healed":0,"gold_gain":75,"player_choice":"Gold","damage_taken":11,"max_hp_gain":0,"max_hp_loss":0,"event_name":"betterThird:BetterGoop","floor":2,"gold_loss":0},{"damage_healed":0,"gold_gain":0,"player_choice":"Take Wound","damage_taken":0,"relics_obtained":["Golden Idol"],"max_hp_gain":0,"max_hp_loss":0,"event_name":"Golden Idol","floor":7,"gold_loss":0,"cards_obtained":["Injury"]},{"damage_healed":0,"gold_gain":0,"player_choice":"Fought Mushrooms","damage_taken":0,"max_hp_gain":0,"max_hp_loss":0,"event_name":"Mushrooms","floor":13,"gold_loss":0},{"damage_healed":0,"gold_gain":0,"player_choice":"Grow","damage_taken":0,"max_hp_gain":0,"max_hp_loss":0,"event_name":"Living Wall","floor":14,"gold_loss":0,"cards_upgraded":["ForeignInfluence"]}],"is_beta":false,"boss_relics":[],"items_purged_floors":[],"is_endless":false,"potions_floor_spawned":[5,11,12,13],"killed_by":"The Guardian","ascension_level":0}}