{"host":"qeogwbudlaqzb6hy","time":1611655234,"event":{"mods":["BaseMod","Downfall","Minty Spire (QoL Compilation)","StSLib"],"gold_per_floor":[99,118,133,148,160,179,179,199,199,199,262,262,262,279,299,398,398,398,411,425,425,425,441,464,464,496,496,524,824,824,824,837,940,940,940,951,951,997,997,1007,1007,1007,1007,330,346,89,105,140,140,140],"floor_reached":51,"language":"ENG","playtime":2440,"items_purged":["downfall:Bewildered","Regret"],"score":782,"play_id":"09198e41-95ce-4891-a53b-a5e29850162b","local_time":"20210126200034","is_ascension_mode":false,"campfire_choices":[{"data":"bronze:RecursiveStrike","floor":1,"key":"SMITH"},{"data":"bronze:CloningBeam","floor":10,"key":"SMITH"},{"floor":13,"key":"REST"},{"data":"bronze:Verify","floor":18,"key":"SMITH"},{"floor":27,"key":"REST"},{"floor":30,"key":"REST"},{"data":"bronze:HardenedForm","floor":35,"key":"SMITH"},{"floor":43,"key":"REST"},{"data":"bronze:HardenedForm","floor":49,"key":"SMITH"}],"circlet_count":0,"master_deck":["bronze:Strike","bronze:Strike","bronze:Defend","bronze:Defend","bronze:Defend","bronze:Defend","bronze:Replicate","bronze:Goto","bronze:RecursiveStrike+1","bronze:WhirlingStrike","bronze:Flail","bronze:Boost","bronze:CloningBeam+1","bronze:ChildClass","bronze:FollowUp","bronze:Explode","bronze:DelayedGuard","bronze:DigitalCarnage","bronze:Return","bronze:Verify+1","bronze:Overload+1","bronze:Repair+1","bronze:ClassDefault","bronze:ForLoop+1","bronze:HardenedForm+1","bronze:FineTuning+1","bronze:Branch+1","bronze:Repair+1","bronze:Repulsor+1","bronze:ChosenStrike","bronze:HardenedForm+1","bronze:ChosenStrike+1","bronze:Frontload+1"],"relics":["bronze:BronzeCore","Blue Candle","Ginger","Philosopher\u0027s Stone","sneckomod:BabySnecko","Mercury Hourglass","Bronze Scales","bronze:ProtectiveGoggles","WingedGreaves","Old Coin","MealTicket","Cursed Key","Gambling Chip","Darkstone Periapt","Oddly Smooth Stone","HandDrill","Pocketwatch","Omamori"],"acts_visited":["Exordium","TheCity","TheBeyond"],"potions_floor_usage":[14,16,26,33,33],"damage_taken":[{"damage":1,"enemies":"Small Slimes","floor":2,"turns":3},{"damage":0,"enemies":"2 Louse","floor":3,"turns":2},{"damage":1,"enemies":"Jaw Worm","floor":4,"turns":4},{"damage":7,"enemies":"2 Fungi Beasts","floor":5,"turns":2},{"damage":7,"enemies":"Exordium Thugs","floor":6,"turns":2},{"damage":6,"enemies":"3 Louse","floor":8,"turns":2},{"damage":28,"enemies":"Lagavulin Event","floor":11,"turns":4},{"damage":4,"enemies":"Lagavulin Event","floor":12,"turns":2},{"damage":0,"enemies":"Large Slime","floor":14,"turns":2},{"damage":0,"enemies":"3 Louse","floor":15,"turns":1},{"damage":5,"enemies":"IC_STATUS_ARCHETYPE","floor":16,"turns":6},{"damage":7,"enemies":"Chosen","floor":19,"turns":3},{"damage":0,"enemies":"Spheric Guardian","floor":20,"turns":2},{"damage":15,"enemies":"3 Cultists","floor":23,"turns":3},{"damage":30,"enemies":"Book of Stabbing","floor":26,"turns":6},{"damage":39,"enemies":"Gremlin Leader","floor":28,"turns":5},{"damage":0,"enemies":"Cultist and Chosen","floor":32,"turns":4},{"damage":17,"enemies":"SI_MIRROR_ARCHETYPE","floor":33,"turns":7},{"damage":34,"enemies":"3 Darklings","floor":36,"turns":5},{"damage":55,"enemies":"2 Orb Walkers","floor":38,"turns":5},{"damage":20,"enemies":"3 Shapes","floor":40,"turns":2},{"damage":2,"enemies":"downfall:FleeingMerchant","floor":44,"turns":4},{"damage":3,"enemies":"Spire Growth","floor":45,"turns":4},{"damage":4,"enemies":"downfall:FleeingMerchant","floor":46,"turns":4},{"damage":14,"enemies":"Maw","floor":47,"turns":7},{"damage":26,"enemies":"Nemesis","floor":48,"turns":7},{"damage":0,"enemies":"WA_ARCHETYPE_DIVINITY","floor":50,"turns":7}],"seed_played":"5262618443080637016","potions_obtained":[{"floor":3,"key":"Regen Potion"},{"floor":5,"key":"Ancient Potion"},{"floor":11,"key":"Block Potion"},{"floor":15,"key":"FairyPotion"},{"floor":19,"key":"Strength Potion"},{"floor":26,"key":"Dexterity Potion"},{"floor":36,"key":"SteroidPotion"},{"floor":47,"key":"LiquidBronze"}],"is_trial":false,"path_per_floor":["R","M","M","M","M","M","T","M","?","R","?","?","R","M","M","B",null,"R","M","M","?","?","M","T","?","E","R","E","?","R","T","M","B",null,"R","M","?","?","?","M","T","?","R","$","M","$","M","E","R","B",null],"character_chosen":"THE_AUTOMATON","items_purchased":["Oddly Smooth Stone","HandDrill","Pocketwatch","bronze:HardenedForm"],"campfire_rested":4,"item_purchase_floors":[44,44,44,46],"current_hp_per_floor":[70,69,69,68,61,54,54,48,48,48,20,16,37,42,42,37,70,70,63,63,63,63,55,55,55,35,56,27,27,48,48,58,67,70,70,46,46,2,2,13,13,13,34,69,70,69,59,65,65,70],"gold":140,"neow_bonus":"TRANSFORM_CARD","is_daily":false,"chose_seed":false,"campfire_upgraded":5,"win_rate":0.0,"timestamp":1611655234,"path_taken":["R","M","M","M","M","M","T","M","?","R","?","?","R","M","M","BOSS","R","M","M","?","?","?","T","?","E","R","E","?","R","?","M","BOSS","R","M","?","?","?","?","T","?","R","$","M","?","M","E","R","BOSS"],"items_purchased_type":["Relic","Relic","Relic","Card"],"build_version":"2020-12-22","purchased_purges":2,"victory":true,"max_hp_per_floor":[70,70,70,70,70,70,70,70,70,70,70,70,70,70,70,70,70,70,70,70,70,70,70,70,70,70,70,70,70,70,70,70,70,70,70,70,70,70,70,70,70,70,70,70,70,70,70,70,70,70],"card_choices":[{"not_picked":["bronze:BitShift","bronze:Turbo"],"picked":"bronze:WhirlingStrike","floor":2},{"not_picked":["bronze:Iterate","bronze:Invalidate"],"picked":"bronze:Separator","floor":3},{"not_picked":["bronze:DigitalCarnage","bronze:Allocate"],"picked":"bronze:Flail","floor":4},{"not_picked":["bronze:Invalidate","bronze:FineTuning"],"picked":"bronze:Boost","floor":5},{"not_picked":["bronze:WildBeam","bronze:BugBarrage"],"picked":"bronze:CloningBeam","floor":6},{"not_picked":["bronze:Separator","bronze:Shield"],"picked":"bronze:ChildClass","floor":8},{"not_picked":["bronze:BuggyMess","bronze:Philosophize"],"picked":"bronze:FollowUp","floor":11},{"not_picked":[],"picked":"bronze:Explode","floor":12},{"not_picked":["bronze:Turbo","bronze:WildBeam"],"picked":"bronze:DelayedGuard","floor":12},{"not_picked":["bronze:Frontload","bronze:Constructor"],"picked":"bronze:DigitalCarnage","floor":14},{"not_picked":["bronze:Optimize","bronze:WhirlingStrike"],"picked":"bronze:Return","floor":15},{"not_picked":["bronze:ThunderWave","bronze:ShipIt"],"picked":"bronze:Verify","floor":16},{"not_picked":["bronze:OilSpill","bronze:DigitalCarnage"],"picked":"bronze:Overload+1","floor":19},{"not_picked":["bronze:Iterate+1","bronze:Safeguard"],"picked":"bronze:Repair+1","floor":20},{"not_picked":["bronze:Invalidate+1","bronze:OilSpill","bronze:Iterate"],"picked":"SKIP","floor":23},{"not_picked":["bronze:Safeguard","bronze:Separator"],"picked":"bronze:ClassDefault","floor":26},{"not_picked":["bronze:BuggyMess","bronze:Overheat"],"picked":"bronze:ForLoop+1","floor":28},{"not_picked":["bronze:Flail","bronze:Turbo","bronze:Allocate"],"picked":"SKIP","floor":32},{"not_picked":["bronze:Verify","bronze:CleanCode"],"picked":"bronze:HardenedForm","floor":33},{"not_picked":["bronze:Separator","bronze:BugBarrage"],"picked":"bronze:FineTuning+1","floor":36},{"not_picked":["bronze:Invalidate","bronze:Turbo"],"picked":"bronze:Branch+1","floor":40},{"not_picked":["bronze:MaxOutput+1","bronze:Branch"],"picked":"bronze:Repulsor+1","floor":44},{"not_picked":["bronze:ShipIt","bronze:DelayedSlice","bronze:Repulsor+1"],"picked":"SKIP","floor":45},{"not_picked":["bronze:Shield+1","bronze:Overheat+1"],"picked":"bronze:ChosenStrike","floor":46},{"not_picked":["bronze:WildBeam","bronze:ItsAFeature"],"picked":"bronze:ChosenStrike+1","floor":47},{"not_picked":["bronze:Format","bronze:Safeguard"],"picked":"bronze:Frontload+1","floor":48}],"player_experience":318042,"relics_obtained":[{"floor":7,"key":"Blue Candle"},{"floor":11,"key":"Ginger"},{"floor":24,"key":"Bronze Scales"},{"floor":26,"key":"bronze:ProtectiveGoggles"},{"floor":28,"key":"WingedGreaves"},{"floor":31,"key":"MealTicket"},{"floor":38,"key":"Gambling Chip"},{"floor":41,"key":"Darkstone Periapt"},{"floor":48,"key":"Omamori"}],"event_choices":[{"cards_removed":["bronze:Strike"],"damage_healed":0,"gold_gain":0,"player_choice":"Forget","damage_taken":0,"max_hp_gain":0,"max_hp_loss":0,"event_name":"Living Wall","floor":9,"gold_loss":0},{"cards_removed":["bronze:Separator"],"damage_healed":0,"gold_gain":0,"player_choice":"Removed Attack","damage_taken":0,"max_hp_gain":0,"max_hp_loss":0,"event_name":"Falling","floor":37,"gold_loss":0},{"damage_healed":0,"gold_gain":0,"player_choice":"Fight","damage_taken":0,"max_hp_gain":0,"max_hp_loss":0,"event_name":"Mysterious Sphere","floor":38,"gold_loss":0}],"is_beta":false,"boss_relics":[{"not_picked":["SlaversCollar","SacredBark"],"picked":"Philosopher\u0027s Stone"},{"not_picked":["Calling Bell","bronze:MakeshiftBattery"],"picked":"Cursed Key"}],"items_purged_floors":[44,46],"is_endless":false,"potions_floor_spawned":[3,5,11,12,15,19,23,26,32,36,47],"ascension_level":0}}