{"host":"sdlwqwiyrrfsdjmi","time":1611646134,"event":{"mods":["AchievementEnabler","BaseMod","Marisa????????","Minty Spire (QoL Compilation)","Prisma Mod","StSLib","The Exalted"],"gold_per_floor":[113,132,54,68,85,116,166,166,215,215,271,286,301,301,301,396,396,410,410,76,96,111,126,142,142,215,215,230,54,54,68,68,68,68],"floor_reached":33,"language":"ENG","playtime":71238,"items_purged":[],"score":251,"play_id":"1023db2e-296a-497b-85eb-da5c83774e2d","local_time":"20210125232854","is_ascension_mode":false,"campfire_choices":[{"floor":10.0,"key":"REST"},{"floor":15.0,"key":"REST"},{"floor":25,"key":"REST"},{"floor":27,"key":"REST"},{"data":"Mayhem","floor":30,"key":"SMITH"},{"floor":32,"key":"REST"}],"circlet_count":0,"master_deck":["Strike_R","Strike_R","Strike_R","Strike_R","Strike_R","Defend_R","Defend_R","Defend_R","Defend_R","Bash","Discovery","Infernal Blade","Searing Blow","Evolve","Armaments","Burning Pact","Feel No Pain","Iron Wave","Heavy Blade","Heavy Blade","Iron Wave","Juggernaut","Fire Breathing+1","Mayhem+1","Anger+1","Clash+1","Shrug It Off+1","Infernal Blade","Second Wind","Seeing Red","Juggernaut","The Bomb","Armaments+1","Iron Wave"],"relics":["Burning Blood","Matryoshka","Nunchaku","Bromod:ArcaneAvenger","Dream Catcher","Mercury Hourglass","Bromod:ArcaneBarrier","Nloth\u0027s Gift","Strawberry","Bromod:ArcaneGuardian"],"acts_visited":["Exordium","TheCity"],"potions_floor_usage":[24,24,33],"damage_taken":[{"damage":15.0,"enemies":"2 Louse","floor":1.0,"turns":3.0},{"damage":17.0,"enemies":"Small Slimes","floor":2.0,"turns":3.0},{"damage":6.0,"enemies":"Cultist","floor":4.0,"turns":4.0},{"damage":19.0,"enemies":"Red Slaver","floor":5.0,"turns":6.0},{"damage":38.0,"enemies":"Gremlin Nob","floor":6.0,"turns":5.0},{"damage":14.0,"enemies":"Gremlin Nob","floor":11.0,"turns":4.0},{"damage":7.0,"enemies":"Blue Slaver","floor":12.0,"turns":3.0},{"damage":0.0,"enemies":"Large Slime","floor":13.0,"turns":6.0},{"damage":64.0,"enemies":"The Guardian","floor":16.0,"turns":10.0},{"damage":19.0,"enemies":"3 Byrds","floor":18.0,"turns":4.0},{"damage":31,"enemies":"2 Thieves","floor":21,"turns":4},{"damage":28,"enemies":"Shelled Parasite and Fungi","floor":22,"turns":5},{"damage":13,"enemies":"Sentry and Sphere","floor":23,"turns":4},{"damage":19,"enemies":"Centurion and Healer","floor":24,"turns":7},{"damage":30,"enemies":"Cultist and Chosen","floor":28,"turns":5},{"damage":10,"enemies":"Snecko","floor":31,"turns":4},{"damage":61,"enemies":"Collector","floor":33,"turns":7}],"seed_played":"-8591233567487520063","potions_obtained":[{"floor":2.0,"key":"SpeedPotion"},{"floor":5.0,"key":"SteroidPotion"},{"floor":6.0,"key":"Regen Potion"},{"floor":22,"key":"SteroidPotion"},{"floor":28,"key":"EssenceOfSteel"}],"is_trial":false,"path_per_floor":["M","M","$","M","M","E","?","?","T","R","?","M","M","T","R","B",null,"M","?","$","M","M","M","M","R","T","R","M","$","R","M","R","B"],"character_chosen":"IRONCLAD","items_purchased":["Evolve","Strawberry","Mayhem","The Bomb"],"campfire_rested":5,"item_purchase_floors":[3,20,20,29],"current_hp_per_floor":[71,60,60,60,47,15,15,15,15,39,31,30,50,50,74,16,80,67,67,74,49,27,20,7,33,33,59,35,35,35,31,57,0,0],"gold":68,"neow_bonus":"RANDOM_COLORLESS","is_daily":false,"chose_seed":false,"campfire_upgraded":1,"win_rate":0.0,"timestamp":1611646134,"path_taken":["M","M","$","M","M","E","?","?","T","R","?","M","M","?","R","BOSS","M","?","$","M","M","M","?","R","T","R","M","?","R","M","R","BOSS"],"items_purchased_type":["Card","Relic","Card","Card"],"build_version":"2020-12-22","purchased_purges":0,"victory":false,"max_hp_per_floor":[80,80,80,80,80,80,80,80,80,80,80,80,80,80,80,80,80,80,80,87,87,87,87,87,87,87,87,87,87,87,87,87,87,87],"card_choices":[{"not_picked":["Purity","Flash of Steel"],"picked":"Discovery","floor":0.0},{"not_picked":["Cleave","Anger"],"picked":"Infernal Blade","floor":1.0},{"not_picked":["Warcry","Fire Breathing"],"picked":"Searing Blow","floor":2.0},{"not_picked":["Body Slam","Clothesline"],"picked":"Armaments","floor":4.0},{"not_picked":["Sword Boomerang","Clothesline"],"picked":"Burning Pact","floor":5.0},{"not_picked":["True Grit","Exhume"],"picked":"Feel No Pain","floor":6.0},{"not_picked":["Cleave","True Grit"],"picked":"Iron Wave","floor":11.0},{"not_picked":["Perfected Strike","Blood for Blood"],"picked":"Heavy Blade","floor":12.0},{"not_picked":["Rupture","Hemokinesis"],"picked":"Heavy Blade","floor":13.0},{"not_picked":["Power Through","Headbutt"],"picked":"Iron Wave","floor":15.0},{"not_picked":["Brutality","Immolate"],"picked":"Juggernaut","floor":16.0},{"not_picked":["Flame Barrier","Seeing Red"],"picked":"Fire Breathing+1","floor":18.0},{"not_picked":["Sword Boomerang+1","Headbutt"],"picked":"Anger+1","floor":21},{"not_picked":["Power Through","Iron Wave"],"picked":"Clash+1","floor":22},{"not_picked":["Havoc+1","Fiend Fire"],"picked":"Shrug It Off+1","floor":23},{"not_picked":["Cleave","Sword Boomerang"],"picked":"Infernal Blade","floor":24},{"not_picked":["Evolve","Warcry"],"picked":"Second Wind","floor":25},{"not_picked":["Sentinel+1","Dark Embrace+1"],"picked":"Seeing Red","floor":27},{"not_picked":["Perfected Strike","Shrug It Off"],"picked":"Juggernaut","floor":28},{"not_picked":["Headbutt","Havoc"],"picked":"Armaments+1","floor":31},{"not_picked":["Cleave","Second Wind"],"picked":"Iron Wave","floor":32}],"player_experience":137408,"relics_obtained":[{"floor":6.0,"key":"Matryoshka"},{"floor":9.0,"key":"Nunchaku"},{"floor":9.0,"key":"Red Skull"},{"floor":11.0,"key":"Bromod:ArcaneAvenger"},{"floor":14.0,"key":"Dream Catcher"},{"floor":14.0,"key":"Mercury Hourglass"},{"floor":26,"key":"Bromod:ArcaneGuardian"}],"event_choices":[{"damage_healed":0.0,"max_hp_gain":0.0,"max_hp_loss":0.0,"gold_gain":50.0,"event_name":"Golden Wing","player_choice":"Gained Gold","floor":7.0,"gold_loss":0.0,"damage_taken":0.0},{"damage_healed":0.0,"max_hp_gain":0.0,"max_hp_loss":0.0,"gold_gain":0.0,"event_name":"Shining Light","player_choice":"Ignored","floor":8.0,"gold_loss":0.0,"damage_taken":0.0},{"damage_healed":0.0,"max_hp_gain":0.0,"max_hp_loss":0.0,"gold_gain":0.0,"event_name":"Dead Adventurer","player_choice":"Searched \u00271\u0027 times","floor":11.0,"gold_loss":0.0,"damage_taken":0.0},{"damage_healed":0,"gold_gain":0,"player_choice":"Traded Relic","damage_taken":0,"relics_obtained":["Nloth\u0027s Gift"],"max_hp_gain":0,"max_hp_loss":0,"event_name":"N\u0027loth","floor":19,"relics_lost":["Red Skull"],"gold_loss":0}],"is_beta":false,"boss_relics":[{"not_picked":["Sozu","SlaversCollar"],"picked":"Bromod:ArcaneBarrier"}],"items_purged_floors":[],"is_endless":false,"potions_floor_spawned":[2,5,6,22,28],"killed_by":"Collector","ascension_level":0}}