{"host":"jumrmhf584hajrnz","time":1611698603,"event":{"mods":["BaseMod","Duelist Mod","GifTheSpireLib","Minty Spire (QoL Compilation)","Quick Restart","StSLib"],"gold_per_floor":[135,135,135,135,151,181,181,9,9,25,41,41,71,82,82,156,156,176,226,226,95,95,121,131,131,131,142,142,158,158,189,189,189,189],"floor_reached":33,"language":"ENG","playtime":2041,"items_purged":[],"score":611,"play_id":"548e71cb-8e83-4f89-85f4-62c160cfe23f","local_time":"20210126230323","is_ascension_mode":true,"campfire_choices":[{"floor":7,"key":"RECALL"},{"data":"theDuelist:VoidVanishment","floor":12,"key":"SMITH"},{"floor":15,"key":"REST"},{"floor":25,"key":"REST"},{"floor":30,"key":"REST"},{"data":"theDuelist:Mathematician","floor":32,"key":"SMITH"}],"circlet_count":0,"master_deck":["theDuelist:VoidVanishment+1","Regret","theDuelist:DarkPaladin","theDuelist:CastleWalls","theDuelist:InjectionFairy","theDuelist:MysticalElf","theDuelist:MythicalBeast","theDuelist:FogKing","theDuelist:BigFire","theDuelist:DarkMagicianGirl","theDuelist:NeoMagic","theDuelist:CastleWalls","theDuelist:NeoMagic","theDuelist:DarkFactory","theDuelist:RainbowOverdragon","theDuelist:Sparks","theDuelist:DarkMagician","theDuelist:Sparks","theDuelist:InjectionFairy","theDuelist:Yami","theDuelist:MysticalElf","AscendersBane","theDuelist:NeoMagic","Writhe","theDuelist:MysticalElf","theDuelist:RainbowMagician","theDuelist:Sparks","theDuelist:SpiritHarp","theDuelist:DarkPaladin","theDuelist:DarkMagicianGirl","theDuelist:NeoMagic+1","theDuelist:NeoMagic","theDuelist:Mathematician+1"],"relics":["theDuelist:MillenniumPuzzle","theDuelist:CardPoolRelic","theDuelist:CardPoolBasicRelic","theDuelist:BoosterPackPoolRelic","theDuelist:CardPoolAddRelic","theDuelist:CardPoolMinusRelic","theDuelist:CardPoolSaveRelic","theDuelist:CardPoolOptionsRelic","theDuelist:NamelessPowerRelicB","theDuelist:MetronomeRelicD","Mango","theDuelist:TributeEggRelic","Orrery","Turnip","Sozu","Lantern","theDuelist:MerchantPendant","Cables","Tiny Chest","Pocketwatch","MutagenicStrength","theDuelist:BoosterPackMonsterEgg"],"acts_visited":["Exordium","TheCity"],"potions_floor_usage":[6,23,33],"damage_taken":[{"damage":0,"enemies":"Small Slimes","floor":1,"turns":4},{"damage":5,"enemies":"2 Louse","floor":5,"turns":2},{"damage":12,"enemies":"Lagavulin","floor":6,"turns":6},{"damage":0,"enemies":"Jaw Worm","floor":10,"turns":4},{"damage":2,"enemies":"Large Slime","floor":11,"turns":5},{"damage":20,"enemies":"3 Sentries","floor":13,"turns":6},{"damage":6,"enemies":"Exordium Wildlife","floor":14,"turns":2},{"damage":28,"enemies":"Slime Boss","floor":16,"turns":11},{"damage":13,"enemies":"2 Thieves","floor":18,"turns":4},{"damage":51,"enemies":"Book of Stabbing","floor":23,"turns":5},{"damage":3,"enemies":"3 Byrds","floor":24,"turns":3},{"damage":0,"enemies":"3 Cultists","floor":27,"turns":4},{"damage":23,"enemies":"Cultist and Chosen","floor":29,"turns":5},{"damage":11,"enemies":"Gremlin Leader","floor":31,"turns":7},{"damage":101,"enemies":"Collector","floor":33,"turns":8}],"seed_played":"6117278767159168153","potions_obtained":[{"floor":1,"key":"ColorlessPotion"},{"floor":13,"key":"SkillPotion"},{"floor":14,"key":"theDuelist:BurningPotion"}],"is_trial":false,"path_per_floor":["M","?","?","?","M","E","R","$","T","M","M","R","E","M","R","B",null,"M","?","?","$","?","E","M","R","T","M","?","M","R","E","R","B"],"character_chosen":"THE_DUELIST","items_purchased":["Orrery","theDuelist:MerchantPendant","Cables"],"campfire_rested":3,"item_purchase_floors":[8,21,21],"current_hp_per_floor":[63,74,66,80,75,63,63,63,63,63,65,65,53,51,78,66,85,82,82,82,82,82,39,36,63,63,71,71,52,79,81,81,0,0],"gold":189,"neow_bonus":"ONE_RANDOM_RARE_CARD","is_daily":false,"chose_seed":false,"campfire_upgraded":2,"win_rate":0.0,"timestamp":1611698603,"path_taken":["M","?","?","?","M","E","R","$","T","M","M","R","E","?","R","BOSS","M","?","?","?","?","E","?","R","T","M","?","M","R","E","R","BOSS"],"items_purchased_type":["Relic","Relic","Relic"],"build_version":"2020-12-22","purchased_purges":0,"victory":false,"max_hp_per_floor":[70,77,77,91,91,91,91,91,91,91,91,91,91,91,91,91,91,91,91,91,91,91,91,91,91,91,91,91,91,91,91,91,91,91],"card_choices":[{"not_picked":["theDuelist:Sangan","theDuelist:MudragonSwamp","theDuelist:ChangeHeart","theDuelist:GemArmadillo"],"picked":"theDuelist:DarkFactory","floor":1},{"not_picked":["theDuelist:BlizzardWarrior","theDuelist:SangaThunder","theDuelist:NeoMagic","theDuelist:DarkMagician"],"picked":"theDuelist:FogKing","floor":5},{"not_picked":["theDuelist:BattleguardKing","theDuelist:Hinotama","theDuelist:AttackTheMoon","theDuelist:WormWarlord"],"picked":"theDuelist:BigFire","floor":6},{"not_picked":["theDuelist:SangaThunder","theDuelist:DarkMagician","theDuelist:SpiritHarp","theDuelist:BlizzardPrincess"],"picked":"theDuelist:MysticalElf","floor":8},{"not_picked":["theDuelist:ExodiaHead","theDuelist:QueenDragunDjinn","theDuelist:VoidVanishment","theDuelist:SwordsRevealing"],"picked":"theDuelist:RainbowMagician","floor":8},{"not_picked":["theDuelist:SpellShatteringArrow","theDuelist:SangaThunder","theDuelist:NeoMagic","theDuelist:DarkMagician"],"picked":"theDuelist:MythicalBeast","floor":8},{"not_picked":["theDuelist:MagiciansRobe","theDuelist:GoblinSecret","theDuelist:MindAir"],"picked":"theDuelist:Yami","floor":8},{"not_picked":["theDuelist:DarkMagician","theDuelist:ExodiaRL","theDuelist:BlueDragonSummoner","theDuelist:BlizzardPrincess"],"picked":"theDuelist:NeoMagic","floor":8},{"not_picked":["theDuelist:SpellShatteringArrow","theDuelist:AltarTribute","theDuelist:ThousandEyesIdol","theDuelist:AlienTelepath"],"picked":"theDuelist:InjectionFairy","floor":10},{"not_picked":["theDuelist:NeoMagic","theDuelist:ExodiaLL","theDuelist:LordD","theDuelist:BlueDragonSummoner"],"picked":"theDuelist:InjectionFairy","floor":11},{"not_picked":["theDuelist:BattleOx","theDuelist:BlackPendant","theDuelist:Mudora","theDuelist:StrayLambs"],"picked":"theDuelist:RainbowOverdragon","floor":13},{"not_picked":["theDuelist:NeoMagic","theDuelist:DarkMagician","theDuelist:FlyingSaucer","theDuelist:GeminiElf"],"picked":"theDuelist:DarkMagicianGirl","floor":14},{"not_picked":["theDuelist:VoidVanishment","theDuelist:GrandSpellbookTower","theDuelist:IceQueen","theDuelist:GateGuardian"],"picked":"theDuelist:DarkPaladin","floor":16},{"not_picked":["theDuelist:SangaThunder","theDuelist:FlyingSaucer","theDuelist:SpellShatteringArrow","theDuelist:PowerKaishin+1"],"picked":"theDuelist:SpiritHarp","floor":18},{"not_picked":["theDuelist:IceQueen+1","theDuelist:SwordsBurning+1"],"picked":"theDuelist:DarkPaladin","floor":23},{"not_picked":["theDuelist:ExodiaRL","theDuelist:ExodiaLA+1","theDuelist:LordD","theDuelist:FogKing"],"picked":"theDuelist:DarkMagicianGirl","floor":24},{"not_picked":["theDuelist:SpellShatteringArrow","theDuelist:BlizzardWarrior","theDuelist:SangaThunder","theDuelist:LegendaryFlameLord"],"picked":"theDuelist:NeoMagic+1","floor":27},{"not_picked":["theDuelist:Illusionist","theDuelist:Mudballman","theDuelist:OnslaughtFireKings+1","theDuelist:MysticalElf"],"picked":"theDuelist:NeoMagic","floor":29},{"not_picked":["theDuelist:DarklordSuperbia","theDuelist:DestroyerGolem","theDuelist:EarthquakeGiant","theDuelist:MudragonSwamp"],"picked":"theDuelist:Mathematician","floor":31}],"player_experience":1575756,"relics_obtained":[{"floor":6,"key":"theDuelist:TributeEggRelic"},{"floor":13,"key":"Turnip"},{"floor":23,"key":"Tiny Chest"},{"floor":26,"key":"Pocketwatch"},{"floor":31,"key":"theDuelist:BoosterPackMonsterEgg"}],"event_choices":[{"power_reward":3,"total_magic_score":15,"gold_gain":0,"duelist":true,"damage_taken":0,"relics_obtained":["theDuelist:NamelessPowerRelicB"],"points":7,"max_hp_gain":11,"max_hp_loss":4,"spent_points":{"magic":0,"greed":0,"war":0,"power":3,"hunger":4},"event_name":"Nameless Tomb","hunger_reward":4,"floor":2,"gold_loss":0,"cards_obtained":[]},{"damage_healed":0,"gold_gain":0,"player_choice":"Dig - random Duelist relic","duelist":true,"damage_taken":0,"max_hp_gain":0,"max_hp_loss":0,"event_name":"Aknamkanon\u0027s Tomb","floor":3,"gold_loss":0},{"damage_healed":0,"gold_gain":0,"player_choice":"Box","damage_taken":0,"relics_obtained":["Mango"],"max_hp_gain":0,"max_hp_loss":0,"event_name":"Big Fish","floor":4,"gold_loss":0,"cards_obtained":["Regret"]},{"damage_healed":0,"gold_gain":50,"player_choice":"Stole From Cult","damage_taken":0,"max_hp_gain":0,"max_hp_loss":0,"event_name":"Nest","floor":19,"gold_loss":0},{"damage_healed":0,"gold_gain":0,"player_choice":"Opened","damage_taken":0,"relics_obtained":["Lantern"],"max_hp_gain":0,"max_hp_loss":0,"event_name":"The Mausoleum","floor":20,"gold_loss":0,"cards_obtained":["Writhe"]},{"damage_healed":0,"gold_gain":0,"player_choice":"Ignored","damage_taken":0,"max_hp_gain":0,"max_hp_loss":0,"event_name":"N\u0027loth","floor":22,"gold_loss":0},{"damage_healed":0,"gold_gain":0,"player_choice":"Inject Mutagens","damage_taken":0,"relics_obtained":["MutagenicStrength"],"max_hp_gain":0,"max_hp_loss":0,"event_name":"Drug Dealer","floor":28,"gold_loss":0}],"is_beta":false,"boss_relics":[{"not_picked":["Runic Dome","Tiny House"],"picked":"Sozu"}],"items_purged_floors":[],"is_endless":false,"potions_floor_spawned":[1,13,14,23,27,31],"killed_by":"Collector","ascension_level":20}}