{"host":"3ghcx3e93lhog3cp","time":1611624796,"event":{"mods":["AchievementEnabler","BaseMod","Downfall","Infinite Spire","Minty Spire (QoL Compilation)","Replay The Spire","StSLib","The Cursed","The Mystic","The Servant 0.9.4"],"gold_per_floor":[115,190,205,220,4,34,34,34,34,52,52,125,125,157,157,262,262,274,285,295,315,3,34,52,63,131,131,144,144,194,214,214,313,313,328,343,354,354,372,372,372,372,372,390,390,390,409,409,409,505,505,507,507,507,521,532,532,551,551,574,558,558,560,568,563,563,646,646,638,50,57,47,58,58,54,62,62,71,73,73,73,73,73,142,192,189,191,142,142,89,89,89,70,70,70,81,81,81,70,70,127,127,127,135,140,215,216,232,240,240,240,232,232,240,240,240,240,206,206,205,130,138,161,153,153,170,163,163,163,163,83,117,129,129,227,227,222,222,233,133,132,155,119,96,96,96,105,105,92,90,214,323,323,323,115,124,190],"floor_reached":158,"language":"ENG","playtime":21095,"items_purged":["Defend_P","Spreading Infection","Defend_P"],"score":4217,"play_id":"226d5ace-c88f-4c24-9019-505ddfb658e8","local_time":"20210125173316","is_ascension_mode":false,"campfire_choices":[{"data":"Study","floor":7.0,"key":"SMITH"},{"data":"Omniscience","floor":11.0,"key":"SMITH"},{"data":"Judgement","floor":13.0,"key":"SMITH"},{"data":"Defend_P","floor":15.0,"key":"PURGE"},{"data":"Alpha","floor":29.0,"key":"SMITH"},{"data":"Ragnarok","floor":40.0,"key":"SMITH"},{"data":"infinitespire:Execution","floor":42.0,"key":"SMITH"},{"data":"Thinking Ahead","floor":49.0,"key":"SMITH"},{"data":"Devotion","floor":57.0,"key":"SMITH"},{"data":"CrushJoints","floor":59.0,"key":"SMITH"},{"floor":66.0,"key":"DIG"},{"data":"infinitespire:Starlight","floor":74.0,"key":"SMITH"},{"data":"infinitespire:NeuralNetwork","floor":80.0,"key":"SMITH"},{"data":"Violence","floor":83.0,"key":"SMITH"},{"data":"FlurryOfBlows","floor":91.0,"key":"SMITH"},{"data":"Prostrate","floor":98.0,"key":"SMITH"},{"data":"Nirvana","floor":100.0,"key":"SMITH"},{"data":"infinitespire:UltimateForm","floor":113.0,"key":"SMITH"},{"data":"Scrawl","floor":115.0,"key":"SMITH"},{"data":"Wallop","floor":117.0,"key":"SMITH"},{"data":"Omniscience","floor":125.0,"key":"SMITH"},{"data":"ReplayTheSpireMod:Haul","floor":129.0,"key":"SMITH"},{"data":"FollowUp","floor":134.0,"key":"SMITH"},{"data":"Adaptation","floor":148.0,"key":"SMITH"},{"data":"DevaForm","floor":154,"key":"SMITH"}],"circlet_count":1,"master_deck":["Eruption+1","Vigilance+1","Prostrate+1","LikeWater","Study+1","Judgement+1","Prostrate+1","Omniscience+1","Adaptation+1","Alpha+1","Meditate+1","Prostrate+1","Wallop+1","Indignation+1","Worship+1","CrushJoints+1","BowlingBash+1","Ragnarok+1","AbeCurse","Perseverance+1","Crescendo+1","infinitespire:Execution+1","Thinking Ahead+1","Devotion+1","ForeignInfluence+1","Steam+1","JustLucky","infinitespire:Starlight+1","DevaForm+1","Wallop+1","Violence+1","Nirvana+1","infinitespire:NeuralNetwork+1","FlurryOfBlows+1","Scrawl+1","infinitespire:UltimateForm+1","Injury","Omniscience+1","Impatience","ReplayTheSpireMod:Haul+1","FollowUp+1","Establishment"],"relics":["PureWater","Gremlin Horn","Replay:Ringing Soul","infinitespire:WardingShard","Replay:Wax Seal","Coffee Dripper","Pondfish Scales","Blue Candle","Abe\u0027s Treasure","Replay:Towering Pillar of Hats","Divine Protection","ReplayTheSpireMod:Ring of Challenge","Busted Crown","Potion Belt","Chameleon Ring","Bag of Preparation","Black Star","Vajra","Bottled Tornado","Red Mask","GoldenEye","Damaru","Iron Hammer","Tiny House","Anchor","Replay:Purple Gloves","ReplayTheSpireMod:TigerMarble","Replay:Baseball","Ring of Chaos","Blue Doll","infinitespire:Joker Card","The Courier","Golden Idol","ReplayTheSpireMod:SealedPack","Incense Burner","Nunchaku","CaptainsWheel","Sundial","SacredBark","Regal Pillow","Art of War","SlaversCollar","Mirror","Replay:PocketPolymizer","Bottled Lightning","Meat on the Bone","Tiny Chest","War Paint","Gremlin Food","Mercury Hourglass","Circlet","Empty Cage","Shuriken","TungstenRod","MawBank"],"acts_visited":["Exordium","TheCity","TheBeyond","Exordium","TheCity","TheBeyond","Exordium","TheCity","TheBeyond","TheEnding"],"potions_floor_usage":[157,157,157],"damage_taken":[{"damage":0.0,"enemies":"Cultist","floor":1.0,"turns":3.0},{"damage":1.0,"enemies":"Jaw Worm","floor":3.0,"turns":5.0},{"damage":12.0,"enemies":"infinitespire:Voidling","floor":4.0,"turns":5.0},{"damage":16.0,"enemies":"Gremlin Nob","floor":6.0,"turns":3.0},{"damage":0.0,"enemies":"3 Louse","floor":10.0,"turns":2.0},{"damage":8.0,"enemies":"Replay:BlueRogue","floor":14.0,"turns":5.0},{"damage":7.0,"enemies":"Hexaghost","floor":16.0,"turns":10.0},{"damage":0.0,"enemies":"Spheric Guardian","floor":18.0,"turns":2.0},{"damage":28.0,"enemies":"Chosen","floor":19.0,"turns":9.0},{"damage":12.0,"enemies":"Snake Plant","floor":20.0,"turns":5.0},{"damage":0.0,"enemies":"Cultist and Chosen","floor":21.0,"turns":4.0},{"damage":0.0,"enemies":"Nightmare","floor":23.0,"turns":9.0},{"damage":11.0,"enemies":"Sentry and Sphere","floor":24.0,"turns":4.0},{"damage":0.0,"enemies":"Centurion and Healer","floor":25.0,"turns":5.0},{"damage":24.0,"enemies":"Snake Plant","floor":28.0,"turns":3.0},{"damage":0.0,"enemies":"Snecko","floor":31.0,"turns":2.0},{"damage":4.0,"enemies":"Champ","floor":33.0,"turns":5.0},{"damage":4.0,"enemies":"3 Shapes","floor":35.0,"turns":3.0},{"damage":2.0,"enemies":"Orb Walker","floor":36.0,"turns":3.0},{"damage":8.0,"enemies":"3 Darklings","floor":37.0,"turns":3.0},{"damage":9.0,"enemies":"Transient","floor":39.0,"turns":5.0},{"damage":0.0,"enemies":"Jaw Worm Horde","floor":44.0,"turns":3.0},{"damage":0.0,"enemies":"Maw","floor":47.0,"turns":4.0},{"damage":6.0,"enemies":"Awakened One","floor":50.0,"turns":9.0},{"damage":0.0,"enemies":"Cultist","floor":52.0,"turns":2.0},{"damage":0.0,"enemies":"2 Louse","floor":55.0,"turns":1.0},{"damage":0.0,"enemies":"Small Slimes","floor":56.0,"turns":1.0},{"damage":0.0,"enemies":"Exordium Wildlife","floor":58.0,"turns":2.0},{"damage":55.0,"enemies":"Nightmare","floor":61.0,"turns":6.0},{"damage":0.0,"enemies":"2 Fungi Beasts","floor":63.0,"turns":2.0},{"damage":0.0,"enemies":"Looter","floor":64.0,"turns":2.0},{"damage":6.0,"enemies":"Exordium Wildlife","floor":65.0,"turns":4.0},{"damage":51.0,"enemies":"Hexaghost","floor":67.0,"turns":3.0},{"damage":6.0,"enemies":"2 Thieves","floor":69.0,"turns":3.0},{"damage":0.0,"enemies":"Chosen","floor":71.0,"turns":1.0},{"damage":0.0,"enemies":"Centurion and Healer","floor":72.0,"turns":3.0},{"damage":28.0,"enemies":"Masked Bandits","floor":73.0,"turns":3.0},{"damage":0.0,"enemies":"Cultist and Chosen","floor":75.0,"turns":2.0},{"damage":63.0,"enemies":"Slavers","floor":76.0,"turns":4.0},{"damage":0.0,"enemies":"Snecko","floor":78.0,"turns":2.0},{"damage":0.0,"enemies":"Snake Plant","floor":79.0,"turns":2.0},{"damage":0.0,"enemies":"Chosen and Byrds","floor":82.0,"turns":3.0},{"damage":0.0,"enemies":"Automaton","floor":84.0,"turns":4.0},{"damage":0.0,"enemies":"3 Shapes","floor":86.0,"turns":2.0},{"damage":0.0,"enemies":"Orb Walker","floor":87.0,"turns":2.0},{"damage":0.0,"enemies":"Transient","floor":88.0,"turns":5.0},{"damage":39.0,"enemies":"Writhing Mass","floor":93.0,"turns":3.0},{"damage":0.0,"enemies":"Nemesis","floor":96.0,"turns":3.0},{"damage":0.0,"enemies":"Spire Growth","floor":97.0,"turns":2.0},{"damage":0.0,"enemies":"Jaw Worm Horde","floor":99.0,"turns":2.0},{"damage":52.0,"enemies":"infinitespire:MassOfShapes","floor":101.0,"turns":4.0},{"damage":0.0,"enemies":"Cultist","floor":103.0,"turns":2.0},{"damage":0.0,"enemies":"Jaw Worm","floor":104.0,"turns":1.0},{"damage":0.0,"enemies":"Small Slimes","floor":105.0,"turns":2.0},{"damage":0.0,"enemies":"Red Slaver","floor":107.0,"turns":2.0},{"damage":0.0,"enemies":"Lagavulin","floor":108.0,"turns":2.0},{"damage":0.0,"enemies":"3 Louse","floor":109.0,"turns":1.0},{"damage":0.0,"enemies":"Large Slime","floor":112.0,"turns":2.0},{"damage":0.0,"enemies":"Red Slaver","floor":114.0,"turns":1.0},{"damage":0.0,"enemies":"Fading Forest","floor":118.0,"turns":5.0},{"damage":0.0,"enemies":"Shell Parasite","floor":120.0,"turns":2.0},{"damage":0.0,"enemies":"Chosen","floor":122.0,"turns":2.0},{"damage":0.0,"enemies":"Snake Plant","floor":124.0,"turns":2.0},{"damage":0.0,"enemies":"Book of Stabbing","floor":126.0,"turns":2.0},{"damage":0.0,"enemies":"Centurion and Healer","floor":127.0,"turns":2.0},{"damage":0.0,"enemies":"Slavers","floor":132.0,"turns":1.0},{"damage":0.0,"enemies":"Sentry and Sphere","floor":133.0,"turns":2.0},{"damage":14.0,"enemies":"Champ","floor":135.0,"turns":3.0},{"damage":1.0,"enemies":"3 Shapes","floor":137.0,"turns":2.0},{"damage":0.0,"enemies":"3 Darklings","floor":139.0,"turns":1.0},{"damage":0.0,"enemies":"Writhing Mass","floor":141.0,"turns":3.0},{"damage":0.0,"enemies":"R_Hoarder","floor":142.0,"turns":2.0},{"damage":0.0,"enemies":"Transient","floor":143.0,"turns":5.0},{"damage":38.0,"enemies":"Nightmare","floor":144.0,"turns":6.0},{"damage":0.0,"enemies":"Nemesis","floor":147.0,"turns":3.0},{"damage":4.0,"enemies":"3 Darklings","floor":149.0,"turns":3.0},{"damage":0.0,"enemies":"Maw","floor":150.0,"turns":3.0},{"damage":0,"enemies":"infinitespire:LordOfFortification","floor":152,"turns":2},{"damage":0,"enemies":"Shield and Spear","floor":156,"turns":3},{"damage":1,"enemies":"The Heart","floor":157,"turns":6}],"seed_played":"-9078029520160388891","potions_obtained":[{"floor":1.0,"key":"LiquidBronze"},{"floor":3.0,"key":"Death Potion"},{"floor":4.0,"key":"BottledMiracle"},{"floor":18.0,"key":"Flashbang"},{"floor":24.0,"key":"Toxic Potion"},{"floor":25.0,"key":"AttackPotion"},{"floor":31.0,"key":"ColorlessPotion"},{"floor":35.0,"key":"LiquidMemories"},{"floor":50.0,"key":"Weak Potion"},{"floor":56.0,"key":"SpeedPotion"},{"floor":58.0,"key":"SkillPotion"},{"floor":61.0,"key":"Venom Potion"},{"floor":63.0,"key":"Strength Potion"},{"floor":75.0,"key":"Milkshake"},{"floor":78.0,"key":"Block Potion"},{"floor":81.0,"key":"DuplicationPotion"},{"floor":81.0,"key":"Explosive Potion"},{"floor":81.0,"key":"Guardian:BlockOnCardUsePotion"},{"floor":82.0,"key":"Languid Potion"},{"floor":84.0,"key":"AttackPotion"},{"floor":85.0,"key":"champ:CounterPotion"},{"floor":97.0,"key":"sneckomod:MuddlingPotion"},{"floor":99.0,"key":"ColorlessPotion"},{"floor":101.0,"key":"Ambrosia"},{"floor":104.0,"key":"Regen Potion"},{"floor":108.0,"key":"ColorlessPotion"},{"floor":114.0,"key":"Guardian:BlockOnCardUsePotion"},{"floor":120.0,"key":"CultistPotion"},{"floor":133.0,"key":"GamblersBrew"},{"floor":137.0,"key":"Weak Potion"},{"floor":138.0,"key":"Fruit Juice"},{"floor":138.0,"key":"Cursed Concoction"},{"floor":142.0,"key":"SmokeBomb"},{"floor":144.0,"key":"BlessingOfTheForge"},{"floor":152,"key":"GamblersBrew"},{"floor":157,"key":"SmokeBomb"}],"is_trial":false,"path_per_floor":["M","?","M","M","$","E","R","?","T","M","R","T","R","E","R","B",null,"M","M","M","M","$","NM","M","M","T","AVR","M","R","?","M","R","B",null,"M","M","M","AVR","M","R","?","R","T","M","?","?","M","?","R","B",null,"M","?","AVR","M","M","R","M","R","T","NM","?","M","M","M","R","B",null,"M","$","M","M","?","R","M","E","T","M","M","R","?","M","R","B",null,"M","M","M","?","$","R","?","M","T","?","E","M","R","M","R","B",null,"M","M","M","?","M","E","M","AVR","T","M","R","M","R","?","R","B",null,"M","?","M","?","M","R","E","M","T","R","AVR","$","E","M","R","B",null,"M","?","M","$","M","E","M","NM","T","T","E","R","M","M","R","B",null,"R","$","E","B",null],"character_chosen":"WATCHER","items_purchased":["Judgement","Pondfish Scales","Vajra","Bottled Tornado","Violence","Anchor","Shuriken"],"campfire_rested":0,"item_purchase_floors":[5,22,70,70,70,90,155],"current_hp_per_floor":[79,68,67,64,64,48,48,48,48,51,51,51,51,46,46,42,88,91,66,57,60,60,63,55,58,58,61,40,40,40,40,74,73,121,120,121,113,116,107,107,107,107,107,107,107,110,110,113,113,110,139,139,142,145,145,148,148,148,148,148,96,96,96,96,100,100,52,154,151,154,154,154,126,126,126,81,81,81,81,81,81,81,81,96,171,171,171,171,171,174,174,174,135,135,135,150,150,150,165,165,128,174,174,174,174,157,157,175,175,178,178,180,180,180,180,183,183,186,189,189,189,189,142,142,142,157,157,157,157,160,160,160,163,163,149,195,194,209,209,209,209,209,210,187,187,187,187,187,207,207,207,207,210,210,210,210,212],"gold":202,"neow_bonus":"TEN_PERCENT_HP_BONUS","is_daily":false,"chose_seed":false,"campfire_upgraded":23,"win_rate":0.0,"timestamp":1611624796,"path_taken":["M","?","M","M","$","E","R","?","T","M","R","?","R","E","R","BOSS","M","M","M","?","$","NM","M","M","T","AVR","M","R","?","M","R","BOSS","M","M","?","AVR","M","R","?","R","T","M","?","?","?","?","R","BOSS","M","?","AVR","M","M","R","M","R","T","NM","?","?","M","M","R","BOSS","M","$","M","M","?","R","M","E","T","M","M","R","?","?","R","BOSS","M","?","M","?","$","R","?","?","T","?","E","M","R","M","R","BOSS","M","M","?","?","M","E","M","AVR","T","M","R","?","R","?","R","BOSS","M","?","M","?","M","R","E","M","T","R","AVR","?","E","M","R","BOSS","M","?","?","?","M","E","M","NM","T","?","E","R","M","M","R","BOSS","R","$","E","BOSS"],"items_purchased_type":["Card","Relic","Relic","Relic","Card","Relic","Relic"],"build_version":"2020-12-22","purchased_purges":3,"victory":true,"max_hp_per_floor":[79,79,79,79,79,79,79,79,79,82,82,82,82,85,85,88,88,91,94,97,100,100,103,106,109,109,112,115,115,115,115,115,118,121,124,127,127,130,130,130,130,130,130,130,130,133,133,136,136,139,139,139,142,145,145,148,148,148,148,148,151,151,151,151,151,151,154,154,157,160,160,160,160,160,160,163,163,163,163,163,163,163,163,163,171,171,171,171,171,174,174,174,174,174,174,174,174,174,174,174,174,174,174,174,174,174,174,177,177,180,180,180,180,180,180,183,183,186,189,189,189,189,189,189,189,189,189,189,189,192,192,192,195,195,195,195,195,210,210,210,210,210,210,210,210,210,210,210,210,210,210,210,210,210,210,210,213],"card_choices":[{"not_picked":["FollowUp","EmptyFist"],"picked":"Prostrate","floor":1.0},{"not_picked":["FlyingSleeves","Halt"],"picked":"LikeWater","floor":3.0},{"not_picked":["Prostrate","FlurryOfBlows"],"picked":"Study","floor":4.0},{"not_picked":["MentalFortress","WindmillStrike"],"picked":"Prostrate","floor":6.0},{"not_picked":["WindmillStrike","Protect"],"picked":"Omniscience","floor":10.0},{"not_picked":["SashWhip","Replay:ManipulateFuture"],"picked":"Adaptation","floor":14.0},{"not_picked":["Omniscience","Vault"],"picked":"Alpha","floor":16.0},{"not_picked":["Swivel","Evaluate"],"picked":"Meditate+1","floor":18.0},{"not_picked":["Prostrate","Collect"],"picked":"Replay:Vibes+1","floor":19.0},{"not_picked":["Fasting2","Halt"],"picked":"Prostrate","floor":20.0},{"not_picked":["WaveOfTheHand","Replay:Vibes"],"picked":"Wallop","floor":21.0},{"not_picked":["ThirdEye","EmptyBody"],"picked":"Indignation+1","floor":23.0},{"not_picked":["Halt","WreathOfFlame"],"picked":"Worship+1","floor":24.0},{"not_picked":["Evaluate","Replay:AtTheReady"],"picked":"CrushJoints","floor":25.0},{"not_picked":["Weave","Replay:BluntJabs"],"picked":"BowlingBash+1","floor":28.0},{"not_picked":["DeceiveReality","Replay:Vibes","Halt+1"],"picked":"SKIP","floor":31.0},{"not_picked":["Blasphemy","ConjureBlade"],"picked":"Ragnarok","floor":33.0},{"not_picked":["BowlingBash","SashWhip"],"picked":"Perseverance+1","floor":35.0},{"not_picked":["Replay:BluntJabs","FearNoEvil"],"picked":"Crescendo+1","floor":36.0},{"not_picked":["SashWhip+1","EmptyBody","Replay:ManipulateFuture+1"],"picked":"SKIP","floor":37.0},{"not_picked":["Alpha","CrushJoints","Indignation"],"picked":"SKIP","floor":39.0},{"not_picked":["Weave+1","ThirdEye+1","Nirvana"],"picked":"SKIP","floor":44.0},{"not_picked":["CrushJoints+1","Replay:Cycle+1","EmptyFist"],"picked":"SKIP","floor":47.0},{"not_picked":["Madness","Impatience"],"picked":"Thinking Ahead","floor":48.0},{"not_picked":["Replay:AllIn","Alpha"],"picked":"Devotion","floor":50.0},{"not_picked":["Replay:AtTheReady"],"picked":"SKIP","floor":52.0},{"not_picked":["Evaluate"],"picked":"SKIP","floor":55.0},{"not_picked":[],"picked":"JustLucky","floor":56.0},{"not_picked":["BattleHymn"],"picked":"SKIP","floor":58.0},{"not_picked":["infinitespire:NeuralNetwork","infinitespire:Collect"],"picked":"infinitespire:Starlight","floor":61.0},{"not_picked":["Conclude"],"picked":"SKIP","floor":61.0},{"not_picked":["WaveOfTheHand"],"picked":"SKIP","floor":63.0},{"not_picked":["Evaluate"],"picked":"SKIP","floor":64.0},{"not_picked":["BattleHymn"],"picked":"SKIP","floor":65.0},{"not_picked":[],"picked":"DevaForm","floor":67.0},{"not_picked":[],"picked":"Wallop","floor":69.0},{"not_picked":["Consecrate"],"picked":"SKIP","floor":71.0},{"not_picked":["JustLucky"],"picked":"SKIP","floor":72.0},{"not_picked":["JustLucky+1"],"picked":"SKIP","floor":75.0},{"not_picked":[],"picked":"Nirvana","floor":76.0},{"not_picked":["infinitespire:SevenWalls","infinitespire:Starlight"],"picked":"infinitespire:NeuralNetwork","floor":76.0},{"not_picked":["SandsOfTime"],"picked":"SKIP","floor":78.0},{"not_picked":["Replay:AllIn"],"picked":"SKIP","floor":79.0},{"not_picked":["EmptyMind"],"picked":"SKIP","floor":82.0},{"not_picked":[],"picked":"FlurryOfBlows","floor":85.0},{"not_picked":["Consecrate"],"picked":"SKIP","floor":86.0},{"not_picked":["FearNoEvil+1"],"picked":"SKIP","floor":87.0},{"not_picked":["Evaluate+1"],"picked":"SKIP","floor":88.0},{"not_picked":["PathToVictory"],"picked":"SKIP","floor":93.0},{"not_picked":["Sanctity"],"picked":"SKIP","floor":96.0},{"not_picked":["PathToVictory+1"],"picked":"SKIP","floor":97.0},{"not_picked":["FlyingSleeves"],"picked":"SKIP","floor":99.0},{"not_picked":["Replay:BluntJabs"],"picked":"SKIP","floor":103.0},{"not_picked":["Crescendo"],"picked":"SKIP","floor":104.0},{"not_picked":["WindmillStrike"],"picked":"SKIP","floor":105.0},{"not_picked":["Replay:Hum"],"picked":"SKIP","floor":107.0},{"not_picked":[],"picked":"Scrawl","floor":108.0},{"not_picked":["EmptyBody"],"picked":"SKIP","floor":109.0},{"not_picked":["Adaptation"],"picked":"SKIP","floor":112.0},{"not_picked":["Protect"],"picked":"SKIP","floor":114.0},{"not_picked":[],"picked":"Omniscience","floor":118.0},{"not_picked":[],"picked":"Impatience","floor":119.0},{"not_picked":[],"picked":"ReplayTheSpireMod:Haul","floor":119.0},{"not_picked":["Replay:Battleflow+1"],"picked":"SKIP","floor":120.0},{"not_picked":["PathToVictory"],"picked":"SKIP","floor":122.0},{"not_picked":["Tantrum"],"picked":"SKIP","floor":124.0},{"not_picked":["WreathOfFlame"],"picked":"SKIP","floor":126.0},{"not_picked":["DeceiveReality"],"picked":"SKIP","floor":127.0},{"not_picked":["EmptyMind"],"picked":"SKIP","floor":132.0},{"not_picked":[],"picked":"FollowUp","floor":133.0},{"not_picked":["EmptyBody+1"],"picked":"SKIP","floor":137.0},{"not_picked":["Vengeance"],"picked":"SKIP","floor":139.0},{"not_picked":["ClearTheMind"],"picked":"SKIP","floor":141.0},{"not_picked":["FollowUp+1"],"picked":"SKIP","floor":142.0},{"not_picked":["ClearTheMind"],"picked":"SKIP","floor":143.0},{"not_picked":["Conclude"],"picked":"SKIP","floor":144.0},{"not_picked":["SashWhip+1"],"picked":"SKIP","floor":147.0},{"not_picked":["EmptyBody"],"picked":"SKIP","floor":149.0},{"not_picked":["JustLucky+1"],"picked":"SKIP","floor":150.0},{"not_picked":["Replay:Hum"],"picked":"SKIP","floor":156},{"not_picked":[],"picked":"Establishment","floor":157}],"player_experience":189980,"relics_obtained":[{"floor":6.0,"key":"Gremlin Horn"},{"floor":9.0,"key":"Replay:Ringing Soul"},{"floor":12.0,"key":"infinitespire:WardingShard"},{"floor":14.0,"key":"Replay:Wax Seal"},{"floor":23.0,"key":"Dead Branch"},{"floor":43.0,"key":"Divine Protection"},{"floor":46.0,"key":"ReplayTheSpireMod:Ring of Challenge"},{"floor":60.0,"key":"Potion Belt"},{"floor":61.0,"key":"Chameleon Ring"},{"floor":66.0,"key":"Bag of Preparation"},{"floor":73.0,"key":"Red Mask"},{"floor":76.0,"key":"GoldenEye"},{"floor":76.0,"key":"Damaru"},{"floor":77.0,"key":"Iron Hammer"},{"floor":94.0,"key":"Replay:Purple Gloves"},{"floor":96.0,"key":"ReplayTheSpireMod:TigerMarble"},{"floor":96.0,"key":"Replay:Baseball"},{"floor":108.0,"key":"Blue Doll"},{"floor":108.0,"key":"infinitespire:Joker Card"},{"floor":111.0,"key":"The Courier"},{"floor":123.0,"key":"Incense Burner"},{"floor":126.0,"key":"Nunchaku"},{"floor":126.0,"key":"CaptainsWheel"},{"floor":128.0,"key":"Sundial"},{"floor":132.0,"key":"Regal Pillow"},{"floor":132.0,"key":"Art of War"},{"floor":142.0,"key":"Mirror"},{"floor":142.0,"key":"Replay:PocketPolymizer"},{"floor":144.0,"key":"Bottled Lightning"},{"floor":144.0,"key":"Meat on the Bone"},{"floor":145.0,"key":"Tiny Chest"},{"floor":146.0,"key":"War Paint"},{"floor":147.0,"key":"Gremlin Food"},{"floor":147.0,"key":"Mercury Hourglass"},{"floor":156,"key":"TungstenRod"},{"floor":156,"key":"MawBank"}],"event_choices":[{"damage_healed":0.0,"max_hp_gain":0.0,"max_hp_loss":0.0,"gold_gain":75.0,"event_name":"World of Goop","player_choice":"Gather Gold","floor":2.0,"gold_loss":0.0,"damage_taken":11.0},{"damage_healed":0.0,"max_hp_gain":0.0,"max_hp_loss":0.0,"gold_gain":100.0,"event_name":"The Joust","player_choice":"Bet on Murderer","floor":30.0,"gold_loss":50.0,"damage_taken":0.0},{"damage_healed":0.0,"max_hp_gain":0.0,"max_hp_loss":0.0,"gold_gain":0.0,"event_name":"Mysterious Sphere","player_choice":"Ignored","floor":41.0,"gold_loss":0.0,"damage_taken":0.0},{"damage_healed":0.0,"max_hp_gain":0.0,"max_hp_loss":0.0,"gold_gain":0.0,"event_name":"SensoryStone","player_choice":"Memory 1","floor":48.0,"gold_loss":0.0,"damage_taken":0.0},{"cards_removed":["Strike_P"],"damage_healed":0.0,"max_hp_gain":0.0,"max_hp_loss":0.0,"gold_gain":0.0,"event_name":"Living Wall","player_choice":"Forget","floor":62.0,"gold_loss":0.0,"damage_taken":0.0},{"damage_healed":0.0,"max_hp_gain":0.0,"max_hp_loss":0.0,"gold_gain":0.0,"event_name":"Masked Bandits","player_choice":"Fought Bandits","floor":73.0,"gold_loss":0.0,"damage_taken":0.0},{"damage_healed":0.0,"max_hp_gain":0.0,"max_hp_loss":0.0,"gold_gain":0.0,"event_name":"Lab","player_choice":"Got Potions","floor":81.0,"gold_loss":0.0,"damage_taken":0.0},{"cards_removed":["Replay:Vibes"],"damage_healed":0.0,"max_hp_gain":0.0,"max_hp_loss":0.0,"gold_gain":0.0,"event_name":"Falling","player_choice":"Removed Skill","floor":89.0,"gold_loss":0.0,"damage_taken":0.0},{"damage_healed":0.0,"max_hp_gain":0.0,"max_hp_loss":0.0,"gold_gain":0.0,"event_name":"The Woman in Blue","player_choice":"Bought 0 Potions","floor":92.0,"gold_loss":0.0,"damage_taken":0.0},{"damage_healed":0.0,"max_hp_gain":0.0,"max_hp_loss":0.0,"gold_gain":0.0,"event_name":"Upgrade Shrine","player_choice":"Upgraded","floor":95.0,"gold_loss":0.0,"damage_taken":0.0,"cards_upgraded":["Prostrate"]},{"damage_healed":0.0,"max_hp_gain":0.0,"max_hp_loss":0.0,"gold_gain":75.0,"event_name":"FaceTrader","player_choice":"Touch","floor":106.0,"gold_loss":0.0,"damage_taken":17.0},{"damage_healed":0.0,"max_hp_gain":0.0,"max_hp_loss":0.0,"gold_gain":0.0,"event_name":"Golden Idol","player_choice":"Take Wound","floor":116.0,"gold_loss":0.0,"damage_taken":0.0,"relics_obtained":["Golden Idol"],"cards_obtained":["Injury"]},{"cards_removed":["Strike_P"],"damage_healed":0.0,"max_hp_gain":0.0,"max_hp_loss":0.0,"gold_gain":0.0,"event_name":"Beggar","player_choice":"Gave Gold","floor":121.0,"gold_loss":75.0,"damage_taken":0.0},{"damage_healed":0.0,"max_hp_gain":0.0,"max_hp_loss":0.0,"gold_gain":0.0,"event_name":"Lab","player_choice":"Got Potions","floor":138.0,"gold_loss":0.0,"damage_taken":0.0}],"is_beta":false,"boss_relics":[{"not_picked":["Ectoplasm","Tiny House"],"picked":"Coffee Dripper"},{"not_picked":["Astrolabe","Replay:Grab Bag"],"picked":"Abe\u0027s Treasure"},{"not_picked":["VioletLotus","Painkiller Herb"],"picked":"Busted Crown"},{"not_picked":["Sozu","Runic Pyramid"],"picked":"Black Star"},{"not_picked":["Fusion Hammer","Replay:Drink Me"],"picked":"Tiny House"},{"not_picked":["infinitespire:Cupcake","Pandora\u0027s Box"],"picked":"Ring of Chaos"},{"not_picked":["Painkiller Herb","Replay:Wanted Poster"],"picked":"ReplayTheSpireMod:SealedPack"},{"not_picked":["Replay:Drink Me","Snecko Eye"],"picked":"SlaversCollar"},{"not_picked":["Replay:Bronze Core","bronze:MakeshiftBattery"],"picked":"Empty Cage"}],"items_purged_floors":[5,131,140],"is_endless":true,"potions_floor_spawned":[1,3,4,18,24,25,31,35,50,56,58,61,63,75,78,82,84,86,97,99,101,104,108,114,118,120,133,137,142,143,144,152,157],"ascension_level":0}}