{"host":"yq2wmfr0u0wuvxc0","time":1611623995,"event":{"mods":["Act Like it!","Aspiration","BaseMod","Curses Come First","Downfall","Friendly Minions","Gensokyo","Hero for Fun","Hubris","Infinite Spire","Marisa????????","Minty Spire (QoL Compilation)","Pale of the Ancients","Remilia??????","Shop Mod","StSLib","The Servant 0.9.4","Wide Potions"],"gold_per_floor":[12,31,31,106,122,122,142,142,142,159,159,175,205,281,281,383,383,357,121,136,136,136],"floor_reached":21,"language":"ZHS","playtime":933,"items_purged":["Defend_G"],"score":290,"play_id":"920aae9f-cfce-428b-802e-17a2053fd3cb","local_time":"20210125171955","is_ascension_mode":true,"campfire_choices":[{"data":"Calculated Gamble","floor":6.0,"key":"SMITH"},{"data":"Neutralize","floor":8.0,"key":"SMITH"},{"floor":15.0,"key":"REST"}],"circlet_count":0,"master_deck":["AscendersBane","Strike_G","Strike_G","Strike_G","Strike_G","Defend_G","Defend_G","Defend_G","Defend_G","Survivor","Neutralize+1","Grand Finale","Calculated Gamble+1","Backflip","Reflex","Venomology"],"relics":["Ring of the Snake","Sundial","hubris:Potato","Letter Opener","hubris:TerracottaHorce","Toy Ornithopter"],"acts_visited":["Exordium","TheCity"],"potions_floor_usage":[21,21],"damage_taken":[{"damage":0.0,"enemies":"Small Slimes","floor":1.0,"turns":3.0},{"damage":0.0,"enemies":"2 Louse","floor":2.0,"turns":4.0},{"damage":0.0,"enemies":"Jaw Worm","floor":5.0,"turns":2.0},{"damage":6.0,"enemies":"Exordium Wildlife","floor":7.0,"turns":5.0},{"damage":8.0,"enemies":"3 Louse","floor":10.0,"turns":6.0},{"damage":2.0,"enemies":"2 Fungi Beasts","floor":12.0,"turns":7.0},{"damage":5.0,"enemies":"Gremlin Nob","floor":13.0,"turns":3.0},{"damage":49.0,"enemies":"Slime Boss","floor":16.0,"turns":15.0},{"damage":5.0,"enemies":"2 Thieves","floor":18.0,"turns":4.0},{"damage":13.0,"enemies":"3 Byrds","floor":20.0,"turns":6.0},{"damage":55,"enemies":"Masked Bandits","floor":21,"turns":3}],"seed_played":"-4703243125378456927","potions_obtained":[{"floor":5.0,"key":"Fire Potion"},{"floor":13.0,"key":"DistilledChaos"},{"floor":18.0,"key":"Fire Potion"},{"floor":20.0,"key":"Swift Potion"}],"is_trial":false,"path_per_floor":["M","M","?","?","M","R","M","R","T","M","?","M","E","T","R","B",null,"M","$","M","?"],"character_chosen":"THE_SILENT","items_purchased":["Toy Ornithopter"],"campfire_rested":1,"item_purchase_floors":[19],"current_hp_per_floor":[63,63,63,52,52,52,46,46,46,38,38,36,31,31,52,3,53,48,48,40,0,0],"gold":136,"neow_bonus":"THREE_RARE_CARDS","is_daily":false,"chose_seed":false,"campfire_upgraded":2,"win_rate":0.0,"timestamp":1611623995,"path_taken":["M","M","?","?","M","R","M","R","T","M","?","?","E","?","R","BOSS","M","$","M","?"],"items_purchased_type":["Relic"],"build_version":"2020-12-22","purchased_purges":1,"victory":false,"max_hp_per_floor":[70,70,70,70,70,70,70,70,70,70,70,70,70,70,70,70,70,70,70,70,70,70],"card_choices":[{"not_picked":["A Thousand Cuts","Unload"],"picked":"Grand Finale","floor":0.0},{"not_picked":["hubris:SlightOfHand","Dagger Spray"],"picked":"Calculated Gamble","floor":1.0},{"not_picked":["Masterful Stab","Sucker Punch","Bane"],"picked":"SKIP","floor":2.0},{"not_picked":["Dodge and Roll","Noxious Fumes","PiercingWail"],"picked":"SKIP","floor":5.0},{"not_picked":["Flying Knee","Poisoned Stab","Bane"],"picked":"SKIP","floor":7.0},{"not_picked":["Flying Knee","Poisoned Stab","Bane"],"picked":"SKIP","floor":7.0},{"not_picked":["Outmaneuver","Sucker Punch"],"picked":"Backflip","floor":10.0},{"not_picked":["Outmaneuver","Heel Hook","Sucker Punch"],"picked":"SKIP","floor":12.0},{"not_picked":["Tactician","Finisher"],"picked":"Reflex","floor":13.0},{"not_picked":["Envenom","Burst"],"picked":"Venomology","floor":16.0},{"not_picked":["Blur","Underhanded Strike","Infinite Blades"],"picked":"SKIP","floor":18.0},{"not_picked":["Deadly Poison","Masterful Stab","Cloak And Dagger"],"picked":"SKIP","floor":20.0},{"not_picked":["Deadly Poison","Masterful Stab","Cloak And Dagger"],"picked":"SKIP","floor":20.0}],"player_experience":253466,"relics_obtained":[{"floor":9.0,"key":"Sundial"},{"floor":13.0,"key":"hubris:Potato"},{"floor":14.0,"key":"Letter Opener"}],"event_choices":[{"damage_healed":0.0,"max_hp_gain":0.0,"max_hp_loss":0.0,"gold_gain":75.0,"event_name":"World of Goop","player_choice":"Gather Gold","floor":4.0,"gold_loss":0.0,"damage_taken":11.0},{"damage_healed":0.0,"max_hp_gain":0.0,"max_hp_loss":0.0,"gold_gain":0.0,"event_name":"Liars Game","player_choice":"Ignored","floor":11.0,"gold_loss":0.0,"damage_taken":0.0},{"damage_healed":0,"gold_gain":0,"player_choice":"Fought Bandits","damage_taken":0,"max_hp_gain":0,"max_hp_loss":0,"event_name":"Masked Bandits","floor":21,"gold_loss":0}],"is_beta":false,"boss_relics":[{"not_picked":["aspiration:PoetsPen_weak","hubris:Backtick"],"picked":"hubris:TerracottaHorce"}],"items_purged_floors":[19],"is_endless":false,"potions_floor_spawned":[5,7,12,13,18,20],"killed_by":"Masked Bandits","ascension_level":12}}