{"host":"c44ey07ufggfw2m8","time":1611644765,"event":{"mods":["2.2 Compatiblity","BaseMod","Colored Map","DeckTracker","Highlight Path","Keyboard Shortcuts","Minty Spire (QoL Compilation)","Permanent Neow","Quick Restart","StSLib","SuperFastMode","UnlockEverythingMod"],"gold_per_floor":[112,123,123,198,99,427,454,454,454,454,464,464,478,381,381,483,483,502,516,13,13,13,13,25,25,25,25,25,25,58,73,73,178,178,190,210,227,227,242,242,119,119,119,119,145,0,0,15,15,15],"floor_reached":51,"language":"KOR","playtime":1905,"items_purged":["Strike_G","Strike_G","Strike_G","Strike_G"],"score":1017,"play_id":"834e97d4-9be0-4c15-b4d6-220349b44712","local_time":"20210126160605","is_ascension_mode":true,"campfire_choices":[{"data":"Blade Dance","floor":8.0,"key":"SMITH"},{"data":"Dagger Spray","floor":10.0,"key":"SMITH"},{"data":"Well Laid Plans","floor":12.0,"key":"SMITH"},{"data":"Deadly Poison","floor":15.0,"key":"SMITH"},{"data":"Panache","floor":23,"key":"SMITH"},{"data":"Neutralize","floor":25,"key":"SMITH"},{"data":"Backstab","floor":29,"key":"SMITH"},{"floor":32,"key":"REST"},{"data":"Wraith Form v2","floor":40,"key":"SMITH"},{"floor":44,"key":"REST"},{"data":"Accuracy","floor":47,"key":"SMITH"},{"floor":49,"key":"REST"}],"circlet_count":0,"master_deck":["Defend_G","Defend_G","Defend_G","Defend_G","Survivor","Neutralize+1","Backstab+1","Blade Dance+1","Dagger Spray+1","Deadly Poison+1","Well Laid Plans+1","Deflect+1","Backflip+1","Adrenaline+1","Prepared+1","Cloak And Dagger+1","Escape Plan+1","Panache+1","Backflip+1","Blade Dance+1","Acrobatics+1","Wraith Form v2+1","PiercingWail+1","Accuracy+1","Accuracy+1"],"relics":["Ring of the Snake","NeowsBlessing","Old Coin","Smiling Mask","Toxic Egg 2","WristBlade","Lantern","Ginger","Bottled Flame","SlaversCollar","Unceasing Top","Shuriken","Red Mask"],"acts_visited":["Exordium","TheCity","TheBeyond"],"potions_floor_usage":[33,36,37,50],"damage_taken":[{"damage":0.0,"enemies":"Jaw Worm","floor":1.0,"turns":1.0},{"damage":0.0,"enemies":"2 Louse","floor":2.0,"turns":1.0},{"damage":0.0,"enemies":"Gremlin Nob","floor":6.0,"turns":1.0},{"damage":0.0,"enemies":"Small Slimes","floor":11.0,"turns":2.0},{"damage":3.0,"enemies":"Blue Slaver","floor":13.0,"turns":4.0},{"damage":13.0,"enemies":"The Guardian","floor":16.0,"turns":11.0},{"damage":0.0,"enemies":"3 Byrds","floor":18.0,"turns":4.0},{"damage":11.0,"enemies":"Spheric Guardian","floor":19.0,"turns":4.0},{"damage":0,"enemies":"Snecko","floor":24,"turns":3},{"damage":0,"enemies":"Slavers","floor":30,"turns":2},{"damage":0,"enemies":"Centurion and Healer","floor":31,"turns":1},{"damage":13,"enemies":"Automaton","floor":33,"turns":5},{"damage":0,"enemies":"3 Shapes","floor":35,"turns":1},{"damage":0,"enemies":"3 Darklings","floor":36,"turns":4},{"damage":4,"enemies":"Transient","floor":37,"turns":5},{"damage":40,"enemies":"Spire Growth","floor":39,"turns":4},{"damage":0,"enemies":"Reptomancer","floor":45,"turns":2},{"damage":1,"enemies":"Jaw Worm Horde","floor":48,"turns":2},{"damage":18,"enemies":"Time Eater","floor":50,"turns":6}],"seed_played":"6638010615605774586","potions_obtained":[{"floor":1.0,"key":"Block Potion"},{"floor":2.0,"key":"Strength Potion"},{"floor":24,"key":"SkillPotion"},{"floor":31,"key":"Strength Potion"},{"floor":33,"key":"DistilledChaos"},{"floor":35,"key":"SteroidPotion"},{"floor":39,"key":"Swift Potion"}],"is_trial":false,"path_per_floor":["M","M","?","?","$","E","T","R","T","R","M","R","M","$","R","B",null,"M","M","$","?","?","R","M","R","T","?","$","R","E","M","R","B",null,"M","M","M","?","M","R","$","?","T","R","E","?","R","M","R","B",null],"character_chosen":"THE_SILENT","items_purchased":["Dagger Spray","Backflip+1","Cloak And Dagger+1","Escape Plan+1","Lantern","Panache","GamblersBrew"],"campfire_rested":3,"item_purchase_floors":[5,14,20,20,20,20,41],"current_hp_per_floor":[63,63,56,45,45,45,45,45,45,45,45,45,42,42,42,29,60,60,49,49,49,49,49,49,49,49,36,36,36,36,36,58,45,68,68,68,64,64,24,24,24,24,24,45,45,45,45,44,65,47],"gold":15,"neow_bonus":"THREE_ENEMY_KILL","is_daily":false,"chose_seed":false,"campfire_upgraded":9,"win_rate":0.0,"timestamp":1611644765,"path_taken":["M","M","?","?","$","E","?","R","T","R","M","R","M","$","R","BOSS","M","M","$","?","?","R","M","R","T","?","?","R","E","M","R","BOSS","M","M","?","?","M","R","$","?","T","R","E","?","R","M","R","BOSS"],"items_purchased_type":["Card","Card","Card","Card","Relic","Card","Potion"],"build_version":"2020-12-22","purchased_purges":4,"victory":true,"max_hp_per_floor":[70,70,70,70,70,70,70,70,70,70,70,70,70,70,70,70,70,70,70,70,70,70,70,70,70,70,75,75,75,75,75,75,75,75,75,75,75,71,71,71,71,71,71,71,71,71,71,71,71,71],"card_choices":[{"not_picked":["Backflip","Acrobatics"],"picked":"Backstab","floor":1.0},{"not_picked":["Outmaneuver","Slice"],"picked":"Blade Dance","floor":2.0},{"not_picked":["Flying Knee","Sucker Punch"],"picked":"Deadly Poison","floor":6.0},{"not_picked":["Corpse Explosion+1","Acrobatics+1"],"picked":"Well Laid Plans","floor":11.0},{"not_picked":["All Out Attack","Flying Knee"],"picked":"Deflect+1","floor":13.0},{"not_picked":["Wraith Form v2","Glass Knife"],"picked":"Adrenaline+1","floor":16.0},{"not_picked":["Finisher+1","Slice"],"picked":"Prepared+1","floor":18.0},{"not_picked":["Slice","Predator+1","Sucker Punch+1"],"picked":"SKIP","floor":19.0},{"not_picked":["Infinite Blades","Setup+1"],"picked":"Blade Dance+1","floor":24},{"not_picked":["Dodge and Roll+1","Deadly Poison+1","Deflect+1"],"picked":"SKIP","floor":30},{"not_picked":["Well Laid Plans+1","Predator+1"],"picked":"Acrobatics+1","floor":31},{"not_picked":["Malaise+1","Bullet Time+1"],"picked":"Wraith Form v2","floor":33},{"not_picked":["Backflip+1","Blade Dance+1"],"picked":"PiercingWail+1","floor":35},{"not_picked":["Prepared+1","Slice"],"picked":"Accuracy+1","floor":36},{"not_picked":["Quick Slash","Crippling Poison+1","Backstab"],"picked":"SKIP","floor":37},{"not_picked":["Acrobatics+1","Dagger Throw+1","All Out Attack"],"picked":"SKIP","floor":39},{"not_picked":["Dash","Slice+1"],"picked":"Accuracy","floor":45},{"not_picked":["Eviscerate","Dagger Spray+1","Slice+1"],"picked":"SKIP","floor":48}],"player_experience":68766,"relics_obtained":[{"floor":6.0,"key":"Old Coin"},{"floor":7.0,"key":"Smiling Mask"},{"floor":9.0,"key":"Toxic Egg 2"},{"floor":26,"key":"Ginger"},{"floor":30,"key":"Bottled Flame"},{"floor":43,"key":"Unceasing Top"},{"floor":45,"key":"Shuriken"}],"event_choices":[{"cards_removed":["Strike_G"],"damage_healed":0.0,"max_hp_gain":0.0,"max_hp_loss":0.0,"gold_gain":0.0,"event_name":"Golden Wing","player_choice":"Card Removal","floor":3.0,"gold_loss":0.0,"damage_taken":7.0},{"damage_healed":0.0,"max_hp_gain":0.0,"max_hp_loss":0.0,"gold_gain":75.0,"event_name":"World of Goop","player_choice":"Gather Gold","floor":4.0,"gold_loss":0.0,"damage_taken":11.0},{"damage_healed":0,"gold_gain":0,"player_choice":"Read","damage_taken":0,"max_hp_gain":0,"max_hp_loss":0,"event_name":"The Library","floor":21,"gold_loss":0,"cards_obtained":["Backflip"]},{"damage_healed":0,"gold_gain":0,"player_choice":"Ignored","damage_taken":0,"max_hp_gain":0,"max_hp_loss":0,"event_name":"Ghosts","floor":22,"gold_loss":0},{"damage_healed":0,"gold_gain":0,"player_choice":"Shed Blood","damage_taken":18,"max_hp_gain":5,"max_hp_loss":0,"event_name":"Forgotten Altar","floor":27,"gold_loss":0},{"damage_healed":0,"gold_gain":0,"player_choice":"Max HP","damage_taken":0,"max_hp_gain":0,"max_hp_loss":4,"event_name":"Winding Halls","floor":38,"gold_loss":0},{"cards_removed":["Defend_G"],"damage_healed":0,"gold_gain":0,"player_choice":"Removed Skill","damage_taken":0,"max_hp_gain":0,"max_hp_loss":0,"event_name":"Falling","floor":42,"gold_loss":0},{"damage_healed":0,"gold_gain":0,"player_choice":"Paid","damage_taken":0,"relics_obtained":["Red Mask"],"max_hp_gain":0,"max_hp_loss":0,"event_name":"Tomb of Lord Red Mask","floor":46,"gold_loss":145}],"is_beta":false,"boss_relics":[{"not_picked":["Astrolabe","HoveringKite"],"picked":"WristBlade"},{"not_picked":["Coffee Dripper","Runic Dome"],"picked":"SlaversCollar"}],"items_purged_floors":[5,14,20,41],"is_endless":false,"potions_floor_spawned":[1,2,24,31,33,35,39],"ascension_level":7}}