{"host":"70zhvo5nwrhp1mbg","time":1611620879,"event":{"mods":["BaseMod","Colored Map","Colored Powertips","Filter the Spire","Highlight Path","Minty Spire (QoL Compilation)","Rare Cards Sparkle","StSLib"],"gold_per_floor":[119,119,22,22,42,76,76,114,190,211,211,55,93,106,106,106,106],"floor_reached":16,"language":"ENG","playtime":2127,"items_purged":[],"score":159,"play_id":"ba4cbcd6-40fe-4273-98c8-7fbe6db7df17","local_time":"20210125192759","is_ascension_mode":true,"campfire_choices":[{"data":"Juggernaut","floor":7,"key":"SMITH"},{"data":"Carnage","floor":11,"key":"SMITH"},{"data":"Cleave","floor":15,"key":"SMITH"}],"circlet_count":0,"master_deck":["Strike_R","Strike_R","Strike_R","Strike_R","Strike_R","Defend_R","Defend_R","Defend_R","Defend_R","Bash+1","Anger","Injury","Shrug It Off","Carnage+1","Juggernaut+1","Iron Wave","Cleave+1","Reaper","Clothesline","Power Through"],"relics":["Burning Blood","Pen Nib","Golden Idol","Art of War","Champion Belt","Ornamental Fan","Regal Pillow"],"acts_visited":["Exordium"],"potions_floor_usage":[8,8],"damage_taken":[{"damage":10,"enemies":"Small Slimes","floor":1,"turns":5},{"damage":2,"enemies":"Jaw Worm","floor":5,"turns":4},{"damage":27,"enemies":"Lagavulin","floor":6,"turns":4},{"damage":25,"enemies":"3 Sentries","floor":8,"turns":7},{"damage":0,"enemies":"2 Louse","floor":10,"turns":3},{"damage":12,"enemies":"Gremlin Nob","floor":13,"turns":3},{"damage":1,"enemies":"2 Fungi Beasts","floor":14,"turns":3},{"damage":64,"enemies":"Slime Boss","floor":16,"turns":6}],"seed_played":"3831437706842763481","potions_obtained":[{"floor":1,"key":"SteroidPotion"},{"floor":5,"key":"SpeedPotion"}],"is_trial":false,"path_per_floor":["M","?","$","?","M","E","R","E","T","M","R","$","E","M","R","B"],"character_chosen":"IRONCLAD","items_purchased":["Shrug It Off","BloodPotion","Reaper"],"campfire_rested":0,"item_purchase_floors":[3,3,12],"current_hp_per_floor":[68,68,68,68,72,51,51,48,48,54,54,54,48,53,53,0,0],"gold":106,"neow_bonus":"RANDOM_COMMON_RELIC","is_daily":false,"chose_seed":false,"campfire_upgraded":3,"win_rate":0.0,"timestamp":1611620879,"path_taken":["M","?","$","?","M","E","R","E","T","M","R","?","E","M","R","BOSS"],"items_purchased_type":["Card","Potion","Card"],"build_version":"2020-12-22","purchased_purges":0,"victory":false,"max_hp_per_floor":[80,80,80,80,80,80,80,80,80,80,80,80,80,80,80,80,80],"card_choices":[{"not_picked":["Reckless Charge","Headbutt"],"picked":"Anger","floor":1},{"not_picked":["Battle Trance","Fire Breathing"],"picked":"Carnage","floor":5},{"not_picked":["Reckless Charge","Entrench"],"picked":"Juggernaut","floor":6},{"not_picked":["Dark Embrace","Pummel"],"picked":"Iron Wave","floor":8},{"not_picked":["True Grit","Rage"],"picked":"Cleave","floor":10},{"not_picked":["Perfected Strike","Havoc"],"picked":"Clothesline","floor":13},{"not_picked":["Dual Wield","Pummel"],"picked":"Power Through","floor":14}],"player_experience":490196,"relics_obtained":[{"floor":6,"key":"Art of War"},{"floor":8,"key":"Champion Belt"},{"floor":9,"key":"Ornamental Fan"},{"floor":13,"key":"Regal Pillow"}],"event_choices":[{"damage_healed":0,"gold_gain":0,"player_choice":"Take Wound","damage_taken":0,"relics_obtained":["Golden Idol"],"max_hp_gain":0,"max_hp_loss":0,"event_name":"Golden Idol","floor":2,"gold_loss":0,"cards_obtained":["Injury"]},{"damage_healed":0,"gold_gain":0,"player_choice":"Grow","damage_taken":0,"max_hp_gain":0,"max_hp_loss":0,"event_name":"Living Wall","floor":4,"gold_loss":0,"cards_upgraded":["Bash"]}],"is_beta":false,"boss_relics":[],"items_purged_floors":[],"is_endless":false,"potions_floor_spawned":[1,5],"killed_by":"Slime Boss","ascension_level":7}}