{"host":"r4aerl4ckfvw1dw3","time":1611692010,"event":{"mods":["BaseMod","BetterRewards","Minty Spire (QoL Compilation)","Quick Restart","StSLib"],"gold_per_floor":[115,115,131,131,147,147,180,180,180,210,229,242,261,278,278,382,382,400,411,430,443,443,443],"floor_reached":22,"language":"ENG","playtime":1450,"items_purged":[],"score":212,"play_id":"7e401b05-cd18-4769-a8f8-8ea5a41061f9","local_time":"20210126121330","is_ascension_mode":true,"campfire_choices":[{"floor":6.0,"key":"RECALL"},{"data":"Cloak And Dagger","floor":8.0,"key":"SMITH"},{"floor":15.0,"key":"REST"}],"circlet_count":0,"master_deck":["Strike_G","Strike_G","Strike_G","Strike_G","Strike_G","Defend_G","Defend_G","Defend_G","Defend_G","Defend_G","Survivor","Neutralize","Noxious Fumes+1","Flying Knee","Cloak And Dagger+1","Bouncing Flask","Blade Dance","Slice","PiercingWail","Deflect","Phantasmal Killer","Blade Dance","Finisher","After Image","Outmaneuver+1","Blade Dance","Bane","Catalyst+1"],"relics":["Ring of the Snake","Dream Catcher","Pantograph","Girya","Sozu"],"acts_visited":["Exordium","TheCity"],"potions_floor_usage":[22],"damage_taken":[{"damage":0.0,"enemies":"2 Louse","floor":1.0,"turns":3.0},{"damage":0.0,"enemies":"Small Slimes","floor":3.0,"turns":3.0},{"damage":3.0,"enemies":"Jaw Worm","floor":5.0,"turns":3.0},{"damage":5.0,"enemies":"3 Sentries","floor":7.0,"turns":6.0},{"damage":23.0,"enemies":"Lagavulin","floor":10.0,"turns":6.0},{"damage":5.0,"enemies":"Gremlin Gang","floor":11.0,"turns":4.0},{"damage":12.0,"enemies":"Exordium Wildlife","floor":12.0,"turns":4.0},{"damage":4.0,"enemies":"Blue Slaver","floor":13.0,"turns":4.0},{"damage":0.0,"enemies":"Looter","floor":14.0,"turns":3.0},{"damage":29.0,"enemies":"The Guardian","floor":16.0,"turns":12.0},{"damage":28.0,"enemies":"2 Thieves","floor":18.0,"turns":5.0},{"damage":0.0,"enemies":"3 Byrds","floor":19.0,"turns":5.0},{"damage":14.0,"enemies":"Snecko","floor":20.0,"turns":5.0},{"damage":20.0,"enemies":"Snake Plant","floor":21.0,"turns":7.0},{"damage":13,"enemies":"Centurion and Healer","floor":22,"turns":3}],"seed_played":"-5964130002279804897","potions_obtained":[{"floor":1.0,"key":"Explosive Potion"},{"floor":3.0,"key":"EntropicBrew"},{"floor":5.0,"key":"AttackPotion"}],"is_trial":false,"path_per_floor":["M","?","M","?","M","R","E","R","T","E","M","M","M","M","R","B",null,"M","M","M","M","M"],"character_chosen":"THE_SILENT","items_purchased":["Noxious Fumes"],"campfire_rested":1,"item_purchase_floors":[0],"current_hp_per_floor":[70,70,70,75,72,72,67,67,67,44,39,27,23,23,45,41,75,47,47,33,13,0,0],"gold":443,"neow_bonus":"","is_daily":false,"chose_seed":false,"campfire_upgraded":1,"win_rate":0.0,"timestamp":1611692010,"path_taken":["M","?","M","?","?","R","E","R","T","E","M","M","M","M","R","BOSS","M","M","?","M","M"],"items_purchased_type":["Card"],"build_version":"2020-12-22","purchased_purges":0,"victory":false,"max_hp_per_floor":[70,70,70,75,75,75,75,75,75,75,75,75,75,75,75,75,75,75,75,75,75,75,75],"card_choices":[{"not_picked":["Deadly Poison","Riddle With Holes"],"picked":"Flying Knee","floor":1.0},{"not_picked":["Flechettes","Predator"],"picked":"Cloak And Dagger","floor":3.0},{"not_picked":["Masterful Stab","Cloak And Dagger"],"picked":"Bouncing Flask","floor":5.0},{"not_picked":["Outmaneuver","Backflip"],"picked":"Blade Dance","floor":7.0},{"not_picked":["Backflip","Flying Knee"],"picked":"Slice","floor":10.0},{"not_picked":["Crippling Poison","Concentrate"],"picked":"PiercingWail","floor":11.0},{"not_picked":["Underhanded Strike","Quick Slash"],"picked":"Deflect","floor":12.0},{"not_picked":["Concentrate","Predator"],"picked":"Phantasmal Killer","floor":13.0},{"not_picked":["Dodge and Roll","Deflect"],"picked":"Blade Dance","floor":14.0},{"not_picked":["Choke","Quick Slash"],"picked":"Finisher","floor":15.0},{"not_picked":["Bullet Time","Storm of Steel"],"picked":"After Image","floor":16.0},{"not_picked":["Finisher","Acrobatics+1"],"picked":"Outmaneuver+1","floor":18.0},{"not_picked":["Endless Agony","Prepared+1"],"picked":"Blade Dance","floor":19.0},{"not_picked":["Blade Dance","Acrobatics"],"picked":"Bane","floor":20.0},{"not_picked":["Storm of Steel","Concentrate"],"picked":"Catalyst+1","floor":21.0}],"player_experience":411868,"relics_obtained":[{"floor":7.0,"key":"Dream Catcher"},{"floor":9.0,"key":"Pantograph"},{"floor":10.0,"key":"Girya"}],"event_choices":[{"damage_healed":0.0,"max_hp_gain":0.0,"max_hp_loss":0.0,"gold_gain":0.0,"event_name":"Living Wall","player_choice":"Grow","floor":2.0,"gold_loss":0.0,"damage_taken":0.0,"cards_upgraded":["Noxious Fumes"]},{"damage_healed":0.0,"max_hp_gain":5.0,"max_hp_loss":0.0,"gold_gain":0.0,"event_name":"Big Fish","player_choice":"Donut","floor":4.0,"gold_loss":0.0,"damage_taken":0.0}],"is_beta":false,"boss_relics":[{"not_picked":["Cursed Key","Philosopher\u0027s Stone"],"picked":"Sozu"}],"items_purged_floors":[],"is_endless":false,"potions_floor_spawned":[1,3,5,14,18,19,20],"killed_by":"Centurion and Healer","ascension_level":1}}