{"host":"cxn6tbf67hppzwy1","time":1611641234,"event":{"mods":["BaseMod","Minty Spire (QoL Compilation)","Replay The Spire","Shop Mod","StSLib","Waifu the Spire","¡¾ÒÅÎï¿¨ÅÆ¡¿REMEMod"],"gold_per_floor":[14,14,14,14,14,14,14,39,90,90,109,128,128,184,184,288,388,415,330,330,19,47,47,56,56],"floor_reached":24,"language":"ZHS","playtime":718,"items_purged":["Strike_B"],"score":210,"play_id":"7545505f-15e1-4c2a-b5d3-0fff528aed26","local_time":"20210126140714","is_ascension_mode":true,"campfire_choices":[{"data":"REME_HeartOfCthun","floor":6.0,"key":"SMITH"},{"data":"Reprogram","floor":10.0,"key":"SMITH"},{"floor":15.0,"key":"RECALL"},{"data":"ReplayTheSpireMod:Fabricate Wheel","floor":23,"key":"SMITH"}],"circlet_count":0,"master_deck":["Strike_B","Strike_B","Strike_B","Defend_B","Defend_B","Defend_B","Defend_B","Dualcast","REME_HeartOfCthun+1","Reprogram+1","Streamline+1","Hologram+1","ReplayTheSpireMod:Omega Cannon"],"relics":["Cracked Core","REME_ComplimentaryCards","CaptainsWheel","CeramicFish","Replay:Rubber Ducky","Kunai","Replay:Wanted Poster","Quantum Egg","MerchantsRug","TheAbacus","Prayer Wheel"],"acts_visited":["Exordium","TheCity"],"potions_floor_usage":[],"damage_taken":[{"damage":0.0,"enemies":"2 Louse","floor":1.0,"turns":1.0},{"damage":19.0,"enemies":"Lagavulin","floor":8.0,"turns":9.0},{"damage":4.0,"enemies":"Jaw Worm","floor":11.0,"turns":3.0},{"damage":0.0,"enemies":"Cultist","floor":12.0,"turns":2.0},{"damage":14.0,"enemies":"Gremlin Nob","floor":14.0,"turns":3.0},{"damage":26.0,"enemies":"The Guardian","floor":16.0,"turns":16.0},{"damage":37,"enemies":"2 Thieves","floor":18,"turns":4},{"damage":16,"enemies":"Chosen","floor":22,"turns":5},{"damage":23,"enemies":"Centurion and Healer","floor":24,"turns":2}],"seed_played":"1966577850314813272","potions_obtained":[{"floor":12.0,"key":"REME_GoldPotion"},{"floor":14.0,"key":"Toxic Potion"},{"floor":16.0,"key":"SmokeBomb"}],"is_trial":false,"path_per_floor":["M","?","$","?","T","R","$","E","T","R","M","M","?","E","R","B",null,"M","?","?","$","M","R","M"],"character_chosen":"DEFECT","items_purchased":["MerchantsRug","TheAbacus"],"campfire_rested":0,"item_purchase_floors":[21,21],"current_hp_per_floor":[75,75,75,80,80,80,80,61,61,61,57,57,57,43,43,17,80,43,43,43,43,27,27,4,4],"gold":56,"neow_bonus":"ONE_RARE_RELIC","is_daily":false,"chose_seed":false,"campfire_upgraded":3,"win_rate":0.0,"timestamp":1611641234,"path_taken":["M","?","$","?","?","R","?","E","T","R","M","M","?","E","R","BOSS","M","?","?","$","M","R","M"],"items_purchased_type":["Relic","Relic"],"build_version":"2020-12-22","purchased_purges":1,"victory":false,"max_hp_per_floor":[75,75,75,80,80,80,80,80,80,80,80,80,80,80,80,80,80,80,80,80,80,80,80,80,80],"card_choices":[{"not_picked":["Streamline","Barrage"],"picked":"Reprogram","floor":1.0},{"not_picked":["BasicCrystalCard","Steam","Time Bomb"],"picked":"SKIP","floor":8.0},{"not_picked":["Redo","Ball Lightning","Auto Shields"],"picked":"SKIP","floor":11.0},{"not_picked":["Hologram","Go for the Eyes","Double Energy"],"picked":"SKIP","floor":12.0},{"not_picked":["Panic Button","ReplayTheSpireMod:Omega Cannon","Fusion"],"picked":"SKIP","floor":14.0},{"not_picked":["Panic Button","ReplayTheSpireMod:Omega Cannon","Fusion"],"picked":"SKIP","floor":14.0},{"not_picked":["Electrodynamics","REME_Shoggoth"],"picked":"ReplayTheSpireMod:Fabricate Wheel","floor":16.0},{"not_picked":["Leap+1","Beam Cell"],"picked":"Streamline+1","floor":18},{"not_picked":["Melter+1","Sweeping Beam"],"picked":"Hologram+1","floor":22}],"player_experience":41054,"relics_obtained":[{"floor":8.0,"key":"CeramicFish"},{"floor":9.0,"key":"Replay:Rubber Ducky"},{"floor":14.0,"key":"Kunai"}],"event_choices":[{"damage_healed":0.0,"max_hp_gain":0.0,"max_hp_loss":0.0,"gold_gain":0.0,"event_name":"Liars Game","player_choice":"Ignored","floor":2.0,"gold_loss":0.0,"damage_taken":0.0},{"damage_healed":0.0,"max_hp_gain":5.0,"max_hp_loss":0.0,"gold_gain":0.0,"event_name":"Big Fish","player_choice":"Donut","floor":4.0,"gold_loss":0.0,"damage_taken":0.0},{"damage_healed":0.0,"max_hp_gain":0.0,"max_hp_loss":0.0,"gold_gain":0.0,"event_name":"The Woman in Blue","player_choice":"Bought 0 Potions","floor":13.0,"gold_loss":0.0,"damage_taken":0.0},{"damage_healed":0,"gold_gain":0,"player_choice":"Obtained Relic","damage_taken":0,"relics_obtained":["Quantum Egg"],"max_hp_gain":0,"max_hp_loss":0,"event_name":"Addict","floor":19,"gold_loss":85},{"cards_removed":["Zap"],"damage_healed":0,"gold_gain":0,"player_choice":"Card Removal","damage_taken":0,"max_hp_gain":0,"max_hp_loss":0,"event_name":"Wheel of Change","floor":20,"gold_loss":0}],"is_beta":false,"boss_relics":[{"not_picked":["Astrolabe","Replay:Ancient Bell"],"picked":"Replay:Wanted Poster"}],"items_purged_floors":[21],"is_endless":false,"potions_floor_spawned":[12,14,16],"killed_by":"Centurion and Healer","ascension_level":1}}