{"host":"069ovbzinfpenk8v","time":1611648996,"event":{"mods":["2.2 Compatiblity","AchievementEnabler","Act Like it!","BaseMod","Colored Map","Colored Powertips","DeckTracker","Downfall","Highlight Path","Minty Spire (QoL Compilation)","Quick Restart","Random Character Button","Rare Cards Sparkle","Relic Stats","Replay The Spire","StSLib","SuperFastMode","Transform Curses"],"gold_per_floor":[99,117,117,75,94,94,94,110,128,128,148,148,160,173,193,193,193,193],"floor_reached":16,"language":"ENG","playtime":1855,"items_purged":[],"score":96,"play_id":"4b253ed6-0302-489f-8597-7d8ef01e9ac8","local_time":"20210126021636","is_ascension_mode":false,"campfire_choices":[{"floor":1,"key":"RECALL"},{"floor":6,"key":"REST"}],"circlet_count":0,"master_deck":["Guardian:Strike_Guardian","Guardian:Strike_Guardian","Guardian:Defend_Guardian","Guardian:Defend_Guardian","Guardian:Defend_Guardian","Guardian:CurlUp","Guardian:TwinSlam","Guardian:MultiBeam","Guardian:BronzeOrb","Guardian:Recover","Guardian:PiercingHide","Guardian:ShieldCharger","Guardian:BronzeOrb","Guardian:Gem_Red","Guardian:Gem_Green","Guardian:SentryBeam"],"relics":["Guardian:ModeShifter"],"acts_visited":["Exordium"],"potions_floor_usage":[16,16],"damage_taken":[{"damage":11,"enemies":"Jaw Worm","floor":2,"turns":5},{"damage":10,"enemies":"downfall:FleeingMerchant","floor":4,"turns":4},{"damage":1,"enemies":"Cultist","floor":5,"turns":3},{"damage":0,"enemies":"2 Louse","floor":8,"turns":1},{"damage":0,"enemies":"Red Slaver","floor":9,"turns":5},{"damage":0,"enemies":"Large Slime","floor":11,"turns":5},{"damage":4,"enemies":"Exordium Wildlife","floor":13,"turns":3},{"damage":0,"enemies":"2 Fungi Beasts","floor":14,"turns":4},{"damage":0,"enemies":"Lots of Slimes","floor":15,"turns":1},{"damage":88,"enemies":"SI_SHIV_ARCHETYPE","floor":16,"turns":14}],"seed_played":"-6720912178014603671","potions_obtained":[{"floor":2,"key":"DuplicationPotion"},{"floor":5,"key":"Block Potion"},{"floor":9,"key":"sneckomod:MuddlingPotion"}],"is_trial":false,"path_per_floor":["R","M","?","$","M","R","T","M","M","?","M","?","M","M","M","B"],"character_chosen":"GUARDIAN","items_purchased":["Guardian:Recover"],"campfire_rested":1,"item_purchase_floors":[4],"current_hp_per_floor":[88,77,77,67,66,88,88,88,88,88,88,88,84,84,84,0,0,0],"gold":193,"neow_bonus":"TEN_PERCENT_HP_BONUS","is_daily":false,"chose_seed":false,"campfire_upgraded":0,"win_rate":0.0,"timestamp":1611648996,"path_taken":["R","M","?","$","M","R","T","?","M","?","?","?","M","M","M","BOSS"],"items_purchased_type":["Card"],"build_version":"2020-12-22","purchased_purges":0,"victory":false,"max_hp_per_floor":[88,88,88,88,88,88,88,88,88,88,88,88,88,88,88,88,88,88],"relic_stats":{"counters":[10,45],"obtain_stats":[{"Guardian:ModeShifter":0},{"Guardian:ModeShifter":0},{"Guardian:ModeShifter":0}]},"card_choices":[{"not_picked":["Guardian:TemporalShield","Guardian:TemporalStrike"],"picked":"Guardian:MultiBeam","floor":2},{"not_picked":["Guardian:Recover","Guardian:TemporalShield"],"picked":"Guardian:BronzeOrb","floor":4},{"not_picked":["Guardian:WalkerClaw","Guardian:Suspension"],"picked":"Guardian:Gem_Crimson","floor":5},{"not_picked":["Guardian:TimeCapacitor","Guardian:Reroute"],"picked":"Guardian:PiercingHide","floor":8},{"not_picked":["Guardian:RollAttack","Guardian:Gem_Crimson"],"picked":"Guardian:ShieldCharger","floor":9},{"not_picked":["Guardian:RollAttack","Guardian:ArmoredProtocol"],"picked":"Guardian:Gem_Green","floor":11},{"not_picked":["Guardian:PrismaticBarrier","Guardian:Gem_Fragmented"],"picked":"Guardian:Gem_Red","floor":13},{"not_picked":["Guardian:Gem_Lightblue","Guardian:DecasProtection"],"picked":"Guardian:Gem_Green","floor":14},{"not_picked":["Guardian:Suspension","Guardian:AncientConstruct"],"picked":"Guardian:SentryBeam","floor":15}],"player_experience":562342,"relics_obtained":[],"event_choices":[],"is_beta":false,"boss_relics":[],"items_purged_floors":[],"is_endless":false,"potions_floor_spawned":[2,5,9,11],"killed_by":"SI_SHIV_ARCHETYPE","ascension_level":0}}