{"host":"a1eatafr7pisesky","time":1611664923,"event":{"mods":["AchievementEnabler","BaseMod","Colored Map","Keyboard Shortcuts","Minty Spire (QoL Compilation)","Say the Spire","StSLib","SuperFastMode","everything is the same but u backflip on backflip"],"gold_per_floor":[119,119,44,60,78,78,109,128,128,128,128,153,168,28,328,328,432,432,448,448,459,359,372,401,401,130,130,130,148,162,162,175,175,280,280,291,141,151,161,179,179,179],"floor_reached":41,"language":"KOR","playtime":1458,"items_purged":["Defend_B","Strike_B","Decay","Defend_B"],"score":659,"play_id":"9fe383dd-cddc-4d68-bd58-b348bb835dca","local_time":"20210126214203","is_ascension_mode":true,"campfire_choices":[{"floor":9.0,"key":"REST"},{"data":"Defragment","floor":11.0,"key":"SMITH"},{"floor":16.0,"key":"REST"},{"floor":28,"key":"REST"},{"floor":31,"key":"REST"},{"floor":33,"key":"REST"}],"circlet_count":0,"master_deck":["AscendersBane","Strike_B","Defend_B","Zap","Dualcast","Defragment+1","Coolheaded","Conserve Battery","Reboot","Cold Snap","Capacitor","Amplify","Creative AI","Recycle+1","Leap","Go for the Eyes","Storm","Capacitor","Machine Learning","Glacier+1"],"relics":["Cracked Core","Happy Flower","Pear","DataDisk","Cables","Old Coin","Nuclear Battery","Bag of Marbles","Lantern","Bottled Lightning","Inserter"],"acts_visited":["Exordium","TheCity","TheBeyond"],"potions_floor_usage":[24,24,24,34,41,41],"damage_taken":[{"damage":4.0,"enemies":"Small Slimes","floor":1.0,"turns":3.0},{"damage":1.0,"enemies":"Cultist","floor":4.0,"turns":3.0},{"damage":4.0,"enemies":"Jaw Worm","floor":5.0,"turns":3.0},{"damage":15.0,"enemies":"Lagavulin","floor":7.0,"turns":6.0},{"damage":28.0,"enemies":"Lots of Slimes","floor":8.0,"turns":6.0},{"damage":24.0,"enemies":"Gremlin Nob","floor":12.0,"turns":4.0},{"damage":11.0,"enemies":"Exordium Wildlife","floor":13.0,"turns":5.0},{"damage":3.0,"enemies":"The Guardian","floor":17.0,"turns":14.0},{"damage":12.0,"enemies":"Chosen","floor":19.0,"turns":4.0},{"damage":20.0,"enemies":"Spheric Guardian","floor":21.0,"turns":4.0},{"damage":1.0,"enemies":"Cultist and Chosen","floor":23.0,"turns":4.0},{"damage":25,"enemies":"Slavers","floor":24,"turns":4},{"damage":4,"enemies":"3 Cultists","floor":29,"turns":3},{"damage":8,"enemies":"Snecko","floor":30,"turns":4},{"damage":31,"enemies":"Snake Plant","floor":32,"turns":3},{"damage":16,"enemies":"Automaton","floor":34,"turns":5},{"damage":10,"enemies":"Orb Walker","floor":36,"turns":3},{"damage":24,"enemies":"3 Darklings","floor":38,"turns":6},{"damage":36,"enemies":"Transient","floor":39,"turns":5},{"damage":0,"enemies":"Spire Growth","floor":40,"turns":4},{"damage":2,"enemies":"Reptomancer","floor":41,"turns":5}],"seed_played":"-3686857338236365489","potions_obtained":[{"floor":4.0,"key":"ColorlessPotion"},{"floor":13.0,"key":"GamblersBrew"},{"floor":17.0,"key":"EntropicBrew"},{"floor":23.0,"key":"FocusPotion"},{"floor":29,"key":"SteroidPotion"},{"floor":34,"key":"SkillPotion"},{"floor":40,"key":"EssenceOfSteel"}],"is_trial":false,"path_per_floor":["M","?","$","M","M","M","E","M","R","T","R","E","M","$","T","R","B",null,"M","?","M","$","M","E","?","$","T","R","M","M","R","M","R","B",null,"M","$","M","M","M","E"],"character_chosen":"DEFECT","items_purchased":["Capacitor","Amplify","Lantern"],"campfire_rested":5,"item_purchase_floors":[14,14,26],"current_hp_per_floor":[64,64,64,63,59,59,54,26,51,51,51,27,16,16,16,41,38,73,61,61,41,41,40,15,15,15,15,40,36,28,53,22,47,31,72,62,62,38,2,2,0,0],"gold":179,"neow_bonus":"REMOVE_CARD","is_daily":false,"chose_seed":false,"campfire_upgraded":1,"win_rate":0.0,"timestamp":1611664923,"path_taken":["M","?","$","M","M","M","E","M","R","T","R","E","M","$","?","R","BOSS","M","?","M","$","M","E","?","$","T","R","M","M","R","?","R","BOSS","M","$","M","M","M","E"],"items_purchased_type":["Card","Card","Relic"],"build_version":"2020-12-22","purchased_purges":4,"victory":false,"max_hp_per_floor":[75,75,75,75,75,75,85,85,85,85,85,85,85,85,85,85,85,85,85,85,85,85,85,85,85,85,85,85,85,85,85,85,85,85,85,85,85,85,85,85,85,85],"card_choices":[{"not_picked":["Compile Driver","Scrape"],"picked":"Darkness","floor":1.0},{"not_picked":["Redo","Melter"],"picked":"Defragment","floor":4.0},{"not_picked":["Scrape","Turbo"],"picked":"Coolheaded","floor":5.0},{"not_picked":["Streamline","Stack"],"picked":"Conserve Battery","floor":7.0},{"not_picked":["Redo","Compile Driver"],"picked":"Reboot","floor":8.0},{"not_picked":["Scrape","Steam"],"picked":"Cold Snap","floor":12.0},{"not_picked":["Reprogram","Beam Cell","Double Energy"],"picked":"SKIP","floor":13.0},{"not_picked":["Amplify","Meteor Strike"],"picked":"Creative AI","floor":17.0},{"not_picked":["Gash","Coolheaded"],"picked":"Recycle+1","floor":19.0},{"not_picked":["Streamline+1","Turbo+1"],"picked":"Storm","floor":21.0},{"not_picked":["Reprogram+1","Sweeping Beam","Barrage+1"],"picked":"SKIP","floor":23.0},{"not_picked":["Ball Lightning","Sunder+1"],"picked":"Capacitor","floor":24},{"not_picked":["Sweeping Beam","Fusion","Rip and Tear"],"picked":"SKIP","floor":29},{"not_picked":["Ball Lightning","Double Energy","Turbo"],"picked":"SKIP","floor":30},{"not_picked":["Beam Cell+1","White Noise","Rip and Tear"],"picked":"SKIP","floor":32},{"not_picked":["Biased Cognition","Core Surge"],"picked":"Machine Learning","floor":34},{"not_picked":["Go for the Eyes+1","Beam Cell","Turbo+1"],"picked":"SKIP","floor":36},{"not_picked":["Loop","Beam Cell+1"],"picked":"Glacier+1","floor":38},{"not_picked":["Sweeping Beam","Compile Driver+1","Cold Snap+1"],"picked":"SKIP","floor":39},{"not_picked":["Gash","Turbo+1","Lockon+1"],"picked":"SKIP","floor":40}],"player_experience":359292,"relics_obtained":[{"floor":7.0,"key":"Pear"},{"floor":10.0,"key":"DataDisk"},{"floor":12.0,"key":"Cables"},{"floor":15.0,"key":"Old Coin"},{"floor":24,"key":"Bag of Marbles"},{"floor":27,"key":"Bottled Lightning"}],"event_choices":[{"cards_removed":["Darkness"],"damage_healed":0.0,"max_hp_gain":0.0,"max_hp_loss":0.0,"gold_gain":0.0,"event_name":"WeMeetAgain","player_choice":"Gave Card","floor":2.0,"gold_loss":0.0,"damage_taken":0.0,"relics_obtained":["Happy Flower"]},{"damage_healed":0.0,"max_hp_gain":0.0,"max_hp_loss":0.0,"gold_gain":0.0,"cards_transformed":["Strike_B","Defend_B"],"event_name":"Drug Dealer","player_choice":"Became Test Subject","floor":20.0,"gold_loss":0.0,"damage_taken":0.0,"cards_obtained":["Leap","Go for the Eyes"]},{"damage_healed":0,"gold_gain":0,"player_choice":"Cursed","damage_taken":0,"max_hp_gain":0,"max_hp_loss":0,"event_name":"Wheel of Change","floor":25,"gold_loss":0,"cards_obtained":["Decay"]}],"is_beta":false,"boss_relics":[{"not_picked":["Philosopher\u0027s Stone","Runic Dome"],"picked":"Nuclear Battery"},{"not_picked":["Runic Pyramid","Black Star"],"picked":"Inserter"}],"items_purged_floors":[3,22,26,37],"is_endless":false,"potions_floor_spawned":[4,13,17,23,29,32,34,39,40],"killed_by":"Reptomancer","ascension_level":11}}