{"host":"xmr2g8b7eju0288o","time":1611687592,"event":{"mods":["AchievementEnabler","BaseMod","Colored Map","Colored Powertips","Infinite Spire","KOR Keyword Fix","Minty Spire (QoL Compilation)","Quick Restart","Spicy Shops","StSLib","SuperFastMode"],"gold_per_floor":[153,153,189,249,282,282,360,360,360,57,102,285,339,417,417,417,417],"floor_reached":16,"language":"KOR","playtime":389,"items_purged":[],"score":274,"play_id":"71a70f02-a85d-4e27-8fa9-251ea90af96a","local_time":"20210127035952","daily_mods":["Heirloom","Midas"],"is_ascension_mode":true,"campfire_choices":[{"floor":6.0,"key":"REST"},{"floor":8.0,"key":"REST"},{"floor":15,"key":"REST"}],"circlet_count":0,"master_deck":["AscendersBane","Strike_R","Strike_R","Strike_R+1","Strike_R","Strike_R","Defend_R+1","Defend_R","Defend_R","Defend_R","Bash","Armaments","Clash","Infernal Blade","Seeing Red","Battle Trance","Clash"],"relics":["Burning Blood","Mango","Tiny Chest","Pear","Singing Bowl","Vajra","Ginger","Potion Belt"],"acts_visited":["Exordium"],"potions_floor_usage":[],"damage_taken":[{"damage":11.0,"enemies":"Jaw Worm","floor":1.0,"turns":5.0},{"damage":0.0,"enemies":"Small Slimes","floor":3.0,"turns":3.0},{"damage":6.0,"enemies":"Cultist","floor":4.0,"turns":3.0},{"damage":6.0,"enemies":"Looter","floor":5.0,"turns":3.0},{"damage":28.0,"enemies":"Gremlin Nob","floor":7.0,"turns":4.0},{"damage":12,"enemies":"3 Louse","floor":11,"turns":4},{"damage":31,"enemies":"Gremlin Nob","floor":12,"turns":4},{"damage":23,"enemies":"Large Slime","floor":13,"turns":4},{"damage":35,"enemies":"3 Sentries","floor":14,"turns":7},{"damage":49,"enemies":"The Guardian","floor":16,"turns":5}],"seed_played":"799326638585343047","potions_obtained":[{"floor":1.0,"key":"Fruit Juice"},{"floor":5.0,"key":"Block Potion"},{"floor":7.0,"key":"Block Potion"}],"is_trial":true,"path_per_floor":["M","?","M","M","M","R","E","R","T","$","M","?","M","E","R","B"],"character_chosen":"IRONCLAD","items_purchased":["Singing Bowl","Vajra"],"campfire_rested":3,"item_purchase_floors":[10,10],"current_hp_per_floor":[77,50,61,61,61,89,67,94,104,104,100,77,62,33,66,17,17],"gold":417,"neow_bonus":"","is_daily":false,"chose_seed":false,"campfire_upgraded":0,"win_rate":0.0,"timestamp":1611687592,"path_taken":["M","?","M","M","M","R","E","R","T","$","M","?","M","E","R","BOSS"],"items_purchased_type":["Relic","Relic"],"build_version":"2020-12-22","purchased_purges":0,"victory":false,"max_hp_per_floor":[89,89,94,94,94,94,94,94,104,104,106,108,110,110,110,110,110],"card_choices":[{"not_picked":["Clothesline","Perfected Strike"],"picked":"Armaments","floor":1.0},{"not_picked":["Evolve","Havoc"],"picked":"Clash","floor":3.0},{"not_picked":["Thunderclap","Iron Wave"],"picked":"Infernal Blade","floor":4.0},{"not_picked":["Body Slam","infinitespire:OneForAll"],"picked":"Seeing Red","floor":5.0},{"not_picked":["Carnage","infinitespire:OneForAll"],"picked":"Battle Trance","floor":7.0},{"not_picked":["Shrug It Off","infinitespire:OneForAll","Fiend Fire"],"picked":"Singing Bowl","floor":11},{"not_picked":["Havoc","infinitespire:OneForAll","Body Slam"],"picked":"Singing Bowl","floor":12},{"not_picked":["Headbutt","Twin Strike","True Grit"],"picked":"Singing Bowl","floor":13},{"not_picked":["Perfected Strike","Clothesline"],"picked":"Clash","floor":14}],"player_experience":83142,"relics_obtained":[{"floor":7.0,"key":"Tiny Chest"},{"floor":9.0,"key":"Pear"},{"floor":14,"key":"Potion Belt"}],"event_choices":[{"damage_healed":0.0,"max_hp_gain":0.0,"max_hp_loss":0.0,"gold_gain":0.0,"event_name":"Shining Light","player_choice":"Entered Light","floor":2.0,"gold_loss":0.0,"damage_taken":27.0,"cards_upgraded":["Defend_R","Strike_R"]},{"damage_healed":0,"gold_gain":0,"player_choice":"Searched \u00273\u0027 times","damage_taken":0,"relics_obtained":["Ginger"],"max_hp_gain":0,"max_hp_loss":0,"event_name":"Dead Adventurer","floor":12,"gold_loss":0}],"is_beta":false,"boss_relics":[],"items_purged_floors":[],"is_endless":false,"potions_floor_spawned":[1,5,7],"killed_by":"The Guardian","ascension_level":20}}