{"host":"xmr2g8b7eju0288o","time":1611685456,"event":{"mods":["AchievementEnabler","BaseMod","Colored Map","Colored Powertips","Infinite Spire","KOR Keyword Fix","Minty Spire (QoL Compilation)","Quick Restart","Spicy Shops","StSLib","SuperFastMode"],"gold_per_floor":[109,121,140,153,165,165,178,197,197,208,241,254,254,272,272,346,346,361,361,361,374,394,394,394,394],"floor_reached":24,"language":"KOR","playtime":840,"items_purged":[],"score":412,"play_id":"b4ab151e-2b16-4544-84dd-7a4435b65092","local_time":"20210127032416","daily_mods":["Heirloom"],"is_ascension_mode":true,"campfire_choices":[{"data":"Accuracy","floor":6.0,"key":"SMITH"},{"data":"After Image","floor":13.0,"key":"SMITH"},{"data":"Cloak And Dagger","floor":15.0,"key":"SMITH"},{"floor":23,"key":"REST"}],"circlet_count":0,"master_deck":["AscendersBane","Strike_G","Strike_G","Strike_G","Strike_G","Strike_G","Defend_G","Defend_G","Defend_G","Defend_G","Defend_G","Survivor","Neutralize","Blade Dance","Accuracy+1","Blade Dance","Footwork","Deadly Poison","Deflect","After Image+1","Cloak And Dagger+1","Night Terror","Blade Dance","Writhe","Terror+1","Prepared"],"relics":["Ring of the Snake","Mango","Letter Opener","SlaversCollar","Ginger","Nloth\u0027s Gift"],"acts_visited":["Exordium","TheCity"],"potions_floor_usage":[22,22],"damage_taken":[{"damage":1.0,"enemies":"2 Louse","floor":1.0,"turns":4.0},{"damage":0.0,"enemies":"Jaw Worm","floor":2.0,"turns":5.0},{"damage":3.0,"enemies":"Cultist","floor":3.0,"turns":4.0},{"damage":7.0,"enemies":"2 Fungi Beasts","floor":4.0,"turns":3.0},{"damage":0.0,"enemies":"Looter","floor":5.0,"turns":1.0},{"damage":14.0,"enemies":"Gremlin Gang","floor":7.0,"turns":5.0},{"damage":0.0,"enemies":"2 Fungi Beasts","floor":8.0,"turns":4.0},{"damage":7.0,"enemies":"3 Louse","floor":10.0,"turns":3.0},{"damage":7.0,"enemies":"Lagavulin","floor":11.0,"turns":7.0},{"damage":2.0,"enemies":"Blue Slaver","floor":12.0,"turns":4.0},{"damage":1.0,"enemies":"2 Fungi Beasts","floor":14.0,"turns":3.0},{"damage":18.0,"enemies":"The Guardian","floor":16.0,"turns":9.0},{"damage":9.0,"enemies":"2 Thieves","floor":18.0,"turns":4.0},{"damage":23.0,"enemies":"3 Byrds","floor":21.0,"turns":7.0},{"damage":28,"enemies":"Snecko","floor":22,"turns":5},{"damage":25,"enemies":"Slavers","floor":24,"turns":3}],"seed_played":"-4062707151693330263","potions_obtained":[{"floor":2.0,"key":"SteroidPotion"},{"floor":5.0,"key":"ColorlessPotion"},{"floor":7.0,"key":"Poison Potion"},{"floor":10.0,"key":"Swift Potion"},{"floor":12.0,"key":"DistilledChaos"},{"floor":16.0,"key":"SmokeBomb"},{"floor":21.0,"key":"Energy Potion"}],"is_trial":true,"path_per_floor":["M","M","M","M","M","R","M","M","T","M","E","M","R","M","R","B",null,"M","?","?","M","M","R","E"],"character_chosen":"THE_SILENT","items_purchased":[],"campfire_rested":1,"item_purchase_floors":[],"current_hp_per_floor":[72,72,69,62,62,62,48,48,48,41,34,32,32,31,31,13,63,54,54,54,31,3,27,2,2],"gold":394,"neow_bonus":"","is_daily":false,"chose_seed":false,"campfire_upgraded":3,"win_rate":0.0,"timestamp":1611685456,"path_taken":["M","M","M","M","M","R","M","M","T","M","E","M","R","M","R","BOSS","M","?","?","?","M","R","E"],"items_purchased_type":[],"build_version":"2020-12-22","purchased_purges":0,"victory":false,"max_hp_per_floor":[80,80,80,80,80,80,80,80,80,80,80,80,80,80,80,80,80,80,80,80,80,80,80,80,80],"card_choices":[{"not_picked":["Outmaneuver","Poisoned Stab"],"picked":"Blade Dance","floor":1.0},{"not_picked":["Terror","Slice"],"picked":"Accuracy","floor":2.0},{"not_picked":["Catalyst","Underhanded Strike","Eviscerate"],"picked":"SKIP","floor":3.0},{"not_picked":["Tactician","Dagger Spray"],"picked":"Blade Dance","floor":4.0},{"not_picked":["PiercingWail","Prepared"],"picked":"Footwork","floor":5.0},{"not_picked":["Terror","Crippling Poison"],"picked":"Deadly Poison","floor":7.0},{"not_picked":["Heel Hook","Choke"],"picked":"Deflect","floor":8.0},{"not_picked":["Underhanded Strike","Sucker Punch"],"picked":"After Image","floor":10.0},{"not_picked":["Quick Slash","Night Terror"],"picked":"Cloak And Dagger","floor":11.0},{"not_picked":["Blur","Deadly Poison","Sucker Punch"],"picked":"SKIP","floor":12.0},{"not_picked":["Skewer","Backflip","Setup"],"picked":"SKIP","floor":14.0},{"not_picked":["Glass Knife","infinitespire:Neurotoxin"],"picked":"Night Terror","floor":16.0},{"not_picked":["Dodge and Roll","Cloak And Dagger"],"picked":"Blade Dance","floor":18.0},{"not_picked":["Noxious Fumes","Caltrops"],"picked":"Terror+1","floor":21.0},{"not_picked":["Dagger Throw","Finisher+1"],"picked":"Prepared","floor":22}],"player_experience":79435,"relics_obtained":[{"floor":9.0,"key":"Letter Opener"},{"floor":11.0,"key":"InkBottle"}],"event_choices":[{"damage_healed":0.0,"max_hp_gain":0.0,"max_hp_loss":0.0,"gold_gain":0.0,"event_name":"The Mausoleum","player_choice":"Opened","floor":19.0,"gold_loss":0.0,"damage_taken":0.0,"relics_obtained":["Ginger"],"cards_obtained":["Writhe"]},{"damage_healed":0.0,"max_hp_gain":0.0,"max_hp_loss":0.0,"gold_gain":0.0,"event_name":"N\u0027loth","player_choice":"Traded Relic","floor":20.0,"relics_lost":["InkBottle"],"gold_loss":0.0,"damage_taken":0.0,"relics_obtained":["Nloth\u0027s Gift"]}],"is_beta":false,"boss_relics":[{"not_picked":["Coffee Dripper","Empty Cage"],"picked":"SlaversCollar"}],"items_purged_floors":[],"is_endless":false,"potions_floor_spawned":[2,5,7,10,12,16,21],"killed_by":"Slavers","ascension_level":20}}