{"host":"dyudzmz1c60osjjw","time":1611636101,"event":{"mods":["AchievementEnabler","BaseMod","BetterRewards","Colored Map","Conspire","Downfall","Duelist Mod","Friendly Minions","Hermit","Hubris","Infinite Spire","Koishi","Marisa????????","Minty Spire (QoL Compilation)","StSLib","The Administrix","The Animator","The Cursed","The Disciple","The Mystic","The Runesmith","The Servant 0.9.4"],"gold_per_floor":[110,110,110,126,140,167,167,183,183,213,213,232,245,48,48,144,144,155,7,19,19,19,31,58,58,82,82,82,100,28,57,57,152,152,167,182,182,182,182],"floor_reached":38,"language":"ENG","playtime":3553,"items_purged":[],"score":524,"play_id":"64cd991b-4279-4289-8089-a726b0ab1e23","local_time":"20210126154141","is_ascension_mode":false,"campfire_choices":[{"data":"Runesmith:Augment","floor":7,"key":"SMITH"},{"floor":11,"key":"REST"},{"floor":15,"key":"REST"},{"floor":25,"key":"REST"},{"floor":32,"key":"REST"}],"circlet_count":0,"master_deck":["Runesmith:Strike_RS","Runesmith:Strike_RS","Runesmith:Strike_RS","Runesmith:Defend_RS","Runesmith:Defend_RS","Runesmith:Defend_RS","Runesmith:Defend_RS","Runesmith:CraftFirestone","Runesmith:Fortify","Runesmith:Refine","Runesmith:Firewall","Runesmith:RunicBlueprint","Runesmith:Duplicate","Runesmith:Augment+1","Runesmith:Malloc","Runesmith:Terraform","Runesmith:RuneHurl","Runesmith:LithiumIon","Runesmith:BackupBattery","Runesmith:CraftPrismatica","Runesmith:Electrocute","Runesmith:LithiumIon","Runesmith:OneForEveryone","Runesmith:CraftVitae","Runesmith:Discharge","Runesmith:PerfectChisel","Runesmith:CreatorForm","Runesmith:BackupBattery+1"],"relics":["Runesmith:BrokenRuby","Runesmith:AutoHammer","Anchor","Art of War","ClockworkSouvenir","conspire:SpecialSausage","hubris:Towel","Mango","Lantern","hubris:PeanutButter","Nunchaku","Fusion Hammer"],"acts_visited":["Exordium","TheCity","TheBeyond"],"potions_floor_usage":[6,10,16,24,38,38,38],"damage_taken":[{"damage":6,"enemies":"2 Louse","floor":1,"turns":3},{"damage":0,"enemies":"Cultist","floor":4,"turns":4},{"damage":5,"enemies":"Small Slimes","floor":5,"turns":4},{"damage":10,"enemies":"3 Sentries","floor":6,"turns":8},{"damage":12,"enemies":"Blue Slaver","floor":8,"turns":4},{"damage":39,"enemies":"Gremlin Nob","floor":10,"turns":4},{"damage":8,"enemies":"Looter","floor":12,"turns":4},{"damage":3,"enemies":"2 Fungi Beasts","floor":13,"turns":5},{"damage":0,"enemies":"Slime Boss","floor":16,"turns":7},{"damage":0,"enemies":"Shell Parasite","floor":18,"turns":5},{"damage":3,"enemies":"2 Thieves","floor":20,"turns":5},{"damage":0,"enemies":"Chosen and Byrds","floor":23,"turns":6},{"damage":42,"enemies":"Book of Stabbing","floor":24,"turns":8},{"damage":11,"enemies":"Cultist and Chosen","floor":29,"turns":6},{"damage":0,"enemies":"Gremlin Leader","floor":31,"turns":10},{"damage":42,"enemies":"hubris:MusketHawk","floor":33,"turns":11},{"damage":40,"enemies":"3 Shapes","floor":35,"turns":5},{"damage":0,"enemies":"3 Darklings","floor":36,"turns":8},{"damage":73,"enemies":"2 Orb Walkers","floor":38,"turns":5}],"seed_played":"8640793730494185677","potions_obtained":[{"floor":4,"key":"infinitespire:BlackPotion"},{"floor":6,"key":"DistilledChaos"},{"floor":10,"key":"Energy Potion"},{"floor":18,"key":"SkillPotion"},{"floor":24,"key":"Energy Potion"},{"floor":29,"key":"DistilledChaos"},{"floor":33,"key":"PowerPotion"},{"floor":35,"key":"Slimebound:ThreeZeroPotion"}],"is_trial":false,"path_per_floor":["M","?","?","M","M","E","R","M","T","E","R","M","M","$","R","B",null,"M","$","M","?","$","M","E","R","T","?","T","M","$","E","R","B",null,"M","M","?","?"],"character_chosen":"RUNESMITH_CLASS","items_purchased":["ClockworkSouvenir","Runesmith:BackupBattery","Runesmith:Electrocute","Runesmith:LithiumIon","Runesmith:PerfectChisel"],"campfire_rested":4,"item_purchase_floors":[14,14,19,19,30],"current_hp_per_floor":[71,71,71,71,66,56,56,44,44,5,28,20,17,17,40,40,77,77,77,74,74,74,74,46,73,73,73,73,62,62,62,89,47,91,51,51,51,0,0],"gold":182,"neow_bonus":"TEN_PERCENT_HP_BONUS","is_daily":false,"chose_seed":false,"campfire_upgraded":1,"win_rate":0.0,"timestamp":1611636101,"path_taken":["M","?","?","M","M","E","R","?","T","E","R","?","M","$","R","BOSS","M","?","M","?","$","M","E","R","T","?","?","M","$","E","R","BOSS","M","M","?","?"],"items_purchased_type":["Relic","Card","Card","Card","Card"],"build_version":"2020-12-22","purchased_purges":0,"victory":false,"max_hp_per_floor":[77,77,77,77,77,77,77,77,77,77,77,77,77,77,77,77,77,77,77,77,77,77,77,91,91,91,91,91,91,91,91,91,91,91,91,91,91,91,91],"card_choices":[{"not_picked":["Runesmith:BackupBattery","Runesmith:Repurpose"],"picked":"Runesmith:Refine","floor":1},{"not_picked":["Runesmith:Electrocute","Runesmith:Repurpose"],"picked":"Runesmith:RunicBlueprint","floor":4},{"not_picked":["Runesmith:Accelerate","Runesmith:OneForEveryone"],"picked":"Runesmith:Duplicate","floor":5},{"not_picked":["Runesmith:StaticCage","Runesmith:BackupBattery"],"picked":"Runesmith:Augment","floor":6},{"not_picked":["Runesmith:NegativeSpace","Runesmith:ChiselStab"],"picked":"Runesmith:Malloc","floor":8},{"not_picked":["Runesmith:Supernova","Runesmith:ChiselStab"],"picked":"Runesmith:Terraform","floor":10},{"not_picked":["Runesmith:HeatExchange","Runesmith:CraftMagma"],"picked":"Runesmith:RuneHurl","floor":12},{"not_picked":["Runesmith:MetallurgicalResearch","Runesmith:HeatExchange"],"picked":"Runesmith:LithiumIon","floor":13},{"not_picked":["Runesmith:GrandSlam","Runesmith:DuctTape"],"picked":"Runesmith:CraftPrismatica","floor":16},{"not_picked":["Runesmith:RuneHurl+1","Runesmith:CraftProtectio","Runesmith:Overpower"],"picked":"SKIP","floor":18},{"not_picked":["Runesmith:HeatExchange","Runesmith:EarthShield","Runesmith:LithiumIon"],"picked":"SKIP","floor":20},{"not_picked":["Runesmith:Terraform","Runesmith:HeatedChisel"],"picked":"Runesmith:OneForEveryone","floor":23},{"not_picked":["Runesmith:HeatedChisel","Runesmith:Overpower"],"picked":"Runesmith:CraftVitae","floor":24},{"not_picked":["Runesmith:HeatedChisel","Runesmith:ShiftingStrike+1"],"picked":"Runesmith:Discharge","floor":29},{"not_picked":["Runesmith:HeatExchange+1","Runesmith:Firewall","Runesmith:Duplicate"],"picked":"SKIP","floor":31},{"not_picked":["Runesmith:UnlimitedPower","Runesmith:CraftMedicinae"],"picked":"Runesmith:CreatorForm","floor":33},{"not_picked":["Runesmith:Prism","Runesmith:MakeshiftArmor"],"picked":"Runesmith:BackupBattery+1","floor":35},{"not_picked":["Runesmith:StaticCage","Runesmith:ChiselStab","Runesmith:ElementalConversion+1"],"picked":"SKIP","floor":36}],"player_experience":205568,"relics_obtained":[{"floor":6,"key":"Runesmith:AutoHammer"},{"floor":9,"key":"Anchor"},{"floor":10,"key":"Art of War"},{"floor":24,"key":"Mango"},{"floor":26,"key":"Lantern"},{"floor":28,"key":"hubris:PeanutButter"},{"floor":31,"key":"Nunchaku"}],"event_choices":[{"cards_removed":["Runesmith:Strike_RS"],"damage_healed":0,"gold_gain":0,"player_choice":"Card Removal","damage_taken":0,"max_hp_gain":0,"max_hp_loss":0,"event_name":"Wheel of Change","floor":3,"gold_loss":0},{"damage_healed":0,"gold_gain":0,"player_choice":"Ignored","damage_taken":0,"max_hp_gain":0,"max_hp_loss":0,"event_name":"Tomb of Lord Red Mask","floor":37,"gold_loss":0},{"damage_healed":0,"gold_gain":0,"player_choice":"Fight","damage_taken":0,"max_hp_gain":0,"max_hp_loss":0,"event_name":"Mysterious Sphere","floor":38,"gold_loss":0}],"is_beta":false,"boss_relics":[{"not_picked":["hubris:VirtuousBlindfold","hubris:TerracottaHorce"],"picked":"conspire:SpecialSausage"},{"not_picked":["Tiny House","Sozu"],"picked":"Fusion Hammer"}],"items_purged_floors":[],"is_endless":false,"potions_floor_spawned":[4,6,10,18,24,29,33,35],"killed_by":"2 Orb Walkers","ascension_level":0}}