{"host":"tr12w2fixbnujl15","time":1611684211,"event":{"mods":["100% Spire Juice","2.2 Compatiblity","A Penny For Your Troubles","Arknights The Spire","BaseMod","Better Skull","Better Vampires","BetterRewards","CapriCore","Clockwork Mod","Colored Powertips","Evolution","Gremlin Skip","Hermit","Hubris","Infinite Spire","JesterMod","Kalas","KinomotoSakuraMod(????)","Koishi","Mad Scientist","Magitek Elite","Mathematician","Minty Spire (QoL Compilation)","Permanent Neow","Quick Restart","Reimu??????","Relic Filter","Remilia_Scarlet Moed?????·?????3.3.5","Replay The Spire","Shop Mod","StSLib","SuperFastMode","The Accelerator","The Animator","The Bug Knight","The Construct","The Cursed","The Hayseed","The Hierophant","The Immortal","The Mystic","The Necromancer","The Runesmith","The Sage","The Senshi","The Servant 0.9.4","The Spell Scribe","The Vixen","TheFirefly","TheSwordswoman","TheVelvet","Transform Curses","WarShipGirlsR/????R mod","Yakumo Yukari mod","[IsaacMod]????"],"gold_per_floor":[113,113,113,128,138,138,25,35,35,0,16,34,45,97,97,200,200,216,216,227,240,86,86,114,129,129,146,146,146,146],"floor_reached":29,"language":"ENG","playtime":4530,"items_purged":[],"score":239,"play_id":"2f0422e1-155c-4147-8b93-9f67fe8aaf73","local_time":"20210126130331","is_ascension_mode":false,"campfire_choices":[{"data":"ClowCardTheLight","floor":6,"key":"SMITH"},{"floor":15,"key":"REST"},{"floor":23,"key":"REST"},{"floor":28,"key":"REST"}],"circlet_count":0,"master_deck":["SakuraCardTheWood+","ClowCardTheSword","ClowCardTheSword","ClowCardTheSword","ClowCardTheSword","ClowCardTheShield","ClowCardTheShield","ClowCardTheShield","ClowCardTheShield","SpellCardSeal","SpellCardRelease","DoctorFetus","ClowCardTheShot","ClowCardTheLight+1","infinitespire:DeathsTouch","ClowCardTheFight","ClowCardTheFlower","ClowCardTheGlow","ClowCardTheVoice","ClowCardTheJump","ClowCardTheArrow","ClowCardTheFly","ClowCardTheThrough","ClowCardTheErase","infinitespire:Collect","ClowCardTheShot+1","ClowCardTheSand","ClowCardTheGlow+1","ClowCardTheLittle","ClowCardTheFight"],"relics":["KSMOD_SealedBook","KSMOD_SealedWand","EVO:Axolotl","HushsDoor","NeowsBlessing","TheBean","ReplayFunnel","Fusion Hammer","Nunchaku","Chemical X","Onion Ring","Replay:WaspNest"],"acts_visited":["Exordium","TheCity"],"potions_floor_usage":[16,16,27,27],"damage_taken":[{"damage":0,"enemies":"2 Louse","floor":1,"turns":2},{"damage":0,"enemies":"Small Slimes","floor":4,"turns":1},{"damage":0,"enemies":"Cultist","floor":5,"turns":1},{"damage":14,"enemies":"Blue Slaver","floor":8,"turns":3},{"damage":0,"enemies":"2 Fungi Beasts","floor":11,"turns":2},{"damage":18,"enemies":"Gremlin Gang","floor":12,"turns":4},{"damage":9,"enemies":"Lots of Slimes","floor":13,"turns":2},{"damage":43,"enemies":"Fading Forest","floor":16,"turns":11},{"damage":21,"enemies":"Chosen","floor":18,"turns":5},{"damage":23,"enemies":"2 Thieves","floor":20,"turns":3},{"damage":21,"enemies":"Centurion and Healer","floor":21,"turns":3},{"damage":24,"enemies":"Gremlin Leader","floor":24,"turns":6},{"damage":0,"enemies":"Snake Plant","floor":25,"turns":1},{"damage":0,"enemies":"Cultist and Chosen","floor":27,"turns":3},{"damage":27,"enemies":"Shelled Parasite and Fungi","floor":29,"turns":2}],"seed_played":"1710411240203500815","potions_obtained":[{"floor":1,"key":"GamblersBrew"},{"floor":5,"key":"KSMOD_MagickBottle"},{"floor":11,"key":"EssenceOfSteel"},{"floor":12,"key":"Fire Potion"},{"floor":18,"key":"Swift Potion"},{"floor":20,"key":"KSMOD_MagickBottle"},{"floor":27,"key":"Languid Potion"}],"is_trial":false,"path_per_floor":["M","?","?","M","M","R","$","M","T","?","M","M","M","?","R","B",null,"M","AVR","M","M","$","R","E","M","T","M","R","M"],"character_chosen":"KINOMOTOSAKURA","items_purchased":["ClowCardTheFlower","ClowCardTheGlow","Chemical X"],"campfire_rested":3,"item_purchase_floors":[7,7,22],"current_hp_per_floor":[70,70,53,53,53,53,53,39,39,56,56,38,29,29,50,17,70,49,49,26,5,5,26,2,2,2,2,23,0,0],"gold":146,"neow_bonus":"THREE_ENEMY_KILL","is_daily":false,"chose_seed":false,"campfire_upgraded":1,"win_rate":0.0,"timestamp":1611684211,"path_taken":["M","?","?","M","?","R","$","M","T","?","M","?","M","?","R","BOSS","M","AVR","?","M","$","R","E","M","T","M","R","M"],"items_purchased_type":["Card","Card","Relic"],"build_version":"2020-12-22","purchased_purges":0,"victory":false,"max_hp_per_floor":[70,70,70,70,70,70,70,70,70,70,70,70,70,70,70,70,70,70,70,70,70,70,70,70,70,70,70,70,70,70],"card_choices":[{"not_picked":[],"picked":"DoctorFetus","floor":0},{"not_picked":["ClowCardTheWood","Bomb"],"picked":"ClowCardTheShot","floor":1},{"not_picked":[],"picked":"ClowCardTheLight","floor":2},{"not_picked":["infinitespire:Gouge","infinitespire:NeuralNetwork"],"picked":"infinitespire:DeathsTouch","floor":3},{"not_picked":["ClowCardTheLibra","ClowCardTheSnow"],"picked":"ClowCardTheFight","floor":4},{"not_picked":["Bomb","ClowCardTheMirror"],"picked":"ClowCardTheWood","floor":5},{"not_picked":["ClowCardTheWave","ClowCardTheFlower"],"picked":"ClowCardTheVoice","floor":8},{"not_picked":["ClowCardTheWave","ClowCardTheMirror"],"picked":"ClowCardTheJump","floor":11},{"not_picked":["ClowCardTheFirey","ClowCardTheLight"],"picked":"ClowCardTheArrow","floor":12},{"not_picked":["ClowCardTheShot","ClowCardTheLock"],"picked":"ClowCardTheFly","floor":13},{"not_picked":["ClowCardTheDash","ClowCardTheReturn"],"picked":"ClowCardTheThrough","floor":16},{"not_picked":["ClowCardTheBubbles","ClowCardTheLock"],"picked":"ClowCardTheErase","floor":18},{"not_picked":["ClowCardTheIllusion+1","ClowCardTheMirror"],"picked":"ClowCardTheShot+1","floor":20},{"not_picked":["ClowCardTheGlow","ClowCardTheJump"],"picked":"ClowCardTheSand","floor":21},{"not_picked":["ClowCardTheChange","ClowCardTheWindy"],"picked":"ClowCardTheGlow+1","floor":24},{"not_picked":["ClowCardTheWood","ClowCardTheRain"],"picked":"ClowCardTheLittle","floor":25},{"not_picked":["ClowCardThePower","ClowCardTheSnow"],"picked":"ClowCardTheFight","floor":27}],"player_experience":76166,"relics_obtained":[{"floor":9,"key":"ReplayFunnel"},{"floor":24,"key":"Onion Ring"},{"floor":26,"key":"Replay:WaspNest"}],"event_choices":[{"damage_healed":17,"gold_gain":0,"player_choice":"Healed","damage_taken":0,"max_hp_gain":0,"max_hp_loss":0,"event_name":"The Cleric","floor":10,"gold_loss":35},{"damage_healed":0,"gold_gain":52,"player_choice":"Gained Gold","damage_taken":0,"max_hp_gain":0,"max_hp_loss":0,"event_name":"Golden Wing","floor":14,"gold_loss":0}],"is_beta":false,"boss_relics":[{"not_picked":["Astrolabe","SacredBark"],"picked":"Fusion Hammer"},{"not_picked":[]}],"items_purged_floors":[],"is_endless":false,"potions_floor_spawned":[1,5,11,12,13,18,20,21,27],"killed_by":"Shelled Parasite and Fungi","ascension_level":0}}