{"host":"yqw1zpryoutrnocq","time":1611668896,"event":{"mods":["2.2 Compatiblity","AchievementEnabler","BaseMod","Colored Map","Custom Start","DeckTracker","Minty Spire (QoL Compilation)","Replay The Spire","StSLib","SuperFastMode"],"gold_per_floor":[117,134,134,134,134,165,165,165,165,165,182,213,223,257,257,257,257],"floor_reached":16,"language":"KOR","playtime":372,"items_purged":[],"score":172,"play_id":"15698cda-4838-451e-9a7b-198fa215bd30","local_time":"20210126074816","is_ascension_mode":true,"campfire_choices":[{"floor":7,"key":"REST"},{"data":"Adrenaline","floor":10,"key":"SMITH"},{"data":"Blade Dance","floor":15,"key":"SMITH"}],"circlet_count":0,"master_deck":["Strike_G","Strike_G","Strike_G","Strike_G","Strike_G+1","Defend_G","Defend_G","Defend_G","Defend_G","Defend_G","Survivor","Neutralize","Quick Slash+1","Blade Dance+1","Venomology","Blade Dance","Dagger Throw","Adrenaline+1","ReplayTheSpireMod:Exploit Weakness","Terror","ReplayTheSpireMod:Shiv Toss","Replay:Poison Smokescreen","Blade Dance+1"],"relics":["Ring of the Snake","NeowsBlessing","Dream Catcher","Replay:Bottled Steam","Regal Pillow","ReplayTheSpireMod:TigerMarble"],"acts_visited":["Exordium"],"potions_floor_usage":[12,12,12,16],"damage_taken":[{"damage":0,"enemies":"Cultist","floor":1,"turns":1},{"damage":0,"enemies":"Jaw Worm","floor":2,"turns":1},{"damage":0,"enemies":"Lagavulin","floor":6,"turns":1},{"damage":0,"enemies":"2 Louse","floor":11,"turns":1},{"damage":19,"enemies":"3 Sentries","floor":12,"turns":5},{"damage":6,"enemies":"Looter","floor":13,"turns":3},{"damage":4,"enemies":"Gremlin Nob","floor":14,"turns":3},{"damage":29,"enemies":"The Guardian","floor":16,"turns":5}],"seed_played":"-3333453733756686604","potions_obtained":[{"floor":6,"key":"Poison Potion"},{"floor":12,"key":"FearPotion"},{"floor":14,"key":"Strength Potion"}],"is_trial":false,"path_per_floor":["M","M","?","?","?","E","R","?","T","R","M","E","M","E","R","B"],"character_chosen":"THE_SILENT","items_purchased":[],"campfire_rested":1,"item_purchase_floors":[],"current_hp_per_floor":[70,70,70,42,28,28,49,54,54,54,54,35,29,25,25,0,0],"gold":257,"neow_bonus":"THREE_ENEMY_KILL","is_daily":false,"chose_seed":false,"campfire_upgraded":2,"win_rate":0.0,"timestamp":1611668896,"path_taken":["M","M","?","?","?","E","R","?","T","R","M","E","M","E","R","BOSS"],"items_purchased_type":[],"build_version":"2020-12-22","purchased_purges":0,"victory":false,"max_hp_per_floor":[70,70,70,70,70,70,70,75,75,75,75,75,75,75,75,75,75],"card_choices":[{"not_picked":["Underhanded Strike","Prepared"],"picked":"Quick Slash","floor":1},{"not_picked":["Concentrate","Backflip"],"picked":"Blade Dance","floor":2},{"not_picked":["Flying Knee","Infinite Blades"],"picked":"Venomology","floor":4},{"not_picked":["Bouncing Flask","Poisoned Stab"],"picked":"Blade Dance","floor":4},{"not_picked":["Flying Knee","ReplayTheSpireMod:Exploit Weakness"],"picked":"Dagger Throw","floor":4},{"not_picked":["Quick Slash","Cloak And Dagger"],"picked":"Adrenaline","floor":6},{"not_picked":["Sucker Punch","Sneak Up"],"picked":"ReplayTheSpireMod:Exploit Weakness","floor":7},{"not_picked":["Underhanded Strike","Dagger Throw"],"picked":"Terror","floor":11},{"not_picked":["Noxious Fumes","ReplayTheSpireMod:Speed Training"],"picked":"ReplayTheSpireMod:Shiv Toss","floor":12},{"not_picked":["Accuracy","Envenom"],"picked":"Replay:Poison Smokescreen","floor":13},{"not_picked":["Deflect","Bane"],"picked":"Blade Dance","floor":14}],"player_experience":227120,"relics_obtained":[{"floor":6,"key":"Dream Catcher"},{"floor":9,"key":"Replay:Bottled Steam"},{"floor":12,"key":"Regal Pillow"},{"floor":14,"key":"ReplayTheSpireMod:TigerMarble"}],"event_choices":[{"damage_healed":0,"gold_gain":0,"player_choice":"Grow","damage_taken":0,"max_hp_gain":0,"max_hp_loss":0,"event_name":"Living Wall","floor":3,"gold_loss":0,"cards_upgraded":["Blade Dance"]},{"damage_healed":0,"gold_gain":0,"player_choice":"Entered Light","damage_taken":14,"max_hp_gain":0,"max_hp_loss":0,"event_name":"Shining Light","floor":5,"gold_loss":0,"cards_upgraded":["Quick Slash","Strike_G"]},{"damage_healed":0,"gold_gain":0,"player_choice":"Donut","damage_taken":0,"max_hp_gain":5,"max_hp_loss":0,"event_name":"Big Fish","floor":8,"gold_loss":0}],"is_beta":false,"boss_relics":[],"items_purged_floors":[],"is_endless":false,"potions_floor_spawned":[6,12,14],"killed_by":"The Guardian","ascension_level":4}}