{"host":"hc8xbdd8p6sd75vx","time":1611643493,"event":{"mods":["AchievementEnabler","AlwaysNeverKeys","BaseMod","Better Altar","Better Match","Better Sensory Stone","Better Skull","Better Third Choice","Colored Map","Hermit","Minty Spire (QoL Compilation)","Quick Restart","Shade Mod","Shop Mod","Spicy Shops","StSLib","The Servant 0.9.4"],"gold_per_floor":[119,88,263,273,320,354,22,55,79,89,102,102,102,102,102,204,204,217,316,60,0,0,0,10,10,10,39,39,39,39,65,65,161,161,177,194,194,1193,1193,1193,1220,1220,1220,1220,1220],"floor_reached":44,"language":"ENG","playtime":3026,"items_purged":["Doubt"],"score":627,"play_id":"899c47ed-3b1a-4069-8aab-1963f7dc0e78","local_time":"20210125224453","is_ascension_mode":true,"campfire_choices":[{"floor":13,"key":"REST"},{"floor":15,"key":"REST"},{"data":"Cloak And Dagger","floor":23,"key":"SMITH"},{"floor":25,"key":"REST"},{"floor":32,"key":"REST"}],"circlet_count":0,"master_deck":["Strike_G","Strike_G","Strike_G","Strike_G","Strike_G","Defend_G","Defend_G","Defend_G","Defend_G","Defend_G","Survivor","Neutralize","Poisoned Stab","Accuracy+1","Cloak And Dagger+1","Slice","Accuracy+1","Sucker Punch","Blade Dance","Deadly Poison+1","A Thousand Cuts+1","Deflect+1","Normality","Deflect+1"],"relics":["Ring of the Snake","NeowsBlessing","betterThird:SlimedRelic","Bronze Scales","Ornamental Fan","Frozen Egg 2","Bag of Marbles","Boot","PreservedInsect","SlaversCollar","Mummified Hand","Question Card","Juzu Bracelet","Art of War","Nunchaku","Sozu","Spirit Poop","Ginger","Darkstone Periapt"],"acts_visited":["Exordium","TheCity","TheBeyond"],"potions_floor_usage":[14,16,33,33,33],"damage_taken":[{"damage":0,"enemies":"2 Louse","floor":1,"turns":1},{"damage":0,"enemies":"Jaw Worm","floor":4,"turns":1},{"damage":0,"enemies":"Gremlin Nob","floor":6,"turns":1},{"damage":38,"enemies":"Lagavulin","floor":8,"turns":9},{"damage":0,"enemies":"Cultist","floor":10,"turns":3},{"damage":2,"enemies":"2 Fungi Beasts","floor":11,"turns":3},{"damage":0,"enemies":"Large Slime","floor":14,"turns":1},{"damage":35,"enemies":"The Guardian","floor":16,"turns":14},{"damage":10,"enemies":"Spheric Guardian","floor":18,"turns":5},{"damage":9,"enemies":"3 Byrds","floor":24,"turns":4},{"damage":13,"enemies":"Slavers","floor":27,"turns":6},{"damage":2,"enemies":"Book of Stabbing","floor":31,"turns":4},{"damage":63,"enemies":"Collector","floor":33,"turns":8},{"damage":24,"enemies":"3 Shapes","floor":35,"turns":4},{"damage":0,"enemies":"Orb Walker","floor":36,"turns":3},{"damage":30,"enemies":"Reptomancer","floor":41,"turns":5},{"damage":16,"enemies":"Jaw Worm Horde","floor":44,"turns":2}],"seed_played":"8656078025826611511","potions_obtained":[{"floor":8,"key":"SpeedPotion"},{"floor":11,"key":"SmokeBomb"},{"floor":16,"key":"SpeedPotion"},{"floor":24,"key":"GamblersBrew"},{"floor":27,"key":"SpeedPotion"},{"floor":31,"key":"BlessingOfTheForge"}],"is_trial":false,"path_per_floor":["M","?","?","M","T","E","$","E","T","M","M","?","R","M","R","B",null,"M","?","$","?","?","R","M","R","T","E","$","?","?","E","R","B",null,"M","M","?","?","?","?","E","?","T","M"],"character_chosen":"THE_SILENT","items_purchased":["Frozen Egg 2","Mummified Hand"],"campfire_rested":4,"item_purchase_floors":[7,20],"current_hp_per_floor":[70,59,59,59,59,59,59,21,21,21,19,7,28,28,49,14,70,60,60,60,60,60,60,51,70,70,57,57,57,57,55,70,7,70,46,46,46,46,46,46,16,16,16,0,0],"gold":1220,"neow_bonus":"THREE_ENEMY_KILL","is_daily":false,"chose_seed":false,"campfire_upgraded":1,"win_rate":0.0,"timestamp":1611643493,"path_taken":["M","?","?","M","?","E","?","E","T","M","?","?","R","M","R","BOSS","M","?","$","?","?","R","M","R","T","E","$","?","?","E","R","BOSS","M","M","?","?","?","?","E","?","T","M"],"items_purchased_type":["Relic","Relic"],"build_version":"2020-12-22","purchased_purges":1,"victory":false,"max_hp_per_floor":[70,70,70,70,70,70,70,70,70,70,70,70,70,70,70,70,70,70,70,70,70,70,70,70,70,70,70,70,70,70,70,70,70,70,70,70,70,70,70,70,70,70,70,70,70],"card_choices":[{"not_picked":["Dagger Spray","Acrobatics"],"picked":"Slice","floor":1},{"not_picked":["Endless Agony","Calculated Gamble","Backflip"],"picked":"SKIP","floor":4},{"not_picked":["All Out Attack","PiercingWail"],"picked":"Poisoned Stab","floor":6},{"not_picked":["Reflex","Distraction"],"picked":"Accuracy+1","floor":8},{"not_picked":["Backflip","Underhanded Strike"],"picked":"Cloak And Dagger","floor":10},{"not_picked":["Choke","Underhanded Strike"],"picked":"Slice","floor":11},{"not_picked":["Quick Slash","Finisher"],"picked":"Accuracy+1","floor":18},{"not_picked":["Backflip","Eviscerate"],"picked":"Sucker Punch","floor":24},{"not_picked":["Flying Knee","Deadly Poison","Prepared+1"],"picked":"Blade Dance","floor":27},{"not_picked":["Reflex","PiercingWail","Backflip"],"picked":"Deadly Poison+1","floor":31},{"not_picked":["Doppelganger","Unload","Storm of Steel"],"picked":"A Thousand Cuts+1","floor":33},{"not_picked":["Dodge and Roll","Concentrate+1","Catalyst"],"picked":"Deflect+1","floor":35},{"not_picked":["Dodge and Roll","Well Laid Plans+1","Underhanded Strike+1","Setup+1"],"picked":"SKIP","floor":36},{"not_picked":["Quick Slash","Expertise","Riddle With Holes"],"picked":"Deflect+1","floor":41}],"player_experience":230902,"relics_obtained":[{"floor":5,"key":"Bronze Scales"},{"floor":6,"key":"Ornamental Fan"},{"floor":8,"key":"Bag of Marbles"},{"floor":9,"key":"Boot"},{"floor":26,"key":"Question Card"},{"floor":27,"key":"Juzu Bracelet"},{"floor":31,"key":"Nunchaku"},{"floor":41,"key":"Ginger"},{"floor":43,"key":"Darkstone Periapt"}],"event_choices":[{"damage_healed":0,"gold_gain":0,"player_choice":"Slimed","damage_taken":11,"max_hp_gain":0,"max_hp_loss":0,"event_name":"betterThird:BetterGoop","floor":2,"gold_loss":31},{"damage_healed":0,"gold_gain":175,"player_choice":"AGREE","damage_taken":88,"max_hp_gain":0,"max_hp_loss":0,"event_name":"betterThird:BetterSerpent","floor":3,"gold_loss":0},{"damage_healed":0,"gold_gain":0,"player_choice":"Relic ","damage_taken":12,"max_hp_gain":0,"max_hp_loss":0,"event_name":"betterThird:BetterScrap","floor":12,"gold_loss":0,"cards_obtained":["Intimidate"]},{"damage_healed":0,"gold_gain":99,"player_choice":"Steal","damage_taken":0,"max_hp_gain":0,"max_hp_loss":0,"event_name":"betterThird:BetterNest","floor":19,"gold_loss":0},{"damage_healed":0,"gold_gain":0,"player_choice":"Paid Fearfully","damage_taken":0,"max_hp_gain":0,"max_hp_loss":0,"event_name":"Masked Bandits","floor":21,"gold_loss":60},{"damage_healed":0,"gold_gain":0,"player_choice":"Ignored","damage_taken":0,"max_hp_gain":0,"max_hp_loss":0,"event_name":"Vampires","floor":22,"gold_loss":0},{"damage_healed":0,"gold_gain":0,"player_choice":"Opened","damage_taken":0,"relics_obtained":["Art of War"],"max_hp_gain":0,"max_hp_loss":0,"event_name":"The Mausoleum","floor":29,"gold_loss":0,"cards_obtained":["Writhe"]},{"cards_removed":["Writhe"],"damage_healed":0,"gold_gain":0,"player_choice":"Purged","damage_taken":0,"max_hp_gain":0,"max_hp_loss":0,"event_name":"Purifier","floor":37,"gold_loss":0},{"damage_healed":0,"gold_gain":999,"player_choice":"Gold","damage_taken":0,"max_hp_gain":0,"max_hp_loss":0,"event_name":"MindBloom","floor":38,"gold_loss":0,"cards_obtained":["Normality","Normality"]},{"cards_removed":["Normality"],"damage_healed":0,"gold_gain":0,"player_choice":"Offered Curse","damage_taken":0,"relics_obtained":["Spirit Poop"],"max_hp_gain":0,"max_hp_loss":0,"event_name":"Bonfire Elementals","floor":39,"gold_loss":0},{"cards_removed":["Slice"],"damage_healed":0,"gold_gain":0,"player_choice":"Removed Attack","damage_taken":0,"max_hp_gain":0,"max_hp_loss":0,"event_name":"Falling","floor":40,"gold_loss":0},{"damage_healed":0,"gold_gain":0,"player_choice":"Ignored","damage_taken":0,"max_hp_gain":0,"max_hp_loss":0,"event_name":"Mysterious Sphere","floor":42,"gold_loss":0}],"is_beta":false,"boss_relics":[{"not_picked":["Philosopher\u0027s Stone","SacredBark"],"picked":"SlaversCollar"},{"not_picked":["Runic Pyramid","Tiny House"],"picked":"Sozu"}],"items_purged_floors":[7],"is_endless":false,"potions_floor_spawned":[8,11,14,16,24,27,31,36,41],"killed_by":"Jaw Worm Horde","ascension_level":3}}