{"host":"meib18gsulage5jw","time":1611669897,"event":{"mods":["Aspiration","BaseMod","BetterRewards","CCEM2","Colored Map","Conspire","Defuse TimeMaze Blight","Energized Spire","Hubris","Infinite Spire","Minty Spire (QoL Compilation)","Relic Sorter","Reliquary","Replay The Spire","Spikes Relics","StSLib","The Blue Laboratory","Uncapped"],"gold_per_floor":[119,119,133,22,22,40,40,58,58,58,85,85,115,125,125,230,230,240,257,270,270,351,377,377,412,489,489,499,511,426,444,444,444,444],"floor_reached":33,"language":"ENG","playtime":1544,"items_purged":["theextravagant:SlyStrike"],"score":297,"play_id":"1921e235-663e-4c9f-997b-f62a9ac0f1b7","local_time":"20210127000457","is_ascension_mode":false,"campfire_choices":[{"data":"theextravagant:Courage","floor":10,"key":"SMITH"},{"data":"theextravagant:Ravage","floor":12,"key":"SMITH"},{"data":"theextravagant:SlyStrike","floor":15,"key":"PURGE"},{"data":"theextravagant:Ravage","floor":24,"key":"SMITH"},{"floor":27,"key":"REST"},{"floor":32,"key":"REST"}],"circlet_count":0,"master_deck":["theextravagant:SlyStrike","theextravagant:SlyStrike","theextravagant:Fence","theextravagant:Fence","theextravagant:Fence","theextravagant:Fence","theextravagant:QuickAttack","theextravagant:Triumph","theextravagant:Ravage+1","theextravagant:Courage+1","theextravagant:SpontaneousStrike","hubris:Defend_Merchant","theextravagant:Tension","theextravagant:ZeroHero","theextravagant:Twostep","theextravagant:Nihil+1","theextravagant:Glamour+1","theextravagant:Ravage+1","theextravagant:Firework","theextravagant:Firework+1","theextravagant:RustyBuckler","theextravagant:ShootingStar+1","theextravagant:Razor","theextravagant:Thrill"],"relics":["theextravagant:TranslucentFeather","SpikesRelics:DaevaFist","White Beast Statue","theextravagant:PocketDynamo","hubris:GlazedTorus","Ring of Chaos","RollingBoulder","reliquary:Buckler","Bag of Preparation","Frozen Egg 2","Bag of Marbles"],"acts_visited":["Exordium","TheCity"],"potions_floor_usage":[11,13,16,16,25,28,29,29,33,33],"damage_taken":[{"damage":0,"enemies":"2 Louse","floor":1,"turns":4},{"damage":0,"enemies":"Cultist","floor":3,"turns":4},{"damage":5,"enemies":"Small Slimes","floor":6,"turns":4},{"damage":9,"enemies":"2 Fungi Beasts","floor":8,"turns":3},{"damage":16,"enemies":"Lagavulin","floor":11,"turns":5},{"damage":7,"enemies":"3 Sentries","floor":13,"turns":6},{"damage":1,"enemies":"3 Louse","floor":14,"turns":2},{"damage":9,"enemies":"Fading Forest","floor":16,"turns":11},{"damage":7,"enemies":"Shell Parasite","floor":18,"turns":6},{"damage":0,"enemies":"3 Byrds","floor":19,"turns":5},{"damage":18,"enemies":"Shelled Parasite and Fungi","floor":20,"turns":6},{"damage":18,"enemies":"Gremlin Leader","floor":23,"turns":7},{"damage":52,"enemies":"Slavers","floor":25,"turns":6},{"damage":15,"enemies":"Centurion and Healer","floor":28,"turns":6},{"damage":6,"enemies":"Snecko","floor":29,"turns":5},{"damage":3,"enemies":"3 Cultists","floor":31,"turns":4},{"damage":36,"enemies":"Pondfish","floor":33,"turns":9}],"seed_played":"448432756424550898","potions_obtained":[{"floor":3,"key":"Weak Potion"},{"floor":6,"key":"Energy Potion"},{"floor":11,"key":"Adrenaline Potion"},{"floor":13,"key":"SmokeBomb"},{"floor":14,"key":"Adrenaline Potion"},{"floor":16,"key":"blueLaboratory:ArtificerPotion"},{"floor":18,"key":"Explosive Potion"},{"floor":19,"key":"blueLaboratory:PhilterOfMotion"},{"floor":25,"key":"SkillPotion"},{"floor":28,"key":"Weak Potion"},{"floor":29,"key":"blueLaboratory:NullPotion"},{"floor":31,"key":"Adrenaline Potion"}],"is_trial":false,"path_per_floor":["M","?","M","$","T","M","?","M","T","R","E","R","E","M","R_BF","B",null,"M","M","M","?","?","E","R","E","T","R","M","M","?","M","R","B"],"character_chosen":"THE_EXTRAVAGANT","items_purchased":["theextravagant:Courage"],"campfire_rested":2,"item_purchase_floors":[4],"current_hp_per_floor":[82,82,82,82,82,77,77,68,68,68,52,52,45,44,44,45,82,75,75,57,82,82,64,64,12,12,36,21,15,15,12,36,0,0],"gold":444,"neow_bonus":"TEN_PERCENT_HP_BONUS","is_daily":false,"chose_seed":false,"campfire_upgraded":3,"win_rate":0.0,"timestamp":1611669897,"path_taken":["M","?","M","$","?","M","?","?","T","R","E","R","E","M","R_BF","BOSS","M","M","?","?","?","E","R","E","T","R","M","M","?","M","R","BOSS"],"items_purchased_type":["Card"],"build_version":"2020-12-22","purchased_purges":1,"victory":false,"max_hp_per_floor":[82,82,82,82,82,82,82,82,82,82,82,82,82,82,82,82,82,82,82,82,82,82,82,82,82,82,82,82,82,82,82,82,82,82],"card_choices":[{"not_picked":["theextravagant:Thrill","theextravagant:StepBack"],"picked":"theextravagant:Riot","floor":1},{"not_picked":["theextravagant:Precaution","theextravagant:Impulse"],"picked":"theextravagant:Ravage","floor":3},{"not_picked":["theextravagant:HeavyBlows","theextravagant:Foil"],"picked":"theextravagant:SpontaneousStrike","floor":6},{"not_picked":["theextravagant:Nihil","theextravagant:Meditation"],"picked":"theextravagant:Tension","floor":8},{"not_picked":["theextravagant:Riot","theextravagant:Twitch"],"picked":"theextravagant:ZeroHero","floor":11},{"not_picked":["theextravagant:Shove","theextravagant:SkillfullDodge","theextravagant:Shatter"],"picked":"SKIP","floor":13},{"not_picked":["theextravagant:Shove","theextravagant:Precaution"],"picked":"theextravagant:Twostep","floor":14},{"not_picked":["theextravagant:RiskyStrike","theextravagant:SnakeOil"],"picked":"theextravagant:Nihil","floor":16},{"not_picked":["theextravagant:ArtisticDisplay+1","theextravagant:CutTheDeck"],"picked":"theextravagant:Glamour","floor":18},{"not_picked":["theextravagant:SharpTalons","theextravagant:Twitch+1"],"picked":"theextravagant:Ravage","floor":19},{"not_picked":["theextravagant:Shove+1","theextravagant:ShootingStar+1"],"picked":"theextravagant:Firework","floor":20},{"not_picked":["theextravagant:HeavyBlows","theextravagant:Twitch"],"picked":"theextravagant:Firework+1","floor":22},{"not_picked":["theextravagant:GlyphOfPower+1","theextravagant:Pluck"],"picked":"theextravagant:RustyBuckler","floor":23},{"not_picked":["theextravagant:Tension","theextravagant:SnakeEyes"],"picked":"theextravagant:ShootingStar+1","floor":25},{"not_picked":["theextravagant:Dazzle","theextravagant:Urgency+1","theextravagant:PerfectTheBasics"],"picked":"SKIP","floor":28},{"not_picked":["theextravagant:Shake","theextravagant:Precaution+1"],"picked":"theextravagant:Razor","floor":29},{"not_picked":["theextravagant:CutTheDeck+1","theextravagant:Riot"],"picked":"theextravagant:Thrill","floor":31}],"player_experience":316753,"relics_obtained":[{"floor":5,"key":"SpikesRelics:DaevaFist"},{"floor":9,"key":"White Beast Statue"},{"floor":11,"key":"theextravagant:PocketDynamo"},{"floor":13,"key":"hubris:GlazedTorus"},{"floor":22,"key":"RollingBoulder"},{"floor":23,"key":"reliquary:Buckler"},{"floor":25,"key":"Bag of Preparation"},{"floor":26,"key":"Frozen Egg 2"}],"event_choices":[{"damage_healed":0,"gold_gain":0,"player_choice":"Bought 0 Potions","damage_taken":0,"max_hp_gain":0,"max_hp_loss":0,"event_name":"The Woman in Blue","floor":2,"gold_loss":0},{"cards_removed":["theextravagant:Riot"],"damage_healed":0,"gold_gain":0,"player_choice":"Took Card","damage_taken":0,"max_hp_gain":0,"max_hp_loss":0,"event_name":"NoteForYourself","floor":7,"gold_loss":0,"cards_obtained":["hubris:Defend_Merchant"]},{"damage_healed":27,"gold_gain":0,"player_choice":"Heal","damage_taken":0,"max_hp_gain":0,"max_hp_loss":0,"event_name":"The Library","floor":21,"gold_loss":0},{"damage_healed":0,"gold_gain":0,"player_choice":"Obtained Relic","damage_taken":0,"relics_obtained":["Bag of Marbles"],"max_hp_gain":0,"max_hp_loss":0,"event_name":"Addict","floor":30,"gold_loss":85}],"is_beta":false,"boss_relics":[{"not_picked":["energizedSpire:EnergizedDie","aspiration:RitualDagger"],"picked":"Ring of Chaos"}],"items_purged_floors":[4],"is_endless":false,"potions_floor_spawned":[3,6,11,13,14,16,18,19,20,23,25,28,29,31],"killed_by":"Pondfish","ascension_level":0}}