{"host":"2eswhqk6sgfpt1j1","time":1611659212,"event":{"mods":["Act Like it!","BaseMod","Colored Powertips","Downfall","Duelist Mod","Hallownest","Hunter ¡‘»À","Minty Spire (QoL Compilation)","Replay The Spire","StSLib","The Bug Knight","The Cursed","The Servant 0.9.4"],"gold_per_floor":[119,119,44,95,45,79,89,89,89,89,107,165,165,180,180,280,280,293,303,43,43,57,57,57,76,76,76,76,76],"floor_reached":28,"language":"ZHS","playtime":1131,"items_purged":["HollowMod:FocusHealStart","HollowMod:HerrahsAnger"],"score":241,"play_id":"606b1789-b5ab-4122-b08d-1ae7e197e8a7","local_time":"20210126190652","is_ascension_mode":false,"campfire_choices":[{"data":"HollowMod:LordofShades","floor":8,"key":"SMITH"},{"data":"Hallownest:skillGreenpathMap","floor":10,"key":"SMITH"},{"data":"HollowMod:MantisMark","floor":23,"key":"SMITH"},{"floor":27,"key":"REST"}],"circlet_count":0,"master_deck":["HollowMod:NailStrikeStart","HollowMod:NailStrikeStart","HollowMod:NailStrikeStart","HollowMod:QuickDashStart","HollowMod:QuickDashStart","HollowMod:QuickDashStart","HollowMod:QuickDashStart","HollowMod:PogoStrike","HollowMod:LordofShades+1","Hallownest:skillGreenpathMap+1","HollowMod:SiblingsShadow","HollowMod:WraithStrike","HollowMod:HuntersJournal","HollowMod:CycloneSlash","HollowMod:SharpenedShadows+1","HollowMod:CloakDash+1","HollowMod:CrystalDash","HollowMod:CloakDash","HollowMod:MantisMark+1","Hallownest:pwrSporeShroom","HollowMod:DescendingDark"],"relics":["HollowMod:VesselMask","NeowsBlessing","Smiling Mask","Nunchaku","Iron Hammer","Strawberry","SacredBark","BargainBundle","Vajra"],"acts_visited":["Hallownest:Greenpath","Hallownest:CityofTears"],"potions_floor_usage":[11,14,14,14,16,16,18,25],"damage_taken":[{"damage":0,"enemies":"Hallownest:monsterHuskWarrior","floor":1,"turns":1},{"damage":0,"enemies":"Hallownest:eliteCrystalGuardian","floor":6,"turns":2},{"damage":0,"enemies":"2_ Uuma","floor":7,"turns":1},{"damage":2,"enemies":"Hallownest:2_MossCreeps","floor":11,"turns":5},{"damage":2,"enemies":"Hallownest:monsterAspidMother","floor":13,"turns":3},{"damage":0,"enemies":"Hallownest:monsterFoolEater","floor":14,"turns":1},{"damage":50,"enemies":"Hallownest:BossHornet","floor":16,"turns":10},{"damage":17,"enemies":"Hallownest:Guard_and_Sentry","floor":18,"turns":5},{"damage":11,"enemies":"Hallownest:Flukemon_and_Top","floor":19,"turns":5},{"damage":8,"enemies":"Hallownest:Master_and_Novice","floor":22,"turns":5},{"damage":36,"enemies":"Hallownest:3_Mistakes","floor":25,"turns":6},{"damage":42,"enemies":"Hallownest:2_Flukemon","floor":28,"turns":4}],"seed_played":"-4319101311467360847","potions_obtained":[{"floor":7,"key":"Dexterity Potion"},{"floor":11,"key":"Fire Potion"},{"floor":12,"key":"EntropicBrew"},{"floor":16,"key":"Fire Potion"},{"floor":18,"key":"Venom Potion"},{"floor":19,"key":"Swift Potion"}],"is_trial":false,"path_per_floor":["M","?","?","T","$","E","M","R","T","R","M","?","M","M","R","B",null,"M","M","$","?","M","R","?","M","T","R","M"],"character_chosen":"THE_BUGKNIGHT","items_purchased":["BargainBundle","HollowMod:CloakDash"],"campfire_rested":1,"item_purchase_floors":[20,20],"current_hp_per_floor":[75,75,75,75,75,75,75,75,75,75,73,50,48,48,72,22,82,65,54,54,54,46,46,42,10,10,34,0,0],"gold":76,"neow_bonus":"THREE_ENEMY_KILL","is_daily":false,"chose_seed":false,"campfire_upgraded":3,"win_rate":0.0,"timestamp":1611659212,"path_taken":["M","?","?","?","$","E","M","R","T","R","M","?","?","M","R","BOSS","M","M","$","?","M","R","?","?","T","R","M"],"items_purchased_type":["Relic","Card"],"build_version":"2020-12-22","purchased_purges":2,"victory":false,"max_hp_per_floor":[75,75,75,75,75,75,75,75,75,75,75,82,82,82,82,82,82,82,82,82,82,82,82,82,82,82,82,82,82],"card_choices":[{"not_picked":["HollowMod:CycloneSlash","HollowMod:ShadowDash"],"picked":"HollowMod:LordofShades","floor":1},{"not_picked":["HollowMod:HeavyBlow","HollowMod:NewJinnsSoul","HollowMod:SharpenedNail"],"picked":"SKIP","floor":6},{"not_picked":["HollowMod:InfectedAttack","HollowMod:InfectedCysts"],"picked":"HollowMod:SiblingsShadow","floor":7},{"not_picked":["HollowMod:MidwifesHunger","HollowMod:SharpenedNail"],"picked":"HollowMod:WraithStrike","floor":11},{"not_picked":["HollowMod:CycloneSlash","HollowMod:MothsMistake"],"picked":"HollowMod:HuntersJournal","floor":12},{"not_picked":["HollowMod:SharpenedNail","HollowMod:DoubleDash"],"picked":"HollowMod:CycloneSlash","floor":12},{"not_picked":["HollowMod:CoiledNail","HollowMod:InfectedAttack","HollowMod:HeavyBlow"],"picked":"SKIP","floor":13},{"not_picked":["HollowMod:HeavyBlow","HollowMod:SharpenedNail"],"picked":"HollowMod:SharpenedShadows","floor":14},{"not_picked":["HollowMod:theNailsmith","HollowMod:HornetsHelp"],"picked":"HollowMod:HerrahsAnger","floor":16},{"not_picked":["HollowMod:GrimmsGift","HollowMod:InfectedCysts"],"picked":"HollowMod:CloakDash+1","floor":18},{"not_picked":["HollowMod:CycloneSlash+1","HollowMod:HowlingWraiths"],"picked":"HollowMod:CrystalDash","floor":19},{"not_picked":["HollowMod:GrimmsGift+1","HollowMod:InfectionAssault"],"picked":"HollowMod:MantisMark","floor":22},{"not_picked":["HollowMod:MantisMark+1","HollowMod:InfectedAttack"],"picked":"HollowMod:DescendingDark","floor":25}],"player_experience":447971,"relics_obtained":[{"floor":4,"key":"Smiling Mask"},{"floor":6,"key":"Nunchaku"},{"floor":9,"key":"Iron Hammer"},{"floor":12,"key":"Strawberry"},{"floor":26,"key":"Vajra"}],"event_choices":[],"is_beta":false,"boss_relics":[{"not_picked":["Runic Pyramid","Black Star"],"picked":"SacredBark"}],"items_purged_floors":[5,20],"is_endless":false,"potions_floor_spawned":[7,11,16,18,19],"killed_by":"Hallownest:2_Flukemon","ascension_level":0}}