{"host":"roto7j7840a50pxh","time":1611659075,"event":{"mods":["Act Like it!","BaseMod","Better Altar","Better Note","Better Sensory Stone","Better Skull","Better Third Choice","BetterRewards","Colored Map","Colored Powertips","Downfall","Hermit","Highlight Path","Hubris","Infinite Spire","Minty Spire (QoL Compilation)","Replay The Spire","Robot Space Explorer","Shade Mod","Spicy Shops","StSLib","The Cursed","The Dragon Tamer","The Hierophant","The Necromancer","The Runesmith","The Servant 0.9.4","TheVacant"],"gold_per_floor":[118,156,169,160,204,204,275,275,275,298,298,295,295,363,363,461,461,511,511,555,555,555,555,570,577,577,588,588,964,964,936,936,1049,1049,1075,1075,1145,1145,570,570,653,653,653,653,653,736,792,769,769,579],"floor_reached":51,"language":"ENG","playtime":3927,"items_purged":[],"score":1054,"play_id":"392846f9-0151-456d-9e01-fe5e10e6480e","local_time":"20210126060435","is_ascension_mode":true,"campfire_choices":[{"data":"hierophant:ChurchCoffers","floor":6.0,"key":"SMITH"},{"data":"hierophant:Upheaval","floor":8.0,"key":"SMITH"},{"floor":11.0,"key":"REST"},{"data":"hierophant:Glossolalia","floor":15.0,"key":"SMITH"},{"data":"hierophant:Kindle","floor":23.0,"key":"SMITH"},{"floor":28.0,"key":"REST"},{"floor":30.0,"key":"REST"},{"floor":32.0,"key":"REST"},{"data":"hierophant:ArchangelShield","floor":40.0,"key":"SMITH"},{"data":"hierophant:Levitation","floor":45.0,"key":"SMITH"},{"floor":49,"key":"REST"}],"circlet_count":0,"master_deck":["hierophant:Punish","hierophant:ChurchCoffers+1","hierophant:SecretStash","hierophant:Encroach","hierophant:AuricShield","hierophant:Upheaval+1","hierophant:MirrorShield","hierophant:Purify","hierophant:Doubloon+1","hierophant:PassingBell","hierophant:MorningPrayer","hierophant:Purify","hierophant:Doubloon+1","hierophant:CursedGold+1","hierophant:RustyCrate","hierophant:Doubloon+1","hierophant:Doubloon+1","hierophant:HammerAndAnvil","hierophant:OrnateBuckler","hierophant:HammerAndAnvil","hierophant:Glossolalia+1","hierophant:Kindle+1","hierophant:Doubloon","hierophant:Remorse+1","ReplayTheSpireMod:Black Plague","hierophant:Bribe","hierophant:Smite","hierophant:Smite","hierophant:Doubloon","hierophant:Sermon","hierophant:Levitation+1","CurseOfTheBell","hierophant:HolyVerse+1","ReplayTheSpireMod:Black Plague","hierophant:Zeal+1","hierophant:ArchangelShield+1","hierophant:Doomsaying","hierophant:AuricBeam","hierophant:PassingBell","hierophant:Zeal+1"],"relics":["Pandora\u0027s Box","infinitespire:PuzzleCube","Bronze Scales","infinitespire:Broken Mirror","Replay:Bottled Eggs","expansioncontent:StudyCardRelic","Toolbox","hubris:SlimyHat","Tiny Chest","Old Coin","Regal Pillow","Calling Bell","Akabeko","Pantograph","TungstenRod","Onion Ring","Juzu Bracelet","hubris:Reverence","Kunai","CaptainsWheel","hubris:Towel","Meat on the Bone"],"acts_visited":["Exordium","TheCity","TheBeyond"],"potions_floor_usage":[48,50],"damage_taken":[{"damage":3.0,"enemies":"Cultist","floor":1.0,"turns":4.0},{"damage":0.0,"enemies":"2 Louse","floor":2.0,"turns":3.0},{"damage":4.0,"enemies":"Jaw Worm","floor":3.0,"turns":9.0},{"damage":14.0,"enemies":"Blue Slaver","floor":4.0,"turns":4.0},{"damage":18.0,"enemies":"Large Slime","floor":5.0,"turns":4.0},{"damage":4.0,"enemies":"3 Sentries","floor":7.0,"turns":6.0},{"damage":28.0,"enemies":"Gremlin Nob","floor":10.0,"turns":4.0},{"damage":0.0,"enemies":"Lagavulin","floor":12.0,"turns":4.0},{"damage":0.0,"enemies":"Exordium Thugs","floor":14.0,"turns":1.0},{"damage":43.0,"enemies":"Slime Boss","floor":16.0,"turns":14.0},{"damage":6.0,"enemies":"Chosen","floor":18.0,"turns":7.0},{"damage":14.0,"enemies":"2 Thieves","floor":20.0,"turns":4.0},{"damage":30.0,"enemies":"Book of Stabbing","floor":24.0,"turns":5.0},{"damage":3.0,"enemies":"Snake Plant","floor":25.0,"turns":2.0},{"damage":14.0,"enemies":"Cultist and Chosen","floor":27.0,"turns":4.0},{"damage":20.0,"enemies":"Gremlin Leader","floor":29.0,"turns":3.0},{"damage":22.0,"enemies":"Book of Stabbing","floor":31.0,"turns":4.0},{"damage":25.0,"enemies":"Champ","floor":33.0,"turns":8.0},{"damage":0.0,"enemies":"3 Shapes","floor":35.0,"turns":7.0},{"damage":19.0,"enemies":"Orb Walker","floor":37.0,"turns":3.0},{"damage":9.0,"enemies":"Reptomancer","floor":41.0,"turns":4.0},{"damage":0.0,"enemies":"Sphere and 2 Shapes","floor":46.0,"turns":2.0},{"damage":22.0,"enemies":"Nemesis","floor":47.0,"turns":7.0},{"damage":0,"enemies":"Spire Growth","floor":48,"turns":2},{"damage":38,"enemies":"infinitespire:MassOfShapes","floor":50,"turns":13}],"seed_played":"5696480771203189956","potions_obtained":[{"floor":2.0,"key":"LiquidMemories"},{"floor":3.0,"key":"GamblersBrew"},{"floor":7.0,"key":"Venom Potion"},{"floor":14.0,"key":"Cursed Concoction"},{"floor":16.0,"key":"sneckomod:MuddlingPotion"},{"floor":18.0,"key":"BlessingOfTheForge"},{"floor":24.0,"key":"Venom Potion"},{"floor":27.0,"key":"FearPotion"},{"floor":31.0,"key":"champ:CounterPotion"},{"floor":33.0,"key":"Weak Potion"},{"floor":37.0,"key":"Block Potion"},{"floor":46.0,"key":"Energy Potion"},{"floor":48,"key":"Energy Potion"}],"is_trial":false,"path_per_floor":["M","M","M","M","M","R","E","R","T","E","R","E","?","M","R","B",null,"M","?","M","?","AVR","R","E","M","T","M","R","E","R","E","R","B",null,"M","AVR","M","?","$","R","E","?","T","?","R","M","E","M","R","B",null],"character_chosen":"HIEROPHANT","items_purchased":["Juzu Bracelet","hierophant:ArchangelShield","hubris:Reverence"],"campfire_rested":5,"item_purchase_floors":[39,39,39],"current_hp_per_floor":[72,72,68,54,36,36,32,32,32,4,26,26,85,85,85,42,74,68,68,54,54,54,54,24,21,21,7,32,12,37,15,55,30,71,71,71,52,52,52,52,43,43,43,43,43,43,21,33,73,47],"gold":579,"neow_bonus":"BOSS_RELIC","is_daily":false,"chose_seed":false,"campfire_upgraded":6,"win_rate":0.0,"timestamp":1611659075,"path_taken":["M","M","M","?","M","R","E","R","T","E","R","E","?","?","R","BOSS","M","?","M","?","AVR","R","E","?","T","M","R","E","R","E","R","BOSS","M","AVR","M","?","$","R","E","?","T","?","R","M","E","M","R","BOSS"],"items_purchased_type":["Relic","Card","Relic"],"build_version":"2020-12-22","purchased_purges":0,"victory":true,"max_hp_per_floor":[75,75,75,75,75,75,75,75,75,75,75,75,85,85,85,85,85,85,85,85,85,85,85,85,85,85,85,85,85,85,85,85,85,85,85,85,85,85,85,85,85,85,85,85,85,85,85,85,85,85],"card_choices":[{"not_picked":["hierophant:Flagellation","hierophant:MorningPrayer"],"picked":"hierophant:PassingBell","floor":1.0},{"not_picked":["hierophant:AuricShield","hierophant:Purify"],"picked":"hierophant:MorningPrayer","floor":2.0},{"not_picked":["hierophant:MorningPrayer","hierophant:Anathema"],"picked":"hierophant:Purify","floor":3.0},{"not_picked":["hierophant:Shelter","hierophant:Sermon"],"picked":"hierophant:CursedGold","floor":4.0},{"not_picked":["hierophant:Smite","hierophant:Zeal"],"picked":"hierophant:RustyCrate","floor":5.0},{"not_picked":["hierophant:Exaltation","hierophant:Sermon"],"picked":"hierophant:HammerAndAnvil","floor":7.0},{"not_picked":["hierophant:RepressedViolence","hierophant:DisplayOfPower"],"picked":"hierophant:OrnateBuckler","floor":10.0},{"not_picked":["hierophant:SolarFlare","hierophant:Prophecy"],"picked":"hierophant:HammerAndAnvil","floor":12.0},{"not_picked":["hierophant:RepressedViolence","hierophant:Levitation"],"picked":"hierophant:Glossolalia","floor":14.0},{"not_picked":["hierophant:Determination","hierophant:Invocation"],"picked":"hierophant:Kindle","floor":16.0},{"not_picked":["hierophant:ThreeLashes","hierophant:Blessing"],"picked":"hierophant:FlamingChariot","floor":18.0},{"not_picked":["hierophant:PassingBell","hierophant:Shelter+1"],"picked":"hierophant:Remorse+1","floor":20.0},{"not_picked":["hierophant:OrnateBuckler+1","hierophant:Prophecy"],"picked":"hierophant:Bribe","floor":24.0},{"not_picked":["hierophant:Prophecy","hierophant:FieryStrike"],"picked":"hierophant:Smite","floor":25.0},{"not_picked":["hierophant:MorningPrayer","hierophant:SealAway+1"],"picked":"hierophant:Smite","floor":27.0},{"not_picked":["hierophant:MorningPrayer","hierophant:Generosity"],"picked":"hierophant:Doubloon","floor":29.0},{"not_picked":["hierophant:FieryStrike","hierophant:Mercenaries"],"picked":"hierophant:Sermon","floor":31.0},{"not_picked":["hierophant:MintersHammer","hierophant:BulkyChest"],"picked":"hierophant:Levitation","floor":33.0},{"not_picked":["hierophant:Upheaval+1","hierophant:Invocation"],"picked":"hierophant:HolyVerse+1","floor":35.0},{"not_picked":["hierophant:PassingBell","hierophant:Purify+1"],"picked":"hierophant:Zeal+1","floor":37.0},{"not_picked":["hierophant:ArchangelShield","hierophant:Remorse+1"],"picked":"hierophant:Doomsaying","floor":41.0},{"not_picked":["hierophant:Upheaval+1","hierophant:Encroach"],"picked":"hierophant:AuricBeam","floor":46.0},{"not_picked":["hierophant:RustyCrate","hierophant:FlamingChariot"],"picked":"hierophant:PassingBell","floor":47.0},{"not_picked":["hierophant:PassingBell","hierophant:Doubloon"],"picked":"hierophant:Zeal+1","floor":48}],"player_experience":1661031,"relics_obtained":[{"floor":7.0,"key":"infinitespire:PuzzleCube"},{"floor":9.0,"key":"Bronze Scales"},{"floor":10.0,"key":"infinitespire:Broken Mirror"},{"floor":12.0,"key":"Replay:Bottled Eggs"},{"floor":24.0,"key":"hubris:SlimyHat"},{"floor":26.0,"key":"Tiny Chest"},{"floor":29.0,"key":"Old Coin"},{"floor":31.0,"key":"Regal Pillow"},{"floor":34.0,"key":"Akabeko"},{"floor":34.0,"key":"Pantograph"},{"floor":34.0,"key":"TungstenRod"},{"floor":41.0,"key":"Kunai"},{"floor":43.0,"key":"CaptainsWheel"},{"floor":47.0,"key":"Meat on the Bone"}],"event_choices":[{"cards_removed":["hierophant:Generosity"],"damage_healed":49.0,"max_hp_gain":10.0,"max_hp_loss":0.0,"gold_gain":0.0,"event_name":"Bonfire Elementals","player_choice":"Offered Rare","floor":13.0,"gold_loss":0.0,"damage_taken":0.0},{"cards_removed":["hierophant:MintersHammer"],"damage_healed":0.0,"max_hp_gain":0.0,"max_hp_loss":0.0,"gold_gain":0.0,"event_name":"Purifier","player_choice":"Purged","floor":19.0,"gold_loss":0.0,"damage_taken":0.0},{"cards_removed":["hierophant:FlamingChariot"],"damage_healed":0.0,"max_hp_gain":0.0,"max_hp_loss":0.0,"gold_gain":0.0,"event_name":"Wheel of Change","player_choice":"Card Removal","floor":21.0,"gold_loss":0.0,"damage_taken":0.0},{"damage_healed":0.0,"max_hp_gain":0.0,"max_hp_loss":0.0,"gold_gain":0.0,"event_name":"Mysterious Sphere","player_choice":"Ignored","floor":42.0,"gold_loss":0.0,"damage_taken":0.0}],"is_beta":false,"boss_relics":[{"not_picked":["Empty Cage","Velvet Choker"],"picked":"expansioncontent:StudyCardRelic"},{"not_picked":["hubris:BlackHole","Painkiller Herb"],"picked":"Calling Bell"}],"items_purged_floors":[],"is_endless":false,"potions_floor_spawned":[2,3,7,14,16,18,24,27,31,33,37,46,48],"ascension_level":5}}