{"host":"da4a6z8aof69aasy","time":1611691388,"event":{"mods":["AchievementEnabler","BaseMod","Block Reminder","Colored Powertips","DeckTracker","Highlight Path","Minty Spire (QoL Compilation)","Permanent Neow","Relic Stats","StSLib"],"gold_per_floor":[112,112,122,68,78,78,105,105,129,145,155,182,200,200,200,279,279,297,247,260,310,324,324,334,360,409,409,409,434,434,468,468,541,541,552,567,567,567,613,639,656,989,989,989,443,471,487,497,497,497,497,497,28,60,60],"floor_reached":56,"language":"ENG","playtime":13685,"items_purged":["Sever Soul+1","Havoc"],"score":2171,"play_id":"fbc1aa0c-7a88-487d-8a90-33dd369f01c7","local_time":"20210126220308","is_ascension_mode":true,"campfire_choices":[{"data":"Uppercut","floor":6.0,"key":"SMITH"},{"data":"Inflame","floor":8.0,"key":"SMITH"},{"data":"Sever Soul","floor":15.0,"key":"SMITH"},{"data":"Burning Pact","floor":23.0,"key":"SMITH"},{"data":"Limit Break","floor":28.0,"key":"SMITH"},{"data":"Offering","floor":30.0,"key":"SMITH"},{"data":"Bloodletting","floor":32.0,"key":"SMITH"},{"floor":44,"key":"RECALL"},{"data":"Flame Barrier","floor":49,"key":"SMITH"},{"data":"Evolve","floor":52,"key":"SMITH"}],"circlet_count":0,"master_deck":["AscendersBane","Evolve+1","Reaper+1","Inflame+1","Burning Pact+1","Bloodletting+1","Intimidate+1","Anger+1","True Grit+1","Shrug It Off","Uppercut+1","Feed+1","Offering+1","Shrug It Off","Limit Break+1","Limit Break","Sword Boomerang","Warcry+1","Inflame+1","Dropkick","Flame Barrier+1","Battle Trance","Dropkick+1"],"relics":["Pandora\u0027s Box","Bronze Scales","Happy Flower","Tiny Chest","Empty Cage","Ornamental Fan","Potion Belt","Whetstone","Blue Candle","SlaversCollar","Gambling Chip","Omamori","Meat on the Bone","Old Coin","Regal Pillow","OrangePellets","Sundial","Molten Egg 2","Anchor","Oddly Smooth Stone","Centennial Puzzle"],"acts_visited":["Exordium","TheCity","TheBeyond","TheEnding"],"potions_floor_usage":[55,55,55],"damage_taken":[{"damage":8.0,"enemies":"2 Louse","floor":1.0,"turns":3.0},{"damage":0.0,"enemies":"Small Slimes","floor":3.0,"turns":3.0},{"damage":4.0,"enemies":"Cultist","floor":5.0,"turns":4.0},{"damage":26.0,"enemies":"3 Sentries","floor":7.0,"turns":7.0},{"damage":20.0,"enemies":"Exordium Thugs","floor":10.0,"turns":4.0},{"damage":3.0,"enemies":"Blue Slaver","floor":11.0,"turns":3.0},{"damage":6.0,"enemies":"Gremlin Nob","floor":12.0,"turns":3.0},{"damage":3.0,"enemies":"Looter","floor":13.0,"turns":2.0},{"damage":40.0,"enemies":"Hexaghost","floor":16.0,"turns":9.0},{"damage":17.0,"enemies":"Chosen","floor":18.0,"turns":2.0},{"damage":11.0,"enemies":"3 Byrds","floor":20.0,"turns":3.0},{"damage":18.0,"enemies":"Cultist and Chosen","floor":22.0,"turns":4.0},{"damage":24.0,"enemies":"Snake Plant","floor":24.0,"turns":5.0},{"damage":22.0,"enemies":"Gremlin Leader","floor":25.0,"turns":7.0},{"damage":21.0,"enemies":"Book of Stabbing","floor":29.0,"turns":3.0},{"damage":43.0,"enemies":"Slavers","floor":31.0,"turns":5.0},{"damage":70.0,"enemies":"Automaton","floor":33.0,"turns":8.0},{"damage":32.0,"enemies":"3 Darklings","floor":35.0,"turns":8.0},{"damage":17.0,"enemies":"Orb Walker","floor":36.0,"turns":5.0},{"damage":14,"enemies":"Giant Head","floor":40,"turns":5},{"damage":24,"enemies":"Jaw Worm Horde","floor":41,"turns":5},{"damage":6,"enemies":"Nemesis","floor":42,"turns":3},{"damage":6,"enemies":"Giant Head","floor":46,"turns":4},{"damage":22,"enemies":"Maw","floor":47,"turns":4},{"damage":39,"enemies":"Sphere and 2 Shapes","floor":48,"turns":4},{"damage":37,"enemies":"Awakened One","floor":50,"turns":8},{"damage":31,"enemies":"Shield and Spear","floor":54,"turns":4},{"damage":63,"enemies":"The Heart","floor":55,"turns":5}],"seed_played":"-1685494084589053169","potions_obtained":[{"floor":11.0,"key":"Dexterity Potion"},{"floor":12.0,"key":"BloodPotion"},{"floor":13.0,"key":"Swift Potion"},{"floor":29.0,"key":"Regen Potion"},{"floor":31.0,"key":"SteroidPotion"},{"floor":40,"key":"FearPotion"},{"floor":46,"key":"Energy Potion"}],"is_trial":false,"path_per_floor":["M","?","M","$","M","R","E","R","T","M","M","E","M","?","R","B",null,"M","?","M","T","M","R","M","E","T","?","R","E","R","E","R","B",null,"M","M","?","?","T","E","M","E","T","R","$","E","M","M","R","B",null,"R","$","E","B",null],"character_chosen":"IRONCLAD","items_purchased":["Shrug It Off","OrangePellets","Sundial","Dropkick","Dropkick+1","Anchor","Oddly Smooth Stone"],"campfire_rested":0,"item_purchase_floors":[4,45,45,45,53,53,53],"current_hp_per_floor":[67,44,58,58,54,54,52,52,52,43,45,39,55,55,55,27,68,63,63,69,69,66,66,57,49,49,49,49,74,74,68,68,15,77,83,95,95,95,95,104,96,117,117,117,117,121,121,125,125,129,129,129,129,133,137],"gold":60,"neow_bonus":"BOSS_RELIC","is_daily":false,"chose_seed":false,"campfire_upgraded":9,"win_rate":0.0,"timestamp":1611691388,"path_taken":["M","?","M","$","M","R","E","R","T","M","M","E","M","?","R","BOSS","M","?","?","?","M","R","M","E","T","?","R","E","R","E","R","BOSS","M","M","?","?","?","E","M","E","T","R","$","E","M","?","R","BOSS","R","$","E","BOSS"],"items_purchased_type":["Card","Relic","Relic","Card","Card","Relic","Relic"],"build_version":"2020-12-22","purchased_purges":2,"victory":true,"max_hp_per_floor":[75,75,75,75,75,75,75,75,75,78,78,78,81,81,81,81,81,81,81,84,84,87,87,90,90,90,90,90,93,93,97,97,97,97,101,105,105,105,105,109,113,117,117,117,117,121,121,125,125,129,129,129,129,133,137],"relic_stats":{"Regal Pillow":0,"Happy Flower":[37],"counters":[28,130],"Blue Candle":[0],"Whetstone":["Anger","Feed"],"OrangePellets":[4],"Centennial Puzzle":[3],"Ornamental Fan":[60],"Sundial":[10],"Bronze Scales":[425],"Gambling Chip":[28],"Pandora\u0027s Box":["Evolve","Berserk","Havoc","Reaper","Inflame","Burning Pact","Bloodletting","Sever Soul","Intimidate"],"Tiny Chest":2,"obtain_stats":[{"Potion Belt":26,"Regal Pillow":43,"Happy Flower":9,"Blue Candle":31,"Oddly Smooth Stone":53,"Omamori":39,"Whetstone":29,"Empty Cage":17,"Burning Blood":0,"Old Coin":42,"SlaversCollar":34,"OrangePellets":45,"Anchor":53,"Centennial Puzzle":54,"Ornamental Fan":25,"Sundial":45,"Bronze Scales":7,"Gambling Chip":38,"Pandora\u0027s Box":0,"Tiny Chest":12,"Molten Egg 2":46,"Meat on the Bone":40},{"Potion Belt":14,"Regal Pillow":22,"Happy Flower":4,"Blue Candle":16,"Oddly Smooth Stone":26,"Omamori":19,"Whetstone":15,"Empty Cage":9,"Burning Blood":0,"Old Coin":22,"SlaversCollar":17,"OrangePellets":22,"Anchor":26,"Centennial Puzzle":27,"Ornamental Fan":14,"Sundial":22,"Bronze Scales":4,"Gambling Chip":19,"Pandora\u0027s Box":0,"Tiny Chest":7,"Molten Egg 2":23,"Meat on the Bone":20},{"Potion Belt":59,"Regal Pillow":101,"Happy Flower":17,"Blue Candle":67,"Oddly Smooth Stone":121,"Omamori":88,"Whetstone":62,"Empty Cage":38,"Burning Blood":0,"Old Coin":101,"SlaversCollar":75,"OrangePellets":101,"Anchor":121,"Centennial Puzzle":125,"Ornamental Fan":59,"Sundial":101,"Bronze Scales":17,"Gambling Chip":88,"Pandora\u0027s Box":0,"Tiny Chest":27,"Molten Egg 2":105,"Meat on the Bone":93}],"Meat on the Bone":0},"card_choices":[{"not_picked":["Wild Strike","Fire Breathing"],"picked":"Anger","floor":1.0},{"not_picked":["Thunderclap","Headbutt"],"picked":"True Grit","floor":3.0},{"not_picked":["Wild Strike","Perfected Strike"],"picked":"Uppercut","floor":5.0},{"not_picked":["Clash","Pommel Strike"],"picked":"Feed","floor":7.0},{"not_picked":["Heavy Blade","Pommel Strike","Body Slam"],"picked":"SKIP","floor":10.0},{"not_picked":["Intimidate","Whirlwind","Headbutt"],"picked":"SKIP","floor":11.0},{"not_picked":["Thunderclap","Twin Strike","Flex"],"picked":"SKIP","floor":12.0},{"not_picked":["Bludgeon","Perfected Strike","Body Slam"],"picked":"SKIP","floor":13.0},{"not_picked":["Bludgeon","Perfected Strike","Body Slam"],"picked":"SKIP","floor":13.0},{"not_picked":["Demon Form","Fiend Fire"],"picked":"Offering","floor":16.0},{"not_picked":["Iron Wave","Armaments"],"picked":"Shrug It Off","floor":18.0},{"not_picked":["Dark Embrace","Infernal Blade","Body Slam"],"picked":"SKIP","floor":20.0},{"not_picked":["Dark Embrace","Infernal Blade","Body Slam"],"picked":"SKIP","floor":20.0},{"not_picked":["Dark Embrace","Infernal Blade","Body Slam"],"picked":"SKIP","floor":20.0},{"not_picked":["Headbutt","Rampage","Heavy Blade"],"picked":"SKIP","floor":22.0},{"not_picked":["Headbutt","Rampage","Heavy Blade"],"picked":"SKIP","floor":22.0},{"not_picked":["Body Slam","Uppercut","Pommel Strike"],"picked":"SKIP","floor":24.0},{"not_picked":["Sentinel","Ghostly Armor"],"picked":"Limit Break","floor":25.0},{"not_picked":["Havoc","Cleave","Clash"],"picked":"SKIP","floor":29.0},{"not_picked":["Seeing Red","Anger","Clash"],"picked":"SKIP","floor":31.0},{"not_picked":["Infernal Blade","Bloodletting","Clash"],"picked":"SKIP","floor":35.0},{"not_picked":["Wild Strike","Armaments+1"],"picked":"Sword Boomerang","floor":36.0},{"not_picked":["Heavy Blade","Combust","True Grit+1"],"picked":"SKIP","floor":40},{"not_picked":["Fire Breathing","Second Wind"],"picked":"Warcry+1","floor":41},{"not_picked":["Clothesline","Iron Wave"],"picked":"Inflame+1","floor":42},{"not_picked":["Bludgeon+1","Armaments","Havoc+1"],"picked":"SKIP","floor":46},{"not_picked":["Thunderclap+1","Havoc"],"picked":"Flame Barrier","floor":47},{"not_picked":["Rage","Flame Barrier"],"picked":"Battle Trance","floor":48},{"not_picked":["Twin Strike+1","True Grit","Warcry"],"picked":"SKIP","floor":54}],"player_experience":2118349,"relics_obtained":[{"floor":7.0,"key":"Bronze Scales"},{"floor":9.0,"key":"Happy Flower"},{"floor":12.0,"key":"Tiny Chest"},{"floor":25.0,"key":"Ornamental Fan"},{"floor":26.0,"key":"Potion Belt"},{"floor":29.0,"key":"Whetstone"},{"floor":31.0,"key":"Blue Candle"},{"floor":39,"key":"Omamori"},{"floor":40,"key":"Meat on the Bone"},{"floor":42,"key":"Old Coin"},{"floor":43,"key":"Regal Pillow"},{"floor":46,"key":"Molten Egg 2"},{"floor":54,"key":"Centennial Puzzle"}],"event_choices":[{"damage_healed":0.0,"max_hp_gain":0.0,"max_hp_loss":0.0,"gold_gain":0.0,"event_name":"Shining Light","player_choice":"Entered Light","floor":2.0,"gold_loss":0.0,"damage_taken":23.0,"cards_upgraded":["Reaper","Intimidate"]},{"damage_healed":0.0,"max_hp_gain":0.0,"max_hp_loss":0.0,"gold_gain":0.0,"event_name":"Liars Game","player_choice":"Ignored","floor":14.0,"gold_loss":0.0,"damage_taken":0.0},{"damage_healed":0.0,"max_hp_gain":0.0,"max_hp_loss":0.0,"gold_gain":0.0,"event_name":"Designer","player_choice":"Upgrade","floor":19.0,"gold_loss":50.0,"damage_taken":0.0,"cards_upgraded":["True Grit"]},{"damage_healed":0.0,"max_hp_gain":0.0,"max_hp_loss":0.0,"gold_gain":0.0,"event_name":"Match and Keep!","player_choice":"1 cards matched","floor":27.0,"gold_loss":0.0,"damage_taken":0.0,"cards_obtained":["Limit Break"]},{"damage_healed":0,"gold_gain":0,"player_choice":"Ignored","damage_taken":0,"max_hp_gain":0,"max_hp_loss":0,"event_name":"Mysterious Sphere","floor":37,"gold_loss":0},{"damage_healed":0,"gold_gain":0,"player_choice":"Gave Potion","damage_taken":0,"relics_obtained":["Gambling Chip"],"max_hp_gain":0,"max_hp_loss":0,"event_name":"WeMeetAgain","floor":38,"gold_loss":0}],"is_beta":false,"boss_relics":[{"not_picked":["Black Star","Calling Bell"],"picked":"Empty Cage"},{"not_picked":["Philosopher\u0027s Stone","Snecko Eye"],"picked":"SlaversCollar"}],"items_purged_floors":[45,53],"is_endless":false,"potions_floor_spawned":[11,12,13,22,29,31,40,46,47],"ascension_level":15}}