{"host":"6p0attdrtjqaih7v","time":1611694031,"event":{"mods":["2.2 Compatiblity","AchievementEnabler","Bard","BaseMod","Better Skull","Better Third Choice","Colored Powertips","Hermit","Highlight Path","Jorbs\u0027s Wanderer Trilogy","Key Reminder","Minty Spire (QoL Compilation)","Permanent Neow","Quick Restart","Random Character Button","Relic Stats","Replay The Spire","Robot Space Explorer","StSLib"],"gold_per_floor":[118,131,131,146,29,60,60,86,86,86,103,119,138,157,157,228,228,245,294,311,311,80,80,80],"floor_reached":23,"language":"ENG","playtime":873,"items_purged":["Doubt","Strike_R"],"score":431,"play_id":"9335e59c-6c81-4dd0-895f-9bc093db4aa3","local_time":"20210126154711","is_ascension_mode":true,"campfire_choices":[{"data":"Searing Blow","floor":7,"key":"SMITH"},{"data":"Searing Blow+1","floor":10,"key":"SMITH"},{"data":"Searing Blow+2","floor":15,"key":"SMITH"}],"circlet_count":0,"master_deck":["AscendersBane","Strike_R","Strike_R","Strike_R","Strike_R","Defend_R","Defend_R","Defend_R","Defend_R","Bash+1","Bloodletting","Anger","Headbutt","Searing Blow+3","Thunderclap+1","Disarm","Headbutt","Second Wind","Feed","ReplayTheSpireMod:Limb From Limb+1","Spot Weakness+1","Whirlwind"],"relics":["Burning Blood","Juzu Bracelet","ReplayTheSpireMod:Ring of Addiction","Chameleon Ring","White Beast Statue","Art of War","Pear","Whetstone","Snecko Eye","Singing Bowl"],"acts_visited":["Exordium","TheCity"],"potions_floor_usage":[4,6,8,8,8,11,12,12,14,16,16,20,23,23],"damage_taken":[{"damage":2,"enemies":"2 Louse","floor":1,"turns":4},{"damage":8,"enemies":"Small Slimes","floor":2,"turns":3},{"damage":5,"enemies":"Jaw Worm","floor":4,"turns":2},{"damage":24,"enemies":"Replay:BlueRogue","floor":6,"turns":6},{"damage":27,"enemies":"Gremlin Nob","floor":8,"turns":4},{"damage":0,"enemies":"Large Slime","floor":11,"turns":4},{"damage":0,"enemies":"Exordium Wildlife","floor":12,"turns":1},{"damage":1,"enemies":"3 Louse","floor":13,"turns":4},{"damage":7,"enemies":"Exordium Thugs","floor":14,"turns":3},{"damage":35,"enemies":"Hexaghost","floor":16,"turns":9},{"damage":15,"enemies":"Shell Parasite","floor":18,"turns":3},{"damage":11,"enemies":"Spheric Guardian","floor":20,"turns":3},{"damage":11,"enemies":"Book of Stabbing","floor":23,"turns":2}],"seed_played":"-4655578766302506433","potions_obtained":[{"floor":3,"key":"AttackPotion"},{"floor":3,"key":"BlessingOfTheForge"},{"floor":4,"key":"EntropicBrew"},{"floor":6,"key":"Fruit Juice"},{"floor":8,"key":"Cursed Concoction"},{"floor":11,"key":"Energy Potion"},{"floor":12,"key":"SteroidPotion"},{"floor":13,"key":"Energy Potion"},{"floor":14,"key":"Fire Potion"},{"floor":16,"key":"Milkshake"},{"floor":18,"key":"LiquidBronze"},{"floor":20,"key":"SkillPotion"}],"is_trial":false,"path_per_floor":["M","M","?","M","$","E","R","E","T","R","M","M","M","M","R","B",null,"M","?","M","?","$","E"],"character_chosen":"IRONCLAD","items_purchased":["Searing Blow","Whirlwind","Fire Potion"],"campfire_rested":0,"item_purchase_floors":[5,22,22],"current_hp_per_floor":[72,70,70,71,71,53,53,49,49,49,55,61,66,65,65,36,78,72,43,40,11,11,0,0],"gold":80,"neow_bonus":"RANDOM_COMMON_RELIC","is_daily":false,"chose_seed":false,"campfire_upgraded":3,"win_rate":0.0,"timestamp":1611694031,"path_taken":["M","M","?","M","$","E","R","E","T","R","M","M","M","M","R","BOSS","M","?","M","?","?","E"],"items_purchased_type":["Card","Card","Potion"],"build_version":"2020-12-22","purchased_purges":2,"victory":false,"max_hp_per_floor":[75,75,75,75,75,75,75,92,92,92,92,92,92,92,92,92,92,95,97,97,102,102,102,102],"relic_stats":{"Singing Bowl":4,"counters":[13,48],"Snecko Eye":[16,16,11,15],"Juzu Bracelet":0,"Art of War":[0],"Whetstone":["Thunderclap","Bash"],"obtain_stats":[{"Chameleon Ring":3,"Pear":8,"Singing Bowl":19,"ReplayTheSpireMod:Ring of Addiction":3,"Snecko Eye":17,"Juzu Bracelet":0,"Art of War":6,"Whetstone":9,"Burning Blood":0,"White Beast Statue":3},{"Chameleon Ring":2,"Pear":5,"Singing Bowl":11,"ReplayTheSpireMod:Ring of Addiction":2,"Snecko Eye":10,"Juzu Bracelet":0,"Art of War":4,"Whetstone":5,"Burning Blood":0,"White Beast Statue":2},{"Chameleon Ring":7,"Pear":19,"Singing Bowl":43,"ReplayTheSpireMod:Ring of Addiction":7,"Snecko Eye":40,"Juzu Bracelet":0,"Art of War":15,"Whetstone":19,"Burning Blood":0,"White Beast Statue":7}],"Burning Blood":72},"card_choices":[{"not_picked":["Flex","ReplayTheSpireMod:Strike From Hell"],"picked":"Bloodletting","floor":1},{"not_picked":["Pommel Strike","Body Slam"],"picked":"Anger","floor":2},{"not_picked":["Rage","Dual Wield"],"picked":"Headbutt","floor":4},{"not_picked":["Dual Wield","Body Slam"],"picked":"Thunderclap","floor":6},{"not_picked":["True Grit","Iron Wave"],"picked":"Disarm","floor":8},{"not_picked":["Bludgeon","Thunderclap","Wild Strike"],"picked":"SKIP","floor":11},{"not_picked":["Havoc","Sword Boomerang","Exhume"],"picked":"SKIP","floor":12},{"not_picked":["Pommel Strike","Warcry"],"picked":"Headbutt","floor":13},{"not_picked":["Massacre","Heavy Blade"],"picked":"Second Wind","floor":14},{"not_picked":["Reaper","Barricade"],"picked":"Feed","floor":16},{"not_picked":["Replay:Undeath\u0027s Touch","Rampage+1"],"picked":"ReplayTheSpireMod:Limb From Limb+1","floor":18},{"not_picked":["Cleave","Iron Wave+1"],"picked":"Spot Weakness+1","floor":19},{"not_picked":["Heavy Blade+1","Body Slam","Headbutt+1"],"picked":"Singing Bowl","floor":19},{"not_picked":["Burning Pact","Thunderclap+1","Perfected Strike+1"],"picked":"Singing Bowl","floor":20}],"player_experience":955686,"relics_obtained":[{"floor":3,"key":"ReplayTheSpireMod:Ring of Addiction"},{"floor":3,"key":"Chameleon Ring"},{"floor":3,"key":"White Beast Statue"},{"floor":6,"key":"Art of War"},{"floor":8,"key":"Pear"},{"floor":9,"key":"Whetstone"},{"floor":19,"key":"Singing Bowl"}],"event_choices":[{"damage_healed":0,"gold_gain":0,"player_choice":"Shed Blood","damage_taken":34,"max_hp_gain":5,"max_hp_loss":0,"event_name":"Forgotten Altar","floor":21,"gold_loss":0}],"is_beta":false,"boss_relics":[{"not_picked":["Black Star","Black Blood"],"picked":"Snecko Eye"}],"items_purged_floors":[5,22],"is_endless":false,"potions_floor_spawned":[4,6,8,11,12,13,14,16,18,20],"killed_by":"Book of Stabbing","ascension_level":20}}