{"host":"0nndazl0keusavit","time":1611629891,"event":{"mods":["AchievementEnabler","BaseMod","Colored Map","Curses Come First","Highlight Path","Minty Spire (QoL Compilation)","Relic Stats","StSLib"],"gold_per_floor":[112,127,127,47,60,60,94,94,144,219,254,274,274,291,291,364,364,364,364,379,46,59,59,59,59,59,90,90,90,109,109,109,180,180,199,215,240,240,176,176,176,176,228,52,52,86,98,110,110],"floor_reached":48,"language":"ENG","playtime":2432,"items_purged":["Strike_P"],"score":964,"play_id":"7a8f966c-8c00-4b1f-af69-670716ee72de","local_time":"20210125215811","is_ascension_mode":true,"campfire_choices":[{"data":"EmptyFist","floor":6.0,"key":"SMITH"},{"data":"Meditate","floor":8.0,"key":"SMITH"},{"floor":13.0,"key":"REST"},{"data":"TalkToTheHand","floor":15.0,"key":"SMITH"},{"floor":23.0,"key":"REST"},{"floor":25.0,"key":"REST"},{"data":"Wallop","floor":28.0,"key":"SMITH"},{"data":"SpiritShield","floor":32.0,"key":"SMITH"},{"floor":40,"key":"REST"},{"data":"TalkToTheHand","floor":42,"key":"SMITH"},{"data":"Wallop","floor":45,"key":"SMITH"}],"circlet_count":0,"master_deck":["AscendersBane","Strike_P","Strike_P","Strike_P","Defend_P","Defend_P","Defend_P","Eruption","Vigilance","EmptyFist+1","Meditate+1","WheelKick","JustLucky","Alpha","MentalFortress","TalkToTheHand+1","SpiritShield+1","Wallop+1","MentalFortress","JustLucky","FearNoEvil","TalkToTheHand+1","Wallop+1","Wish","Writhe"],"relics":["PureWater","Akabeko","Nunchaku","Calipers","Runic Pyramid","Bronze Scales","The Courier","Matryoshka","Philosopher\u0027s Stone","WingedGreaves","Damaru","Smiling Mask","Anchor","MawBank"],"acts_visited":["Exordium","TheCity","TheBeyond"],"potions_floor_usage":[48],"damage_taken":[{"damage":7.0,"enemies":"Jaw Worm","floor":1.0,"turns":4.0},{"damage":0.0,"enemies":"2 Louse","floor":2.0,"turns":2.0},{"damage":0.0,"enemies":"Cultist","floor":5.0,"turns":2.0},{"damage":8.0,"enemies":"Gremlin Nob","floor":7.0,"turns":3.0},{"damage":28.0,"enemies":"3 Sentries","floor":11.0,"turns":4.0},{"damage":2.0,"enemies":"Large Slime","floor":12.0,"turns":3.0},{"damage":1.0,"enemies":"Looter","floor":14.0,"turns":3.0},{"damage":26.0,"enemies":"The Guardian","floor":16.0,"turns":7.0},{"damage":0.0,"enemies":"2 Thieves","floor":18.0,"turns":1.0},{"damage":27.0,"enemies":"Spheric Guardian","floor":20.0,"turns":9.0},{"damage":0.0,"enemies":"Snecko","floor":22.0,"turns":4.0},{"damage":11.0,"enemies":"Gremlin Leader","floor":27.0,"turns":6.0},{"damage":2.0,"enemies":"Sentry and Sphere","floor":30.0,"turns":6.0},{"damage":15,"enemies":"Collector","floor":33,"turns":10},{"damage":37,"enemies":"3 Darklings","floor":35,"turns":5},{"damage":3,"enemies":"3 Shapes","floor":36,"turns":7},{"damage":0,"enemies":"Mind Bloom Boss Battle","floor":37,"turns":6},{"damage":33,"enemies":"Giant Head","floor":46,"turns":10},{"damage":42,"enemies":"Reptomancer","floor":48,"turns":2}],"seed_played":"-296777870849476957","potions_obtained":[{"floor":1.0,"key":"FearPotion"},{"floor":2.0,"key":"LiquidBronze"},{"floor":16.0,"key":"SmokeBomb"},{"floor":20.0,"key":"Fire Potion"},{"floor":27.0,"key":"SkillPotion"},{"floor":35,"key":"Regen Potion"}],"is_trial":false,"path_per_floor":["M","M","?","$","M","R","E","R","T","?","E","M","R","M","R","B",null,"M","?","M","$","M","R","?","R","T","E","R","?","M","?","R","B",null,"M","M","?","?","$","R","?","R","T","$","R","E","?","E"],"character_chosen":"WATCHER","items_purchased":["WheelKick","Wallop","MentalFortress","Bronze Scales","Wallop","Anchor"],"campfire_rested":4,"item_purchase_floors":[4,21,21,21,39,44],"current_hp_per_floor":[60,60,60,60,60,60,52,52,52,41,13,11,33,32,32,6,57,57,57,30,30,30,52,31,54,54,43,43,43,41,41,41,26,66,29,26,26,26,26,49,49,49,49,49,49,16,32,0,0],"gold":110,"neow_bonus":"TEN_PERCENT_HP_BONUS","is_daily":false,"chose_seed":false,"campfire_upgraded":7,"win_rate":0.0,"timestamp":1611629891,"path_taken":["M","M","?","$","M","R","E","R","T","?","E","M","R","M","R","BOSS","M","?","M","$","?","R","?","R","T","E","R","?","M","?","R","BOSS","M","M","?","?","$","R","?","R","T","$","R","E","?","E"],"items_purchased_type":["Card","Card","Card","Relic","Card","Relic"],"build_version":"2020-12-22","purchased_purges":1,"victory":false,"max_hp_per_floor":[74,74,74,74,74,74,74,74,74,74,74,74,74,74,74,74,74,74,74,74,74,74,74,79,79,79,79,79,79,79,79,79,79,79,79,79,79,79,79,79,79,79,79,79,79,79,79,79,79],"relic_stats":{"Nunchaku":[15],"counters":[19,94],"Bronze Scales":[117],"Smiling Mask":10,"MawBank":24,"obtain_stats":[{"Calipers":11,"Damaru":43,"The Courier":26,"Smiling Mask":43,"MawBank":46,"Akabeko":7,"Nunchaku":9,"Anchor":44,"Matryoshka":27,"Bronze Scales":21,"Philosopher\u0027s Stone":34,"WingedGreaves":37,"PureWater":0,"Runic Pyramid":17},{"Calipers":5,"Damaru":17,"The Courier":11,"Smiling Mask":17,"MawBank":18,"Akabeko":4,"Nunchaku":4,"Anchor":17,"Matryoshka":12,"Bronze Scales":10,"Philosopher\u0027s Stone":14,"WingedGreaves":17,"PureWater":0,"Runic Pyramid":8},{"Calipers":15,"Damaru":82,"The Courier":42,"Smiling Mask":82,"MawBank":92,"Akabeko":11,"Nunchaku":11,"Anchor":82,"Matryoshka":48,"Bronze Scales":38,"Philosopher\u0027s Stone":64,"WingedGreaves":82,"PureWater":0,"Runic Pyramid":28}]},"card_choices":[{"not_picked":["Halt","ThirdEye"],"picked":"EmptyFist","floor":1.0},{"not_picked":["Indignation","Adaptation"],"picked":"Meditate","floor":2.0},{"not_picked":["Study","Conclude"],"picked":"JustLucky","floor":5.0},{"not_picked":["PathToVictory","InnerPeace"],"picked":"Alpha","floor":7.0},{"not_picked":["Pray","Halt"],"picked":"MentalFortress","floor":11.0},{"not_picked":["EmptyBody","Conclude"],"picked":"TalkToTheHand","floor":12.0},{"not_picked":["ClearTheMind","ThirdEye","Halt"],"picked":"SKIP","floor":14.0},{"not_picked":["Omniscience","DeusExMachina"],"picked":"SpiritShield","floor":16.0},{"not_picked":["ClearTheMind","FlyingSleeves","SandsOfTime"],"picked":"SKIP","floor":20.0},{"not_picked":["CutThroughFate+1","BowlingBash"],"picked":"JustLucky","floor":22.0},{"not_picked":["Perseverance","Study"],"picked":"FearNoEvil","floor":27.0},{"not_picked":["JustLucky","Crescendo","PathToVictory"],"picked":"SKIP","floor":30.0},{"not_picked":["ForeignInfluence","WheelKick+1","BowlingBash"],"picked":"SKIP","floor":35},{"not_picked":["Fasting2","FlurryOfBlows"],"picked":"TalkToTheHand","floor":36},{"not_picked":["Halt","Consecrate"],"picked":"Wish","floor":46}],"player_experience":893480,"relics_obtained":[{"floor":7.0,"key":"Akabeko"},{"floor":9.0,"key":"Nunchaku"},{"floor":11.0,"key":"Calipers"},{"floor":26.0,"key":"The Courier"},{"floor":27.0,"key":"Matryoshka"},{"floor":37,"key":"WingedGreaves"},{"floor":43,"key":"Damaru"},{"floor":43,"key":"Smiling Mask"},{"floor":46,"key":"MawBank"}],"event_choices":[{"damage_healed":0.0,"max_hp_gain":0.0,"max_hp_loss":0.0,"gold_gain":0.0,"event_name":"The Cleric","player_choice":"Leave","floor":3.0,"gold_loss":0.0,"damage_taken":0.0},{"damage_healed":0.0,"max_hp_gain":0.0,"max_hp_loss":0.0,"gold_gain":75.0,"event_name":"World of Goop","player_choice":"Gather Gold","floor":10.0,"gold_loss":0.0,"damage_taken":11.0},{"damage_healed":0.0,"max_hp_gain":0.0,"max_hp_loss":0.0,"gold_gain":0.0,"event_name":"Match and Keep!","player_choice":"0 cards matched","floor":19.0,"gold_loss":0.0,"damage_taken":0.0,"cards_obtained":[]},{"damage_healed":0.0,"max_hp_gain":5.0,"max_hp_loss":0.0,"gold_gain":0.0,"event_name":"Forgotten Altar","player_choice":"Shed Blood","floor":24.0,"gold_loss":0.0,"damage_taken":26.0},{"damage_healed":0.0,"max_hp_gain":0.0,"max_hp_loss":0.0,"gold_gain":0.0,"event_name":"Ghosts","player_choice":"Ignored","floor":29.0,"gold_loss":0.0,"damage_taken":0.0},{"damage_healed":0.0,"max_hp_gain":0.0,"max_hp_loss":0.0,"gold_gain":0.0,"event_name":"Vampires","player_choice":"Ignored","floor":31.0,"gold_loss":0.0,"damage_taken":0.0},{"damage_healed":0,"gold_gain":0,"player_choice":"Fight","damage_taken":0,"max_hp_gain":0,"max_hp_loss":0,"event_name":"MindBloom","floor":37,"gold_loss":0},{"damage_healed":0,"gold_gain":0,"player_choice":"Ignored","damage_taken":0,"max_hp_gain":0,"max_hp_loss":0,"event_name":"Tomb of Lord Red Mask","floor":38,"gold_loss":0},{"cards_removed":["Defend_P"],"damage_healed":0,"gold_gain":0,"player_choice":"Removed Skill","damage_taken":0,"max_hp_gain":0,"max_hp_loss":0,"event_name":"Falling","floor":41,"gold_loss":0},{"damage_healed":16,"gold_gain":0,"player_choice":"Writhe","damage_taken":0,"max_hp_gain":0,"max_hp_loss":0,"event_name":"Winding Halls","floor":47,"gold_loss":0,"cards_obtained":["Writhe"]}],"is_beta":false,"boss_relics":[{"not_picked":["Astrolabe","Empty Cage"],"picked":"Runic Pyramid"},{"not_picked":["Calling Bell","Cursed Key"],"picked":"Philosopher\u0027s Stone"}],"items_purged_floors":[44],"is_endless":false,"potions_floor_spawned":[1,2,11,16,20,27,35,36],"killed_by":"Reptomancer","ascension_level":20}}