{"host":"bwf6jt0gyax88i3l","time":1611634192,"event":{"mods":["AchievementEnabler","BaseMod","Colored Map","Colored Powertips","Downfall","Duelist Mod","Highlight Path","Hubris","Infinite Spire","Jorbs\u0027s Wanderer Trilogy","Koishi","Lobotomy","Minty Spire (QoL Compilation)","Quick Restart","Shop Mod","StSLib","Td1madao Mod","The Disciple"],"gold_per_floor":[114,214,228,228,242,242,272,272,322,322,352,322,350,1,1,101,101,75,75,75],"floor_reached":19,"language":"ENG","playtime":1272,"items_purged":["Injury"],"score":192,"play_id":"76f7cf8f-7006-41e0-beeb-7f51de781352","local_time":"20210125200952","is_ascension_mode":true,"campfire_choices":[{"data":"After Image","floor":6,"key":"SMITH"},{"data":"Blade Dance","floor":8,"key":"SMITH"},{"floor":15,"key":"REST"}],"circlet_count":0,"master_deck":["Strike_G","Strike_G","Strike_G","Defend_G","Defend_G","Defend_G","Defend_G","Defend_G","Survivor","Neutralize","Cloak And Dagger","Footwork","hubris:InfiniteBlow+1","After Image+1","Blade Dance+1","Envenom","Dagger Spray","Apotheosis","Unload","Wraith Form v2+1","Deadly Poison+1","infinitespire:Pacifist"],"relics":["hubris:TerracottaHorce","infinitespire:Bottled Soul","infinitespire:Beetle Shell","infinitespire:Satchel","hubris:TinFlute","Astrolabe"],"acts_visited":["Exordium","TheCity"],"potions_floor_usage":[7,11,13,16],"damage_taken":[{"damage":0,"enemies":"Cultist","floor":1,"turns":4},{"damage":0,"enemies":"Small Slimes","floor":3,"turns":3},{"damage":0,"enemies":"2 Louse","floor":5,"turns":4},{"damage":23,"enemies":"Lagavulin","floor":7,"turns":14},{"damage":12,"enemies":"Gremlin Nob","floor":11,"turns":4},{"damage":1,"enemies":"Lagavulin","floor":13,"turns":6},{"damage":4,"enemies":"Hexaghost","floor":16,"turns":9},{"damage":10,"enemies":"2 Thieves","floor":18,"turns":5},{"damage":8,"enemies":"3 Byrds","floor":19,"turns":2}],"seed_played":"3505622303714163538","potions_obtained":[{"floor":3,"key":"Ancient Potion"},{"floor":7,"key":"DistilledChaos"},{"floor":11,"key":"Slimebound:ThreeZeroPotion"},{"floor":18,"key":"ColorlessPotion"}],"is_trial":false,"path_per_floor":["M","?","M","?","M","R","E","R","T","?","E","?","E","$","R","B",null,"M","M"],"character_chosen":"THE_SILENT","items_purchased":["Apotheosis","Slimebound:ThreeZeroPotion"],"campfire_rested":1,"item_purchase_floors":[14,14],"current_hp_per_floor":[70,70,70,70,70,70,47,47,47,47,35,35,34,34,55,51,65,55,47,47],"gold":75,"neow_bonus":"BOSS_RELIC","is_daily":false,"chose_seed":false,"campfire_upgraded":2,"win_rate":0.0,"timestamp":1611634192,"path_taken":["M","?","?","?","M","R","E","R","T","?","E","?","E","$","R","BOSS","M","M"],"items_purchased_type":["Card","Potion"],"build_version":"2020-12-22","purchased_purges":1,"victory":false,"max_hp_per_floor":[70,70,70,70,70,70,70,70,70,70,70,70,70,70,70,70,70,70,70,70],"card_choices":[{"not_picked":["Backflip","Outmaneuver"],"picked":"Cloak And Dagger","floor":1},{"not_picked":["PiercingWail","hubris:SlightOfHand"],"picked":"Footwork","floor":3},{"not_picked":["infinitespire:UltimateForm","infinitespire:Fortify"],"picked":"hubris:InfiniteBlow","floor":4},{"not_picked":["Quick Slash","Blur"],"picked":"After Image","floor":5},{"not_picked":["Backstab","Dagger Throw"],"picked":"Blade Dance","floor":7},{"not_picked":["Deadly Poison","Outmaneuver"],"picked":"Envenom","floor":11},{"not_picked":["Tactician","Expertise"],"picked":"Dagger Spray","floor":13},{"not_picked":["Venomology","Glass Knife"],"picked":"Unload","floor":16},{"not_picked":["Dagger Spray","Footwork","Dagger Throw+1"],"picked":"SKIP","floor":18}],"player_experience":39696,"relics_obtained":[{"floor":7,"key":"infinitespire:Bottled Soul"},{"floor":9,"key":"infinitespire:Beetle Shell"},{"floor":11,"key":"infinitespire:Satchel"},{"floor":13,"key":"hubris:TinFlute"}],"event_choices":[{"damage_healed":0,"gold_gain":100,"player_choice":"Pray","damage_taken":0,"max_hp_gain":0,"max_hp_loss":0,"event_name":"Golden Shrine","floor":2,"gold_loss":0},{"damage_healed":0,"gold_gain":0,"player_choice":"Left Gold","damage_taken":0,"max_hp_gain":0,"max_hp_loss":0,"event_name":"World of Goop","floor":12,"gold_loss":30}],"is_beta":false,"boss_relics":[{"not_picked":["Tiny House","Runic Dome"],"picked":"Astrolabe"}],"items_purged_floors":[14],"is_endless":false,"potions_floor_spawned":[3,7,11,18],"killed_by":"3 Byrds","ascension_level":1}}