{"host":"gobyjzz6xbwq9f9i","time":1611633162,"event":{"mods":["AchievementEnabler","BaseMod","Bestiary","Colored Map","Minty Spire (QoL Compilation)"],"gold_per_floor":[119,32,107,119,84,84,112,112,112,31,48,78,78,96,96,197,197,217,217,167,177,187,187,207,207,253,287,305,337,337,372,372,469,469,480,480,500,440,9,37,37,37,37,53,78,90,120,134,134,134],"floor_reached":51,"language":"ENG","playtime":2420,"items_purged":["Strike_R"],"score":1255,"play_id":"f48f28bd-01f3-4cf3-8c4f-acecf778503d","local_time":"20210125195242","is_ascension_mode":true,"campfire_choices":[{"data":"Clothesline","floor":6.0,"key":"SMITH"},{"data":"Inflame","floor":8.0,"key":"SMITH"},{"data":"Twin Strike","floor":13.0,"key":"SMITH"},{"data":"Metallicize","floor":15.0,"key":"SMITH"},{"data":"Carnage","floor":23.0,"key":"SMITH"},{"data":"Strike_R","floor":25.0,"key":"PURGE"},{"data":"Immolate","floor":30.0,"key":"SMITH"},{"data":"Strike_R","floor":32.0,"key":"PURGE"},{"data":"Limit Break","floor":41,"key":"SMITH"},{"floor":49,"key":"REST"}],"circlet_count":0,"master_deck":["AscendersBane","Strike_R","Defend_R","Defend_R","Defend_R","Defend_R","Bash","Shrug It Off","Inflame+1","Headbutt","Clothesline+1","Carnage+1","Twin Strike+1","Pummel","Metallicize+1","Impervious","Shrug It Off","RitualDagger","Shrug It Off+1","Metallicize","Heavy Blade","Immolate+1","Exhume","Limit Break+1","Infernal Blade+1","Secret Weapon","Warcry+1","Limit Break+1","Pummel+1","Sword Boomerang+1","Impervious"],"relics":["Burning Blood","Peace Pipe","Happy Flower","FossilizedHelix","Eternal Feather","Sozu","Omamori","TungstenRod","The Courier","White Beast Statue","Philosopher\u0027s Stone","Membership Card","Bag of Marbles","Vajra","Charon\u0027s Ashes","Gremlin Horn","Calipers","Blood Vial","Bottled Flame"],"acts_visited":["Exordium","TheCity","TheBeyond"],"potions_floor_usage":[],"damage_taken":[{"damage":6.0,"enemies":"Small Slimes","floor":1.0,"turns":4.0},{"damage":6.0,"enemies":"Jaw Worm","floor":4.0,"turns":4.0},{"damage":24.0,"enemies":"Gremlin Nob","floor":7.0,"turns":4.0},{"damage":0.0,"enemies":"2 Louse","floor":11.0,"turns":2.0},{"damage":0.0,"enemies":"3 Sentries","floor":12.0,"turns":4.0},{"damage":0.0,"enemies":"Red Slaver","floor":14.0,"turns":2.0},{"damage":33.0,"enemies":"The Guardian","floor":16.0,"turns":11.0},{"damage":19.0,"enemies":"2 Thieves","floor":18.0,"turns":4.0},{"damage":0.0,"enemies":"3 Byrds","floor":21.0,"turns":5.0},{"damage":0.0,"enemies":"Snecko","floor":22.0,"turns":2.0},{"damage":11.0,"enemies":"Snake Plant","floor":24.0,"turns":7.0},{"damage":45.0,"enemies":"Slavers","floor":27.0,"turns":7.0},{"damage":0.0,"enemies":"Centurion and Healer","floor":28.0,"turns":7.0},{"damage":4.0,"enemies":"Gremlin Leader","floor":29.0,"turns":5.0},{"damage":15.0,"enemies":"Slavers","floor":31.0,"turns":9.0},{"damage":67.0,"enemies":"Collector","floor":33.0,"turns":12.0},{"damage":0.0,"enemies":"3 Shapes","floor":35.0,"turns":5.0},{"damage":10.0,"enemies":"3 Darklings","floor":37.0,"turns":5.0},{"damage":22,"enemies":"Nemesis","floor":40,"turns":9},{"damage":0,"enemies":"Jaw Worm Horde","floor":44,"turns":4},{"damage":0,"enemies":"Reptomancer","floor":45,"turns":4},{"damage":11,"enemies":"Spire Growth","floor":46,"turns":4},{"damage":43,"enemies":"Nemesis","floor":47,"turns":8},{"damage":0,"enemies":"Sphere and 2 Shapes","floor":48,"turns":1},{"damage":31,"enemies":"Donu and Deca","floor":50,"turns":5}],"seed_played":"-4284713942966409583","potions_obtained":[{"floor":1.0,"key":"PowerPotion"},{"floor":7.0,"key":"AttackPotion"},{"floor":14.0,"key":"Fruit Juice"}],"is_trial":false,"path_per_floor":["M","$","?","M","?","R","E","R","T","$","M","E","R","M","R","B",null,"M","?","?","M","M","R","M","R","T","E","M","E","R","E","R","B",null,"M","?","M","$","$","E","R","?","T","M","E","M","E","M","R","B",null],"character_chosen":"IRONCLAD","items_purchased":["Inflame","Headbutt","Carnage","Membership Card","Bag of Marbles","Vajra","Secret Weapon","Charon\u0027s Ashes"],"campfire_rested":1,"item_purchase_floors":[2,2,10,39,39,39,39,39],"current_hp_per_floor":[51,51,40,40,60,60,42,42,42,42,48,54,63,69,78,51,73,60,54,54,60,66,78,73,80,80,41,47,49,64,55,70,14,67,73,73,69,69,69,53,68,68,68,74,80,77,42,50,85,60],"gold":134,"neow_bonus":"ONE_RARE_RELIC","is_daily":false,"chose_seed":false,"campfire_upgraded":7,"win_rate":0.0,"timestamp":1611633162,"path_taken":["M","$","?","M","?","R","E","R","T","$","M","E","R","M","R","BOSS","M","?","?","M","M","R","M","R","T","E","?","E","R","E","R","BOSS","M","?","M","?","$","E","R","?","T","?","E","M","E","M","R","BOSS"],"items_purchased_type":["Card","Card","Card","Relic","Relic","Relic","Card","Relic"],"build_version":"2020-12-22","purchased_purges":1,"victory":true,"max_hp_per_floor":[80,80,80,80,80,80,80,80,80,80,80,80,80,80,80,80,80,80,80,80,80,80,80,80,80,80,80,80,80,80,80,80,85,85,85,85,85,85,85,85,85,85,85,85,85,85,85,85,85,85],"card_choices":[{"not_picked":["Shockwave","Armaments"],"picked":"Shrug It Off","floor":1.0},{"not_picked":["Shrug It Off","Perfected Strike"],"picked":"Clothesline","floor":4.0},{"not_picked":["Rupture","Rage","Juggernaut"],"picked":"SKIP","floor":7.0},{"not_picked":["Armaments","Rage"],"picked":"Twin Strike","floor":11.0},{"not_picked":["Sword Boomerang","Rampage"],"picked":"Pummel","floor":12.0},{"not_picked":["Sword Boomerang","Body Slam"],"picked":"Metallicize","floor":14.0},{"not_picked":["Berserk","Exhume"],"picked":"Impervious","floor":16.0},{"not_picked":["Bloodletting","Warcry"],"picked":"Shrug It Off","floor":18.0},{"not_picked":["Twin Strike","Flex"],"picked":"Shrug It Off+1","floor":21.0},{"not_picked":["Evolve+1","Sentinel+1","Twin Strike"],"picked":"SKIP","floor":22.0},{"not_picked":["Body Slam","Bloodletting"],"picked":"Metallicize","floor":24.0},{"not_picked":["Entrench","Infernal Blade"],"picked":"Heavy Blade","floor":27.0},{"not_picked":["Havoc","Pommel Strike"],"picked":"Immolate","floor":28.0},{"not_picked":["Clash","Iron Wave","Armaments"],"picked":"SKIP","floor":29.0},{"not_picked":["Iron Wave+1","Shrug It Off+1"],"picked":"Exhume","floor":31.0},{"not_picked":["Juggernaut","Offering"],"picked":"Limit Break","floor":33.0},{"not_picked":["Body Slam","Flex","Sword Boomerang"],"picked":"SKIP","floor":35.0},{"not_picked":["Searing Blow","Wild Strike"],"picked":"Infernal Blade+1","floor":37.0},{"not_picked":["Bloodletting+1","Armaments"],"picked":"Warcry+1","floor":40},{"not_picked":["Anger+1","Seeing Red","Rupture+1"],"picked":"SKIP","floor":44},{"not_picked":["Sentinel+1","Anger"],"picked":"Pummel+1","floor":45},{"not_picked":["Wild Strike","Body Slam"],"picked":"Sword Boomerang+1","floor":46},{"not_picked":["Evolve","Clash+1","Heavy Blade"],"picked":"SKIP","floor":47},{"not_picked":["Clash","True Grit+1"],"picked":"Impervious","floor":48}],"player_experience":1168898,"relics_obtained":[{"floor":7.0,"key":"Happy Flower"},{"floor":9.0,"key":"FossilizedHelix"},{"floor":12.0,"key":"Eternal Feather"},{"floor":26.0,"key":"Omamori"},{"floor":27.0,"key":"TungstenRod"},{"floor":29.0,"key":"The Courier"},{"floor":31.0,"key":"White Beast Statue"},{"floor":40,"key":"Gremlin Horn"},{"floor":43,"key":"Calipers"},{"floor":45,"key":"Blood Vial"},{"floor":47,"key":"Bottled Flame"}],"event_choices":[{"damage_healed":0.0,"max_hp_gain":0.0,"max_hp_loss":0.0,"gold_gain":75.0,"event_name":"World of Goop","player_choice":"Gather Gold","floor":3.0,"gold_loss":0.0,"damage_taken":11.0},{"damage_healed":20.0,"max_hp_gain":0.0,"max_hp_loss":0.0,"gold_gain":0.0,"event_name":"The Cleric","player_choice":"Healed","floor":5.0,"gold_loss":35.0,"damage_taken":0.0},{"damage_healed":0.0,"max_hp_gain":0.0,"max_hp_loss":0.0,"gold_gain":0.0,"event_name":"Nest","player_choice":"Joined the Cult","floor":19.0,"gold_loss":0.0,"damage_taken":6.0,"cards_obtained":["RitualDagger"]},{"damage_healed":0.0,"max_hp_gain":0.0,"max_hp_loss":0.0,"gold_gain":0.0,"event_name":"The Joust","player_choice":"Bet on Owner","floor":20.0,"gold_loss":50.0,"damage_taken":0.0},{"cards_removed":["Strike_R"],"damage_healed":0.0,"max_hp_gain":0.0,"max_hp_loss":0.0,"gold_gain":0.0,"event_name":"Purifier","player_choice":"Purged","floor":36.0,"gold_loss":0.0,"damage_taken":0.0},{"damage_healed":0,"gold_gain":0,"player_choice":"Copied","damage_taken":0,"max_hp_gain":0,"max_hp_loss":0,"event_name":"Duplicator","floor":42,"gold_loss":0,"cards_obtained":["Limit Break"]}],"is_beta":false,"boss_relics":[{"not_picked":["Ectoplasm","Tiny House"],"picked":"Sozu"},{"not_picked":["Black Star","Runic Dome"],"picked":"Philosopher\u0027s Stone"}],"items_purged_floors":[38],"is_endless":false,"potions_floor_spawned":[1,7,14,28,31,33,35,37,40,44,45,46,47,48],"ascension_level":10}}