{"host":"m4gb89kpcfic7v2a","time":1611693800,"event":{"mods":["BaseMod","BetterRewards","Minty Spire (QoL Compilation)","Replay The Spire","StSLib","The Animator"],"gold_per_floor":[113,132,142,142,173,204,204,216,216,216,216,250,261,291,291,387,387,405,425,436,436,436],"floor_reached":21,"language":"ENG","playtime":2808,"items_purged":[],"score":205,"play_id":"091085df-8064-4026-bbe2-f191c222e3f1","local_time":"20210126134320","is_ascension_mode":true,"campfire_choices":[{"floor":7,"key":"REST"},{"data":"animator:Tyuule","floor":15,"key":"SMITH"}],"circlet_count":0,"master_deck":["animator:Strike_GATE","animator:Defend_GATE","animator:Strike","animator:Strike","animator:Strike","animator:Defend","animator:Defend","animator:TukaLunaMarceau","animator:Kuribayashi","animator:TukaLunaMarceau","animator:Tyuule+1","animator:Bozes","animator:Yuuichirou","animator:Arpeggio","animator:ItamiYouji","animator:Kuribayashi","animator:Tyuule","animator:Tyuule"],"relics":["animator:LivingPicture","animator:TheMissingPiece","Onion Ring","Art of War","Lantern","Painkiller Herb"],"acts_visited":["Exordium","TheCity"],"potions_floor_usage":[6,6,12],"damage_taken":[{"damage":4,"enemies":"Jaw Worm","floor":1,"turns":7},{"damage":0,"enemies":"Cultist","floor":2,"turns":6},{"damage":0,"enemies":"2 Louse","floor":3,"turns":4},{"damage":19,"enemies":"2 Fungi Beasts","floor":5,"turns":6},{"damage":20,"enemies":"3 Sentries","floor":6,"turns":11},{"damage":3,"enemies":"Gremlin Gang","floor":8,"turns":5},{"damage":14,"enemies":"Lagavulin","floor":12,"turns":6},{"damage":3,"enemies":"Red Slaver","floor":13,"turns":5},{"damage":0,"enemies":"3 Louse","floor":14,"turns":2},{"damage":45,"enemies":"Hexaghost","floor":16,"turns":11},{"damage":10,"enemies":"Chosen","floor":18,"turns":2},{"damage":17,"enemies":"3 Byrds","floor":19,"turns":3},{"damage":40,"enemies":"Shelled Parasite and Fungi","floor":20,"turns":5},{"damage":8,"enemies":"Snake Plant","floor":21,"turns":2}],"seed_played":"9140260218970858899","potions_obtained":[{"floor":2,"key":"Milkshake"},{"floor":4,"key":"LifebloodPotion"},{"floor":4,"key":"ColorlessPotion"},{"floor":8,"key":"SkillPotion"},{"floor":13,"key":"Strength Potion"},{"floor":20,"key":"SteroidPotion"}],"is_trial":false,"path_per_floor":["M","M","M","?","M","E","R","M","T","?","?","E","M","M","R","B",null,"?","?","?","?"],"character_chosen":"THE_ANIMATOR","items_purchased":[],"campfire_rested":1,"item_purchase_floors":[],"current_hp_per_floor":[68,68,68,68,49,30,51,48,48,72,72,58,55,55,55,11,74,64,47,7,0,0],"gold":436,"neow_bonus":"TEN_PERCENT_HP_BONUS","is_daily":false,"chose_seed":false,"campfire_upgraded":1,"win_rate":0.0,"timestamp":1611693800,"path_taken":["M","M","M","?","?","E","R","M","T","?","?","E","M","M","R","BOSS","?","?","?","?"],"items_purchased_type":[],"build_version":"2020-12-22","purchased_purges":0,"victory":false,"max_hp_per_floor":[72,72,72,72,72,73,73,73,73,73,73,73,73,73,73,74,74,74,74,74,74,74],"card_choices":[{"not_picked":["animator:Verdia","animator:Sloth","animator:Mikaela"],"picked":"SKIP","floor":1},{"not_picked":["animator:Chris","animator:Kuribayashi"],"picked":"animator:TukaLunaMarceau","floor":2},{"not_picked":["animator:SilverFang","animator:Shinoa","animator:Verdia"],"picked":"SKIP","floor":3},{"not_picked":["animator:Kuribayashi","animator:YaoHaDucy"],"picked":"animator:Tyuule","floor":5},{"not_picked":["animator:Shinoa","animator:Azekura"],"picked":"animator:Bozes","floor":6},{"not_picked":["animator:Genos","animator:Melzalgald","animator:Konayuki"],"picked":"SKIP","floor":8},{"not_picked":["animator:Chris","animator:Vesta","animator:Shichika"],"picked":"SKIP","floor":12},{"not_picked":["animator:Chris","animator:Gluttony"],"picked":"animator:Arpeggio","floor":14},{"not_picked":["animator:Eris","animator:Greed"],"picked":"animator:ItamiYouji","floor":16},{"not_picked":["animator:Megumin","animator:Chris"],"picked":"animator:Kuribayashi","floor":18},{"not_picked":["animator:Konayuki","animator:Geryuganshoop"],"picked":"animator:Tyuule","floor":19},{"not_picked":["animator:TukaLunaMarceau","animator:LeleiLaLalena"],"picked":"animator:Tyuule","floor":20}],"player_experience":194018,"relics_obtained":[{"floor":6,"key":"Onion Ring"},{"floor":9,"key":"Art of War"},{"floor":12,"key":"Lantern"}],"event_choices":[{"damage_healed":0,"gold_gain":0,"player_choice":"Got Potions","damage_taken":0,"max_hp_gain":0,"max_hp_loss":0,"event_name":"Lab","floor":4,"gold_loss":0},{"damage_healed":24,"gold_gain":0,"player_choice":"Banana","damage_taken":0,"max_hp_gain":0,"max_hp_loss":0,"event_name":"Big Fish","floor":10,"gold_loss":0},{"damage_healed":0,"gold_gain":0,"cards_transformed":["animator:Defend"],"player_choice":"Transformed","damage_taken":0,"max_hp_gain":0,"max_hp_loss":0,"event_name":"Transmorgrifier","floor":11,"gold_loss":0,"cards_obtained":["animator:Yuuichirou"]}],"is_beta":false,"boss_relics":[{"not_picked":["Ring of Chaos","Mark of Pain"],"picked":"Painkiller Herb"}],"items_purged_floors":[],"is_endless":false,"potions_floor_spawned":[2,8,13,20],"killed_by":"Snake Plant","ascension_level":1}}