{"host":"f0gpob8hq9vgebej","time":1611656509,"event":{"mods":["AchievementEnabler","BaseMod","Minty Spire (QoL Compilation)","Quick Restart","SuperFastMode"],"gold_per_floor":[217,227,242,255,267,285,285,312,336,286,318,318,344,361,361,361,361],"floor_reached":16,"language":"KOR","playtime":0,"items_purged":[],"score":205,"play_id":"9ea2e49e-2f1b-4178-9719-cd38df17aa72","local_time":"20210126192149","is_ascension_mode":true,"campfire_choices":[{"data":"Inflame","floor":7.0,"key":"SMITH"},{"floor":12.0,"key":"REST"},{"floor":15.0,"key":"REST"}],"circlet_count":0,"master_deck":["AscendersBane","Strike_R","Strike_R","Strike_R","Strike_R","Strike_R","Defend_R","Defend_R","Defend_R","Defend_R","Bash","Pummel","Ghostly Armor","Shrug It Off","Inflame+1","Juggernaut","Sword Boomerang","Sword Boomerang","Battle Trance"],"relics":["Burning Blood","CaptainsWheel","Dream Catcher","Gambling Chip","PreservedInsect"],"acts_visited":["Exordium"],"potions_floor_usage":[16,16],"damage_taken":[{"damage":0.0,"enemies":"Small Slimes","floor":1.0,"turns":3.0},{"damage":0.0,"enemies":"2 Louse","floor":2.0,"turns":4.0},{"damage":6.0,"enemies":"Jaw Worm","floor":3.0,"turns":4.0},{"damage":6.0,"enemies":"2 Fungi Beasts","floor":4.0,"turns":5.0},{"damage":9.0,"enemies":"Looter","floor":5.0,"turns":4.0},{"damage":21.0,"enemies":"Exordium Wildlife","floor":6.0,"turns":6.0},{"damage":50.0,"enemies":"3 Sentries","floor":8.0,"turns":10.0},{"damage":16.0,"enemies":"Gremlin Nob","floor":11.0,"turns":3.0},{"damage":25.0,"enemies":"3 Sentries","floor":13.0,"turns":8.0},{"damage":4.0,"enemies":"3 Louse","floor":14.0,"turns":4.0},{"damage":22,"enemies":"Hexaghost","floor":16,"turns":9}],"seed_played":"7376404890671867772","potions_obtained":[{"floor":1.0,"key":"Energy Potion"},{"floor":6.0,"key":"Dexterity Potion"},{"floor":11.0,"key":"FearPotion"},{"floor":13.0,"key":"SpeedPotion"}],"is_trial":false,"path_per_floor":["M","M","M","M","M","M","R","E","T","?","E","R","E","M","R","B"],"character_chosen":"IRONCLAD","items_purchased":[],"campfire_rested":2,"item_purchase_floors":[],"current_hp_per_floor":[78,80,80,80,77,62,62,18,18,18,8,32,13,15,39,17,17],"gold":361,"neow_bonus":"HUNDRED_GOLD","is_daily":false,"chose_seed":false,"campfire_upgraded":1,"win_rate":0.0,"timestamp":1611656509,"path_taken":["M","M","M","M","M","M","R","E","T","?","E","R","E","M","R","BOSS"],"items_purchased_type":[],"build_version":"2020-12-22","purchased_purges":0,"victory":false,"max_hp_per_floor":[80,80,80,80,80,80,80,80,80,80,80,80,80,80,80,80,80],"card_choices":[{"not_picked":["Thunderclap","True Grit"],"picked":"Pummel","floor":1.0},{"not_picked":["Iron Wave","Combust"],"picked":"Ghostly Armor","floor":2.0},{"not_picked":["Entrench","Dark Embrace","Heavy Blade"],"picked":"SKIP","floor":3.0},{"not_picked":["Warcry","Thunderclap"],"picked":"Shrug It Off","floor":4.0},{"not_picked":["Armaments","Twin Strike"],"picked":"Inflame","floor":5.0},{"not_picked":["Bloodletting","Power Through"],"picked":"Juggernaut","floor":6.0},{"not_picked":["Reaper","Pommel Strike"],"picked":"Sword Boomerang","floor":8.0},{"not_picked":["Sever Soul","Hemokinesis","Headbutt"],"picked":"SKIP","floor":11.0},{"not_picked":["Warcry","Entrench"],"picked":"Sword Boomerang","floor":12.0},{"not_picked":["Bloodletting","Heavy Blade"],"picked":"Battle Trance","floor":13.0},{"not_picked":["Iron Wave","Intimidate","True Grit"],"picked":"SKIP","floor":14.0}],"player_experience":255780,"relics_obtained":[{"floor":8.0,"key":"CaptainsWheel"},{"floor":9.0,"key":"Dream Catcher"},{"floor":11.0,"key":"Gambling Chip"},{"floor":13.0,"key":"PreservedInsect"}],"event_choices":[{"damage_healed":0.0,"max_hp_gain":0.0,"max_hp_loss":0.0,"gold_gain":0.0,"event_name":"World of Goop","player_choice":"Left Gold","floor":10.0,"gold_loss":50.0,"damage_taken":0.0}],"is_beta":false,"boss_relics":[],"items_purged_floors":[],"is_endless":false,"potions_floor_spawned":[1,6,11,13,14],"killed_by":"Hexaghost","ascension_level":13}}