{"host":"h4qgcirtxz6qax9j","time":1611682952,"event":{"mods":["2.2 Compatiblity","AchievementEnabler","BaseMod","Colored Powertips","Custom Start","Hermit","Marisa£¨Ùöéë¡¡Øª×âÞÞ£©","Minty Spire (QoL Compilation)","Replay The Spire","StSLib","SuperFastMode","The Servant 0.9.4"],"gold_per_floor":[110,76,76,89,89,89,115,115,115,142,94,94,118,118,118,216,216,236,236,106,121,132,167,167,167,167,181,181,195,195,195,195,293,293,307,318,336,353,96,96,143,143,143,116,132,132,145,165,165,165],"floor_reached":51,"language":"KOR","playtime":1451,"items_purged":[],"score":968,"play_id":"b2c0cb52-b69c-4c67-91cc-0fecbc5f9da4","local_time":"20210127024232","is_ascension_mode":false,"campfire_choices":[{"data":"EnergyFlow","floor":6.0,"key":"SMITH"},{"data":"DeepEcoloBomb","floor":8.0,"key":"SMITH"},{"floor":15.0,"key":"REST"},{"data":"FinalSpark","floor":24.0,"key":"SMITH"},{"data":"DoubleSpark","floor":28.0,"key":"SMITH"},{"data":"OortCloud","floor":30.0,"key":"SMITH"},{"floor":32.0,"key":"DIG"},{"floor":40.0,"key":"REST"},{"floor":42.0,"key":"REST"},{"floor":46.0,"key":"REST"},{"floor":49.0,"key":"REST"}],"circlet_count":0,"master_deck":["Strike_MRS","Strike_MRS","Strike_MRS","Strike_MRS","Defend_MRS","Defend_MRS","Defend_MRS","Defend_MRS","MasterSpark","UpSweep","Sickly","Normality","EnergyFlow+1","DeepEcoloBomb+1","DoubleSpark","DragonMeteor","DoubleSpark","FinalSpark+1","AbeCurse","OortCloud+1","DoubleSpark","StarlightTyphoon","UltimateShortwave","DoubleSpark+1","UltimateShortwave","RefractionSpark+1","MachineGunSpark","DoubleSpark","MaximisePower"],"relics":["BewitchedHakkero","Honey Jar","FossilizedHelix","Bird Faced Urn","Ornamental Fan","Akabeko","Garlic","ReplayTheSpireMod:Lightbulb","Abe\u0027s Treasure","Frozen Egg 2","Tiny Chest","Pear","Vajra","AmplifyWand","Blood Vial","Onion Ring"],"acts_visited":["Exordium","TheCity","TheBeyond"],"potions_floor_usage":[50,50,50,50],"damage_taken":[{"damage":0.0,"enemies":"Cultist","floor":1.0,"turns":3.0},{"damage":0.0,"enemies":"2 Louse","floor":4.0,"turns":3.0},{"damage":18.0,"enemies":"3 Sentries","floor":7.0,"turns":6.0},{"damage":7.0,"enemies":"Hexaghost","floor":16.0,"turns":9.0},{"damage":0.0,"enemies":"3 Byrds","floor":18.0,"turns":3.0},{"damage":0.0,"enemies":"Spheric Guardian","floor":21.0,"turns":3.0},{"damage":0.0,"enemies":"Centurion and Healer","floor":22.0,"turns":2.0},{"damage":0.0,"enemies":"Gremlin Leader","floor":23.0,"turns":4.0},{"damage":0.0,"enemies":"Snecko","floor":27.0,"turns":3.0},{"damage":0.0,"enemies":"Shelled Parasite and Fungi","floor":29.0,"turns":2.0},{"damage":5.0,"enemies":"Pondfish","floor":33.0,"turns":7.0},{"damage":0.0,"enemies":"3 Shapes","floor":35.0,"turns":3.0},{"damage":0.0,"enemies":"3 Darklings","floor":36.0,"turns":2.0},{"damage":8.0,"enemies":"4 Shapes","floor":37.0,"turns":3.0},{"damage":36.0,"enemies":"Writhing Mass","floor":38.0,"turns":6.0},{"damage":47.0,"enemies":"R_Hoarder","floor":41.0,"turns":6.0},{"damage":0.0,"enemies":"Sphere and 2 Shapes","floor":45.0,"turns":3.0},{"damage":23.0,"enemies":"3 Darklings","floor":47.0,"turns":5.0},{"damage":37.0,"enemies":"4 Shapes","floor":48.0,"turns":4.0},{"damage":59,"enemies":"Awakened One","floor":50,"turns":8}],"seed_played":"5675467396239880750","potions_obtained":[{"floor":4.0,"key":"ColorlessPotion"},{"floor":7.0,"key":"PowerPotion"},{"floor":21.0,"key":"EssenceOfSteel"},{"floor":23.0,"key":"LiquidBronze"},{"floor":27.0,"key":"BlessingOfTheForge"},{"floor":47.0,"key":"Strength Potion"},{"floor":48.0,"key":"GamblersBrew"}],"is_trial":false,"path_per_floor":["M","$","T","M","?","R","E","R","T","T","$","?","T","$","R","B",null,"M","T","$","M","M","E","R","?","T","M","R","M","R","?","R","B",null,"M","M","M","M","$","R","E","R","T","$","M","R","M","M","R","B",null],"character_chosen":"MARISA","items_purchased":["DeepEcoloBomb","DoubleSpark","DoubleSpark","StarlightTyphoon","AmplifyWand","DoubleSpark"],"campfire_rested":5,"item_purchase_floors":[2,11,20,20,39,44],"current_hp_per_floor":[75,75,75,75,75,75,57,57,57,57,57,45,45,45,67,62,75,75,75,75,75,75,75,75,75,85,85,85,85,85,85,85,82,85,85,85,79,47,47,72,29,54,54,54,56,81,62,31,56,3],"gold":165,"neow_bonus":"CURSED_BOSS_RELIC","is_daily":false,"chose_seed":false,"campfire_upgraded":5,"win_rate":0.0,"timestamp":1611682952,"path_taken":["M","$","?","?","?","R","E","R","T","?","$","?","?","?","R","BOSS","M","?","$","?","M","E","R","?","T","M","R","M","R","?","R","BOSS","M","M","M","M","$","R","E","R","T","$","M","R","M","M","R","BOSS"],"items_purchased_type":["Card","Card","Card","Card","Relic","Card"],"build_version":"2020-12-22","purchased_purges":0,"victory":true,"max_hp_per_floor":[75,75,75,75,75,75,75,75,75,75,75,75,75,75,75,75,75,75,75,75,75,75,75,75,75,85,85,85,85,85,85,85,85,85,85,85,85,85,85,85,85,85,85,85,85,85,85,85,85,85],"card_choices":[{"not_picked":["MysteriousBeam","WitchLeyline","Singularity"],"picked":"EnergyFlow","floor":1.0},{"not_picked":["GasGiant","GravityBeat","UnstableBomb"],"picked":"DoubleSpark","floor":4.0},{"not_picked":["ShootTheMoon","WitchOfGreed","GravityBeat"],"picked":"DragonMeteor","floor":7.0},{"not_picked":["BlazingStar","EscapeVelocity","BigCrunch"],"picked":"FinalSpark","floor":16.0},{"not_picked":["SporeBomb","MilkyWay","AsteroidBelt+1"],"picked":"OortCloud","floor":18.0},{"not_picked":["DC+1","ShootingEcho+1","AsteroidBelt","MilkyWay"],"picked":"SKIP","floor":21.0},{"not_picked":["Occultation","GalacticHalo","MeteoricShower"],"picked":"UltimateShortwave","floor":22.0},{"not_picked":["Orbital+1","ManaRampage","PulseMagic","OortCloud+1"],"picked":"SKIP","floor":23.0},{"not_picked":["DC","LuminesStrike","AsteroidBelt"],"picked":"DoubleSpark","floor":27.0},{"not_picked":["ChargingUp","SprinkleStarSeal","ManaConvection","Orbital"],"picked":"SKIP","floor":29.0},{"not_picked":["CasketOfStar+1","StarDustReverie","EscapeVelocity+1"],"picked":"UltimateShortwave","floor":33.0},{"not_picked":["ShootingEcho+1","GalacticHalo+1","LuminesStrike","GrandCross"],"picked":"SKIP","floor":35.0},{"not_picked":["PulseMagic+1","GalacticHalo","Occultation+1"],"picked":"RefractionSpark+1","floor":36.0},{"not_picked":["EventHorizon+1","GravityBeat","Orbital","AlicesGift"],"picked":"SKIP","floor":37.0},{"not_picked":["ShootingEcho","AsteroidBelt","GravityBeat+1","Acceleration+1"],"picked":"SKIP","floor":38.0},{"not_picked":["WitchLeyline+1","Acceleration+1","DarkMatter+1"],"picked":"MachineGunSpark","floor":41.0},{"not_picked":["NonDirectionalLaser","GalacticHalo","WitchLeyline+1","6A+1"],"picked":"SKIP","floor":45.0},{"not_picked":["DeepEcoloBomb","WitchOfGreed+1","GalacticHalo+1","ManaConvection+1"],"picked":"SKIP","floor":47.0},{"not_picked":["GravityBeat+1","MysteriousBeam","MilkyWay+1"],"picked":"MaximisePower","floor":48.0}],"player_experience":109416,"relics_obtained":[{"floor":3.0,"key":"FossilizedHelix"},{"floor":7.0,"key":"Bird Faced Urn"},{"floor":9.0,"key":"Ornamental Fan"},{"floor":10.0,"key":"Akabeko"},{"floor":13.0,"key":"ReplayTheSpireMod:Lightbulb"},{"floor":19.0,"key":"Frozen Egg 2"},{"floor":23.0,"key":"Tiny Chest"},{"floor":26.0,"key":"Pear"},{"floor":32.0,"key":"Vajra"},{"floor":41.0,"key":"Blood Vial"},{"floor":43.0,"key":"Onion Ring"}],"event_choices":[{"damage_healed":0.0,"max_hp_gain":0.0,"max_hp_loss":0.0,"gold_gain":0.0,"event_name":"Liars Game","player_choice":"Ignored","floor":5.0,"gold_loss":0.0,"damage_taken":0.0},{"damage_healed":0.0,"max_hp_gain":0.0,"max_hp_loss":0.0,"gold_gain":0.0,"event_name":"Scrap Ooze","player_choice":"Success","floor":12.0,"gold_loss":0.0,"damage_taken":12.0,"relics_obtained":["Garlic"]},{"damage_healed":0.0,"max_hp_gain":0.0,"max_hp_loss":0.0,"gold_gain":0.0,"event_name":"Beggar","player_choice":"Ignored","floor":31.0,"gold_loss":0.0,"damage_taken":0.0}],"is_beta":false,"boss_relics":[{"not_picked":["Replay:Wanted Poster","ReplayTheSpireMod:DimensionalGlitch"],"picked":"Abe\u0027s Treasure"},{"not_picked":["Sozu","RampagingMagicTools"],"picked":"BewitchedHakkero"}],"items_purged_floors":[],"is_endless":false,"potions_floor_spawned":[4,7,21,23,27,33,35,36,47,48],"ascension_level":0}}