{"host":"2fgwwnzqc97k7iys","time":1611625820,"event":{"mods":["BaseMod","Colored Map","Minty Spire (QoL Compilation)","Quick Restart","Relic Stats"],"gold_per_floor":[119,137,150,161,34,34,65,65,110,123,141,141,152,167,167,167,167],"floor_reached":16,"language":"ENG","playtime":901,"items_purged":["Strike_R"],"score":154,"play_id":"f12545fe-d796-4a91-86ce-5a5a4092076b","local_time":"20210125195020","is_ascension_mode":true,"campfire_choices":[{"data":"True Grit","floor":6,"key":"SMITH"},{"data":"Bash","floor":8,"key":"SMITH"},{"data":"Flex","floor":12,"key":"SMITH"},{"floor":15,"key":"REST"}],"circlet_count":0,"master_deck":["Strike_R","Strike_R","Strike_R","Strike_R","Defend_R","Defend_R","Defend_R","Defend_R","Bash+1","Ghostly Armor","Pummel","Pummel","Sword Boomerang","True Grit+1","Flex+1","Flex","Shrug It Off"],"relics":["Burning Blood","NeowsBlessing","Shuriken"],"acts_visited":["Exordium"],"potions_floor_usage":[7,14],"damage_taken":[{"damage":0,"enemies":"Cultist","floor":1,"turns":1},{"damage":0,"enemies":"2 Louse","floor":2,"turns":1},{"damage":0,"enemies":"Jaw Worm","floor":3,"turns":1},{"damage":5,"enemies":"3 Louse","floor":4,"turns":4},{"damage":21,"enemies":"3 Sentries","floor":7,"turns":6},{"damage":45,"enemies":"Gremlin Gang","floor":10,"turns":15},{"damage":11,"enemies":"Large Slime","floor":11,"turns":6},{"damage":2,"enemies":"2 Fungi Beasts","floor":13,"turns":3},{"damage":21,"enemies":"Gremlin Gang","floor":14,"turns":4},{"damage":10,"enemies":"Slime Boss","floor":16,"turns":5}],"seed_played":"-8886355137091840636","potions_obtained":[{"floor":1,"key":"PowerPotion"},{"floor":10,"key":"Weak Potion"},{"floor":11,"key":"FearPotion"}],"is_trial":false,"path_per_floor":["M","M","M","M","$","R","E","R","T","M","M","R","M","M","R","B"],"character_chosen":"IRONCLAD","items_purchased":["True Grit"],"campfire_rested":1,"item_purchase_floors":[5],"current_hp_per_floor":[78,80,80,80,80,80,65,65,65,26,21,21,25,10,34,24,24],"gold":167,"neow_bonus":"THREE_ENEMY_KILL","is_daily":false,"chose_seed":false,"campfire_upgraded":3,"win_rate":0.0,"timestamp":1611625820,"path_taken":["M","M","M","M","?","R","E","R","T","M","M","R","M","M","R","BOSS"],"items_purchased_type":["Card"],"build_version":"2020-12-22","purchased_purges":1,"victory":false,"max_hp_per_floor":[80,80,80,80,80,80,80,80,80,80,80,80,80,80,80,80,80],"relic_stats":{"counters":[10,46],"Shuriken":[4],"obtain_stats":[{"NeowsBlessing":0,"Shuriken":7,"Burning Blood":0},{"NeowsBlessing":0,"Shuriken":5,"Burning Blood":0},{"NeowsBlessing":0,"Shuriken":13,"Burning Blood":0}],"Burning Blood":43},"card_choices":[{"not_picked":["True Grit","Heavy Blade"],"picked":"Ghostly Armor","floor":1},{"not_picked":["Inflame","Sword Boomerang"],"picked":"Pummel","floor":2},{"not_picked":["Warcry","Heavy Blade"],"picked":"Pummel","floor":3},{"not_picked":["Headbutt","Clash"],"picked":"Sword Boomerang","floor":4},{"not_picked":["Bludgeon","Thunderclap","Metallicize"],"picked":"SKIP","floor":7},{"not_picked":["Iron Wave","Body Slam","Hemokinesis"],"picked":"SKIP","floor":10},{"not_picked":["Entrench","Whirlwind"],"picked":"Flex","floor":11},{"not_picked":["Perfected Strike","True Grit"],"picked":"Flex","floor":13},{"not_picked":["Sword Boomerang","Clash"],"picked":"Shrug It Off","floor":14}],"player_experience":501876,"relics_obtained":[{"floor":7,"key":"Shuriken"}],"event_choices":[],"is_beta":false,"boss_relics":[],"items_purged_floors":[5],"is_endless":false,"potions_floor_spawned":[1,10,11],"killed_by":"Slime Boss","ascension_level":9}}