{"host":"aj7el8l5kufbk20z","time":1611632789,"event":{"mods":["AchievementEnabler","BaseMod","Colored Map","Colored Powertips","Curses Come First","Highlight Path","Minty Spire (QoL Compilation)","Permanent Neow","Poor People Problems","Quick Restart","Rare Cards Sparkle","Relic Stats","StSLib","SuperFastMode","Waifu the Spire"],"gold_per_floor":[115,127,127,52,52,52,67,67,67,67,85,105,270,286,286,437,437,460,460,485,360,378,378,392,392,442,442,462,462,218,236,236,327,327,345,363,107,127,127,127,170,170,170,100,114,114,132,132,132,132],"floor_reached":51,"language":"ZHS","playtime":4020,"items_purged":["Injury","Strike_R","Strike_R"],"score":1302,"play_id":"a9ec4973-c399-4e4d-aabb-0c8f0f25041a","local_time":"20210126114629","is_ascension_mode":true,"campfire_choices":[{"data":"Dark Embrace","floor":6.0,"key":"SMITH"},{"data":"Armaments","floor":8.0,"key":"SMITH"},{"data":"Entrench","floor":10.0,"key":"SMITH"},{"data":"Shockwave","floor":15.0,"key":"SMITH"},{"data":"Corruption","floor":23.0,"key":"SMITH"},{"data":"Fire Breathing","floor":29.0,"key":"SMITH"},{"data":"Feel No Pain","floor":32.0,"key":"SMITH"},{"data":"Juggernaut","floor":40.0,"key":"SMITH"},{"data":"Fire Breathing","floor":42.0,"key":"SMITH"},{"data":"Feel No Pain","floor":46.0,"key":"SMITH"},{"data":"Metallicize","floor":49.0,"key":"SMITH"}],"circlet_count":0,"master_deck":["AscendersBane","Strike_R","Defend_R","Defend_R","Defend_R","Defend_R","Dark Embrace+1","Entrench+1","Armaments+1","Shrug It Off","Shockwave+1","Corruption+1","Fire Breathing+1","Feel No Pain+1","Flex","Shrug It Off","Flex","Shockwave","Entrench","Seeing Red","Exhume","Juggernaut+1","Iron Wave","Spot Weakness","Fire Breathing+1","Sever Soul","Feel No Pain+1","Metallicize+1"],"relics":["Burning Blood","FossilizedHelix","Golden Idol","MealTicket","Dead Branch","Runic Pyramid","Centennial Puzzle","Bottled Tornado","SlaversCollar","Shuriken","Mummified Hand","Thread and Needle"],"acts_visited":["Exordium","TheCity","TheBeyond"],"potions_floor_usage":[50],"damage_taken":[{"damage":0.0,"enemies":"Jaw Worm","floor":1.0,"turns":3.0},{"damage":8.0,"enemies":"2 Louse","floor":2.0,"turns":3.0},{"damage":12.0,"enemies":"Cultist","floor":7.0,"turns":6.0},{"damage":13.0,"enemies":"3 Louse","floor":11.0,"turns":6.0},{"damage":0.0,"enemies":"2 Fungi Beasts","floor":12.0,"turns":8.0},{"damage":0.0,"enemies":"Red Slaver","floor":14.0,"turns":9.0},{"damage":27.0,"enemies":"Slime Boss","floor":16.0,"turns":22.0},{"damage":0.0,"enemies":"Chosen","floor":18.0,"turns":5.0},{"damage":0.0,"enemies":"3 Byrds","floor":20.0,"turns":5.0},{"damage":0.0,"enemies":"Centurion and Healer","floor":22.0,"turns":7.0},{"damage":2.0,"enemies":"Snecko","floor":24.0,"turns":5.0},{"damage":0.0,"enemies":"Snake Plant","floor":28.0,"turns":6.0},{"damage":1.0,"enemies":"Cultist and Chosen","floor":31.0,"turns":5.0},{"damage":21.0,"enemies":"Champ","floor":33.0,"turns":11.0},{"damage":0.0,"enemies":"3 Shapes","floor":35.0,"turns":6.0},{"damage":0.0,"enemies":"3 Darklings","floor":36.0,"turns":3.0},{"damage":7.0,"enemies":"Spire Growth","floor":38.0,"turns":5.0},{"damage":0.0,"enemies":"Nemesis","floor":41.0,"turns":5.0},{"damage":0.0,"enemies":"Maw","floor":45.0,"turns":8.0},{"damage":0.0,"enemies":"4 Shapes","floor":47.0,"turns":3.0},{"damage":0,"enemies":"Time Eater","floor":50,"turns":8}],"seed_played":"5336201545234820532","potions_obtained":[{"floor":1.0,"key":"ColorlessPotion"},{"floor":11.0,"key":"SpeedPotion"},{"floor":24.0,"key":"Swift Potion"},{"floor":28.0,"key":"BloodPotion"}],"is_trial":false,"path_per_floor":["M","M","?","$","?","R","M","R","T","R","M","M","$","M","R","B",null,"M","?","M","$","M","R","M","?","T","$","M","R","$","M","R","B",null,"M","M","$","M","?","R","E","R","T","$","M","R","M","$","R","B",null],"character_chosen":"IRONCLAD","items_purchased":["Dead Branch","Bottled Tornado","Shuriken","Sever Soul"],"campfire_rested":0,"item_purchase_floors":[13,30,37,44],"current_hp_per_floor":[68,66,66,66,59,59,53,53,53,53,46,52,67,68,68,47,63,68,68,68,68,68,68,68,68,68,68,68,68,68,68,68,53,64,68,68,68,67,63,63,68,68,68,68,68,68,68,68,68,68],"gold":132,"neow_bonus":"ONE_RARE_RELIC","is_daily":false,"chose_seed":false,"campfire_upgraded":11,"win_rate":0.0,"timestamp":1611632789,"path_taken":["M","M","?","$","?","R","M","R","T","R","M","M","$","M","R","BOSS","M","?","M","$","M","R","M","?","T","$","M","R","$","M","R","BOSS","M","M","$","M","?","R","E","R","T","$","?","R","M","$","R","BOSS"],"items_purchased_type":["Relic","Relic","Relic","Card"],"build_version":"2020-12-22","purchased_purges":3,"victory":true,"max_hp_per_floor":[68,68,68,68,68,68,68,68,68,68,68,68,68,68,68,68,68,68,68,68,68,68,68,68,68,68,68,68,68,68,68,68,68,68,68,68,68,68,68,68,68,68,68,68,68,68,68,68,68,68],"relic_stats":{"Centennial Puzzle":[6],"counters":[21,139],"Golden Idol":123,"Shuriken":[2],"Mummified Hand":[30],"Dead Branch":[246],"MealTicket":15,"obtain_stats":[{"SlaversCollar":34,"Centennial Puzzle":26,"Golden Idol":3,"Shuriken":37,"Mummified Hand":41,"Dead Branch":13,"MealTicket":9,"Thread and Needle":43,"Bottled Tornado":30,"Burning Blood":0,"FossilizedHelix":0,"Runic Pyramid":17},{"SlaversCollar":14,"Centennial Puzzle":11,"Golden Idol":2,"Shuriken":16,"Mummified Hand":18,"Dead Branch":5,"MealTicket":3,"Thread and Needle":18,"Bottled Tornado":12,"Burning Blood":0,"FossilizedHelix":0,"Runic Pyramid":7},{"SlaversCollar":101,"Centennial Puzzle":79,"Golden Idol":6,"Shuriken":110,"Mummified Hand":120,"Dead Branch":26,"MealTicket":12,"Thread and Needle":120,"Bottled Tornado":85,"Burning Blood":0,"FossilizedHelix":0,"Runic Pyramid":57}],"Burning Blood":60},"card_choices":[{"not_picked":["Pommel Strike","Sword Boomerang"],"picked":"Dark Embrace","floor":1.0},{"not_picked":["Perfected Strike","Dropkick"],"picked":"Entrench","floor":2.0},{"not_picked":["Battle Trance","Flex"],"picked":"Armaments","floor":7.0},{"not_picked":["Cleave","Pommel Strike"],"picked":"Shrug It Off","floor":11.0},{"not_picked":["Clothesline","Second Wind","Blood for Blood"],"picked":"SKIP","floor":12.0},{"not_picked":["Havoc","Combust"],"picked":"Shockwave","floor":14.0},{"not_picked":["Exhume","Immolate"],"picked":"Corruption","floor":16.0},{"not_picked":["Warcry","Sever Soul"],"picked":"Fire Breathing","floor":18.0},{"not_picked":["Headbutt","Whirlwind"],"picked":"Flex","floor":20.0},{"not_picked":["Rupture","Inflame"],"picked":"Shrug It Off","floor":22.0},{"not_picked":["Thunderclap","Dropkick"],"picked":"Flex","floor":24.0},{"not_picked":["Perfected Strike","Power Through"],"picked":"Seeing Red","floor":28.0},{"not_picked":["Warcry","Burning Pact"],"picked":"Exhume","floor":31.0},{"not_picked":["Berserk","Double Tap"],"picked":"Juggernaut","floor":33.0},{"not_picked":["Body Slam","Armaments"],"picked":"Iron Wave","floor":35.0},{"not_picked":["Rupture","Clothesline","Wild Strike"],"picked":"SKIP","floor":36.0},{"not_picked":["Twin Strike","Wild Strike"],"picked":"Spot Weakness","floor":38.0},{"not_picked":["Wild Strike","Clash"],"picked":"Fire Breathing","floor":41.0},{"not_picked":["Anger+1","Wild Strike"],"picked":"Feel No Pain","floor":45.0},{"not_picked":["Power Through","Twin Strike"],"picked":"Metallicize","floor":47.0}],"player_experience":388364,"relics_obtained":[{"floor":9.0,"key":"MealTicket"},{"floor":26.0,"key":"Centennial Puzzle"},{"floor":41.0,"key":"Mummified Hand"},{"floor":43.0,"key":"Thread and Needle"}],"event_choices":[{"damage_healed":0.0,"max_hp_gain":0.0,"max_hp_loss":0.0,"gold_gain":0.0,"event_name":"Golden Idol","player_choice":"Take Wound","floor":3.0,"gold_loss":0.0,"damage_taken":0.0,"relics_obtained":["Golden Idol"],"cards_obtained":["Injury"]},{"cards_removed":["Strike_R"],"damage_healed":0.0,"max_hp_gain":0.0,"max_hp_loss":0.0,"gold_gain":0.0,"event_name":"Golden Wing","player_choice":"Card Removal","floor":5.0,"gold_loss":0.0,"damage_taken":7.0},{"damage_healed":0.0,"max_hp_gain":0.0,"max_hp_loss":0.0,"gold_gain":0.0,"event_name":"The Library","player_choice":"Read","floor":19.0,"gold_loss":0.0,"damage_taken":0.0,"cards_obtained":["Feel No Pain"]},{"damage_healed":0.0,"max_hp_gain":0.0,"max_hp_loss":0.0,"gold_gain":0.0,"cards_transformed":["Strike_R","Bash"],"event_name":"Drug Dealer","player_choice":"Became Test Subject","floor":25.0,"gold_loss":0.0,"damage_taken":0.0,"cards_obtained":["Shockwave","Entrench"]},{"damage_healed":0.0,"max_hp_gain":0.0,"max_hp_loss":0.0,"gold_gain":0.0,"event_name":"The Woman in Blue","player_choice":"Bought 0 Potions","floor":39.0,"gold_loss":0.0,"damage_taken":0.0}],"is_beta":false,"boss_relics":[{"not_picked":["Astrolabe","Black Star"],"picked":"Runic Pyramid"},{"not_picked":["SacredBark","Cursed Key"],"picked":"SlaversCollar"}],"items_purged_floors":[4,13,21],"is_endless":false,"potions_floor_spawned":[1,11,24,28,31,38,47],"ascension_level":15}}