{"host":"vhvubw4jk4f204qs","time":1611675595,"event":{"mods":["AchievementEnabler","BaseMod","DeckTracker","GifTheSpireLib","Minty Spire (QoL Compilation)","Permanent Neow","Quick Restart","StSLib","SuperFastMode","The IronCluck","slay the spire mod where everything is the same but ironclad has a cowboy hat"],"gold_per_floor":[109,67,81,81,101,101,132,144,207,219,219],"floor_reached":10,"language":"ENG","playtime":398,"items_purged":[],"score":182,"play_id":"a2dec2da-1936-4074-8ddb-fe8a05fa3991","local_time":"20210126103955","is_ascension_mode":true,"campfire_choices":[{"data":"Concentrate","floor":6,"key":"SMITH"},{"data":"Eviscerate","floor":8,"key":"SMITH"}],"circlet_count":0,"master_deck":["AscendersBane","Strike_G","Strike_G","Strike_G","Strike_G","Defend_G","Defend_G","Defend_G","Defend_G","Defend_G","Survivor","Neutralize","Acrobatics","All Out Attack","Concentrate+1","Eviscerate+1","Adrenaline"],"relics":["HoveringKite","MawBank","Art of War"],"acts_visited":["Exordium"],"potions_floor_usage":[7,7,10],"damage_taken":[{"damage":1,"enemies":"2 Louse","floor":1,"turns":4},{"damage":1,"enemies":"Cultist","floor":3,"turns":4},{"damage":2,"enemies":"Jaw Worm","floor":5,"turns":5},{"damage":0,"enemies":"Gremlin Nob","floor":7,"turns":3},{"damage":42,"enemies":"Lagavulin","floor":10,"turns":6}],"seed_played":"5496452494146466391","potions_obtained":[{"floor":3,"key":"FearPotion"},{"floor":5,"key":"LiquidMemories"},{"floor":7,"key":"Swift Potion"}],"is_trial":false,"path_per_floor":["M","$","M","?","M","R","E","R","T","E"],"character_chosen":"THE_SILENT","items_purchased":["All Out Attack"],"campfire_rested":0,"item_purchase_floors":[2],"current_hp_per_floor":[58,58,57,50,48,48,48,48,48,6,6],"gold":219,"neow_bonus":"BOSS_RELIC","is_daily":false,"chose_seed":false,"campfire_upgraded":2,"win_rate":0.0,"timestamp":1611675595,"path_taken":["M","$","M","?","M","R","E","R","T","E"],"items_purchased_type":["Card"],"build_version":"2020-12-22","purchased_purges":0,"victory":false,"max_hp_per_floor":[66,66,66,66,66,66,66,66,66,66,66],"card_choices":[{"not_picked":["Bane","Deadly Poison"],"picked":"Acrobatics","floor":1},{"not_picked":["Heel Hook","Flying Knee"],"picked":"Concentrate","floor":3},{"not_picked":["Prepared","Slice"],"picked":"Eviscerate","floor":5},{"not_picked":["Eviscerate","Expertise"],"picked":"Adrenaline","floor":7}],"player_experience":967973,"relics_obtained":[{"floor":7,"key":"MawBank"},{"floor":9,"key":"Art of War"}],"event_choices":[{"cards_removed":["Strike_G"],"damage_healed":0,"gold_gain":0,"player_choice":"Card Removal","damage_taken":7,"max_hp_gain":0,"max_hp_loss":0,"event_name":"Golden Wing","floor":4,"gold_loss":0}],"is_beta":false,"boss_relics":[],"items_purged_floors":[],"is_endless":false,"potions_floor_spawned":[3,5,7],"killed_by":"Lagavulin","ascension_level":20}}