{"host":"hcgx0xuxlgmwc1io","time":1611634814,"event":{"mods":["BaseMod","Downfall","Minty Spire (QoL Compilation)","StSLib","The Cursed"],"gold_per_floor":[399,414,414,429,429,459,459,474,474,504,404,419,434,434,449,549,549,549,572,595,595,595,595,595,595,625,647,33,33,133,163,178,278,328,228,243,243,258,273,139,139,154,184,199,199,214,314,329,344,344],"floor_reached":51,"language":"ENG","playtime":4183,"items_purged":["Pain"],"score":881,"play_id":"2c28bbef-fc58-4e29-9815-94423d00f558","local_time":"20210126012014","daily_mods":["Heirloom","Purple Cards","Elite Swarm"],"is_ascension_mode":false,"campfire_choices":[{"floor":1,"key":"RECALL"},{"floor":9,"key":"REST"},{"data":"Devotion","floor":11,"key":"SMITH"},{"data":"hexamod:ForkedFlame","floor":18,"key":"SMITH"},{"floor":23,"key":"REST"},{"floor":25,"key":"REST"},{"data":"expansioncontent:DashGenerateEvil","floor":35,"key":"SMITH"},{"floor":45,"key":"REST"}],"circlet_count":0,"master_deck":["hexamod:Strike+1","hexamod:Strike+1","hexamod:Strike+1","hexamod:Strike","hexamod:Defend+1","hexamod:Defend+1","hexamod:Defend+1","hexamod:Defend+1","hexamod:Sear+1","hexamod:Float+1","hexamod:FastForward+1","hexamod:FastForward+1","hexamod:HeatMetal+1","Protect+1","Devotion+1","hexamod:SpectralAdrenaline+1","hexamod:ShieldOfDarkness+1","FollowUp","hexamod:ForkedFlame+1","hexamod:SuperheatedStrike+1","Vault+1","Devotion+1","hexamod:SixthSeal","hexamod:RetreatToShadows","hexamod:RadiantFlame+1","Finesse+1","expansioncontent:DashGenerateEvil+1","hexamod:ApocalypseNow+1","hexamod:Hexaguard+1","hexamod:EmpoweredFlame+1","hexamod:VolcanoVisage","WheelKick","hexamod:RainOfEmbers+1","hexamod:RetreatToShadows+1","Protect+1","hexamod:InspiringFlames+1","hexamod:RadiantFlame","Study","Establishment","hexamod:RetreatToShadows+1","hexamod:FlamesFromBeyond+1","hexamod:NightmareGuise+1","hexamod:ApocalypticArmor","WindmillStrike","hexamod:GhostflameInferno","hexamod:SwordOfDarkness+1","hexamod:NightmareStrike+1"],"relics":["hexamod:SpiritBrand","Old Coin","hexamod:SoulOfChaos","Pantograph","bronze:BronzeIdol","downfall:HeartBlessingRed","hexamod:IceCube","downfall:RedIOU","MutagenicStrength","Potion Belt","Regal Pillow","hexamod:TheBrokenSeal","Toolbox","Prayer Wheel","Tiny House","downfall:HeartBlessingGreen","Blue Candle","Membership Card","Lizard Tail","Lantern","Calipers"],"acts_visited":["Exordium","TheCity","TheBeyond"],"potions_floor_usage":[8,15,16,16,26,33,33,33,33,38,44,49,50,50],"damage_taken":[{"damage":1,"enemies":"Jaw Worm","floor":2,"turns":3},{"damage":1,"enemies":"Cultist","floor":4,"turns":4},{"damage":31,"enemies":"3 Sentries","floor":6,"turns":9},{"damage":0,"enemies":"2 Louse","floor":8,"turns":2},{"damage":17,"enemies":"Lagavulin","floor":10,"turns":7},{"damage":28,"enemies":"Blue Slaver","floor":12,"turns":7},{"damage":10,"enemies":"2 Fungi Beasts","floor":13,"turns":5},{"damage":12,"enemies":"3 Louse","floor":15,"turns":3},{"damage":10,"enemies":"SI_SHIV_ARCHETYPE","floor":16,"turns":7},{"damage":23,"enemies":"3 Byrds","floor":19,"turns":6},{"damage":26,"enemies":"Shell Parasite","floor":20,"turns":5},{"damage":29,"enemies":"Slavers","floor":26,"turns":6},{"damage":13,"enemies":"Centurion and Healer","floor":27,"turns":7},{"damage":4,"enemies":"downfall:FleeingMerchant","floor":28,"turns":5},{"damage":0,"enemies":"Gremlin Leader","floor":31,"turns":6},{"damage":6,"enemies":"Snake Plant","floor":32,"turns":2},{"damage":9,"enemies":"IC_MUSHROOM_ARCHETYPE","floor":33,"turns":6},{"damage":0,"enemies":"3 Shapes","floor":36,"turns":4},{"damage":0,"enemies":"3 Darklings","floor":38,"turns":3},{"damage":12,"enemies":"Sphere and 2 Shapes","floor":39,"turns":3},{"damage":0,"enemies":"downfall:FleeingMerchant","floor":40,"turns":5},{"damage":21,"enemies":"Spire Growth","floor":42,"turns":5},{"damage":8,"enemies":"Reptomancer","floor":43,"turns":6},{"damage":2,"enemies":"3 Darklings","floor":44,"turns":5},{"damage":3,"enemies":"Writhing Mass","floor":46,"turns":4},{"damage":3,"enemies":"Maw","floor":48,"turns":6},{"damage":7,"enemies":"3 Darklings","floor":49,"turns":6},{"damage":6,"enemies":"WA_ARCHETYPE_DIVINITY","floor":50,"turns":10}],"seed_played":"-4735054310349275430","potions_obtained":[{"floor":6,"key":"Explosive Potion"},{"floor":12,"key":"Fire Potion"},{"floor":12,"key":"Regen Potion"},{"floor":13,"key":"Dexterity Potion"},{"floor":16,"key":"FearPotion"},{"floor":16,"key":"SkillPotion"},{"floor":26,"key":"PowerPotion"},{"floor":26,"key":"Dexterity Potion"},{"floor":31,"key":"Regen Potion"},{"floor":33,"key":"Strength Potion"},{"floor":34,"key":"DistilledChaos"},{"floor":36,"key":"Block Potion"},{"floor":38,"key":"LiquidBronze"},{"floor":42,"key":"LiquidMemories"},{"floor":46,"key":"SneckoOil"},{"floor":49,"key":"SteroidPotion"}],"is_trial":false,"path_per_floor":["R","M","?","M","?","E","T","M","R","E","R","M","M","?","M","B",null,"R","M","M","?","?","R","T","R","E","M","$","?","?","E","M","B",null,"R","M","?","M","M","$","T","M","E","M","R","M","?","M","M","B",null],"character_chosen":"THE_SPIRIT","items_purchased":["Toolbox","Finesse","expansioncontent:DashGenerateEvil","Strength Potion","Strength Potion","Membership Card","Lizard Tail","Lantern","hexamod:RetreatToShadows","hexamod:DoubleChargePotion"],"campfire_rested":4,"item_purchase_floors":[28,28,28,28,28,40,40,40,40,40],"current_hp_per_floor":[70,69,69,68,68,37,37,37,58,48,48,27,24,21,16,46,70,70,54,28,28,28,49,49,70,41,80,76,76,76,76,70,71,85,85,85,80,80,68,68,68,47,39,37,77,74,74,71,64,79],"gold":344,"neow_bonus":"","is_daily":true,"chose_seed":false,"campfire_upgraded":3,"win_rate":0.0,"timestamp":1611634814,"path_taken":["R","M","?","?","?","E","T","M","R","E","R","?","M","?","M","BOSS","R","M","M","?","?","R","T","R","E","M","$","?","?","E","M","BOSS","R","M","?","M","M","$","T","M","E","M","R","M","?","M","M","BOSS"],"items_purchased_type":["Relic","Card","Card","Potion","Potion","Relic","Relic","Relic","Card","Potion"],"build_version":"2020-12-22","purchased_purges":1,"victory":true,"max_hp_per_floor":[70,70,70,70,70,70,70,70,70,70,70,70,70,70,70,70,70,70,70,70,70,70,70,70,70,70,80,80,80,80,80,80,80,85,85,85,85,85,85,85,85,85,85,85,85,85,85,85,85,85],"card_choices":[{"not_picked":["CrushJoints","hexamod:RecurringNightmare"],"picked":"hexamod:FastForward","floor":2},{"not_picked":["PathToVictory","SpiritShield"],"picked":"hexamod:HeatMetal","floor":4},{"not_picked":["hexamod:SearingWound","hexamod:UnlimitedPower"],"picked":"hexamod:FifthSeal","floor":6},{"not_picked":["hexamod:SecondSeal","hexamod:ThirdSeal"],"picked":"hexamod:FirstSeal","floor":8},{"not_picked":["SashWhip","Tantrum"],"picked":"Protect","floor":8},{"not_picked":["hexamod:ThirdSeal","hexamod:FirstSeal"],"picked":"hexamod:FourthSeal","floor":10},{"not_picked":["hexamod:TurnItUp","Omniscience"],"picked":"Devotion","floor":10},{"not_picked":["hexamod:FirstSeal","hexamod:SecondSeal"],"picked":"hexamod:SixthSeal","floor":12},{"not_picked":["InnerPeace","ClearTheMind"],"picked":"hexamod:SpectralAdrenaline","floor":12},{"not_picked":["hexamod:FirstSeal","hexamod:SixthSeal"],"picked":"hexamod:SecondSeal","floor":13},{"not_picked":["Consecrate","Prostrate"],"picked":"hexamod:ShieldOfDarkness","floor":13},{"not_picked":["JustLucky","TalkToTheHand"],"picked":"FollowUp","floor":15},{"not_picked":["hexamod:FourthSeal","hexamod:SecondSeal"],"picked":"hexamod:SixthSeal","floor":16},{"not_picked":["hexamod:ParanormalForm","Blasphemy"],"picked":"hexamod:ForkedFlame","floor":16},{"not_picked":["Crescendo","hexamod:RetreatToShadows"],"picked":"hexamod:SuperheatedStrike+1","floor":19},{"not_picked":["hexamod:FirstSeal","hexamod:SixthSeal"],"picked":"hexamod:ThirdSeal","floor":20},{"not_picked":["EmptyFist","SashWhip","Collect"],"picked":"SKIP","floor":20},{"not_picked":["SpiritShield","Blasphemy"],"picked":"Vault","floor":26},{"not_picked":["SpiritShield","hexamod:TimeWarp"],"picked":"Devotion","floor":26},{"not_picked":["hexamod:FourthSeal","hexamod:SecondSeal"],"picked":"hexamod:SixthSeal","floor":26},{"not_picked":["hexamod:Haunt","hexamod:FastForward"],"picked":"hexamod:RetreatToShadows","floor":27},{"not_picked":["hexamod:ShieldOfDarkness+1","hexamod:GhostflameBarrier"],"picked":"hexamod:RadiantFlame","floor":28},{"not_picked":["Blasphemy","Omniscience"],"picked":"hexamod:ApocalypseNow","floor":31},{"not_picked":["ThirdEye","SignatureMove"],"picked":"hexamod:Hexaguard","floor":32},{"not_picked":["hexamod:BurningTouch+1","JustLucky"],"picked":"hexamod:EmpoweredFlame+1","floor":32},{"not_picked":["Omniscience","hexamod:TimeWarp"],"picked":"hexamod:VolcanoVisage","floor":33},{"not_picked":["hexamod:PhantomCloak","PathToVictory"],"picked":"WheelKick","floor":34},{"not_picked":["Meditate","hexamod:HauntingEcho+1"],"picked":"hexamod:RainOfEmbers","floor":36},{"not_picked":["CrushJoints","LikeWater+1"],"picked":"hexamod:RetreatToShadows+1","floor":36},{"not_picked":["hexamod:GhostOfSpireFuture","hexamod:PhantomCloak"],"picked":"Protect+1","floor":38},{"not_picked":["hexamod:GhostShield","hexamod:SecondSeal"],"picked":"hexamod:InspiringFlames+1","floor":38},{"not_picked":["EmptyBody","hexamod:HauntingEcho"],"picked":"hexamod:RadiantFlame","floor":39},{"not_picked":["Indignation","Evaluate+1"],"picked":"Study","floor":39},{"not_picked":["hexamod:NecessarySacrifice+1","ForeignInfluence+1"],"picked":"Establishment","floor":40},{"not_picked":["hexamod:ChargedBarrage+1","Tantrum"],"picked":"hexamod:FlamesFromBeyond+1","floor":42},{"not_picked":["ThirdEye","Halt"],"picked":"hexamod:NightmareGuise+1","floor":42},{"not_picked":["hexamod:GiftsFromTheDead","hexamod:UnlimitedPower"],"picked":"hexamod:ApocalypticArmor","floor":43},{"not_picked":["hexamod:GhostShield","Prostrate"],"picked":"WindmillStrike","floor":44},{"not_picked":["hexamod:Incineration","FlurryOfBlows+1","CutThroughFate"],"picked":"SKIP","floor":44},{"not_picked":["EmptyBody+1","hexamod:Incineration","hexamod:GhostShield"],"picked":"SKIP","floor":46},{"not_picked":["Crescendo","hexamod:HauntingEcho+1","CrushJoints"],"picked":"SKIP","floor":46},{"not_picked":["EmptyFist","hexamod:PhantomFireball"],"picked":"hexamod:GhostflameInferno","floor":48},{"not_picked":["WreathOfFlame","Protect+1"],"picked":"hexamod:SwordOfDarkness","floor":48},{"not_picked":["Halt","Ragnarok"],"picked":"hexamod:NightmareStrike+1","floor":49},{"not_picked":["EmptyBody","FlurryOfBlows","SignatureMove+1"],"picked":"SKIP","floor":49}],"player_experience":26552,"relics_obtained":[{"floor":6,"key":"hexamod:SoulOfChaos"},{"floor":7,"key":"Pantograph"},{"floor":10,"key":"bronze:BronzeIdol"},{"floor":24,"key":"Potion Belt"},{"floor":26,"key":"Regal Pillow"},{"floor":31,"key":"Prayer Wheel"},{"floor":43,"key":"Calipers"}],"event_choices":[{"damage_healed":0,"gold_gain":0,"player_choice":"Success","damage_taken":3,"relics_obtained":["Akabeko"],"max_hp_gain":0,"max_hp_loss":0,"event_name":"Scrap Ooze","floor":14,"gold_loss":0},{"damage_healed":0,"gold_gain":0,"player_choice":"Inject Mutagens","damage_taken":0,"relics_obtained":["MutagenicStrength"],"max_hp_gain":0,"max_hp_loss":0,"event_name":"Drug Dealer","floor":22,"gold_loss":0}],"is_beta":false,"boss_relics":[{"not_picked":["sneckomod:SneckoTalon","Sozu"],"picked":"hexamod:IceCube"},{"not_picked":["Cursed Key","Empty Cage"],"picked":"Tiny House"}],"items_purged_floors":[28],"is_endless":false,"potions_floor_spawned":[6,12,13,16,26,31,33,36,38,42,46,49],"ascension_level":0}}