{"host":"jewdtr7eremy7cl3","time":1611624880,"event":{"mods":["ATMod(阿瑾Mod)","Act Like it!","Arknights The Spire","BaseMod","Dota2Spire","Gensokyo","Lobotomy","LobotomyExtend","Minty Spire (QoL Compilation)","Remilia（蕾米莉亚）","Spicy Shops","StSLib","The Alterego","The Forsaken","The Servant 0.9.4","TheWitcher","WarShipGirlsR/战舰少女R mod","Yakumo Yukari mod","残留之物"],"gold_per_floor":[134,149,19,37,56,87,97,107,132,132,132],"floor_reached":10,"language":"ZHS","playtime":1150,"items_purged":[],"score":72,"play_id":"5834ceec-4ee0-46ee-9823-9e87006ef8bf","local_time":"20210126093440","is_ascension_mode":false,"campfire_choices":[],"circlet_count":0,"master_deck":["AT_purpleEX","AT_purpleEX","AT_purpleEX","AT_purpleEX","Defend_purpleEX","Defend_purpleEX","Defend_purpleEX","Defend_purpleEX","Observe_purple_1","Observe_purple_2","Rudolta","Anti_communist_purple","Wellcheers","DimensionStaggered_purple","LaLuna","StateErode_purple","OSAHOGD","AdvanceAttack_purple","MeatLantern","MagicEyes_LaplaceDemon_purple","SilentOrchestra","Worldmountain_purple","OldLady","AdvanceAttack_purple"],"relics":["Boundary_crack","Memoryfragments_purpleEX","AT_ATBox","CogitoBucket","LetterFromLob","Blood Vial","Dream Catcher","SkinProphecy","CaptainsWheel","Potion Belt"],"acts_visited":["Gensokyo:Gensokyo"],"potions_floor_usage":[6,6,6],"damage_taken":[{"damage":1,"enemies":"Gensokyo:3_Fairies","floor":1,"turns":6},{"damage":15,"enemies":"Gensokyo:2_Kodama","floor":2,"turns":4},{"damage":15,"enemies":"Gensokyo:Python","floor":4,"turns":5},{"damage":23,"enemies":"Gensokyo:CorruptedTreant","floor":5,"turns":5},{"damage":24,"enemies":"Gensokyo:Mamizou","floor":6,"turns":9},{"damage":0,"enemies":"Gensokyo:LivingMonolith","floor":7,"turns":9},{"damage":0,"enemies":"Gensokyo:2_Rabbits","floor":8,"turns":4},{"damage":50,"enemies":"Gensokyo:Cirno","floor":10,"turns":1}],"seed_played":"3387035216636187066","potions_obtained":[{"floor":1,"key":"Dota2Spire:Clarity"},{"floor":4,"key":"Explosive Potion"},{"floor":5,"key":"SteroidPotion"}],"is_trial":false,"path_per_floor":["M","M","COS","M","M","E","M","M","T","E"],"character_chosen":"Youkari","items_purchased":[],"campfire_rested":0,"item_purchase_floors":[],"current_hp_per_floor":[70,56,56,47,27,5,16,14,14,0,0],"gold":132,"neow_bonus":"","is_daily":false,"chose_seed":false,"campfire_upgraded":0,"win_rate":0.0,"timestamp":1611624880,"path_taken":["M","M","COS","M","M","E","M","M","T","E"],"items_purchased_type":[],"build_version":"2020-12-22","purchased_purges":0,"victory":false,"max_hp_per_floor":[70,70,70,70,70,70,70,72,72,74,74],"card_choices":[{"not_picked":["DespairKnight","WhitesApple"],"picked":"Rudolta","floor":1},{"not_picked":["WatchEChange_purple","Umbrella_purple"],"picked":"Anti_communist_purple","floor":1},{"not_picked":["WhitesApple","VoidDream"],"picked":"Wellcheers","floor":2},{"not_picked":["Line_surface_state_purple","RuleDissolution_purple"],"picked":"DimensionStaggered_purple","floor":2},{"not_picked":["BeautyBeast","VoidDream"],"picked":"LaLuna","floor":4},{"not_picked":["MetroBOOM_purple","Umbrella_purple"],"picked":"StateErode_purple","floor":4},{"not_picked":["MHz","CherryBlossoms"],"picked":"OSAHOGD","floor":5},{"not_picked":["MeetDecomposer_purple","SharpContractionReality_purple"],"picked":"AdvanceAttack_purple","floor":5},{"not_picked":["Murderer","Alriune"],"picked":"MeatLantern","floor":6},{"not_picked":["Umbrella_purple","SfantasyHide_purple"],"picked":"MagicEyes_LaplaceDemon_purple","floor":6},{"not_picked":["Murderer","LittlePrince"],"picked":"SilentOrchestra","floor":7},{"not_picked":["WeekHit_purple","MonsterNeedle_purple"],"picked":"Worldmountain_purple","floor":7},{"not_picked":["HeroicMonk","Woodsman"],"picked":"OldLady","floor":8},{"not_picked":["Boundary_ObjectiveBoundary_purple","MeetDecomposer_purple"],"picked":"AdvanceAttack_purple","floor":8}],"player_experience":155122,"relics_obtained":[{"floor":1,"key":"LetterFromLob"},{"floor":6,"key":"Dream Catcher"},{"floor":9,"key":"Potion Belt"}],"event_choices":[],"is_beta":false,"boss_relics":[],"items_purged_floors":[],"is_endless":false,"potions_floor_spawned":[1,4,5],"killed_by":"Gensokyo:Cirno","ascension_level":0}}