{"host":"bw00wb7p5bw58om7","time":1611702764,"event":{"mods":["100% Spire Juice","Act Like it!","BaseMod","Better Third Choice","CapriCore","Chen","Downfall","Gensokyo","Koishi","KomeijiMod","Marisa????????","Minty Spire (QoL Compilation)","Onozuka Komachi Mod","Permanent Neow","Prisma Mod","Reimu??????","Remilia??????","StSLib","The Administrix","The Immortal","The Senshi","The Servant 0.9.4","Yakumo Yukari mod"],"gold_per_floor":[109,109,123,138,153,183,183,183,206,240,240,255,268,298,298,400,400,411,423,433,433,451,451,451,451],"floor_reached":24,"language":"ENG","playtime":1130,"items_purged":[],"score":255,"play_id":"9ca8b3d3-8bd1-410c-8510-4a273fd46f5f","local_time":"20210126231244","is_ascension_mode":true,"campfire_choices":[{"data":"Koishi:Ego","floor":8,"key":"SMITH"},{"floor":15,"key":"REST"},{"data":"Koishi:SuperEgo","floor":23,"key":"SMITH"}],"circlet_count":0,"master_deck":["Koishi:BasicStrike","Koishi:BasicStrike","Koishi:BasicStrike+1","Koishi:BasicDefend","Koishi:BasicDefend","Koishi:BasicDefend","Koishi:Provoke","Koishi:HauntingSlash+1","Koishi:Ego+1","Koishi:RorschachInDanmaku","Koishi:ReleaseOfTheId","Koishi:MassHysteria","Koishi:FadingMemory","Pain","Koishi:SprinkleStarAndHeart","Koishi:SubconsciousSweep","Koishi:SubterraneanRose","Koishi:LastRemote","Koishi:SubconsciousSweep","Koishi:SubconsciousSweep","Koishi:SuperEgo+1","Gensokyo:FourOfAKind","Gensokyo:FourOfAKind","Gensokyo:FourOfAKind","Gensokyo:FourOfAKind","Koishi:SprinkleStarAndHeart"],"relics":["Koishi:ImaginaryFriend","Happy Flower","Bag of Preparation","Gensokyo:LunaticRedEyes","Whetstone","HoshigumaDish","Koishi:ImperfectMetamorphosis","Mummified Hand","Busted Crown"],"acts_visited":["Gensokyo:Gensokyo","Gensokyo:Gensokyoer"],"potions_floor_usage":[],"damage_taken":[{"damage":3,"enemies":"Gensokyo:Gryphon","floor":1,"turns":7},{"damage":0,"enemies":"Gensokyo:3_Fairies","floor":3,"turns":5},{"damage":0,"enemies":"Gensokyo:2_Kodama","floor":4,"turns":5},{"damage":0,"enemies":"Gensokyo:Kitsune","floor":5,"turns":5},{"damage":5,"enemies":"Gensokyo:Cirno","floor":6,"turns":6},{"damage":18,"enemies":"Gensokyo:Aya","floor":10,"turns":5},{"damage":12,"enemies":"Gensokyo:VengefulSpirit","floor":12,"turns":6},{"damage":0,"enemies":"Gensokyo:5_Fairies","floor":13,"turns":2},{"damage":6,"enemies":"Gensokyo:Cirno","floor":14,"turns":5},{"damage":12,"enemies":"Gensokyo:Reimu","floor":16,"turns":8},{"damage":1,"enemies":"Gensokyo:CosmicMonolith","floor":18,"turns":2},{"damage":1,"enemies":"Gensokyo:Chomper","floor":19,"turns":2},{"damage":1,"enemies":"Gensokyo:Slime_Group","floor":20,"turns":3},{"damage":27,"enemies":"Gensokyo:Wraith","floor":22,"turns":4},{"damage":57,"enemies":"Gensokyo:Reisen","floor":24,"turns":7}],"seed_played":"8590927106959062898","potions_obtained":[{"floor":3,"key":"Fire Potion"},{"floor":5,"key":"JyouchiReiPotion"},{"floor":6,"key":"champ:CounterPotion"}],"is_trial":false,"path_per_floor":["M","?","M","M","M","E","?","R","T","E","T","M","M","E","R","B",null,"M","M","M","?","M","R","E"],"character_chosen":"KOISHI","items_purchased":[],"campfire_rested":1,"item_purchase_floors":[],"current_hp_per_floor":[60,60,60,60,60,55,55,55,55,37,37,25,25,19,37,25,60,60,60,59,42,19,19,0,0],"gold":451,"neow_bonus":"ONE_RANDOM_RARE_CARD","is_daily":false,"chose_seed":false,"campfire_upgraded":2,"win_rate":0.0,"timestamp":1611702764,"path_taken":["M","?","M","M","M","E","?","R","T","E","?","?","M","E","R","BOSS","M","M","M","?","M","R","E"],"items_purchased_type":[],"build_version":"2020-12-22","purchased_purges":0,"victory":false,"max_hp_per_floor":[60,60,60,60,60,60,60,60,60,60,60,60,60,60,60,60,60,60,60,60,42,42,42,42,42],"card_choices":[{"not_picked":["Koishi:UnansweredLove","Koishi:SpiritedAway"],"picked":"Koishi:StingingMind","floor":1},{"not_picked":["Koishi:HeartfeltFancy","Koishi:Vanish"],"picked":"Koishi:RorschachInDanmaku","floor":3},{"not_picked":["Koishi:BloodcurdlingScream","Koishi:PhantomBarrier"],"picked":"Koishi:ReleaseOfTheId","floor":4},{"not_picked":["Koishi:TremblingHands","Koishi:ParalyzingFear"],"picked":"Koishi:MassHysteria","floor":5},{"not_picked":["Koishi:JumpScare","Koishi:SpiritedAway"],"picked":"Koishi:FadingMemory","floor":6},{"not_picked":["Koishi:SpiritedAway","Koishi:HeartfeltFancy"],"picked":"Koishi:SprinkleStarAndHeart","floor":10},{"not_picked":["Koishi:JumpScare","Koishi:PhilosophyOfTheDespised"],"picked":"Koishi:LastRemote","floor":12},{"not_picked":["Koishi:PhantomStrike","Koishi:EmbryosDream"],"picked":"Koishi:SubconsciousSweep","floor":13},{"not_picked":["Koishi:FleetingPhantom","Koishi:Possession"],"picked":"Koishi:SubconsciousSweep","floor":14},{"not_picked":["Koishi:MindStellarRelief","Koishi:TerrifyingSpectre"],"picked":"Koishi:SuperEgo","floor":16},{"not_picked":["Koishi:EmbryosDream+1"],"picked":"SKIP","floor":18},{"not_picked":["Koishi:Catatonia"],"picked":"SKIP","floor":19},{"not_picked":["Koishi:EmbryosDream"],"picked":"SKIP","floor":20},{"not_picked":[],"picked":"Koishi:SprinkleStarAndHeart","floor":22}],"player_experience":291313,"relics_obtained":[{"floor":6,"key":"Bag of Preparation"},{"floor":9,"key":"Whetstone"},{"floor":10,"key":"HoshigumaDish"},{"floor":11,"key":"Koishi:ImperfectMetamorphosis"},{"floor":14,"key":"Mummified Hand"}],"event_choices":[],"is_beta":false,"boss_relics":[{"not_picked":["RedLine:ReiMu","bronze:MakeshiftBattery"],"picked":"Busted Crown"}],"items_purged_floors":[],"is_endless":false,"potions_floor_spawned":[3,5,6,16,18,22],"killed_by":"Gensokyo:Reisen","ascension_level":1}}