{"host":"p1xsuo25udtrkbq2","time":1611654109,"event":{"mods":["BaseMod","Colored Map","Highlight Path","Minty Spire (QoL Compilation)","Quick Restart","Rare Cards Sparkle","Relic Stats","Slay the Relics Exporter","StSLib","everything is the same but u backflip on backflip"],"gold_per_floor":[110,110,125,125,136,170,170,170,195,212,246,96,96,46,46,144,144,156,102,12,32,8,42,60,85,85,10,43,43,57,68,68,167,167,178,190,209,209,222,222,247,31,55,86,100,100,100,22,22,22],"floor_reached":51,"language":"ENG","playtime":5463,"items_purged":[],"score":1091,"play_id":"9f424f61-9d95-40f2-b157-1faef17cdd4c","local_time":"20210126044149","is_ascension_mode":true,"campfire_choices":[{"data":"Coolheaded","floor":8.0,"key":"SMITH"},{"data":"Self Repair","floor":13.0,"key":"SMITH"},{"data":"Streamline","floor":15.0,"key":"SMITH"},{"data":"Sunder","floor":29.0,"key":"SMITH"},{"data":"Darkness","floor":32.0,"key":"SMITH"},{"data":"Capacitor","floor":40.0,"key":"SMITH"},{"data":"Hologram","floor":46.0,"key":"SMITH"},{"data":"Turbo","floor":49.0,"key":"SMITH"}],"circlet_count":0,"master_deck":["Strike_B","Defend_B","Defend_B","Defend_B","Zap","Dualcast","Static Discharge","Leap","Streamline+1","Coolheaded+1","Genetic Algorithm","Biased Cognition+1","Self Repair+1","Glacier","Cold Snap","Seek+1","Ball Lightning+1","Hologram+1","Sunder+1","Conserve Battery","BootSequence+1","Turbo+1","Glacier+1","Darkness+1","Creative AI","Turbo+1","Capacitor+1","Turbo","Gash+1","Hologram+1","Aggregate","Compile Driver","Skim+1"],"relics":["Coffee Dripper","Lantern","HornCleat","Bag of Preparation","Letter Opener","Runic Pyramid","Bag of Marbles","Girya","Symbiotic Virus","SacredBark","Art of War","Membership Card","DataDisk","White Beast Statue","Potion Belt"],"acts_visited":["Exordium","TheCity","TheBeyond"],"potions_floor_usage":[50,50],"damage_taken":[{"damage":0.0,"enemies":"Small Slimes","floor":1.0,"turns":3.0},{"damage":1.0,"enemies":"Cultist","floor":3.0,"turns":4.0},{"damage":4.0,"enemies":"2 Louse","floor":5.0,"turns":2.0},{"damage":16.0,"enemies":"Lagavulin","floor":6.0,"turns":6.0},{"damage":0.0,"enemies":"Looter","floor":10.0,"turns":3.0},{"damage":19.0,"enemies":"Gremlin Nob","floor":11.0,"turns":5.0},{"damage":11.0,"enemies":"The Guardian","floor":16.0,"turns":12.0},{"damage":0.0,"enemies":"Chosen","floor":18.0,"turns":5.0},{"damage":4.0,"enemies":"2 Thieves","floor":21.0,"turns":5.0},{"damage":0.0,"enemies":"Gremlin Leader","floor":23.0,"turns":4.0},{"damage":0.0,"enemies":"3 Cultists","floor":24.0,"turns":5.0},{"damage":4.0,"enemies":"Book of Stabbing","floor":25.0,"turns":5.0},{"damage":1.0,"enemies":"Gremlin Leader","floor":28.0,"turns":7.0},{"damage":0.0,"enemies":"Snake Plant","floor":30.0,"turns":3.0},{"damage":0.0,"enemies":"Chosen and Byrds","floor":31.0,"turns":4.0},{"damage":0.0,"enemies":"Champ","floor":33.0,"turns":8.0},{"damage":0.0,"enemies":"Orb Walker","floor":35.0,"turns":4.0},{"damage":0.0,"enemies":"3 Darklings","floor":36.0,"turns":6.0},{"damage":1.0,"enemies":"Writhing Mass","floor":37.0,"turns":7.0},{"damage":0.0,"enemies":"Sphere and 2 Shapes","floor":39.0,"turns":7.0},{"damage":6.0,"enemies":"Reptomancer","floor":41.0,"turns":9.0},{"damage":0.0,"enemies":"Nemesis","floor":44.0,"turns":5.0},{"damage":0.0,"enemies":"Spire Growth","floor":45.0,"turns":5.0},{"damage":0,"enemies":"Donu and Deca","floor":50,"turns":7}],"seed_played":"-6455825243000844115","potions_obtained":[{"floor":1.0,"key":"Weak Potion"},{"floor":3.0,"key":"Ancient Potion"},{"floor":10.0,"key":"FocusPotion"},{"floor":16.0,"key":"EssenceOfDarkness"},{"floor":23.0,"key":"Block Potion"},{"floor":31.0,"key":"AttackPotion"},{"floor":39.0,"key":"Block Potion"},{"floor":41.0,"key":"EssenceOfSteel"}],"is_trial":false,"path_per_floor":["M","?","M","?","M","E","?","R","T","M","E","$","R","$","R","B",null,"M","$","?","M","$","E","M","E","T","?","E","R","M","M","R","B",null,"M","M","M","?","M","R","E","$","T","E","M","R","?","$","R","B",null],"character_chosen":"DEFECT","items_purchased":["Self Repair","Glacier","Cold Snap","Hologram","Conserve Battery","Membership Card","Aggregate","Compile Driver","Potion Belt"],"campfire_rested":0,"item_purchase_floors":[12,12,14,19,22,42,42,42,48],"current_hp_per_floor":[75,75,74,71,67,51,75,75,75,75,56,56,56,56,56,55,70,75,75,75,75,75,75,75,75,75,75,75,75,75,75,75,75,75,75,75,75,75,75,75,75,75,75,75,75,75,75,75,75,75],"gold":22,"neow_bonus":"BOSS_RELIC","is_daily":false,"chose_seed":false,"campfire_upgraded":8,"win_rate":0.0,"timestamp":1611654109,"path_taken":["M","?","?","?","M","E","?","R","T","M","E","$","R","$","R","BOSS","M","$","?","?","$","E","M","E","T","?","E","R","M","M","R","BOSS","M","M","M","?","?","R","E","$","T","E","M","R","?","?","R","BOSS"],"items_purchased_type":["Card","Card","Card","Card","Card","Relic","Card","Card","Relic"],"build_version":"2020-12-22","purchased_purges":0,"victory":true,"max_hp_per_floor":[75,75,75,75,75,75,75,75,75,75,75,75,75,75,75,75,75,75,75,75,75,75,75,75,75,75,75,75,75,75,75,75,75,75,75,75,75,75,75,75,75,75,75,75,75,75,75,75,75,75],"relic_stats":{"counters":[24,131],"Bag of Preparation":[40],"Art of War":[4],"Letter Opener":[250],"obtain_stats":[{"Potion Belt":48,"Girya":25,"Lantern":4,"SacredBark":34,"Bag of Preparation":9,"Letter Opener":11,"White Beast Statue":44,"DataDisk":43,"HornCleat":6,"Coffee Dripper":0,"Bag of Marbles":23,"Art of War":41,"Membership Card":42,"Cracked Core":0,"Symbiotic Virus":28,"Runic Pyramid":17},{"Potion Belt":23,"Girya":12,"Lantern":2,"SacredBark":16,"Bag of Preparation":4,"Letter Opener":6,"White Beast Statue":22,"DataDisk":21,"HornCleat":4,"Coffee Dripper":0,"Bag of Marbles":10,"Art of War":21,"Membership Card":21,"Cracked Core":0,"Symbiotic Virus":13,"Runic Pyramid":7},{"Potion Belt":124,"Girya":59,"Lantern":7,"SacredBark":81,"Bag of Preparation":15,"Letter Opener":23,"White Beast Statue":119,"DataDisk":114,"HornCleat":15,"Coffee Dripper":0,"Bag of Marbles":49,"Art of War":114,"Membership Card":114,"Cracked Core":0,"Symbiotic Virus":66,"Runic Pyramid":35}]},"card_choices":[{"not_picked":["Gash","Lockon"],"picked":"Static Discharge","floor":1.0},{"not_picked":["Beam Cell","Recycle"],"picked":"Leap","floor":3.0},{"not_picked":["Redo","Beam Cell"],"picked":"Streamline","floor":5.0},{"not_picked":["Storm","Sweeping Beam"],"picked":"Coolheaded","floor":6.0},{"not_picked":["Recycle","Sweeping Beam"],"picked":"Genetic Algorithm","floor":10.0},{"not_picked":["Rebound","Amplify"],"picked":"Biased Cognition","floor":11.0},{"not_picked":["Fission","Hyperbeam"],"picked":"Seek","floor":16.0},{"not_picked":["BootSequence+1","Compile Driver"],"picked":"Ball Lightning+1","floor":18.0},{"not_picked":["Cold Snap","Barrage"],"picked":"Sunder","floor":21.0},{"not_picked":["Barrage","Genetic Algorithm","Scrape"],"picked":"SKIP","floor":23.0},{"not_picked":["Steam","Turbo"],"picked":"BootSequence+1","floor":24.0},{"not_picked":["Conserve Battery+1","Tempest"],"picked":"Turbo","floor":25.0},{"not_picked":["Sunder","Go for the Eyes"],"picked":"Glacier+1","floor":28.0},{"not_picked":["Genetic Algorithm+1","Turbo+1"],"picked":"Darkness","floor":30.0},{"not_picked":["Double Energy","Redo","Scrape"],"picked":"SKIP","floor":31.0},{"not_picked":["Thunder Strike","Buffer"],"picked":"Creative AI","floor":33.0},{"not_picked":["Leap+1","Self Repair+1"],"picked":"Turbo+1","floor":35.0},{"not_picked":["Gash+1","Sweeping Beam+1"],"picked":"Capacitor","floor":36.0},{"not_picked":["Barrage","Force Field","Gash"],"picked":"SKIP","floor":37.0},{"not_picked":["Static Discharge+1","Fusion"],"picked":"Gash+1","floor":39.0},{"not_picked":["Leap+1","Chaos"],"picked":"Hologram+1","floor":41.0},{"not_picked":["Leap+1","Self Repair","Cold Snap"],"picked":"SKIP","floor":44.0},{"not_picked":["Turbo","Compile Driver"],"picked":"Skim+1","floor":45.0}],"player_experience":951668,"relics_obtained":[{"floor":6.0,"key":"HornCleat"},{"floor":9.0,"key":"Bag of Preparation"},{"floor":11.0,"key":"Letter Opener"},{"floor":23.0,"key":"Bag of Marbles"},{"floor":25.0,"key":"Girya"},{"floor":28.0,"key":"Symbiotic Virus"},{"floor":41.0,"key":"Art of War"},{"floor":43.0,"key":"DataDisk"},{"floor":44.0,"key":"White Beast Statue"}],"event_choices":[{"cards_removed":["Strike_B"],"damage_healed":0.0,"max_hp_gain":0.0,"max_hp_loss":0.0,"gold_gain":0.0,"event_name":"Bonfire Elementals","player_choice":"Offered Basic","floor":2.0,"gold_loss":0.0,"damage_taken":0.0},{"damage_healed":0.0,"max_hp_gain":0.0,"max_hp_loss":0.0,"gold_gain":0.0,"event_name":"Scrap Ooze","player_choice":"Success","floor":4.0,"gold_loss":0.0,"damage_taken":3.0,"relics_obtained":["Lantern"]},{"damage_healed":25.0,"max_hp_gain":0.0,"max_hp_loss":0.0,"gold_gain":0.0,"event_name":"Big Fish","player_choice":"Banana","floor":7.0,"gold_loss":0.0,"damage_taken":0.0},{"cards_removed":["Strike_B"],"damage_healed":0.0,"max_hp_gain":0.0,"max_hp_loss":0.0,"gold_gain":0.0,"event_name":"Designer","player_choice":"Upgrade and Remove","floor":20.0,"gold_loss":90.0,"damage_taken":0.0,"cards_upgraded":["Biased Cognition"]},{"cards_removed":["Defend_B"],"damage_healed":0.0,"max_hp_gain":0.0,"max_hp_loss":0.0,"gold_gain":0.0,"event_name":"Beggar","player_choice":"Gave Gold","floor":27.0,"gold_loss":75.0,"damage_taken":0.0},{"damage_healed":0.0,"max_hp_gain":0.0,"max_hp_loss":0.0,"gold_gain":0.0,"cards_transformed":["Strike_B"],"event_name":"Transmorgrifier","player_choice":"Transformed","floor":38.0,"gold_loss":0.0,"damage_taken":0.0,"cards_obtained":["Turbo"]},{"damage_healed":0.0,"max_hp_gain":0.0,"max_hp_loss":0.0,"gold_gain":0.0,"event_name":"Accursed Blacksmith","player_choice":"Forge","floor":47.0,"gold_loss":0.0,"damage_taken":0.0,"cards_upgraded":["Seek"]}],"is_beta":false,"boss_relics":[{"not_picked":["Empty Cage","Philosopher\u0027s Stone"],"picked":"Runic Pyramid"},{"not_picked":["Fusion Hammer","Runic Dome"],"picked":"SacredBark"}],"items_purged_floors":[],"is_endless":false,"potions_floor_spawned":[1,3,10,16,18,23,31,39,41,45],"ascension_level":5}}