{"host":"syozzdlzcqop4jia","time":1611699799,"event":{"mods":["BaseMod","Colored Map","Colored Powertips","Minty Spire (QoL Compilation)","Quick Restart"],"gold_per_floor":[112,131,146,161,179,179,190,190,217,236,236,251,326,157,157,252,252,263,280,280,280],"floor_reached":20,"language":"ENG","playtime":1632,"items_purged":["Defend_R"],"score":187,"play_id":"fa92a90f-9797-4ea9-a981-e008f5db922c","local_time":"20210126232319","is_ascension_mode":true,"campfire_choices":[{"data":"Combust","floor":6,"key":"SMITH"},{"data":"Shrug It Off","floor":8,"key":"SMITH"},{"data":"Carnage","floor":11,"key":"SMITH"},{"floor":15,"key":"REST"}],"circlet_count":0,"master_deck":["Strike_R","Strike_R","Strike_R","Strike_R","Strike_R","Defend_R","Defend_R","Defend_R","Bash+1","Shrug It Off+1","Pommel Strike","Heavy Blade","Combust+1","Twin Strike","Battle Trance","Carnage+1","Perfected Strike","Shrug It Off","Pommel Strike","Feed","CurseOfTheBell","Anger","Searing Blow"],"relics":["Burning Blood","Pen Nib","Calling Bell","Ancient Tea Set","Letter Opener","Shovel"],"acts_visited":["Exordium","TheCity"],"potions_floor_usage":[10],"damage_taken":[{"damage":1,"enemies":"Cultist","floor":1,"turns":3},{"damage":4,"enemies":"Jaw Worm","floor":2,"turns":3},{"damage":0,"enemies":"Small Slimes","floor":3,"turns":3},{"damage":16,"enemies":"Looter","floor":4,"turns":4},{"damage":8,"enemies":"2 Fungi Beasts","floor":5,"turns":4},{"damage":6,"enemies":"Large Slime","floor":7,"turns":5},{"damage":8,"enemies":"Exordium Wildlife","floor":10,"turns":3},{"damage":7,"enemies":"Red Slaver","floor":12,"turns":3},{"damage":71,"enemies":"Slime Boss","floor":16,"turns":11},{"damage":31,"enemies":"3 Byrds","floor":18,"turns":4},{"damage":8,"enemies":"Chosen","floor":19,"turns":3},{"damage":19,"enemies":"Sentry and Sphere","floor":20,"turns":4}],"seed_played":"10471395790003682","potions_obtained":[{"floor":3,"key":"FairyPotion"},{"floor":5,"key":"SkillPotion"},{"floor":7,"key":"AttackPotion"},{"floor":10,"key":"HeartOfIron"},{"floor":18,"key":"EntropicBrew"}],"is_trial":false,"path_per_floor":["M","M","M","M","M","R","M","R","T","M","R","M","?","$","R","B",null,"M","M","M"],"character_chosen":"IRONCLAD","items_purchased":["Shrug It Off","Pommel Strike"],"campfire_rested":1,"item_purchase_floors":[14,14],"current_hp_per_floor":[80,80,80,70,68,68,68,68,68,66,66,65,54,54,78,13,80,55,53,34,34],"gold":280,"neow_bonus":"UPGRADE_CARD","is_daily":false,"chose_seed":false,"campfire_upgraded":3,"win_rate":0.0,"timestamp":1611699799,"path_taken":["M","M","M","M","M","R","M","R","T","M","R","?","?","$","R","BOSS","M","M","M"],"items_purchased_type":["Card","Card"],"build_version":"2020-12-22","purchased_purges":1,"victory":false,"max_hp_per_floor":[80,80,80,80,80,80,80,80,80,80,80,80,80,80,80,80,80,80,80,80,80],"card_choices":[{"not_picked":["Evolve","Iron Wave"],"picked":"Shrug It Off","floor":1},{"not_picked":["Spot Weakness","Hemokinesis"],"picked":"Pommel Strike","floor":2},{"not_picked":["Body Slam","Power Through"],"picked":"Heavy Blade","floor":3},{"not_picked":["Warcry","Rupture"],"picked":"Combust","floor":4},{"not_picked":["Sword Boomerang","Juggernaut"],"picked":"Twin Strike","floor":5},{"not_picked":["Flame Barrier","Fire Breathing"],"picked":"Battle Trance","floor":7},{"not_picked":["Flex","Body Slam"],"picked":"Carnage","floor":10},{"not_picked":["True Grit","Clothesline"],"picked":"Perfected Strike","floor":12},{"not_picked":["Exhume","Bludgeon"],"picked":"Feed","floor":16},{"not_picked":["Sentinel+1","Flame Barrier+1"],"picked":"Anger","floor":18},{"not_picked":["Twin Strike+1","Havoc"],"picked":"Searing Blow","floor":19}],"player_experience":396200,"relics_obtained":[{"floor":9,"key":"Pen Nib"},{"floor":17,"key":"Ancient Tea Set"},{"floor":17,"key":"Letter Opener"},{"floor":17,"key":"Shovel"}],"event_choices":[{"damage_healed":0,"gold_gain":75,"player_choice":"Gather Gold","damage_taken":11,"max_hp_gain":0,"max_hp_loss":0,"event_name":"World of Goop","floor":13,"gold_loss":0}],"is_beta":false,"boss_relics":[{"not_picked":["Snecko Eye","Black Blood"],"picked":"Calling Bell"}],"items_purged_floors":[14],"is_endless":false,"potions_floor_spawned":[3,5,7,10,18],"killed_by":"Sentry and Sphere","ascension_level":2}}