{"host":"8p5c6x4qt9411139","time":1611687584,"event":{"mods":["Aspiration","BaseMod","Infinite Spire","Minty Spire (QoL Compilation)","Replay The Spire","Shop Mod","StSLib","The Animator"],"gold_per_floor":[118,133,153,4,16,43,43,75,75,75,95,120,139,150,150,150,150],"floor_reached":16,"language":"ENG","playtime":561,"items_purged":["Strike_R"],"score":198,"play_id":"627584f8-4587-45bc-a80a-d8ffafbce0f6","local_time":"20210126105944","is_ascension_mode":true,"campfire_choices":[{"data":"infinitespire:OneForAll","floor":7.0,"key":"SMITH"},{"floor":15.0,"key":"REST"}],"circlet_count":0,"master_deck":["AscendersBane","Strike_R","Strike_R","Strike_R","Defend_R","Defend_R","Defend_R","Defend_R","Bash","Wild Strike","Shockwave","Sever Soul","Carnage","ReplayTheSpireMod:Muscle Training","infinitespire:OneForAll+1","Ghostly Armor"],"relics":["Burning Blood","aspiration:DSix","Bag of Preparation","Bag of Marbles","ReplayTheSpireMod:TigerMarble"],"acts_visited":["Exordium"],"potions_floor_usage":[16,16],"damage_taken":[{"damage":2.0,"enemies":"Jaw Worm","floor":1.0,"turns":3.0},{"damage":6.0,"enemies":"Cultist","floor":2.0,"turns":3.0},{"damage":4.0,"enemies":"2 Louse","floor":3.0,"turns":3.0},{"damage":18.0,"enemies":"Large Slime","floor":5.0,"turns":5.0},{"damage":22.0,"enemies":"Replay:BlueRogue","floor":6.0,"turns":5.0},{"damage":30.0,"enemies":"Gremlin Nob","floor":8.0,"turns":4.0},{"damage":0.0,"enemies":"Blue Slaver","floor":11.0,"turns":1.0},{"damage":17.0,"enemies":"Lagavulin","floor":12.0,"turns":5.0},{"damage":8.0,"enemies":"Exordium Thugs","floor":13.0,"turns":3.0},{"damage":5.0,"enemies":"Red Slaver","floor":14.0,"turns":4.0},{"damage":47,"enemies":"Hexaghost","floor":16,"turns":9}],"seed_played":"1620421200128551","potions_obtained":[{"floor":3.0,"key":"Elixir"},{"floor":6.0,"key":"infinitespire:BlackPotion"},{"floor":8.0,"key":"Swift Potion"},{"floor":11.0,"key":"SteroidPotion"},{"floor":13.0,"key":"Milkshake"},{"floor":14.0,"key":"Toxic Potion"}],"is_trial":false,"path_per_floor":["M","M","M","$","M","E","R","E","T","?","M","E","M","M","R","B"],"character_chosen":"IRONCLAD","items_purchased":["Carnage"],"campfire_rested":1,"item_purchase_floors":[4],"current_hp_per_floor":[76,76,78,78,66,50,50,26,26,26,32,21,19,20,44,0,0],"gold":150,"neow_bonus":"DSIX","is_daily":false,"chose_seed":true,"campfire_upgraded":1,"win_rate":0.0,"timestamp":1611687584,"path_taken":["M","M","M","$","M","E","R","E","T","?","M","E","?","M","R","BOSS"],"items_purchased_type":["Card"],"build_version":"2020-12-22","purchased_purges":1,"victory":false,"max_hp_per_floor":[80,80,80,80,80,80,80,80,80,80,80,80,80,80,80,80,80],"card_choices":[{"not_picked":["Feel No Pain","Body Slam"],"picked":"Wild Strike","floor":1.0},{"not_picked":["ReplayTheSpireMod:Strike From Hell","Body Slam"],"picked":"Shockwave","floor":2.0},{"not_picked":["Eclipse","Heavy Blade"],"picked":"Sever Soul","floor":3.0},{"not_picked":["Sword Boomerang","Blood for Blood"],"picked":"ReplayTheSpireMod:Muscle Training","floor":5.0},{"not_picked":["Wild Strike","True Grit"],"picked":"infinitespire:OneForAll","floor":6.0},{"not_picked":["Pommel Strike","Headbutt","Cleave"],"picked":"SKIP","floor":8.0},{"not_picked":["Shockwave","Flex","Replay:Many Hands"],"picked":"SKIP","floor":11.0},{"not_picked":["True Grit","Uppercut","ReplayTheSpireMod:Strike From Hell"],"picked":"SKIP","floor":12.0},{"not_picked":["Armaments","Flex","ReplayTheSpireMod:Strike From Hell"],"picked":"SKIP","floor":13.0},{"not_picked":["Barricade","ReplayTheSpireMod:LeadingStrike","ReplayTheSpireMod:Strike From Hell"],"picked":"SKIP","floor":14.0}],"player_experience":396150,"relics_obtained":[{"floor":6.0,"key":"Bag of Preparation"},{"floor":8.0,"key":"Bag of Marbles"},{"floor":12.0,"key":"ReplayTheSpireMod:TigerMarble"}],"event_choices":[{"damage_healed":0.0,"max_hp_gain":0.0,"max_hp_loss":0.0,"gold_gain":0.0,"cards_transformed":["Strike_R"],"event_name":"Transmorgrifier","player_choice":"Transformed","floor":10.0,"gold_loss":0.0,"damage_taken":0.0,"cards_obtained":["Ghostly Armor"]}],"is_beta":false,"boss_relics":[],"items_purged_floors":[4],"is_endless":false,"potions_floor_spawned":[3,6,8,11,13,14],"killed_by":"Hexaghost","ascension_level":12}}