{"host":"njcl8kinlkfw245p","time":1611639676,"event":{"mods":["BaseMod","Block Reminder","Colored Map","Googly Eyes","KinomotoSakuraMod(????)","Minty Spire (QoL Compilation)","StSLib","The Senshi","Unceasing Turn Reminder","everything is the same but u backflip on backflip"],"gold_per_floor":[119,119,137,153,168,168,168,196,222,249,269,269,300,316,316,388,388,403,403,420,420,440,440,470,470,495,521,222,239,274,23,23,101,101,119,137,137,137,148,148,176,176,176,176,176,57,89,137,137,137,137,137,12,37,37],"floor_reached":56,"language":"ENG","playtime":4561,"items_purged":["theSenshi:SailorKick"],"score":1894,"play_id":"b3831cb2-9927-41f7-8950-6cfd0b76a632","local_time":"20210125214116","is_ascension_mode":true,"campfire_choices":[{"data":"theSenshi:NeptunesGrace","floor":6.0,"key":"SMITH"},{"data":"theSenshi:SailorJupiterAssists","floor":12.0,"key":"SMITH"},{"data":"theSenshi:MoonKick","floor":15.0,"key":"SMITH"},{"data":"theSenshi:MoonPrismPowerMakeUp","floor":23.0,"key":"SMITH"},{"data":"theSenshi:MoonCrisisMakeUp","floor":25,"key":"SMITH"},{"data":"Apotheosis","floor":32,"key":"SMITH"},{"floor":40,"key":"RECALL"},{"floor":42,"key":"REST"},{"floor":45,"key":"REST"},{"floor":49,"key":"REST"},{"floor":52,"key":"REST"}],"circlet_count":0,"master_deck":["AscendersBane","theSenshi:SailorKick","theSenshi:SailorBlock","theSenshi:SailorBlock","theSenshi:SailorBlock","theSenshi:SailorBlock","theSenshi:RoseThrow","theSenshi:MoonPrismPowerMakeUp+1","theSenshi:MoonTiaraMagic+1","theSenshi:SailorJupiterAssists+1","theSenshi:NeptunesGrace+1","theSenshi:MoonHealingEscalation","theSenshi:MoonKick+1","theSenshi:TallSilhouette","theSenshi:SailorV","theSenshi:SailorStarHealerAssists","theSenshi:SailorChibiMoonAssists","theSenshi:MoonCrystalPowerMakeUp","theSenshi:MoonCrisisMakeUp+1","theSenshi:StarlightHoneymoonTherapyKiss","Apotheosis+1","theSenshi:SailorJupiterAssists","theSenshi:SailorMercuryAssists","theSenshi:TallSilhouette","theSenshi:InTheNameOfTheMoon","theSenshi:SilverCrystal","theSenshi:StudyParty","Madness","Madness","theSenshi:MoonPrincessHalation","theSenshi:MoonCosmicPowerMakeUp","theSenshi:MoonCrystalPowerMakeUp","theSenshi:MoonCrystalPowerMakeUp","theSenshi:SailorJupiterAssists","theSenshi:SilverMoonCrystalPowerKiss"],"relics":["Blood Vial","Bag of Marbles","theSenshi:SailorFukuRelic","Meat on the Bone","Velvet Choker","Nloth\u0027s Gift","theSenshi:CutieMoonRodRelic","theSenshi:RoseRelic","Incense Burner","theSenshi:CrystalStarRelic","Bottled Lightning","theSenshi:MoonKaleidoScopeRelic","CaptainsWheel","Lantern","theSenshi:EternalTiareRelic","White Beast Statue"],"acts_visited":["Exordium","TheCity","TheBeyond","TheEnding"],"potions_floor_usage":[24,33,48],"damage_taken":[{"damage":6.0,"enemies":"2 Louse","floor":1.0,"turns":5.0},{"damage":0.0,"enemies":"Cultist","floor":3.0,"turns":3.0},{"damage":0.0,"enemies":"Jaw Worm","floor":4.0,"turns":3.0},{"damage":3.0,"enemies":"Large Slime","floor":5.0,"turns":5.0},{"damage":28.0,"enemies":"3 Sentries","floor":8.0,"turns":9.0},{"damage":8.0,"enemies":"Gremlin Nob","floor":10.0,"turns":4.0},{"damage":9.0,"enemies":"Blue Slaver","floor":11.0,"turns":4.0},{"damage":26.0,"enemies":"Lagavulin","floor":13.0,"turns":7.0},{"damage":1.0,"enemies":"2 Fungi Beasts","floor":14.0,"turns":3.0},{"damage":22.0,"enemies":"The Guardian","floor":16.0,"turns":11.0},{"damage":6.0,"enemies":"3 Byrds","floor":18.0,"turns":5.0},{"damage":0.0,"enemies":"Chosen","floor":20.0,"turns":3.0},{"damage":1.0,"enemies":"Snecko","floor":22.0,"turns":6.0},{"damage":32,"enemies":"Book of Stabbing","floor":24,"turns":6},{"damage":24,"enemies":"Slavers","floor":27,"turns":6},{"damage":10,"enemies":"Centurion and Healer","floor":29,"turns":4},{"damage":3,"enemies":"Book of Stabbing","floor":30,"turns":6},{"damage":35,"enemies":"Collector","floor":33,"turns":10},{"damage":15,"enemies":"3 Shapes","floor":35,"turns":4},{"damage":0,"enemies":"Orb Walker","floor":36,"turns":4},{"damage":13,"enemies":"Spire Growth","floor":39,"turns":7},{"damage":47,"enemies":"Giant Head","floor":41,"turns":12},{"damage":41,"enemies":"Reptomancer","floor":47,"turns":9},{"damage":34,"enemies":"2 Orb Walkers","floor":48,"turns":6},{"damage":79,"enemies":"Donu and Deca","floor":50,"turns":9},{"damage":49,"enemies":"Shield and Spear","floor":54,"turns":10},{"damage":83,"enemies":"The Heart","floor":55,"turns":11}],"seed_played":"6667010121447891894","potions_obtained":[{"floor":8.0,"key":"SpeedPotion"},{"floor":10.0,"key":"DuplicationPotion"},{"floor":11.0,"key":"SteroidPotion"},{"floor":14.0,"key":"Fire Potion"},{"floor":22.0,"key":"Regen Potion"},{"floor":24,"key":"SteroidPotion"},{"floor":36,"key":"SteroidPotion"},{"floor":54,"key":"SpeedPotion"}],"is_trial":false,"path_per_floor":["M","?","M","M","M","R","?","E","T","E","M","R","E","M","R","B",null,"M","?","M","?","M","R","E","R","T","E","$","M","E","$","R","B",null,"M","M","?","?","M","R","E","R","T","?","R","$","E","?","R","B",null,"R","$","E","B",null],"character_chosen":"THE_SENSHI","items_purchased":["Apotheosis","theSenshi:SailorJupiterAssists","Bottled Lightning","theSenshi:MoonPrincessHalation","theSenshi:MoonCosmicPowerMakeUp","theSenshi:MoonCrystalPowerMakeUp","theSenshi:SailorJupiterAssists"],"campfire_rested":4,"item_purchase_floors":[28,28,31,46,46,53,53],"current_hp_per_floor":[69,69,69,69,66,66,66,53,53,47,45,45,31,44,44,36,71,76,76,82,82,82,82,55,55,55,43,43,52,61,61,61,59,76,77,82,82,82,82,82,62,82,82,72,82,82,61,64,82,46,73,82,82,59,41],"gold":37,"neow_bonus":"TEN_PERCENT_HP_BONUS","is_daily":false,"chose_seed":false,"campfire_upgraded":6,"win_rate":0.0,"timestamp":1611639676,"path_taken":["M","?","M","M","M","R","?","E","T","E","M","R","E","M","R","BOSS","M","?","?","?","?","R","E","R","T","E","$","M","E","$","R","BOSS","M","M","?","?","M","R","E","R","T","?","R","$","E","?","R","BOSS","R","$","E","BOSS"],"items_purchased_type":["Card","Card","Relic","Card","Card","Card","Card"],"build_version":"2020-12-22","purchased_purges":1,"victory":true,"max_hp_per_floor":[82,82,82,82,82,82,82,82,82,82,82,82,82,82,82,82,82,82,82,82,82,82,82,82,82,82,82,82,82,82,82,82,82,82,82,82,82,82,82,82,82,82,82,82,82,82,82,82,82,82,82,82,82,82,82],"card_choices":[{"not_picked":["theSenshi:SailorChibiMoonAssists","theSenshi:NeptunesGrace"],"picked":"theSenshi:MoonTiaraMagic","floor":1.0},{"not_picked":["theSenshi:MoonPunch","theSenshi:EncouragingSpeech"],"picked":"theSenshi:SailorJupiterAssists","floor":3.0},{"not_picked":["theSenshi:DramaticEntrance","theSenshi:PlutosSolemnity"],"picked":"theSenshi:NeptunesGrace","floor":4.0},{"not_picked":["theSenshi:SupersonicWaves","theSenshi:LunasBite"],"picked":"theSenshi:MoonHealingEscalation","floor":5.0},{"not_picked":["theSenshi:Sidestep","theSenshi:SailorStarFighterAssists","theSenshi:DramaticEntrance"],"picked":"SKIP","floor":8.0},{"not_picked":["theSenshi:SailorMercuryAssists","theSenshi:SupersonicWaves"],"picked":"theSenshi:MoonKick","floor":10.0},{"not_picked":["theSenshi:MoonKick","theSenshi:SailorMarsAssists"],"picked":"theSenshi:TallSilhouette","floor":11.0},{"not_picked":["theSenshi:MercurysCunning","theSenshi:TuxedoMaskAssists"],"picked":"theSenshi:SailorPlanetAttack","floor":13.0},{"not_picked":["theSenshi:SailorUranusAssists","theSenshi:GatheringStrength"],"picked":"theSenshi:SailorV","floor":14.0},{"not_picked":["theSenshi:ChibiMoonsLove","theSenshi:InTheNameOfTheMoon"],"picked":"theSenshi:SailorStarHealerAssists","floor":16.0},{"not_picked":["theSenshi:SteeledNerves+1","theSenshi:DramaticEntrance"],"picked":"theSenshi:SailorChibiMoonAssists","floor":18.0},{"not_picked":["theSenshi:UranusStrength","theSenshi:TallSilhouette"],"picked":"theSenshi:MoonCrystalPowerMakeUp","floor":20.0},{"not_picked":["theSenshi:SailorStarMakerAssists+1","theSenshi:NeptunesGrace+1","theSenshi:Sidestep"],"picked":"SKIP","floor":22.0},{"not_picked":["theSenshi:TallSilhouette","theSenshi:ChibiMoonsLove"],"picked":"theSenshi:MoonCrisisMakeUp","floor":24},{"not_picked":["theSenshi:MoonPower","theSenshi:MoonPunch"],"picked":"theSenshi:StarlightHoneymoonTherapyKiss","floor":27},{"not_picked":["theSenshi:LunasBite","theSenshi:RainbowMoonHeartAche"],"picked":"theSenshi:SailorMercuryAssists","floor":29},{"not_picked":["theSenshi:ChibiMoonsLove","theSenshi:MoonPunch"],"picked":"theSenshi:TallSilhouette","floor":30},{"not_picked":["theSenshi:ChibiMoonsLove","theSenshi:SailorCosmosAssists"],"picked":"theSenshi:InTheNameOfTheMoon","floor":33},{"not_picked":["theSenshi:SchoolBag","theSenshi:SailorNeptuneAssists","theSenshi:LateForSchool+1"],"picked":"SKIP","floor":35},{"not_picked":["theSenshi:SailorStarMakerAssists+1","theSenshi:EncouragingSpeech"],"picked":"theSenshi:SilverCrystal","floor":36},{"not_picked":["theSenshi:SchoolBag+1","theSenshi:LateForSchool","theSenshi:Sidestep"],"picked":"SKIP","floor":39},{"not_picked":["theSenshi:TallSilhouette","theSenshi:OdangoHead"],"picked":"theSenshi:StudyParty","floor":41},{"not_picked":["theSenshi:LunaSensingAllies","theSenshi:GatheringStrength"],"picked":"theSenshi:MoonCrystalPowerMakeUp","floor":47},{"not_picked":["theSenshi:SteeledNerves+1","theSenshi:LunaWiseMentor"],"picked":"theSenshi:SilverMoonCrystalPowerKiss","floor":54}],"player_experience":922076,"relics_obtained":[{"floor":8.0,"key":"Blood Vial"},{"floor":9.0,"key":"Bag of Marbles"},{"floor":10.0,"key":"theSenshi:SailorFukuRelic"},{"floor":13.0,"key":"Meat on the Bone"},{"floor":24,"key":"theSenshi:CutieMoonRodRelic"},{"floor":26,"key":"theSenshi:RoseRelic"},{"floor":27,"key":"Incense Burner"},{"floor":30,"key":"theSenshi:CrystalStarRelic"},{"floor":41,"key":"CaptainsWheel"},{"floor":47,"key":"Lantern"},{"floor":48,"key":"theSenshi:EternalTiareRelic"},{"floor":54,"key":"White Beast Statue"}],"event_choices":[{"damage_healed":0.0,"max_hp_gain":0.0,"max_hp_loss":0.0,"gold_gain":0.0,"event_name":"Living Wall","player_choice":"Grow","floor":2.0,"gold_loss":0.0,"damage_taken":0.0,"cards_upgraded":["theSenshi:MoonTiaraMagic"]},{"cards_removed":["theSenshi:SailorKick"],"damage_healed":0.0,"max_hp_gain":0.0,"max_hp_loss":0.0,"gold_gain":0.0,"event_name":"Purifier","player_choice":"Purged","floor":7.0,"gold_loss":0.0,"damage_taken":0.0},{"damage_healed":0.0,"max_hp_gain":0.0,"max_hp_loss":0.0,"gold_gain":0.0,"event_name":"N\u0027loth","player_choice":"Traded Relic","floor":19.0,"relics_lost":["theSenshi:TransformationBroochRelic"],"gold_loss":0.0,"damage_taken":0.0,"relics_obtained":["Nloth\u0027s Gift"]},{"cards_removed":["theSenshi:SailorKick"],"damage_healed":0.0,"max_hp_gain":0.0,"max_hp_loss":0.0,"gold_gain":0.0,"event_name":"Bonfire Elementals","player_choice":"Offered Basic","floor":21.0,"gold_loss":0.0,"damage_taken":0.0},{"cards_removed":["theSenshi:SailorPlanetAttack"],"damage_healed":0,"gold_gain":0,"player_choice":"Removed Attack","damage_taken":0,"max_hp_gain":0,"max_hp_loss":0,"event_name":"Falling","floor":37,"gold_loss":0},{"damage_healed":0,"gold_gain":0,"player_choice":"Ignored","damage_taken":0,"max_hp_gain":0,"max_hp_loss":0,"event_name":"Tomb of Lord Red Mask","floor":38,"gold_loss":0},{"damage_healed":0,"gold_gain":0,"player_choice":"Embrace Madness","damage_taken":10,"max_hp_gain":0,"max_hp_loss":0,"event_name":"Winding Halls","floor":44,"gold_loss":0,"cards_obtained":["Madness","Madness"]},{"damage_healed":0,"gold_gain":0,"player_choice":"Fight","damage_taken":0,"max_hp_gain":0,"max_hp_loss":0,"event_name":"Mysterious Sphere","floor":48,"gold_loss":0}],"is_beta":false,"boss_relics":[{"not_picked":["Philosopher\u0027s Stone","Pandora\u0027s Box"],"picked":"Velvet Choker"},{"not_picked":["Snecko Eye","SacredBark"],"picked":"theSenshi:MoonKaleidoScopeRelic"}],"items_purged_floors":[28],"is_endless":false,"potions_floor_spawned":[8,10,11,14,22,24,36,39,54],"ascension_level":13}}