{"host":"df48i9djcn92c5sx","time":1611639720,"event":{"mods":["Act Like it!","Arknights The Spire","BaseMod","Decade(王小明)","Downfall","Gensokyo","Marisa（F雨　魔理沙）","Minty Spire (QoL Compilation)","READ ME - Guardian Mod","READ ME - Snecko Mod","Reimu（博丽灵梦）","Remilia（蕾米莉亚）","Shop Mod","StSLib","The Jungle","The Servant 0.9.4"],"gold_per_floor":[115,40,140,69,83,83,109,109,109,120,147,147,147,166,166,166,166],"floor_reached":16,"language":"ZHS","playtime":547,"items_purged":["Strike_S"],"score":167,"play_id":"e068b41a-60b7-455a-b34d-d8c6eb2a004f","local_time":"20210126134200","is_ascension_mode":true,"campfire_choices":[{"data":"KidneyShot","floor":6,"key":"SMITH"},{"data":"Duplication","floor":8,"key":"SMITH"},{"data":"GearUp","floor":13,"key":"SMITH"},{"data":"Misdirection","floor":15,"key":"SMITH"}],"circlet_count":0,"master_deck":["Strike_S","Strike_S","Strike_S","Defend_S","Defend_S","Defend_S","Defend_S","KidneyShot+1","Exchange","GearUp+1","Duplication+1","Ricochet+1","Desolation+1","Misdirection+1"],"relics":["Uniform","NeowsBlessing","Omamori","Molten Egg 2","Lantern"],"acts_visited":["Exordium"],"potions_floor_usage":[11],"damage_taken":[{"damage":0,"enemies":"Gensokyo:Python","floor":1,"turns":1},{"damage":0,"enemies":"Gensokyo:2_Kodama","floor":5,"turns":1},{"damage":0,"enemies":"Gensokyo:Cirno","floor":7,"turns":2},{"damage":0,"enemies":"Gensokyo:3_Fairies","floor":10,"turns":7},{"damage":37,"enemies":"Gensokyo:Aya","floor":11,"turns":12},{"damage":0,"enemies":"Gensokyo:VengefulSpirit","floor":14,"turns":6},{"damage":34,"enemies":"Gensokyo:Yukari","floor":16,"turns":10}],"seed_played":"6586889634955325733","potions_obtained":[{"floor":1,"key":"FearPotion"}],"is_trial":false,"path_per_floor":["M","$","?","$","M","R","E","R","T","M","E","?","R","M","R","B"],"character_chosen":"THE_SERVANT","items_purchased":["Duplication"],"campfire_rested":0,"item_purchase_floors":[4],"current_hp_per_floor":[59,59,59,59,59,59,59,59,59,59,22,22,22,22,22,0,0],"gold":166,"neow_bonus":"THREE_ENEMY_KILL","is_daily":false,"chose_seed":false,"campfire_upgraded":4,"win_rate":0.0,"timestamp":1611639720,"path_taken":["M","?","?","?","M","R","E","R","T","M","E","?","R","?","R","BOSS"],"items_purchased_type":["Card"],"build_version":"2020-12-22","purchased_purges":1,"victory":false,"max_hp_per_floor":[65,65,65,65,65,65,65,65,65,65,65,65,65,65,65,65,65],"card_choices":[{"not_picked":["Gouge","BottledTime"],"picked":"GearUp","floor":1},{"not_picked":["WasteNot","Gouge","Replace"],"picked":"SKIP","floor":5},{"not_picked":["Starlight","Defy","Potential"],"picked":"SKIP","floor":7},{"not_picked":["Defy","Advance"],"picked":"Ricochet+1","floor":10},{"not_picked":["Advance","TimeWarp+1"],"picked":"Desolation+1","floor":11},{"not_picked":["Moondial","Foresight"],"picked":"Misdirection","floor":14}],"player_experience":1488045,"relics_obtained":[{"floor":7,"key":"Omamori"},{"floor":9,"key":"Molten Egg 2"},{"floor":11,"key":"Lantern"}],"event_choices":[],"is_beta":false,"boss_relics":[],"items_purged_floors":[2],"is_endless":false,"potions_floor_spawned":[1],"killed_by":"Gensokyo:Yukari","ascension_level":6}}