{"host":"1tl36azeqm6yhdgj","time":1611701519,"event":{"mods":["AchievementEnabler","BaseMod","Minty Spire (QoL Compilation)","StSLib","The IronCluck","everything is the same but u backflip on backflip"],"gold_per_floor":[118,130,149,2,19,19,51,69,69,69,69],"floor_reached":10,"language":"ENG","playtime":311,"items_purged":[],"score":140,"play_id":"41326cac-1bad-422a-bc9d-ef8fa94ba5f9","local_time":"20210126175159","is_ascension_mode":true,"campfire_choices":[{"data":"Jack Of All Trades","floor":6,"key":"SMITH"}],"circlet_count":0,"master_deck":["AscendersBane","Strike_R","Strike_R","Strike_R","Strike_R","Defend_R","Defend_R","Defend_R","Defend_R","Bash","Flex","Clothesline","Jack Of All Trades+1","Flame Barrier","Anger","Seeing Red"],"relics":["Burning Blood","Mango","Kunai"],"acts_visited":["Exordium"],"potions_floor_usage":[3,5,8,10],"damage_taken":[{"damage":17,"enemies":"Cultist","floor":1,"turns":4},{"damage":9,"enemies":"2 Louse","floor":2,"turns":2},{"damage":4,"enemies":"Jaw Worm","floor":3,"turns":3},{"damage":0,"enemies":"3 Louse","floor":5,"turns":2},{"damage":10,"enemies":"Lagavulin","floor":7,"turns":6},{"damage":21,"enemies":"Exordium Thugs","floor":8,"turns":4},{"damage":58,"enemies":"3 Sentries","floor":10,"turns":10}],"seed_played":"8789953669762965614","potions_obtained":[{"floor":1,"key":"Swift Potion"},{"floor":2,"key":"FearPotion"},{"floor":5,"key":"Energy Potion"}],"is_trial":false,"path_per_floor":["M","M","M","$","M","R","E","M","T","E"],"character_chosen":"IRONCLAD","items_purchased":["Jack Of All Trades","Explosive Potion"],"campfire_rested":0,"item_purchase_floors":[4,4],"current_hp_per_floor":[57,54,56,56,62,62,72,57,57,0,0],"gold":69,"neow_bonus":"TRANSFORM_CARD","is_daily":false,"chose_seed":false,"campfire_upgraded":1,"win_rate":0.0,"timestamp":1611701519,"path_taken":["M","M","?","?","M","R","E","M","T","E"],"items_purchased_type":["Card","Potion"],"build_version":"2020-12-22","purchased_purges":0,"victory":false,"max_hp_per_floor":[75,75,75,75,75,75,89,89,89,89,89],"card_choices":[{"not_picked":["Combust","Dual Wield"],"picked":"Clothesline","floor":1},{"not_picked":["Searing Blow","Body Slam","Armaments"],"picked":"SKIP","floor":2},{"not_picked":["Flex","Evolve","Clothesline"],"picked":"SKIP","floor":3},{"not_picked":["Searing Blow","Hemokinesis"],"picked":"Flame Barrier","floor":5},{"not_picked":["Warcry","Clash"],"picked":"Anger","floor":7},{"not_picked":["Shrug It Off","Infernal Blade"],"picked":"Seeing Red","floor":8}],"player_experience":2075819,"relics_obtained":[{"floor":7,"key":"Mango"},{"floor":9,"key":"Kunai"}],"event_choices":[],"is_beta":false,"boss_relics":[],"items_purged_floors":[],"is_endless":false,"potions_floor_spawned":[1,2,5],"killed_by":"3 Sentries","ascension_level":20}}