{"host":"tl3n8idhzo2mohle","time":1611648621,"event":{"mods":["BaseMod","Colored Powertips","Downfall","Good Game Mod","Minty Spire (QoL Compilation)","StSLib","The Bladedancer","Waifu the Spire","noobMod"],"gold_per_floor":[99,46,46,46,46,46,73,105,105,118,129,129,129,129],"floor_reached":12,"language":"ZHS","playtime":367,"items_purged":[],"score":74,"play_id":"c1273db2-89a7-4448-9552-322563fc3838","local_time":"20210126161021","is_ascension_mode":false,"campfire_choices":[{"floor":1,"key":"RECALL"},{"data":"champ:UltimateStance","floor":9,"key":"SMITH"}],"circlet_count":0,"master_deck":["champ:Strike","champ:Strike","champ:Strike","champ:Strike","champ:Defend","champ:Defend","champ:Defend","champ:Defend","champ:Execute","champ:Taunt","Slimebound:WasteNot","champ:Haymaker","champ:CrownThrow","champ:DeathBlow","champ:UltimateStance+1","champ:DefensiveStyle","champ:CrookedStrike"],"relics":["champ:ChampionCrown","REME:ComplimentaryCards","ice","downfall:HeartsMalice","StrikeDummy"],"acts_visited":["Exordium"],"potions_floor_usage":[],"damage_taken":[{"damage":0,"enemies":"downfall:FleeingMerchant","floor":2,"turns":1},{"damage":0,"enemies":"Cultist","floor":3,"turns":1},{"damage":0,"enemies":"2 Louse","floor":6,"turns":1},{"damage":56,"enemies":"Gremlin Nob","floor":8,"turns":5},{"damage":10,"enemies":"Small Slimes","floor":10,"turns":3},{"damage":16,"enemies":"Red Slaver","floor":11,"turns":4},{"damage":0,"enemies":"3 Sentries","floor":12,"turns":1}],"seed_played":"-7189862038283857953","potions_obtained":[{"floor":8,"key":"SneckoOil"},{"floor":11,"key":"GamblersBrew"}],"is_trial":false,"path_per_floor":["R","$","M","?","?","M","T","E","R","M","M","E"],"character_chosen":"THE_CHAMP","items_purchased":["champ:CrownThrow"],"campfire_rested":0,"item_purchase_floors":[2],"current_hp_per_floor":[90,90,90,90,90,90,90,54,54,54,48,48,48,48],"gold":129,"neow_bonus":"THREE_ENEMY_KILL","is_daily":false,"chose_seed":false,"campfire_upgraded":1,"win_rate":0.0,"timestamp":1611648621,"path_taken":["R","$","?","?","?","?","T","E","R","M","?","E"],"items_purchased_type":["Card"],"build_version":"2020-12-22","purchased_purges":0,"victory":false,"max_hp_per_floor":[90,90,90,90,90,90,90,90,90,90,90,90,90,90],"card_choices":[{"not_picked":["champ:PreciseThrust","champ:Duel"],"picked":"champ:Haymaker","floor":2},{"not_picked":["champ:Haymaker","champ:ViciousMockery"],"picked":"champ:TornadoPunch","floor":3},{"not_picked":["champ:CrookedStrike","champ:Duel"],"picked":"champ:DeathBlow","floor":6},{"not_picked":["champ:PerfectedStrike","champ:Backstep"],"picked":"champ:UltimateStance","floor":8},{"not_picked":["champ:GladiatorStyle","champ:Endure"],"picked":"champ:DefensiveStyle","floor":10},{"not_picked":["champ:CrownThrow","champ:Haymaker"],"picked":"champ:CrookedStrike","floor":11}],"player_experience":61894,"relics_obtained":[{"floor":8,"key":"StrikeDummy"}],"event_choices":[{"cards_removed":["champ:TornadoPunch"],"damage_healed":5,"gold_gain":0,"player_choice":"Offered Common","damage_taken":0,"max_hp_gain":0,"max_hp_loss":0,"event_name":"Bonfire Elementals","floor":5,"gold_loss":0},{"cards_removed":["champ:TornadoPunch"],"damage_healed":5,"gold_gain":0,"player_choice":"Offered Special","damage_taken":0,"max_hp_gain":0,"max_hp_loss":0,"event_name":"Bonfire Elementals","floor":5,"gold_loss":0}],"is_beta":false,"boss_relics":[],"items_purged_floors":[],"is_endless":false,"potions_floor_spawned":[8,11],"killed_by":"3 Sentries","ascension_level":0}}