{"host":"1hw3ks68c0zl1mxv","time":1611635890,"event":{"mods":["Act Like it!","Ascension Reborn","Aspiration","BaseMod","BetterRewards","Colored Map","Colored Powertips","Conspire","Downfall","Energized Spire","GungeonMod","Halation","Hallownest","Hubris","Infinite Spire","Marisa????????","Mimic Mod","Minty Spire (QoL Compilation)","Quick Restart","Replay The Spire","Shop Mod","StSLib","The Bug Knight","The Construct","The Elementalist","The Necromancer","The Saiyan","The Servant 0.9.4","TheHero"],"gold_per_floor":[99,117,170,57,72,72,72,106,126,19,37,53,53,70,88,186,186,186,205,205,205,115,142,142,142,142,142,57,76,76,34,49,154,154,154,208,227,227,243,22,49,49,77,77,90,90,90,90,101,101,101,101],"floor_reached":50,"language":"ENG","playtime":3704,"items_purged":["Slimebound:Grow","Amnesia"],"score":563,"play_id":"5173c51c-d308-4539-b3f4-72f9fa726723","local_time":"20210125213810","is_ascension_mode":true,"campfire_choices":[{"data":"Slimebound:CorrosiveSpit","floor":1.0,"key":"SMITH"},{"data":"Slimebound:Split","floor":6.0,"key":"SMITH"},{"data":"Slimebound:Equalize","floor":18.0,"key":"SMITH"},{"data":"Slimebound:Repurpose","floor":25.0,"key":"SMITH"},{"data":"Slimebound:Gluttony","floor":30.0,"key":"SMITH"},{"data":"Slimebound:MassRepurpose","floor":35.0,"key":"SMITH"},{"data":"Slimebound:Gluttony","floor":42.0,"key":"SMITH"},{"data":"Slimebound:OozeBath","floor":47,"key":"SMITH"}],"circlet_count":0,"master_deck":["Slimebound:Strike_Slimebound","Slimebound:Strike_Slimebound","Slimebound:Strike_Slimebound","Slimebound:Tackle","Slimebound:Defend_Slimebound","Slimebound:Defend_Slimebound","Slimebound:Defend_Slimebound","Slimebound:Defend_Slimebound","Slimebound:Split+1","Slimebound:CorrosiveSpit+1","Slimebound:SplitMire","Slimebound:Schlurp+1","Slimebound:LeadByExample+1","Slimebound:Schlurp+1","Slimebound:GrowthPunch","Slimebound:SlimeTap","Slimebound:SpikyOuterGoop","Replay:SS_forest_2+1","Slimebound:Repurpose+1","Slimebound:Equalize+1","Slimebound:LevelUp","Slimebound:Teamwork+1","Slimebound:OozeBath+1","Slimebound:TongueLash+1","Slimebound:Gluttony+1","Slimebound:Gluttony+1","Slimebound:Schlurp+1","Slimebound:MassRepurpose+1","ReplayTheSpireMod:Splinters","Slimebound:TongueLash+1","Slimebound:SlimeSpikes+1","Slimebound:Gluttony","Slimebound:LevelUp+1","Slimebound:Schlurp+1"],"relics":["Slimebound:AbsorbEndCombat","Lantern","Replay:Bottled Flurry","MealTicket","hubris:ScarierMask","aspiration:RitualStick","halation:Trompette","halation:PromiseList","ReplayTheSpireMod:CursedCoin","Replay:Bottled Eggs","Replay:Towering Pillar of Hats","Frozen Eye","infinitespire:PuzzleCube","Bottled Flame"],"acts_visited":["Exordium","TheCity","TheBeyond"],"potions_floor_usage":[43,50,50],"damage_taken":[{"damage":3.0,"enemies":"Cultist","floor":2.0,"turns":4.0},{"damage":15.0,"enemies":"downfall:FleeingMerchant","floor":4.0,"turns":4.0},{"damage":0.0,"enemies":"Small Slimes","floor":5.0,"turns":4.0},{"damage":7.0,"enemies":"Replay:BlueRogue","floor":8.0,"turns":5.0},{"damage":4.0,"enemies":"infinitespire:Voidling","floor":9.0,"turns":3.0},{"damage":5.0,"enemies":"downfall:FleeingMerchant","floor":10.0,"turns":4.0},{"damage":0.0,"enemies":"Large Slime","floor":11.0,"turns":5.0},{"damage":8.0,"enemies":"Exordium Wildlife","floor":12.0,"turns":6.0},{"damage":2.0,"enemies":"Exordium Thugs","floor":14.0,"turns":4.0},{"damage":4.0,"enemies":"Large Slime","floor":15.0,"turns":6.0},{"damage":40.0,"enemies":"WA_ARCHETYPE_RETAIN","floor":16.0,"turns":10.0},{"damage":26.0,"enemies":"3 Byrds","floor":19.0,"turns":5.0},{"damage":0.0,"enemies":"downfall:FleeingMerchant","floor":22.0,"turns":4.0},{"damage":9.0,"enemies":"HollowMod:Nosk","floor":23.0,"turns":7.0},{"damage":25.0,"enemies":"downfall:FleeingMerchant","floor":28.0,"turns":4.0},{"damage":14.0,"enemies":"Shelled Parasite and Fungi","floor":29.0,"turns":6.0},{"damage":18.0,"enemies":"downfall:FleeingMerchant","floor":31.0,"turns":4.0},{"damage":14.0,"enemies":"Snecko","floor":32.0,"turns":5.0},{"damage":69.0,"enemies":"DF_ARCHETYPE_CLAW","floor":33.0,"turns":10.0},{"damage":8.0,"enemies":"3 Shapes","floor":37.0,"turns":7.0},{"damage":29.0,"enemies":"Orb Walker","floor":39.0,"turns":6.0},{"damage":0.0,"enemies":"downfall:FleeingMerchant","floor":40.0,"turns":2.0},{"damage":40,"enemies":"Reptomancer","floor":43,"turns":6},{"damage":7,"enemies":"3 Darklings","floor":45,"turns":5},{"damage":8,"enemies":"3 Darklings","floor":46,"turns":5},{"damage":1,"enemies":"Sphere and 2 Shapes","floor":49,"turns":4},{"damage":87,"enemies":"IC_BLOCK_ARCHETYPE","floor":50,"turns":10}],"seed_played":"-2923738772235710777","potions_obtained":[{"floor":2.0,"key":"Swift Potion"},{"floor":9.0,"key":"sneckomod:MuddlingPotion"},{"floor":11.0,"key":"Elixir"},{"floor":12.0,"key":"Fruit Juice"},{"floor":14.0,"key":"Explosive Potion"},{"floor":19.0,"key":"Dexterity Potion"},{"floor":33.0,"key":"Slimebound:SlimedPotion"},{"floor":36.0,"key":"LifebloodPotion"},{"floor":43,"key":"SkillPotion"}],"is_trial":false,"path_per_floor":["R","M","T","$","M","R","T","E","M","$","M","M","?","M","M","B",null,"R","M","?","?","$","E","T","R","AVR","?","$","M","R","$","M","B",null,"R","?","M","?","M","$","T","R","E","?","M","?","R","?","M","B"],"character_chosen":"SLIMEBOUND","items_purchased":["Slimebound:Schlurp","Slimebound:LeadByExample","Replay:SS_forest_2","Slimebound:Gluttony","ReplayTheSpireMod:CursedCoin","Slimebound:Gluttony","LiquidMemories","Slimebound:Gluttony","Replay:Towering Pillar of Hats","Frozen Eye"],"campfire_rested":0,"item_purchase_floors":[4,4,10,28,31,31,40,40,40,40],"current_hp_per_floor":[71,70,70,62,66,66,66,65,69,70,71,74,74,76,76,52,76,76,60,60,45,76,69,69,69,69,69,51,57,57,62,60,11,76,76,76,70,70,53,72,72,72,51,51,52,62,62,62,65,0,0,0],"gold":101,"neow_bonus":"TEN_PERCENT_HP_BONUS","is_daily":false,"chose_seed":false,"campfire_upgraded":8,"win_rate":0.0,"timestamp":1611635890,"path_taken":["R","M","?","$","M","R","T","E","M","$","M","M","?","?","M","BOSS","R","M","?","?","$","E","T","R","AVR","?","$","?","R","?","M","BOSS","R","?","?","?","M","$","T","R","E","?","M","?","R","?","M","BOSS"],"items_purchased_type":["Card","Card","Card","Card","Relic","Card","Potion","Card","Relic","Relic"],"build_version":"2020-12-22","purchased_purges":2,"victory":false,"max_hp_per_floor":[71,71,71,71,71,71,71,71,71,71,71,76,76,76,76,76,76,76,76,76,76,76,76,76,76,76,76,76,76,76,76,76,76,76,76,76,76,76,76,76,76,76,76,76,76,76,76,76,76,76,76,76],"card_choices":[{"not_picked":["Slimebound:Equalize","Slimebound:SplitAcid"],"picked":"Slimebound:SplitMire","floor":2.0},{"not_picked":["Slimebound:FormOfPuddle","Slimebound:SlimeBrawl"],"picked":"Slimebound:Grow","floor":4.0},{"not_picked":["Slimebound:GoopTackle","Slimebound:BestDefense"],"picked":"Slimebound:Schlurp","floor":5.0},{"not_picked":["Slimebound:SplitAcid","Slimebound:HauntingLick"],"picked":"Slimebound:GrowthPunch","floor":8.0},{"not_picked":["Slimebound:SplitMire","Slimebound:SplitBruiser"],"picked":"Slimebound:SlimeTap","floor":9.0},{"not_picked":["Slimebound:LeadByExample","Slimebound:ComboTackle"],"picked":"Slimebound:SpikyOuterGoop","floor":10.0},{"not_picked":["Slimebound:LeechEnergy","Slimebound:SlimeBrawl","Slimebound:FinishingTackle"],"picked":"SKIP","floor":11.0},{"not_picked":["Slimebound:LivingWall","Slimebound:LevelUp"],"picked":"Slimebound:Repurpose","floor":12.0},{"not_picked":["Slimebound:ProtectTheBoss","Slimebound:ItLooksTasty"],"picked":"Slimebound:Equalize","floor":14.0},{"not_picked":["Slimebound:Grow","Slimebound:LeechingTouch"],"picked":"Slimebound:LevelUp","floor":15.0},{"not_picked":["Slimebound:RallyTheTroops","Slimebound:LeechLife"],"picked":"Slimebound:Teamwork","floor":16.0},{"not_picked":["Slimebound:LeechEnergy","Slimebound:Nibble","Slimebound:LeechingTouch+1"],"picked":"SKIP","floor":19.0},{"not_picked":["Slimebound:MegaLick","Slimebound:Equalize+1"],"picked":"Slimebound:OozeBath","floor":22.0},{"not_picked":["Slimebound:OneTwoCombo","Slimebound:GoopSpray+1"],"picked":"Slimebound:TongueLash+1","floor":23.0},{"not_picked":["Slimebound:SplitAcid","Slimebound:RollThrough","Slimebound:PressTheAttack"],"picked":"SKIP","floor":28.0},{"not_picked":["Slimebound:Chomp","Slimebound:SplitBruiser+1","Slimebound:GoopTackle"],"picked":"SKIP","floor":29.0},{"not_picked":["Slimebound:FirmFortitude","Slimebound:SplitLeeching","Slimebound:GoopTackle+1"],"picked":"SKIP","floor":31.0},{"not_picked":["Slimebound:GoopSpray+1","Slimebound:ProtectTheBoss"],"picked":"Slimebound:Schlurp","floor":32.0},{"not_picked":["Slimebound:OneTwoCombo","Slimebound:SlimeSlap"],"picked":"Slimebound:MassRepurpose","floor":33.0},{"not_picked":["Slimebound:LeechEnergy","Slimebound:SplitBruiser"],"picked":"Slimebound:TongueLash+1","floor":37.0},{"not_picked":["Slimebound:Prepare+1","Slimebound:ForwardTackle","Slimebound:RollThrough"],"picked":"SKIP","floor":39.0},{"not_picked":["Slimebound:Equalize+1","Slimebound:LeechingTouch+1"],"picked":"Slimebound:SlimeSpikes+1","floor":40.0},{"not_picked":["Slimebound:Repurpose","Slimebound:Teamwork"],"picked":"Slimebound:LevelUp+1","floor":43},{"not_picked":["Slimebound:Nibble+1","Slimebound:RollThrough+1"],"picked":"Slimebound:Schlurp+1","floor":45},{"not_picked":["Slimebound:SplitLeeching","Slimebound:MegaLick","Slimebound:GrowthPunch+1"],"picked":"SKIP","floor":49}],"player_experience":1439455,"relics_obtained":[{"floor":3.0,"key":"Lantern"},{"floor":7.0,"key":"Replay:Bottled Flurry"},{"floor":8.0,"key":"MealTicket"},{"floor":23.0,"key":"halation:Trompette"},{"floor":24.0,"key":"halation:PromiseList"},{"floor":36.0,"key":"Replay:Bottled Eggs"},{"floor":41.0,"key":"infinitespire:PuzzleCube"},{"floor":43,"key":"Bottled Flame"}],"event_choices":[{"damage_healed":0.0,"max_hp_gain":0.0,"max_hp_loss":0.0,"gold_gain":0.0,"event_name":"Ghosts","player_choice":"Ignored","floor":27.0,"gold_loss":0.0,"damage_taken":0.0},{"damage_healed":0,"gold_gain":0,"player_choice":"Forge","damage_taken":0,"max_hp_gain":0,"max_hp_loss":0,"event_name":"Accursed Blacksmith","floor":48,"gold_loss":0,"cards_upgraded":["Slimebound:LeadByExample"]}],"is_beta":false,"boss_relics":[{"not_picked":["conspire:SpecialSausage","halation:Yufonium"],"picked":"hubris:ScarierMask"},{"not_picked":["ReplayTheSpireMod:DimensionalGlitch","Replay:Bronze Core","halation:PlatinumPhoenix"]}],"items_purged_floors":[22,31],"is_endless":false,"potions_floor_spawned":[2,9,11,12,14,16,19,29,33,43,45,49],"killed_by":"IC_BLOCK_ARCHETYPE","ascension_level":0}}