{"host":"7qqg3hyzrz6apiso","time":1611633077,"event":{"mods":["AchievementEnabler","BaseMod","Better Debug","Colored Map","Keyboard Shortcuts","Minty Spire (QoL Compilation)","Permanent Neow","Quick Restart","StSLib","SuperFastMode"],"gold_per_floor":[109,34,34,34,53,53,3,32,32,44,58,32,32,67,67,166,166,178,29,29,29,48,48,67,67,141,141,141,141,175,195,195,290,290,308,355,355,355,373,383,35,0,0,0,0,0,32,49,49,49],"floor_reached":51,"language":"KOR","playtime":1862,"items_purged":["Shame"],"score":840,"play_id":"fa86da73-07f9-477c-8e58-ec919e853a93","local_time":"20210126125117","is_ascension_mode":true,"campfire_choices":[{"data":"Apotheosis","floor":6,"key":"SMITH"},{"data":"Perfected Strike","floor":13,"key":"SMITH"},{"floor":15,"key":"REST"},{"floor":23,"key":"REST"},{"data":"Pommel Strike","floor":25,"key":"SMITH"},{"data":"Bash","floor":28,"key":"SMITH"},{"data":"Twin Strike","floor":32,"key":"SMITH"},{"floor":49,"key":"REST"}],"circlet_count":0,"master_deck":["Strike_R","Strike_R","Strike_R","Strike_R","Strike_R","Defend_R","Defend_R","Defend_R","Defend_R","Bash+1","Apotheosis+1","Twin Strike+1","Perfected Strike+1","Twin Strike","Twin Strike","Perfected Strike+1","Pommel Strike+1","Shrug It Off+1","Twin Strike","Pommel Strike","Pommel Strike","Flex"],"relics":["Burning Blood","TungstenRod","Kunai","Nunchaku","HornCleat","Orichalcum","Snecko Eye","DollysMirror","Enchiridion","InkBottle","Vajra","Pantograph","Fusion Hammer","Ginger","Bag of Preparation","Champion Belt","Red Mask","Toxic Egg 2","Centennial Puzzle"],"acts_visited":["Exordium","TheCity","TheBeyond"],"potions_floor_usage":[8,16,16,30,30,45,45,50],"damage_taken":[{"damage":1,"enemies":"Cultist","floor":1,"turns":4},{"damage":6,"enemies":"Jaw Worm","floor":5,"turns":5},{"damage":16,"enemies":"3 Sentries","floor":8,"turns":10},{"damage":0,"enemies":"Small Slimes","floor":10,"turns":3},{"damage":1,"enemies":"Blue Slaver","floor":11,"turns":4},{"damage":15,"enemies":"Gremlin Nob","floor":14,"turns":4},{"damage":25,"enemies":"The Guardian","floor":16,"turns":7},{"damage":0,"enemies":"Spheric Guardian","floor":18,"turns":3},{"damage":0,"enemies":"Shell Parasite","floor":22,"turns":3},{"damage":9,"enemies":"Snake Plant","floor":24,"turns":2},{"damage":19,"enemies":"Slavers","floor":30,"turns":6},{"damage":0,"enemies":"Cultist and Chosen","floor":31,"turns":4},{"damage":0,"enemies":"Champ","floor":33,"turns":5},{"damage":21,"enemies":"3 Darklings","floor":35,"turns":3},{"damage":9,"enemies":"2 Orb Walkers","floor":36,"turns":3},{"damage":0,"enemies":"3 Shapes","floor":39,"turns":2},{"damage":0,"enemies":"Sphere and 2 Shapes","floor":40,"turns":3},{"damage":17,"enemies":"Reptomancer","floor":45,"turns":6},{"damage":8,"enemies":"Nemesis","floor":47,"turns":3},{"damage":0,"enemies":"Transient","floor":48,"turns":5},{"damage":38,"enemies":"Donu and Deca","floor":50,"turns":7}],"seed_played":"-2380468143301584891","potions_obtained":[{"floor":5,"key":"Weak Potion"},{"floor":8,"key":"Strength Potion"},{"floor":10,"key":"FearPotion"},{"floor":11,"key":"BlessingOfTheForge"},{"floor":16,"key":"Dexterity Potion"},{"floor":22,"key":"SmokeBomb"},{"floor":30,"key":"ElixirPotion"},{"floor":36,"key":"DistilledChaos"},{"floor":48,"key":"Fire Potion"}],"is_trial":false,"path_per_floor":["M","$","?","?","M","R","?","E","T","M","M","$","R","E","R","B",null,"M","$","?","?","M","R","M","R","T","?","R","?","E","M","R","B",null,"M","?","?","T","M","M","$","?","T","$","E","$","E","M","R","B",null],"character_chosen":"IRONCLAD","items_purchased":["Perfected Strike","DollysMirror","Champion Belt","Flex"],"campfire_rested":3,"item_purchase_floors":[12,19,41,41],"current_hp_per_floor":[80,80,62,62,62,62,62,52,52,58,63,63,63,54,78,59,80,80,80,68,68,74,80,77,77,77,77,77,77,64,70,70,80,80,65,62,62,62,68,74,74,74,74,74,63,63,61,67,76,44],"gold":49,"neow_bonus":"RANDOM_COLORLESS_2","is_daily":false,"chose_seed":false,"campfire_upgraded":5,"win_rate":0.0,"timestamp":1611633077,"path_taken":["M","$","?","?","M","R","?","E","T","M","M","$","R","E","R","BOSS","M","$","?","?","M","R","M","R","T","?","R","?","E","?","R","BOSS","M","?","?","?","?","M","$","?","T","$","E","$","E","M","R","BOSS"],"items_purchased_type":["Card","Relic","Relic","Card"],"build_version":"2020-12-22","purchased_purges":1,"victory":true,"max_hp_per_floor":[80,80,80,80,80,80,80,80,80,80,80,80,80,80,80,80,80,80,80,80,80,80,80,80,80,80,80,80,80,80,80,80,80,80,80,80,76,76,76,76,76,76,76,76,76,76,76,76,76,76],"card_choices":[{"not_picked":["Secret Weapon","The Bomb"],"picked":"Apotheosis","floor":0},{"not_picked":["Thunderclap","Clothesline","Fire Breathing"],"picked":"SKIP","floor":1},{"not_picked":["Warcry","Shockwave","Blood for Blood"],"picked":"SKIP","floor":5},{"not_picked":["Immolate","Sever Soul"],"picked":"Twin Strike","floor":8},{"not_picked":["Rupture","Anger","Pummel"],"picked":"SKIP","floor":10},{"not_picked":["Whirlwind","Iron Wave","Shockwave"],"picked":"SKIP","floor":11},{"not_picked":["Clash","Intimidate"],"picked":"Twin Strike","floor":14},{"not_picked":["Reckless Charge","Flame Barrier"],"picked":"Twin Strike","floor":18},{"not_picked":["Disarm","Heavy Blade+1","Intimidate"],"picked":"SKIP","floor":22},{"not_picked":["Cleave+1","Sword Boomerang"],"picked":"Pommel Strike","floor":24},{"not_picked":["Sentinel","Pummel+1"],"picked":"Shrug It Off+1","floor":30},{"not_picked":["Anger","True Grit"],"picked":"Twin Strike","floor":31},{"not_picked":["Iron Wave","Combust","Clothesline"],"picked":"SKIP","floor":35},{"not_picked":["Clothesline","Sentinel+1"],"picked":"Pommel Strike","floor":39},{"not_picked":["Burning Pact+1","Dual Wield+1"],"picked":"Pommel Strike","floor":40},{"not_picked":["Headbutt","Disarm+1","Flame Barrier+1"],"picked":"SKIP","floor":47},{"not_picked":["Disarm+1","Body Slam","Clothesline"],"picked":"SKIP","floor":48}],"player_experience":153222,"relics_obtained":[{"floor":8,"key":"Nunchaku"},{"floor":9,"key":"HornCleat"},{"floor":14,"key":"Orichalcum"},{"floor":20,"key":"Enchiridion"},{"floor":26,"key":"InkBottle"},{"floor":30,"key":"Pantograph"},{"floor":36,"key":"Ginger"},{"floor":38,"key":"Bag of Preparation"},{"floor":43,"key":"Toxic Egg 2"},{"floor":47,"key":"Centennial Puzzle"}],"event_choices":[{"damage_healed":0,"gold_gain":0,"player_choice":"Success","damage_taken":18,"relics_obtained":["TungstenRod"],"max_hp_gain":0,"max_hp_loss":0,"event_name":"Scrap Ooze","floor":3,"gold_loss":0},{"damage_healed":0,"gold_gain":0,"player_choice":"Box","damage_taken":0,"relics_obtained":["Kunai"],"max_hp_gain":0,"max_hp_loss":0,"event_name":"Big Fish","floor":4,"gold_loss":0,"cards_obtained":["Regret"]},{"cards_removed":["Regret"],"damage_healed":0,"gold_gain":0,"player_choice":"Card Removal","damage_taken":0,"max_hp_gain":0,"max_hp_loss":0,"event_name":"The Cleric","floor":7,"gold_loss":50},{"damage_healed":0,"gold_gain":0,"player_choice":"Obtained Book","damage_taken":16,"max_hp_gain":0,"max_hp_loss":0,"event_name":"Cursed Tome","floor":20,"gold_loss":0},{"damage_healed":0,"gold_gain":0,"player_choice":"Ignored","damage_taken":0,"max_hp_gain":0,"max_hp_loss":0,"event_name":"Ghosts","floor":21,"gold_loss":0},{"damage_healed":0,"gold_gain":0,"player_choice":"Ignored","damage_taken":0,"max_hp_gain":0,"max_hp_loss":0,"event_name":"Vampires","floor":27,"gold_loss":0},{"damage_healed":0,"gold_gain":0,"player_choice":"Opened","damage_taken":0,"relics_obtained":["Vajra"],"max_hp_gain":0,"max_hp_loss":0,"event_name":"The Mausoleum","floor":29,"gold_loss":0},{"damage_healed":0,"gold_gain":0,"player_choice":"Fight","damage_taken":0,"max_hp_gain":0,"max_hp_loss":0,"event_name":"Mysterious Sphere","floor":36,"gold_loss":0},{"damage_healed":0,"gold_gain":0,"player_choice":"Max HP","damage_taken":0,"max_hp_gain":0,"max_hp_loss":4,"event_name":"Winding Halls","floor":37,"gold_loss":0},{"damage_healed":0,"gold_gain":0,"player_choice":"Paid","damage_taken":0,"relics_obtained":["Red Mask"],"max_hp_gain":0,"max_hp_loss":0,"event_name":"Tomb of Lord Red Mask","floor":42,"gold_loss":35}],"is_beta":false,"boss_relics":[{"not_picked":["Ectoplasm","Busted Crown"],"picked":"Snecko Eye"},{"not_picked":["Runic Dome","Pandora\u0027s Box"],"picked":"Fusion Hammer"}],"items_purged_floors":[2],"is_endless":false,"potions_floor_spawned":[5,8,10,11,16,22,30,36,45,48],"ascension_level":1}}