{"host":"8fnghcq8tvbg6z9e","time":1611659644,"event":{"mods":["Ascension Reborn","BaseMod","Conspire","Downfall","Minty Spire (QoL Compilation)","Quick Restart","StSLib"],"gold_per_floor":[118,118,132,57,67,98,148,98,98,123,148,98,123,48,48,153,153,166,181,181,191,205,231,259,209,233,260,160,180,17,17,17,118,118,136,152,170,189,39,65,77,103,156,106,118,68,68,82,32,32],"floor_reached":51,"language":"ZHS","playtime":2735,"items_purged":["Slimebound:TongueLash+1","Slimebound:Defend_Slimebound","Slimebound:Strike_Slimebound","Slimebound:Tackle"],"score":945,"play_id":"5082f259-fadb-423b-9e76-505f717534fd","local_time":"20210126191404","daily_mods":["Heirloom","Time Dilation","Flight"],"is_ascension_mode":false,"campfire_choices":[{"data":"Slimebound:RainOfGoop","floor":8.0,"key":"SMITH"},{"data":"Slimebound:RainOfGoop","floor":12.0,"key":"SMITH"},{"data":"Slimebound:CorrosiveSpit","floor":15.0,"key":"SMITH"},{"data":"1","floor":25.0,"key":"LIFT"},{"floor":32.0,"key":"REST"},{"data":"Slimebound:DouseInSlime","floor":44,"key":"SMITH"},{"data":"2","floor":46,"key":"LIFT"},{"data":"3","floor":49,"key":"LIFT"}],"circlet_count":0,"master_deck":["Slimebound:Strike_Slimebound","Slimebound:Strike_Slimebound","Slimebound:Defend_Slimebound+1","Slimebound:Defend_Slimebound+1","Slimebound:CorrosiveSpit+1","Slimebound:RainOfGoop+1","Slimebound:RainOfGoop+1","Slimebound:Schlurp","Slimebound:SpikyOuterGoop+1","Slimebound:ViciousTackle","Slimebound:Gluttony","Slimebound:SplitLeeching","Slimebound:DouseInSlime+1","Parasite","Slimebound:Schlurp+1","Slimebound:Darklings"],"relics":["Slimebound:AbsorbEndCombat","FossilizedHelix","Slimebound:GreedOozeRelic","Slimebound:StickyStick","Strawberry","Mango","War Paint","Blue Candle","Du-Vu Doll","Runic Pyramid","Girya","Anchor","Bag of Marbles","Juzu Bracelet","Coffee Dripper","Orichalcum","Incense Burner","Bronze Scales"],"acts_visited":["Exordium","TheCity","TheBeyond"],"potions_floor_usage":[],"damage_taken":[{"damage":0.0,"enemies":"Jaw Worm","floor":1.0,"turns":4.0},{"damage":0.0,"enemies":"2 Louse","floor":3.0,"turns":2.0},{"damage":0.0,"enemies":"Cultist","floor":5.0,"turns":3.0},{"damage":0.0,"enemies":"Lagavulin","floor":6.0,"turns":5.0},{"damage":0.0,"enemies":"Gremlin Nob","floor":10.0,"turns":4.0},{"damage":13.0,"enemies":"3 Sentries","floor":11.0,"turns":5.0},{"damage":0.0,"enemies":"Gremlin Nob","floor":13.0,"turns":3.0},{"damage":4.0,"enemies":"The Guardian","floor":16.0,"turns":9.0},{"damage":10.0,"enemies":"2 Thieves","floor":18.0,"turns":4.0},{"damage":0.0,"enemies":"Shell Parasite","floor":19.0,"turns":3.0},{"damage":0.0,"enemies":"Snecko","floor":21.0,"turns":3.0},{"damage":4.0,"enemies":"Sentry and Sphere","floor":22.0,"turns":4.0},{"damage":25.0,"enemies":"Book of Stabbing","floor":23.0,"turns":5.0},{"damage":20.0,"enemies":"Gremlin Leader","floor":24.0,"turns":5.0},{"damage":24.0,"enemies":"Book of Stabbing","floor":27.0,"turns":5.0},{"damage":10.0,"enemies":"Centurion and Healer","floor":29.0,"turns":4.0},{"damage":67.0,"enemies":"Collector","floor":33.0,"turns":7.0},{"damage":9.0,"enemies":"3 Shapes","floor":35.0,"turns":4.0},{"damage":4.0,"enemies":"3 Darklings","floor":36.0,"turns":4.0},{"damage":11.0,"enemies":"4 Shapes","floor":37.0,"turns":5.0},{"damage":0,"enemies":"Maw","floor":38,"turns":4},{"damage":0,"enemies":"Giant Head","floor":40,"turns":6},{"damage":0,"enemies":"Spire Growth","floor":41,"turns":3},{"damage":16,"enemies":"Reptomancer","floor":42,"turns":5},{"damage":3,"enemies":"Writhing Mass","floor":45,"turns":5},{"damage":10,"enemies":"3 Darklings","floor":48,"turns":4},{"damage":77,"enemies":"Awakened One","floor":50,"turns":11}],"seed_played":"-6873355870140640878","potions_obtained":[{"floor":1.0,"key":"SpeedPotion"},{"floor":3.0,"key":"Dexterity Potion"},{"floor":13.0,"key":"Fire Potion"},{"floor":16.0,"key":"Fire Potion"},{"floor":23.0,"key":"Explosive Potion"},{"floor":24.0,"key":"bronze:BurnAndBuffPotion"},{"floor":29.0,"key":"Regen Potion"},{"floor":35.0,"key":"GamblersBrew"},{"floor":38,"key":"SmokeBomb"},{"floor":41,"key":"Dexterity Potion"}],"is_trial":true,"path_per_floor":["M","?","M","?","M","E","T","R","T","E","E","R","E","$","R","B",null,"M","M","?","M","M","E","E","R","T","E","$","M","$","?","R","B",null,"M","M","M","M","$","E","M","E","T","R","M","R","?","M","R","B",null],"character_chosen":"SLIMEBOUND","items_purchased":["Slimebound:Gluttony"],"campfire_rested":1,"item_purchase_floors":[30],"current_hp_per_floor":[65,52,54,54,56,60,67,67,81,86,79,79,85,85,85,86,86,83,90,90,95,96,78,67,67,67,52,52,54,54,54,87,43,113,113,116,115,122,122,125,125,109,109,109,111,111,111,109,109,40],"gold":32,"neow_bonus":"","is_daily":false,"chose_seed":false,"campfire_upgraded":4,"win_rate":0.0,"timestamp":1611659644,"path_taken":["M","?","M","?","M","E","?","R","T","E","E","R","E","$","R","BOSS","M","M","?","M","M","E","E","R","T","E","$","M","$","?","R","BOSS","M","M","M","M","$","E","M","E","T","R","M","R","?","M","R","BOSS"],"items_purchased_type":["Card"],"build_version":"2020-12-22","purchased_purges":4,"victory":true,"max_hp_per_floor":[65,65,65,65,65,65,72,72,86,86,86,86,86,86,86,86,86,89,92,92,95,98,101,104,104,104,107,107,113,113,113,113,113,113,116,116,119,122,122,125,125,125,125,125,128,128,128,128,128,128],"card_choices":[{"not_picked":["Slimebound:SlimeSpikes","Slimebound:FinishingTackle"],"picked":"Slimebound:TongueLash","floor":1.0},{"not_picked":["Slimebound:SlimeSpikes","Slimebound:SamplingLick"],"picked":"Slimebound:RainOfGoop","floor":3.0},{"not_picked":["Slimebound:ServeAndProtect","Slimebound:PressTheAttack","Slimebound:Nibble"],"picked":"SKIP","floor":5.0},{"not_picked":["Slimebound:LeechingTouch","Slimebound:LeechEnergy"],"picked":"Slimebound:RainOfGoop","floor":6.0},{"not_picked":["Slimebound:Recollect","Slimebound:PressTheAttack","Slimebound:HungryTackle"],"picked":"SKIP","floor":10.0},{"not_picked":["Slimebound:SlimeSpikes","Slimebound:SplitLeeching","Slimebound:SlimeBarrage"],"picked":"SKIP","floor":11.0},{"not_picked":["Slimebound:Prepare","Slimebound:WasteNot","Slimebound:TongueLash"],"picked":"SKIP","floor":13.0},{"not_picked":["Slimebound:MassRepurpose","Slimebound:RallyTheTroops"],"picked":"Slimebound:MassFeed","floor":16.0},{"not_picked":["Slimebound:FinishingTackle","Slimebound:RollThrough","Slimebound:MegaLick"],"picked":"SKIP","floor":18.0},{"not_picked":["Slimebound:HungryTackle","Slimebound:LevelUp"],"picked":"Slimebound:Schlurp","floor":19.0},{"not_picked":["Slimebound:SplitLeeching+1","Slimebound:SplitAcid+1","Slimebound:Recollect"],"picked":"SKIP","floor":21.0},{"not_picked":["Slimebound:SplitLeeching","Slimebound:Chomp","Slimebound:SplitMire"],"picked":"SKIP","floor":22.0},{"not_picked":["Slimebound:SlimeSpikes","Slimebound:SplitLeeching","Slimebound:Prepare+1"],"picked":"SKIP","floor":23.0},{"not_picked":["Slimebound:ServeAndProtect","Slimebound:Dissolve+1"],"picked":"Slimebound:SpikyOuterGoop+1","floor":24.0},{"not_picked":["Slimebound:Teamwork","Slimebound:SamplingLick+1","Slimebound:ItLooksTasty+1"],"picked":"SKIP","floor":27.0},{"not_picked":["Slimebound:SplitLeeching+1","Slimebound:SlimeBrawl+1"],"picked":"Slimebound:ViciousTackle","floor":29.0},{"not_picked":["Slimebound:SlimeSlap","Slimebound:PrepareCrush"],"picked":"Slimebound:DouseInSlime","floor":33.0},{"not_picked":["Slimebound:LeechEnergy","Slimebound:Prepare+1","Slimebound:HauntingLick+1"],"picked":"SKIP","floor":35.0},{"not_picked":["Slimebound:RollThrough","Slimebound:Prepare+1","Slimebound:FinishingTackle"],"picked":"SKIP","floor":36.0},{"not_picked":["Slimebound:RollThrough","Slimebound:Prepare+1","Slimebound:FinishingTackle"],"picked":"SKIP","floor":36.0},{"not_picked":["Slimebound:Prepare+1","Slimebound:SplitAcid","Slimebound:SlimeBrawl"],"picked":"SKIP","floor":37.0},{"not_picked":["Slimebound:SlimeBrawl+1","Slimebound:SlimeSpikes","Slimebound:SplitMire+1"],"picked":"SKIP","floor":38},{"not_picked":["Slimebound:SlimeBrawl+1","Slimebound:SlimeSpikes","Slimebound:SplitMire+1"],"picked":"SKIP","floor":38},{"not_picked":["Slimebound:Grow","Slimebound:SplitLeeching+1","Slimebound:Recollect+1"],"picked":"SKIP","floor":40},{"not_picked":["Slimebound:LeechEnergy+1","Slimebound:PressTheAttack","Slimebound:Chomp+1"],"picked":"SKIP","floor":41},{"not_picked":["Slimebound:Teamwork","Slimebound:LevelUp","Slimebound:SplitMire+1"],"picked":"SKIP","floor":42},{"not_picked":["Slimebound:LivingWall+1","Slimebound:GrowthPunch+1"],"picked":"Slimebound:Schlurp+1","floor":45},{"not_picked":["Slimebound:ForwardTackle","Slimebound:ItLooksTasty+1","Slimebound:SplitBruiser+1"],"picked":"SKIP","floor":48}],"player_experience":181700,"relics_obtained":[{"floor":6.0,"key":"Slimebound:StickyStick"},{"floor":7.0,"key":"Strawberry"},{"floor":9.0,"key":"Mango"},{"floor":10.0,"key":"War Paint"},{"floor":11.0,"key":"Blue Candle"},{"floor":13.0,"key":"Du-Vu Doll"},{"floor":23.0,"key":"Girya"},{"floor":24.0,"key":"Anchor"},{"floor":26.0,"key":"Bag of Marbles"},{"floor":27.0,"key":"Juzu Bracelet"},{"floor":40,"key":"Orichalcum"},{"floor":42,"key":"Incense Burner"},{"floor":43,"key":"Bronze Scales"}],"event_choices":[{"damage_healed":0.0,"max_hp_gain":0.0,"max_hp_loss":0.0,"gold_gain":0.0,"event_name":"Shining Light","player_choice":"Entered Light","floor":2.0,"gold_loss":0.0,"damage_taken":13.0,"cards_upgraded":["Slimebound:TongueLash","Slimebound:Split"]},{"cards_removed":["Slimebound:Defend_Slimebound"],"damage_healed":0.0,"max_hp_gain":0.0,"max_hp_loss":0.0,"gold_gain":0.0,"event_name":"Bonfire Elementals","player_choice":"Offered Basic","floor":20.0,"gold_loss":0.0,"damage_taken":0.0},{"damage_healed":0.0,"max_hp_gain":0.0,"max_hp_loss":0.0,"gold_gain":0.0,"cards_transformed":["Slimebound:Split"],"event_name":"Transmorgrifier","player_choice":"Transformed","floor":31.0,"gold_loss":0.0,"damage_taken":0.0,"cards_obtained":["Slimebound:SplitLeeching"]}],"is_beta":false,"boss_relics":[{"not_picked":["Slimebound:AbsorbEndCombatUpgraded","Philosopher\u0027s Stone"],"picked":"Runic Pyramid"},{"not_picked":["Calling Bell","Runic Dome"],"picked":"Coffee Dripper"}],"items_purged_floors":[14,28,30,39],"is_endless":false,"potions_floor_spawned":[1,3,13,16,23,24,29,35,38,41,42],"ascension_level":0}}