{"host":"1dz819zv7fs9tsdy","time":1611653316,"event":{"mods":["AchievementEnabler","BaseMod","Colored Powertips","Curses Come First","Hubris","Minty Spire (QoL Compilation)","Rare Cards Sparkle","StSLib"],"gold_per_floor":[111,123,123,139,154,179,197,211,211,246,246,256,256,331,331,431,431,443,95,95,111,111,122,122,122],"floor_reached":24,"language":"ENG","playtime":1528,"items_purged":[],"score":299,"play_id":"fe68c0fb-e7fe-4f3f-a408-26af992e004e","local_time":"20210126092836","is_ascension_mode":true,"campfire_choices":[{"floor":11,"key":"REST"},{"data":"Combust","floor":13,"key":"SMITH"},{"floor":15,"key":"REST"}],"circlet_count":0,"master_deck":["Bash","Clothesline","Armaments","Shrug It Off","Flex","Evolve","Fiend Fire","Combust+1","Burning Pact","Iron Wave","Corruption","Combust","Brutality","Immolate","Immolate","Evolve","Armaments","Dropkick","Battle Trance","Flame Barrier","Feel No Pain","Apotheosis","Flame Barrier","Rupture+1"],"relics":["Burning Blood","NeowsBlessing","Darkstone Periapt","hubris:Zylophone","Mercury Hourglass","Pandora\u0027s Box","hubris:HerbalPaste","Nilry\u0027s Codex"],"acts_visited":["Exordium","TheCity"],"potions_floor_usage":[6,10,16,16,16,24,24,24],"damage_taken":[{"damage":0,"enemies":"Cultist","floor":1,"turns":1},{"damage":0,"enemies":"Jaw Worm","floor":2,"turns":1},{"damage":0,"enemies":"2 Louse","floor":4,"turns":1},{"damage":17,"enemies":"2 Fungi Beasts","floor":5,"turns":4},{"damage":37,"enemies":"3 Sentries","floor":6,"turns":13},{"damage":13,"enemies":"Large Slime","floor":7,"turns":8},{"damage":9,"enemies":"Looter","floor":8,"turns":3},{"damage":34,"enemies":"Lagavulin","floor":10,"turns":6},{"damage":11,"enemies":"Gremlin Gang","floor":12,"turns":3},{"damage":12,"enemies":"Slime Boss","floor":16,"turns":4},{"damage":39,"enemies":"Shell Parasite","floor":18,"turns":8},{"damage":8,"enemies":"2 Thieves","floor":21,"turns":3},{"damage":23,"enemies":"3 Cultists","floor":23,"turns":3},{"damage":37,"enemies":"Slavers","floor":24,"turns":3}],"seed_played":"-5651278672013291481","potions_obtained":[{"floor":3,"key":"Explosive Potion"},{"floor":3,"key":"CultistPotion"},{"floor":3,"key":"FearPotion"},{"floor":4,"key":"BloodPotion"},{"floor":7,"key":"EntropicBrew"},{"floor":12,"key":"Fire Potion"},{"floor":18,"key":"SpeedPotion"}],"is_trial":false,"path_per_floor":["M","M","?","M","M","E","M","M","T","E","R","M","R","?","R","B",null,"M","$","?","M","?","M","E"],"character_chosen":"IRONCLAD","items_purchased":["hubris:HerbalPaste","Apotheosis"],"campfire_rested":2,"item_purchase_floors":[19,19],"current_hp_per_floor":[80,80,80,80,69,54,47,44,44,16,40,35,35,27,51,45,80,47,47,31,34,34,22,0,0],"gold":122,"neow_bonus":"THREE_ENEMY_KILL","is_daily":false,"chose_seed":false,"campfire_upgraded":1,"win_rate":0.0,"timestamp":1611653316,"path_taken":["M","M","?","?","?","E","M","M","T","E","R","M","R","?","R","BOSS","M","$","?","M","?","M","E"],"items_purchased_type":["Relic","Card"],"build_version":"2020-12-22","purchased_purges":0,"victory":false,"max_hp_per_floor":[80,80,80,80,80,80,80,80,80,80,80,80,80,80,80,80,80,80,80,80,80,80,80,80,80],"card_choices":[{"not_picked":["Shrug It Off","Body Slam"],"picked":"Clothesline","floor":1},{"not_picked":["Shrug It Off","Cleave"],"picked":"Armaments","floor":2},{"not_picked":["Blood for Blood","Cleave"],"picked":"Shrug It Off","floor":4},{"not_picked":["Armaments","Evolve"],"picked":"Flex","floor":5},{"not_picked":["Thunderclap","Headbutt"],"picked":"Evolve","floor":6},{"not_picked":["Metallicize","Whirlwind"],"picked":"Fiend Fire","floor":7},{"not_picked":["Spot Weakness","Headbutt"],"picked":"Combust","floor":8},{"not_picked":["Heavy Blade","Reckless Charge"],"picked":"Burning Pact","floor":10},{"not_picked":["Sword Boomerang","Twin Strike"],"picked":"Iron Wave","floor":12},{"not_picked":["Impervious","Fiend Fire"],"picked":"Corruption","floor":16},{"not_picked":["Perfected Strike","Shrug It Off"],"picked":"Feel No Pain","floor":18},{"not_picked":["Pommel Strike","Heavy Blade"],"picked":"Flame Barrier","floor":21},{"not_picked":["Ghostly Armor","Heavy Blade+1"],"picked":"Rupture+1","floor":23}],"player_experience":318653,"relics_obtained":[{"floor":6,"key":"Darkstone Periapt"},{"floor":9,"key":"hubris:Zylophone"},{"floor":10,"key":"Mercury Hourglass"},{"floor":20,"key":"Nilry\u0027s Codex"}],"event_choices":[{"damage_healed":0,"gold_gain":0,"player_choice":"Got Potions","damage_taken":0,"max_hp_gain":0,"max_hp_loss":0,"event_name":"Lab","floor":3,"gold_loss":0},{"damage_healed":0,"gold_gain":75,"player_choice":"Touch","damage_taken":8,"max_hp_gain":0,"max_hp_loss":0,"event_name":"FaceTrader","floor":14,"gold_loss":0},{"damage_healed":0,"gold_gain":0,"player_choice":"Obtained Book","damage_taken":16,"max_hp_gain":0,"max_hp_loss":0,"event_name":"Cursed Tome","floor":20,"gold_loss":0},{"damage_healed":0,"gold_gain":0,"player_choice":"Ignored","damage_taken":0,"max_hp_gain":0,"max_hp_loss":0,"event_name":"Vampires","floor":22,"gold_loss":0}],"is_beta":false,"boss_relics":[{"not_picked":["Tiny House","Sozu"],"picked":"Pandora\u0027s Box"}],"items_purged_floors":[],"is_endless":false,"potions_floor_spawned":[4,7,8,12,18],"killed_by":"Slavers","ascension_level":3}}