{"host":"njo8qgvy2a57fcny","time":1611630977,"event":{"mods":["Aspiration","BaseMod","BetterRewards","CCEM","Colored Map","Colored Powertips","Conspire","Custom Start","Downfall","Energized Spire","GifTheSpireLib","Halation","Hermit","Hubris","Infinite Spire","Jedi Mod","Jorbs\u0027s Wanderer Trilogy","Mimic Mod","Minty Spire (QoL Compilation)","Quick Restart","Random Character Button","Random Character Mod","Rare Cards Sparkle","Relic Sorter","Replay The Spire","Shop Mod","StSLib","Stuff the Spire","The Animator","The Jungle","The Runesmith","The Servant 0.9.4","Unceasing Turn Reminder","thorton"],"gold_per_floor":[99,110,125,125,125,125,125,125],"floor_reached":6,"language":"ENG","playtime":217,"items_purged":[],"score":68,"play_id":"1620122d-e07a-4890-a9db-e1b1f55829bc","local_time":"20210126141617","is_ascension_mode":true,"campfire_choices":[{"data":"Slimebound:Split","floor":1,"key":"SMITH"}],"circlet_count":0,"master_deck":["AscendersBane","Slimebound:Strike_Slimebound+1","Slimebound:Strike_Slimebound","Slimebound:Strike_Slimebound","Slimebound:Tackle","Slimebound:Defend_Slimebound","Slimebound:Defend_Slimebound","Slimebound:Defend_Slimebound","Slimebound:Defend_Slimebound+1","Slimebound:Split+1","Slimebound:CorrosiveSpit+1","Slimebound:SlimeBrawl","Slimebound:RollThrough","downfall:Malfunctioning","Injury"],"relics":["Slimebound:AbsorbEndCombat","Frozen Egg 2"],"acts_visited":["Exordium"],"potions_floor_usage":[3],"damage_taken":[{"damage":4,"enemies":"Cultist","floor":2,"turns":3},{"damage":17,"enemies":"2 Louse","floor":3,"turns":3},{"damage":51,"enemies":"Gremlin Nob","floor":6,"turns":4}],"seed_played":"7085607569955749346","potions_obtained":[{"floor":2,"key":"sneckomod:MuddlingPotion"}],"is_trial":false,"path_per_floor":["R","M","M","?","?","E"],"character_chosen":"SLIMEBOUND","items_purchased":[],"campfire_rested":0,"item_purchase_floors":[],"current_hp_per_floor":[58,58,45,45,45,0,0,0],"gold":125,"neow_bonus":"TEN_PERCENT_HP_BONUS","is_daily":false,"chose_seed":false,"campfire_upgraded":1,"win_rate":0.0,"timestamp":1611630977,"path_taken":["R","M","M","?","?","E"],"items_purchased_type":[],"build_version":"2020-12-22","purchased_purges":0,"victory":false,"max_hp_per_floor":[64,64,64,64,64,64,64,64],"card_choices":[{"not_picked":["Slimebound:HauntingLick","Slimebound:PressTheAttack"],"picked":"Slimebound:SlimeBrawl","floor":2},{"not_picked":["Slimebound:SplitMire","Slimebound:SplitLeeching"],"picked":"Slimebound:RollThrough","floor":3}],"player_experience":703687,"relics_obtained":[],"event_choices":[],"is_beta":false,"boss_relics":[],"items_purged_floors":[],"is_endless":false,"potions_floor_spawned":[2],"killed_by":"Gremlin Nob","ascension_level":20}}