{"host":"gfmw02tnhhvp9jba","time":1611684830,"event":{"mods":["AchievementEnabler","BaseMod","Colored Map","Conspire","Downfall","Highlight Path","Minty Spire (QoL Compilation)","StSLib"],"gold_per_floor":[119,132,132,132,132,167,181,181,230,264,277,6,6,19,19,121,121,131,141,154,429,440,473,486,513,513,525,542,556,585,617,629,743,755,782,804,830,858,459,459,459],"floor_reached":40,"language":"ENG","playtime":2082,"items_purged":["Regret"],"score":561,"play_id":"56cd67c2-3c76-4cec-9f7a-596facf40772","local_time":"20210126191350","is_ascension_mode":true,"campfire_choices":[{"data":"Armaments","floor":8,"key":"SMITH"},{"data":"Thinking Ahead","floor":13,"key":"SMITH"},{"data":"Spot Weakness","floor":15,"key":"SMITH"},{"data":"Inflame","floor":32,"key":"SMITH"}],"circlet_count":0,"master_deck":["Strike_R","Strike_R","Strike_R","Strike_R","Strike_R","Defend_R","Defend_R","Defend_R","Defend_R","Bash","Iron Wave","Armaments+1","Infernal Blade","Spot Weakness+1","Thinking Ahead+1","Headbutt","Pommel Strike","Reaper","Heavy Blade+1","Twin Strike","Uppercut+1","Rupture+1","Hemokinesis","Inflame+1","Feed","Pummel","Metallicize","The Bomb"],"relics":["Burning Blood","TungstenRod","Mercury Hourglass","Ornamental Fan","Toy Ornithopter","HornCleat","Membership Card","Velvet Choker","Ancient Tea Set","MealTicket","Orichalcum","MawBank","conspire:SpecialSausage","InkBottle","Dream Catcher","HandDrill"],"acts_visited":["Exordium","TheCity","TheBeyond"],"potions_floor_usage":[10,22,23,25,25,30,37,40,40],"damage_taken":[{"damage":4,"enemies":"Small Slimes","floor":1,"turns":3},{"damage":2,"enemies":"Jaw Worm","floor":2,"turns":4},{"damage":49,"enemies":"Gremlin Nob","floor":6,"turns":5},{"damage":0,"enemies":"Cultist","floor":7,"turns":3},{"damage":13,"enemies":"3 Sentries","floor":10,"turns":7},{"damage":2,"enemies":"Blue Slaver","floor":11,"turns":3},{"damage":0,"enemies":"Gremlin Gang","floor":14,"turns":4},{"damage":21,"enemies":"Hexaghost","floor":16,"turns":10},{"damage":16,"enemies":"Shell Parasite","floor":18,"turns":4},{"damage":3,"enemies":"3 Byrds","floor":19,"turns":4},{"damage":16,"enemies":"Sentry and Sphere","floor":20,"turns":5},{"damage":11,"enemies":"conspire:HollyBat","floor":22,"turns":6},{"damage":33,"enemies":"Book of Stabbing","floor":23,"turns":4},{"damage":13,"enemies":"Snake Plant","floor":24,"turns":3},{"damage":29,"enemies":"Gremlin Leader","floor":25,"turns":6},{"damage":15,"enemies":"Sentry and Sphere","floor":27,"turns":5},{"damage":2,"enemies":"Snecko","floor":28,"turns":4},{"damage":21,"enemies":"Shelled Parasite and Fungi","floor":29,"turns":6},{"damage":3,"enemies":"conspire:Head Lice","floor":30,"turns":4},{"damage":11,"enemies":"Snake Plant","floor":31,"turns":4},{"damage":67,"enemies":"Collector","floor":33,"turns":8},{"damage":5,"enemies":"3 Shapes","floor":35,"turns":4},{"damage":14,"enemies":"3 Darklings","floor":36,"turns":6},{"damage":35,"enemies":"Spire Growth","floor":37,"turns":4},{"damage":9,"enemies":"Jaw Worm Horde","floor":38,"turns":4},{"damage":101,"enemies":"Giant Head","floor":40,"turns":7}],"seed_played":"-1441401469397945514","potions_obtained":[{"floor":5,"key":"SmokeBomb"},{"floor":5,"key":"Regen Potion"},{"floor":5,"key":"DistilledChaos"},{"floor":10,"key":"sneckomod:MuddlingPotion"},{"floor":14,"key":"AttackPotion"},{"floor":16,"key":"Strength Potion"},{"floor":23,"key":"SpeedPotion"},{"floor":24,"key":"hexamod:SoulburnPotion"},{"floor":25,"key":"Dexterity Potion"},{"floor":29,"key":"Explosive Potion"},{"floor":33,"key":"AttackPotion"},{"floor":37,"key":"Energy Potion"},{"floor":38,"key":"Regen Potion"}],"is_trial":false,"path_per_floor":["M","M","?","T","?","E","M","R","T","E","M","$","R","M","R","B",null,"M","M","M","?","M","E","M","E","T","M","M","M","E","M","R","B",null,"M","M","M","M","$","E"],"character_chosen":"IRONCLAD","items_purchased":["Membership Card","Thinking Ahead","Headbutt","InkBottle","Dream Catcher","HandDrill","The Bomb"],"campfire_rested":0,"item_purchase_floors":[12,12,12,39,39,39,39],"current_hp_per_floor":[58,62,62,62,62,19,25,25,25,38,42,42,42,48,48,33,80,72,80,70,70,79,57,62,70,70,69,80,74,80,75,75,28,80,83,83,63,60,75,0,0],"gold":459,"neow_bonus":"ONE_RARE_RELIC","is_daily":false,"chose_seed":false,"campfire_upgraded":4,"win_rate":0.0,"timestamp":1611684830,"path_taken":["M","M","?","?","?","E","M","R","T","E","?","$","R","M","R","BOSS","M","M","M","?","M","E","?","E","T","M","M","M","E","M","R","BOSS","M","M","M","M","$","E"],"items_purchased_type":["Relic","Card","Card","Relic","Relic","Relic","Card"],"build_version":"2020-12-22","purchased_purges":1,"victory":false,"max_hp_per_floor":[80,80,80,80,80,80,80,80,80,80,80,80,80,80,80,80,80,80,80,80,80,80,80,80,80,80,80,80,80,80,80,80,80,80,83,86,86,86,86,86,86],"card_choices":[{"not_picked":["Thunderclap","Heavy Blade"],"picked":"Iron Wave","floor":1},{"not_picked":["Havoc","Ghostly Armor"],"picked":"Armaments","floor":2},{"not_picked":["Combust","Searing Blow","Dropkick"],"picked":"SKIP","floor":6},{"not_picked":["Body Slam","Perfected Strike","Thunderclap"],"picked":"SKIP","floor":7},{"not_picked":["Blood for Blood","True Grit"],"picked":"Infernal Blade","floor":10},{"not_picked":["Rampage","Warcry"],"picked":"Spot Weakness","floor":11},{"not_picked":["Entrench","Iron Wave"],"picked":"Pommel Strike","floor":14},{"not_picked":["Bludgeon","Berserk"],"picked":"Reaper","floor":16},{"not_picked":["Wild Strike","conspire:ExplosiveBarrier"],"picked":"Heavy Blade+1","floor":18},{"not_picked":["True Grit","Pommel Strike+1","Anger"],"picked":"SKIP","floor":19},{"not_picked":["Rampage+1","Thunderclap","Sever Soul"],"picked":"SKIP","floor":20},{"not_picked":["Pommel Strike","Sword Boomerang+1"],"picked":"Twin Strike","floor":22},{"not_picked":["Heavy Blade","Warcry"],"picked":"Uppercut+1","floor":23},{"not_picked":["Uppercut","Sword Boomerang"],"picked":"Rupture+1","floor":24},{"not_picked":["Anger","Exhume","Clash+1"],"picked":"SKIP","floor":25},{"not_picked":["conspire:ExplosiveBarrier+1","Warcry","Sword Boomerang"],"picked":"SKIP","floor":27},{"not_picked":["Clothesline+1","Rampage+1","Clash"],"picked":"SKIP","floor":28},{"not_picked":["Rupture+1","Armaments","Blood for Blood+1"],"picked":"SKIP","floor":29},{"not_picked":["Dropkick","Inflame"],"picked":"Hemokinesis","floor":30},{"not_picked":["Warcry+1","Twin Strike"],"picked":"Inflame","floor":31},{"not_picked":["Immolate","conspire:HitWhereItHurts"],"picked":"Feed","floor":33},{"not_picked":["Shockwave","Headbutt"],"picked":"Pummel","floor":35},{"not_picked":["Perfected Strike+1","Shockwave+1","Thunderclap"],"picked":"SKIP","floor":36},{"not_picked":["Warcry","Inflame"],"picked":"Metallicize","floor":37},{"not_picked":["Shrug It Off+1","Havoc","Pommel Strike+1"],"picked":"SKIP","floor":38}],"player_experience":88952,"relics_obtained":[{"floor":4,"key":"Mercury Hourglass"},{"floor":6,"key":"Ornamental Fan"},{"floor":9,"key":"Toy Ornithopter"},{"floor":10,"key":"HornCleat"},{"floor":23,"key":"Ancient Tea Set"},{"floor":25,"key":"MealTicket"},{"floor":26,"key":"Orichalcum"},{"floor":30,"key":"MawBank"}],"event_choices":[{"damage_healed":0,"gold_gain":0,"player_choice":"Disagree","damage_taken":0,"max_hp_gain":0,"max_hp_loss":0,"event_name":"conspire:LoneGhost","floor":3,"gold_loss":0},{"damage_healed":0,"gold_gain":0,"player_choice":"Got Potions","damage_taken":0,"max_hp_gain":0,"max_hp_loss":0,"event_name":"Lab","floor":5,"gold_loss":0},{"damage_healed":0,"gold_gain":275,"player_choice":"Desecrate","damage_taken":0,"max_hp_gain":0,"max_hp_loss":0,"event_name":"Golden Shrine","floor":21,"gold_loss":0,"cards_obtained":["Regret"]}],"is_beta":false,"boss_relics":[{"not_picked":["Empty Cage","bronze:MakeshiftBattery"],"picked":"Velvet Choker"},{"not_picked":["SacredBark","Runic Pyramid"],"picked":"conspire:SpecialSausage"}],"items_purged_floors":[39],"is_endless":false,"potions_floor_spawned":[10,14,16,18,20,23,24,25,29,33,36,37,38],"killed_by":"Giant Head","ascension_level":3}}