{"host":"0hb9w7uizu7y13wj","time":1611692245,"event":{"mods":["Act Like it!","Aspiration","BaseMod","BetterRewards","Colored Map","Conspire","Downfall","Energized Spire","FTL Soundtrack","Friendly Minions","Halation","Hubris","Infinite Spire","Minty Spire (QoL Compilation)","Quick Restart","Replay The Spire","StSLib","Synergy Search","The Hierophant","The Jungle","The Poker Player","Trackpad","everything is the same but u backflip on backflip"],"gold_per_floor":[117,117,117,135,147,179,179,208,208,219,219,233,233,233],"floor_reached":13,"language":"ENG","playtime":243,"items_purged":[],"score":190,"play_id":"0a5cde60-3d2c-41c7-9dac-a16a69e03e86","local_time":"20210126201725","is_ascension_mode":true,"campfire_choices":[{"data":"Bash","floor":11.0,"key":"SMITH"}],"circlet_count":0,"master_deck":["AscendersBane","Strike_R","Strike_R","Strike_R","Strike_R","Strike_R","Defend_R","Defend_R+1","Defend_R","Defend_R","Bash+1","ReplayTheSpireMod:Limb From Limb","Pain","ReplayTheSpireMod:Limb From Limb","Demon Form","Heavy Blade"],"relics":["Burning Blood","NeowsBlessing","WarpedTongs","Dream Catcher","Calipers","Red Skull","trackpad:SappingStone"],"acts_visited":["Exordium"],"potions_floor_usage":[12],"damage_taken":[{"damage":0.0,"enemies":"2 Louse","floor":1.0,"turns":1.0},{"damage":1.0,"enemies":"Small Slimes","floor":4.0,"turns":2.0},{"damage":0.0,"enemies":"Cultist","floor":5.0,"turns":1.0},{"damage":21.0,"enemies":"Lagavulin","floor":6.0,"turns":6.0},{"damage":22.0,"enemies":"Gremlin Nob","floor":8.0,"turns":4.0},{"damage":9.0,"enemies":"Large Slime","floor":10.0,"turns":2.0},{"damage":38,"enemies":"Exordium Thugs","floor":12,"turns":5},{"damage":14,"enemies":"3 Sentries","floor":13,"turns":4}],"seed_played":"-4634304069832072620","potions_obtained":[{"floor":4.0,"key":"conspire:TimeTravelPotion"},{"floor":5.0,"key":"Languid Potion"},{"floor":6.0,"key":"HeartOfIron"}],"is_trial":false,"path_per_floor":["M","?","?","M","M","E","?","E","T","M","R","M","E"],"character_chosen":"IRONCLAD","items_purchased":[],"campfire_rested":0,"item_purchase_floors":[],"current_hp_per_floor":[74,74,74,75,75,60,49,33,33,30,30,19,5,5],"gold":233,"neow_bonus":"THREE_ENEMY_KILL","is_daily":false,"chose_seed":false,"campfire_upgraded":1,"win_rate":0.0,"timestamp":1611692245,"path_taken":["M","?","?","?","M","E","?","E","T","M","R","M","E"],"items_purchased_type":[],"build_version":"2020-12-22","purchased_purges":0,"victory":false,"max_hp_per_floor":[75,75,75,75,75,75,75,75,75,75,75,75,75,75],"card_choices":[{"not_picked":["Anger","ReplayTheSpireMod:Stacked"],"picked":"ReplayTheSpireMod:Limb From Limb","floor":1.0},{"not_picked":["conspire:Charge","Headbutt","Evolve"],"picked":"SKIP","floor":4.0},{"not_picked":["Pommel Strike","Rupture","Evolve"],"picked":"SKIP","floor":5.0},{"not_picked":["Perfected Strike","Pommel Strike"],"picked":"ReplayTheSpireMod:Limb From Limb","floor":6.0},{"not_picked":["Dark Embrace","Barricade"],"picked":"Demon Form","floor":8.0},{"not_picked":["Thunderclap","Heavy Blade","Dual Wield"],"picked":"SKIP","floor":10.0},{"not_picked":["ReplayTheSpireMod:Limb From Limb","Hemokinesis"],"picked":"Heavy Blade","floor":12}],"player_experience":946130,"relics_obtained":[{"floor":6.0,"key":"Dream Catcher"},{"floor":8.0,"key":"Red Skull"},{"floor":9.0,"key":"trackpad:SappingStone"}],"event_choices":[{"damage_healed":0.0,"max_hp_gain":0.0,"max_hp_loss":0.0,"gold_gain":0.0,"event_name":"Accursed Blacksmith","player_choice":"Rummage","floor":3.0,"gold_loss":0.0,"damage_taken":0.0,"relics_obtained":["WarpedTongs"],"cards_obtained":["Pain"]},{"damage_healed":0.0,"max_hp_gain":0.0,"max_hp_loss":0.0,"gold_gain":0.0,"event_name":"Scrap Ooze","player_choice":"Success","floor":7.0,"gold_loss":0.0,"damage_taken":11.0,"relics_obtained":["Calipers"]}],"is_beta":false,"boss_relics":[],"items_purged_floors":[],"is_endless":false,"potions_floor_spawned":[4,5,6],"killed_by":"3 Sentries","ascension_level":20}}