{"host":"l5zfpd2l2htson6l","time":1611702416,"event":{"mods":["AchievementEnabler","BaseMod","Colored Map","Colored Powertips","Minty Spire (QoL Compilation)","Permanent Neow","Quick Restart","Rare Cards Sparkle","Relic Stats","SuperFastMode"],"gold_per_floor":[215,290,304,318,336,336,364,364,364,364,364,398,411,59,59,184,184,203,217,231,33,33,33,77,91,162,162,205,226,226,257,257,385,385,404,101,120,139,160,160,176,210,210,259,287,307,73,116,116,116],"floor_reached":51,"language":"ENG","playtime":3463,"items_purged":["Injury","Strike_R","Clash"],"score":1069,"play_id":"39a3a68b-8acc-4cf0-9f40-9bad67c70d84","local_time":"20210126150656","is_ascension_mode":true,"campfire_choices":[{"data":"Bash","floor":6.0,"key":"SMITH"},{"data":"Wild Strike","floor":8.0,"key":"SMITH"},{"data":"Wild Strike","floor":11.0,"key":"SMITH"},{"data":"Disarm","floor":15.0,"key":"SMITH"},{"data":"Uppercut","floor":23.0,"key":"SMITH"},{"data":"Shrug It Off","floor":27.0,"key":"SMITH"},{"data":"Battle Trance","floor":32.0,"key":"SMITH"},{"data":"Demon Form","floor":40.0,"key":"SMITH"},{"data":"Battle Trance","floor":49,"key":"SMITH"}],"circlet_count":0,"master_deck":["Strike_R","Strike_R","Defend_R","Defend_R","Defend_R","Defend_R","Bash+1","Wild Strike+1","Battle Trance+1","Clothesline+1","Headbutt","Wild Strike+1","Inflame","Disarm+1","Demon Form+1","Shrug It Off+1","Impervious","Uppercut+1","Pummel","Shrug It Off+1","Impervious","Metallicize+1","Shockwave","Perfected Strike+1","Intimidate+1","Perfected Strike","Battle Trance+1"],"relics":["Burning Blood","Lizard Tail","Bird Faced Urn","Golden Idol","The Courier","Vajra","ClockworkSouvenir","Snecko Eye","Anchor","Art of War","Gremlin Horn","Magic Flower","Bag of Marbles","SlaversCollar","Pantograph","CeramicFish","Bag of Preparation","InkBottle","Juzu Bracelet"],"acts_visited":["TheCity","TheBeyond"],"potions_floor_usage":[44],"damage_taken":[{"damage":0.0,"enemies":"Small Slimes","floor":1.0,"turns":3.0},{"damage":6.0,"enemies":"Cultist","floor":3.0,"turns":4.0},{"damage":2.0,"enemies":"Jaw Worm","floor":4.0,"turns":3.0},{"damage":7.0,"enemies":"Exordium Wildlife","floor":5.0,"turns":3.0},{"damage":45.0,"enemies":"Lagavulin","floor":7.0,"turns":7.0},{"damage":32.0,"enemies":"Gremlin Nob","floor":12.0,"turns":4.0},{"damage":9.0,"enemies":"3 Louse","floor":13.0,"turns":3.0},{"damage":28.0,"enemies":"The Guardian","floor":16.0,"turns":12.0},{"damage":5.0,"enemies":"Chosen","floor":18.0,"turns":4.0},{"damage":14.0,"enemies":"2 Thieves","floor":19.0,"turns":4.0},{"damage":6.0,"enemies":"Centurion and Healer","floor":20.0,"turns":6.0},{"damage":4.0,"enemies":"Book of Stabbing","floor":24.0,"turns":5.0},{"damage":0.0,"enemies":"Shelled Parasite and Fungi","floor":25.0,"turns":4.0},{"damage":17.0,"enemies":"Slavers","floor":28.0,"turns":7.0},{"damage":7.0,"enemies":"Snake Plant","floor":29.0,"turns":5.0},{"damage":9.0,"enemies":"Gremlin Leader","floor":31.0,"turns":6.0},{"damage":74.0,"enemies":"Collector","floor":33.0,"turns":10.0},{"damage":13.0,"enemies":"Orb Walker","floor":35.0,"turns":5.0},{"damage":1.0,"enemies":"3 Shapes","floor":37.0,"turns":4.0},{"damage":5.0,"enemies":"Maw","floor":38.0,"turns":6.0},{"damage":3.0,"enemies":"4 Shapes","floor":39.0,"turns":5.0},{"damage":49,"enemies":"Transient","floor":41,"turns":5},{"damage":14,"enemies":"Nemesis","floor":42,"turns":7},{"damage":24,"enemies":"Reptomancer","floor":44,"turns":5},{"damage":0,"enemies":"3 Darklings","floor":45,"turns":4},{"damage":12,"enemies":"Spire Growth","floor":46,"turns":6},{"damage":0,"enemies":"Giant Head","floor":48,"turns":7},{"damage":15,"enemies":"Time Eater","floor":50,"turns":8}],"seed_played":"-7503124571054873035","potions_obtained":[{"floor":3.0,"key":"PowerPotion"},{"floor":5.0,"key":"ElixirPotion"},{"floor":7.0,"key":"PowerPotion"},{"floor":19.0,"key":"Block Potion"},{"floor":35.0,"key":"Fire Potion"},{"floor":38.0,"key":"SpeedPotion"},{"floor":39.0,"key":"AttackPotion"},{"floor":48,"key":"BloodPotion"}],"is_trial":false,"path_per_floor":["M","?","M","M","M","R","E","R","T","?","R","E","M","$","R","B",null,"M","M","M","$","?","R","E","M","T","R","E","M","?","E","R","B",null,"M","$","M","M","M","R","M","E","T","E","M","M","$","E","R","B",null],"character_chosen":"IRONCLAD","items_purchased":["Disarm","Vajra","ClockworkSouvenir","Anchor","Pantograph","Perfected Strike","InkBottle"],"campfire_rested":0,"item_purchase_floors":[14,14,14,21,36,47,47],"current_hp_per_floor":[78,70,70,74,73,73,34,34,34,34,34,8,45,45,45,25,66,69,65,69,69,69,69,71,79,79,79,68,70,70,76,76,16,64,63,63,77,80,80,80,43,47,47,41,53,59,59,77,77,75],"gold":116,"neow_bonus":"HUNDRED_GOLD","is_daily":false,"chose_seed":false,"campfire_upgraded":9,"win_rate":0.0,"timestamp":1611702416,"path_taken":["M","?","M","M","?","R","E","R","T","?","R","E","M","$","R","BOSS","M","M","M","$","?","R","E","M","T","R","E","M","?","E","R","BOSS","M","$","?","M","M","R","M","E","T","E","M","M","$","E","R","BOSS"],"items_purchased_type":["Card","Relic","Relic","Relic","Relic","Card","Relic"],"build_version":"2020-12-22","purchased_purges":3,"victory":true,"max_hp_per_floor":[80,80,80,80,80,80,80,80,80,80,80,80,80,80,80,80,80,80,80,80,80,80,80,80,80,80,80,80,80,80,80,80,80,80,80,80,80,80,80,80,80,80,80,80,80,80,80,80,80,80],"relic_stats":{"Gremlin Horn":[20,21],"counters":[28,152],"Golden Idol":175,"CeramicFish":36,"Magic Flower":[58],"Bag of Preparation":[8],"Juzu Bracelet":0,"Burning Blood":197,"Lizard Tail":40,"Bird Faced Urn":[83],"Pantograph":3,"Snecko Eye":[214,202,222,229],"Art of War":[12],"obtain_stats":[{"Gremlin Horn":26,"Golden Idol":10,"CeramicFish":42,"Vajra":14,"Magic Flower":28,"The Courier":12,"Bag of Preparation":44,"Juzu Bracelet":48,"Burning Blood":0,"ClockworkSouvenir":14,"SlaversCollar":34,"Lizard Tail":7,"Anchor":21,"Bird Faced Urn":9,"Pantograph":36,"Snecko Eye":17,"Art of War":24,"Bag of Marbles":31,"InkBottle":47},{"Gremlin Horn":13,"Golden Idol":5,"CeramicFish":23,"Vajra":7,"Magic Flower":14,"The Courier":6,"Bag of Preparation":24,"Juzu Bracelet":27,"Burning Blood":0,"ClockworkSouvenir":7,"SlaversCollar":17,"Lizard Tail":5,"Anchor":11,"Bird Faced Urn":5,"Pantograph":18,"Snecko Eye":8,"Art of War":12,"Bag of Marbles":16,"InkBottle":26},{"Gremlin Horn":62,"Golden Idol":20,"CeramicFish":122,"Vajra":27,"Magic Flower":69,"The Courier":24,"Bag of Preparation":127,"Juzu Bracelet":144,"Burning Blood":0,"ClockworkSouvenir":27,"SlaversCollar":90,"Lizard Tail":20,"Anchor":53,"Bird Faced Urn":20,"Pantograph":95,"Snecko Eye":39,"Art of War":58,"Bag of Marbles":80,"InkBottle":137}],"InkBottle":[4]},"card_choices":[{"not_picked":["Thunderclap","Dual Wield"],"picked":"Wild Strike","floor":1.0},{"not_picked":["Infernal Blade","Sword Boomerang"],"picked":"Battle Trance","floor":3.0},{"not_picked":["Anger","Bloodletting"],"picked":"Clothesline","floor":4.0},{"not_picked":["Thunderclap","Rupture"],"picked":"Headbutt","floor":5.0},{"not_picked":["Iron Wave","Armaments"],"picked":"Wild Strike","floor":7.0},{"not_picked":["Entrench","Thunderclap"],"picked":"Inflame","floor":12.0},{"not_picked":["Wild Strike","Reckless Charge","Rupture"],"picked":"SKIP","floor":13.0},{"not_picked":["Double Tap","Reaper"],"picked":"Demon Form","floor":16.0},{"not_picked":["Headbutt","Feel No Pain"],"picked":"Shrug It Off","floor":18.0},{"not_picked":["Body Slam","Heavy Blade"],"picked":"Impervious","floor":19.0},{"not_picked":["Inflame","Second Wind","Thunderclap"],"picked":"SKIP","floor":20.0},{"not_picked":["Sword Boomerang","Reckless Charge"],"picked":"Clash","floor":24.0},{"not_picked":["Sword Boomerang","Searing Blow","Entrench+1"],"picked":"SKIP","floor":25.0},{"not_picked":["Sentinel","Armaments","Headbutt"],"picked":"SKIP","floor":28.0},{"not_picked":["Pommel Strike+1","Sword Boomerang","True Grit"],"picked":"SKIP","floor":29.0},{"not_picked":["Warcry+1","Reckless Charge"],"picked":"Shrug It Off+1","floor":31.0},{"not_picked":["Double Tap","Berserk"],"picked":"Impervious","floor":33.0},{"not_picked":["Cleave+1","Shrug It Off+1","Clothesline+1"],"picked":"SKIP","floor":35.0},{"not_picked":["Sword Boomerang","Havoc+1","True Grit"],"picked":"SKIP","floor":37.0},{"not_picked":["Berserk","Flex+1","Combust+1"],"picked":"SKIP","floor":38.0},{"not_picked":["Cleave+1","Anger+1"],"picked":"Metallicize+1","floor":39.0},{"not_picked":["Dual Wield+1","Perfected Strike+1"],"picked":"Shockwave","floor":41},{"not_picked":["Clash","Flex","Shrug It Off+1"],"picked":"SKIP","floor":42},{"not_picked":["Anger+1","Headbutt+1"],"picked":"Perfected Strike+1","floor":44},{"not_picked":["Metallicize","Pommel Strike+1"],"picked":"Intimidate+1","floor":45},{"not_picked":["Rage+1","Cleave","Body Slam"],"picked":"SKIP","floor":46},{"not_picked":["Clothesline","Sword Boomerang"],"picked":"Battle Trance","floor":48}],"player_experience":708526,"relics_obtained":[{"floor":7.0,"key":"Lizard Tail"},{"floor":9.0,"key":"Bird Faced Urn"},{"floor":12.0,"key":"The Courier"},{"floor":24.0,"key":"Art of War"},{"floor":26.0,"key":"Gremlin Horn"},{"floor":28.0,"key":"Magic Flower"},{"floor":31.0,"key":"Bag of Marbles"},{"floor":42,"key":"CeramicFish"},{"floor":44,"key":"Bag of Preparation"},{"floor":48,"key":"Juzu Bracelet"}],"event_choices":[{"damage_healed":0.0,"max_hp_gain":0.0,"max_hp_loss":0.0,"gold_gain":75.0,"event_name":"FaceTrader","player_choice":"Touch","floor":2.0,"gold_loss":0.0,"damage_taken":8.0},{"damage_healed":0.0,"max_hp_gain":0.0,"max_hp_loss":0.0,"gold_gain":0.0,"event_name":"Golden Idol","player_choice":"Take Wound","floor":10.0,"gold_loss":0.0,"damage_taken":0.0,"relics_obtained":["Golden Idol"],"cards_obtained":["Injury"]},{"damage_healed":0.0,"max_hp_gain":0.0,"max_hp_loss":0.0,"gold_gain":0.0,"cards_transformed":["Strike_R","Strike_R"],"event_name":"Drug Dealer","player_choice":"Became Test Subject","floor":22.0,"gold_loss":0.0,"damage_taken":0.0,"cards_obtained":["Uppercut","Pummel"]},{"damage_healed":0.0,"max_hp_gain":0.0,"max_hp_loss":0.0,"gold_gain":0.0,"event_name":"Upgrade Shrine","player_choice":"Upgraded","floor":30.0,"gold_loss":0.0,"damage_taken":0.0,"cards_upgraded":["Clothesline"]}],"is_beta":false,"boss_relics":[{"not_picked":["Fusion Hammer","Tiny House"],"picked":"Snecko Eye"},{"not_picked":["SacredBark","Cursed Key"],"picked":"SlaversCollar"}],"items_purged_floors":[14,21,36],"is_endless":false,"potions_floor_spawned":[3,5,7,19,20,28,31,35,38,39,41,48],"ascension_level":6}}