{"host":"f5n4tidiz2n5sooh","time":1611668686,"event":{"mods":["BaseMod","Colored Map","Minty Spire (QoL Compilation)","Relic Stats","Slay the Relics Exporter","StSLib"],"gold_per_floor":[109,123,140,140,140,175,175,175,175,175,175,203,128,140,140,140,140],"floor_reached":16,"language":"ENG","playtime":512,"items_purged":[],"score":216,"play_id":"5ccdf556-3b09-4919-9e1d-c77ae716f1a7","local_time":"20210126074446","is_ascension_mode":true,"campfire_choices":[{"data":"Bash","floor":7,"key":"SMITH"},{"data":"Hemokinesis","floor":8,"key":"SMITH"},{"data":"Perfected Strike","floor":10,"key":"SMITH"},{"data":"Ghostly Armor","floor":11,"key":"SMITH"},{"data":"Second Wind","floor":15,"key":"SMITH"}],"circlet_count":0,"master_deck":["AscendersBane","Strike_R","Strike_R","Strike_R","Defend_R","Defend_R","Defend_R","Defend_R","Bash+1","Perfected Strike+1","Hemokinesis+1","Ghostly Armor+1","Shrug It Off","Second Wind+1"],"relics":["Burning Blood","WingedGreaves","Gremlin Horn","CaptainsWheel","Mercury Hourglass","Frozen Egg 2"],"acts_visited":["Exordium"],"potions_floor_usage":[16],"damage_taken":[{"damage":3,"enemies":"2 Louse","floor":1,"turns":4},{"damage":7,"enemies":"Jaw Worm","floor":2,"turns":3},{"damage":2,"enemies":"Small Slimes","floor":3,"turns":5},{"damage":12,"enemies":"Gremlin Nob","floor":6,"turns":3},{"damage":22,"enemies":"Lagavulin","floor":12,"turns":5},{"damage":5,"enemies":"Looter","floor":14,"turns":2},{"damage":18,"enemies":"Hexaghost","floor":16,"turns":9}],"seed_played":"-6185944530238981559","potions_obtained":[{"floor":14,"key":"HeartOfIron"}],"is_trial":false,"path_per_floor":["M","M","M","?","?","E","R","R","T","R","R","E","?","M","R","B"],"character_chosen":"IRONCLAD","items_purchased":[],"campfire_rested":0,"item_purchase_floors":[],"current_hp_per_floor":[53,52,56,49,38,32,32,32,32,32,32,16,16,17,17,0,0],"gold":140,"neow_bonus":"ONE_RARE_RELIC","is_daily":false,"chose_seed":false,"campfire_upgraded":5,"win_rate":0.0,"timestamp":1611668686,"path_taken":["M","M","M","?","?","E","R","R","T","R","R","E","?","M","R","BOSS"],"items_purchased_type":[],"build_version":"2020-12-22","purchased_purges":0,"victory":false,"max_hp_per_floor":[75,75,75,75,75,75,75,75,75,75,75,75,75,75,75,75,75],"relic_stats":{"Gremlin Horn":[0,0],"counters":[7,31],"obtain_stats":[{"CaptainsWheel":6,"Gremlin Horn":5,"WingedGreaves":0,"Frozen Egg 2":12,"Burning Blood":0,"Mercury Hourglass":9},{"CaptainsWheel":4,"Gremlin Horn":3,"WingedGreaves":0,"Frozen Egg 2":5,"Burning Blood":0,"Mercury Hourglass":4},{"CaptainsWheel":15,"Gremlin Horn":12,"WingedGreaves":0,"Frozen Egg 2":20,"Burning Blood":0,"Mercury Hourglass":15}],"Burning Blood":36,"Mercury Hourglass":[42]},"card_choices":[{"not_picked":["Shrug It Off","Sword Boomerang"],"picked":"Perfected Strike","floor":1},{"not_picked":["Twin Strike","Havoc"],"picked":"Hemokinesis","floor":2},{"not_picked":["Flex","Perfected Strike","Anger"],"picked":"SKIP","floor":3},{"not_picked":["Sword Boomerang","Clothesline"],"picked":"Ghostly Armor","floor":6},{"not_picked":["Iron Wave","Twin Strike"],"picked":"Shrug It Off","floor":12},{"not_picked":["Wild Strike","Twin Strike"],"picked":"Second Wind","floor":14}],"player_experience":2028201,"relics_obtained":[{"floor":6,"key":"CaptainsWheel"},{"floor":9,"key":"Mercury Hourglass"},{"floor":12,"key":"Frozen Egg 2"}],"event_choices":[{"cards_removed":["Strike_R"],"damage_healed":0,"gold_gain":0,"player_choice":"Card Removal","damage_taken":7,"max_hp_gain":0,"max_hp_loss":0,"event_name":"Golden Wing","floor":4,"gold_loss":0},{"damage_healed":0,"gold_gain":0,"player_choice":"Success","damage_taken":11,"relics_obtained":["Gremlin Horn"],"max_hp_gain":0,"max_hp_loss":0,"event_name":"Scrap Ooze","floor":5,"gold_loss":0},{"cards_removed":["Strike_R"],"damage_healed":0,"gold_gain":0,"player_choice":"Card Removal","damage_taken":0,"max_hp_gain":0,"max_hp_loss":0,"event_name":"The Cleric","floor":13,"gold_loss":75}],"is_beta":false,"boss_relics":[],"items_purged_floors":[],"is_endless":false,"potions_floor_spawned":[14],"killed_by":"Hexaghost","ascension_level":20}}