{"host":"kq5z4hx2798lxd5l","time":1611682070,"event":{"mods":["BaseMod","Better Note","BetterRewards","Colored Map","Colored Powertips","Downfall","Hermit","Hubris","Infinite Spire","Jorbs\u0027s Wanderer Trilogy","Marisa????????","Minty Spire (QoL Compilation)","Rare Cards Sparkle","Reliquary","Replay The Spire","StSLib","The Cursed","The Disciple","The Hierophant","The Necromancer","The Servant 0.9.4"],"gold_per_floor":[114,131,147,159,177,177,177,207,231,248,16,32,51,86,86,187,187,205,205,220,234,85,85,85,85],"floor_reached":24,"language":"SPA","playtime":1180,"items_purged":["Strike_R"],"score":212,"play_id":"1dc92a10-ff67-4c12-a418-7b277388cbe0","local_time":"20210126172750","is_ascension_mode":false,"campfire_choices":[{"data":"ReplayTheSpireMod:Muscle Training","floor":7,"key":"SMITH"},{"data":"Brutality","floor":15,"key":"SMITH"},{"data":"Berserk","floor":23,"key":"SMITH"}],"circlet_count":0,"master_deck":["Strike_R","Strike_R","Strike_R","Strike_R","Defend_R","Defend_R","Defend_R","Defend_R","Bash","Havoc","Anger","Flex","Cleave","ReplayTheSpireMod:Muscle Training+1","Voices","ReplayTheSpireMod:Strike From Hell","Cleave","Defy Death","Feel No Pain","Brutality+1","Berserk+1","ReplayTheSpireMod:Strike From Hell+1","Infernal Blade+1"],"relics":["Burning Blood","Anchor","Ring of Peace","Ring of Searing","Replay:Wax Seal","infinitespire:PuzzleCube","Toolbox","reliquary:Ember","Nloth\u0027s Gift","HandDrill"],"acts_visited":["Exordium","TheCity"],"potions_floor_usage":[14,16,16,20,24,24,24],"damage_taken":[{"damage":1,"enemies":"Jaw Worm","floor":1,"turns":3},{"damage":8,"enemies":"2 Louse","floor":2,"turns":3},{"damage":2,"enemies":"Small Slimes","floor":3,"turns":4},{"damage":0,"enemies":"3 Louse","floor":4,"turns":3},{"damage":2,"enemies":"Blue Slaver","floor":5,"turns":3},{"damage":21,"enemies":"Lagavulin","floor":8,"turns":5},{"damage":13,"enemies":"Lots of Slimes","floor":10,"turns":4},{"damage":0,"enemies":"Looter","floor":12,"turns":3},{"damage":6,"enemies":"2 Fungi Beasts","floor":13,"turns":3},{"damage":11,"enemies":"Replay:BlueRogue","floor":14,"turns":4},{"damage":19,"enemies":"The Guardian","floor":16,"turns":6},{"damage":24,"enemies":"2 Thieves","floor":18,"turns":4},{"damage":39,"enemies":"3 Byrds","floor":20,"turns":4},{"damage":15,"enemies":"Cultist and Chosen","floor":21,"turns":4},{"damage":27,"enemies":"Gremlin Leader","floor":24,"turns":5}],"seed_played":"-6425962118149697882","potions_obtained":[{"floor":1,"key":"Energy Potion"},{"floor":5,"key":"ColorlessPotion"},{"floor":8,"key":"BlessingOfTheForge"},{"floor":14,"key":"SpeedPotion"},{"floor":16,"key":"Slimebound:ThreeZeroPotion"},{"floor":18,"key":"SkillPotion"},{"floor":20,"key":"LiquidMemories"}],"is_trial":false,"path_per_floor":["M","M","M","M","M","?","R","E","T","M","$","M","M","E","R","B",null,"M","?","M","M","$","R","E"],"character_chosen":"IRONCLAD","items_purchased":["Toolbox","HandDrill"],"campfire_rested":0,"item_purchase_floors":[11,22],"current_hp_per_floor":[80,78,80,80,80,80,80,65,65,58,58,64,64,59,59,46,80,62,62,29,20,20,20,0,0],"gold":85,"neow_bonus":"RANDOM_COMMON_RELIC","is_daily":false,"chose_seed":false,"campfire_upgraded":3,"win_rate":0.0,"timestamp":1611682070,"path_taken":["M","M","M","M","M","?","R","E","T","M","$","M","M","E","R","BOSS","M","?","M","M","$","R","E"],"items_purchased_type":["Relic","Relic"],"build_version":"2020-12-22","purchased_purges":1,"victory":false,"max_hp_per_floor":[80,80,80,80,80,80,80,80,80,80,80,80,80,80,80,80,80,80,80,80,80,80,80,80,80],"card_choices":[{"not_picked":["True Grit","Sever Soul"],"picked":"Havoc","floor":1},{"not_picked":["ReplayTheSpireMod:Stacked","Abandon"],"picked":"Anger","floor":2},{"not_picked":["Clash","Uppercut"],"picked":"Flex","floor":3},{"not_picked":["Clash","Headbutt"],"picked":"Cleave","floor":4},{"not_picked":["Twin Strike","Clash"],"picked":"ReplayTheSpireMod:Muscle Training","floor":5},{"not_picked":["Eclipse","Perfected Strike"],"picked":"ReplayTheSpireMod:Strike From Hell","floor":8},{"not_picked":["Blood for Blood","Clash"],"picked":"Cleave","floor":10},{"not_picked":["hubris:SharpeningStone","Headbutt"],"picked":"Defy Death","floor":12},{"not_picked":["Clothesline","Seeing Red"],"picked":"Feel No Pain","floor":13},{"not_picked":["Combust","Shockwave"],"picked":"Brutality","floor":14},{"not_picked":["Hemogenesis","Impervious"],"picked":"Berserk","floor":16},{"not_picked":["Clash+1","Cleave"],"picked":"ReplayTheSpireMod:Strike From Hell+1","floor":18},{"not_picked":["Entrench+1","Demon Form"],"picked":"Infernal Blade+1","floor":20},{"not_picked":["Cleave","Shrug It Off","ReplayTheSpireMod:Strike From Hell"],"picked":"SKIP","floor":21}],"player_experience":466427,"relics_obtained":[{"floor":6,"key":"Ring of Peace"},{"floor":6,"key":"Ring of Searing"},{"floor":8,"key":"Replay:Wax Seal"},{"floor":9,"key":"infinitespire:PuzzleCube"},{"floor":14,"key":"Ice Cream"}],"event_choices":[{"damage_healed":0,"gold_gain":0,"player_choice":"Traded Relic","damage_taken":0,"relics_obtained":["Nloth\u0027s Gift"],"max_hp_gain":0,"max_hp_loss":0,"event_name":"N\u0027loth","floor":19,"relics_lost":["Ice Cream"],"gold_loss":0}],"is_beta":false,"boss_relics":[{"not_picked":["Velvet Choker","Runic Pyramid"],"picked":"reliquary:Ember"}],"items_purged_floors":[11],"is_endless":false,"potions_floor_spawned":[1,5,8,10,14,16,18,20,21],"killed_by":"Gremlin Leader","ascension_level":0}}