{"host":"f5gffvlv6a66yqkd","time":1611626208,"event":{"mods":["2.2 Compatiblity","BaseMod","Colored Map","Custom Start","DeckTracker","Keyboard Shortcuts","Minty Spire (QoL Compilation)","Permanent Neow","Quick Restart","Relic Stats","StSLib","SuperFastMode"],"gold_per_floor":[13,29,29,40,51,51,63,63,63,78,78,127,139,169,169,246,246,265,282,292,292,306,306,320,52,132,132,149,149,149],"floor_reached":29,"language":"KOR","playtime":888,"items_purged":["Strike_B"],"score":442,"play_id":"d7630f9a-7c7c-4d37-b31e-6f2b43151747","local_time":"20210126105648","is_ascension_mode":true,"campfire_choices":[{"data":"Dualcast","floor":6.0,"key":"SMITH"},{"data":"Darkness","floor":8.0,"key":"SMITH"},{"data":"Loop","floor":11.0,"key":"SMITH"},{"floor":15,"key":"REST"},{"floor":23,"key":"REST"}],"circlet_count":0,"master_deck":["AscendersBane","Defend_B","Defend_B","Defend_B","Zap+1","Dualcast+1","Hologram","Coolheaded","Compile Driver","Genetic Algorithm","Reboot","Darkness+1","Loop+1","Meteor Strike","Conserve Battery+1","Conserve Battery","Self Repair+1","Chill","Conserve Battery+1","White Noise","White Noise","Fission","Leap","Heatsinks"],"relics":["Cracked Core","Turnip","Lantern","Runic Pyramid","Orrery","The Courier"],"acts_visited":["Exordium","TheCity"],"potions_floor_usage":[24],"damage_taken":[{"damage":0.0,"enemies":"2 Louse","floor":1.0,"turns":2.0},{"damage":7.0,"enemies":"Jaw Worm","floor":2.0,"turns":3.0},{"damage":0.0,"enemies":"Small Slimes","floor":4.0,"turns":4.0},{"damage":22.0,"enemies":"2 Fungi Beasts","floor":5.0,"turns":4.0},{"damage":11.0,"enemies":"Red Slaver","floor":7.0,"turns":4.0},{"damage":8.0,"enemies":"Large Slime","floor":10.0,"turns":3.0},{"damage":13.0,"enemies":"Exordium Thugs","floor":13.0,"turns":5.0},{"damage":10,"enemies":"The Guardian","floor":16,"turns":7},{"damage":0,"enemies":"Spheric Guardian","floor":18,"turns":3},{"damage":20,"enemies":"Chosen","floor":19,"turns":6},{"damage":22,"enemies":"Snake Plant","floor":20,"turns":3},{"damage":0,"enemies":"Centurion and Healer","floor":22,"turns":7},{"damage":1,"enemies":"3 Cultists","floor":24,"turns":5},{"damage":4,"enemies":"Sentry and Sphere","floor":28,"turns":8},{"damage":30,"enemies":"Cultist and Chosen","floor":29,"turns":7}],"seed_played":"5195978549724606251","potions_obtained":[{"floor":1.0,"key":"SkillPotion"},{"floor":5.0,"key":"Energy Potion"},{"floor":10.0,"key":"Fire Potion"}],"is_trial":false,"path_per_floor":["M","M","?","M","M","R","M","R","T","M","R","T","M","?","R","B",null,"M","M","M","?","M","R","M","$","T","?","M","M"],"character_chosen":"DEFECT","items_purchased":["Orrery","Leap"],"campfire_rested":2,"item_purchase_floors":[25,25],"current_hp_per_floor":[64,57,57,57,35,35,24,24,24,16,16,16,3,3,24,14,57,57,37,15,15,15,36,45,45,45,45,51,21,21],"gold":149,"neow_bonus":"TRANSFORM_TWO_CARDS","is_daily":false,"chose_seed":false,"campfire_upgraded":3,"win_rate":0.0,"timestamp":1611626208,"path_taken":["M","M","?","M","M","R","M","R","T","M","R","?","M","?","R","BOSS","M","M","M","?","?","R","M","$","T","?","M","M"],"items_purchased_type":["Relic","Card"],"build_version":"2020-12-22","purchased_purges":1,"victory":false,"max_hp_per_floor":[71,71,71,71,71,71,71,71,71,71,71,71,71,71,71,71,71,71,71,71,71,71,71,71,71,71,71,71,71,71],"relic_stats":{"counters":[15,70],"Turnip":[17],"obtain_stats":[{"Lantern":12,"Orrery":25,"Turnip":9,"The Courier":26,"Cracked Core":0,"Runic Pyramid":17},{"Lantern":6,"Orrery":13,"Turnip":5,"The Courier":13,"Cracked Core":0,"Runic Pyramid":8},{"Lantern":20,"Orrery":55,"Turnip":17,"The Courier":55,"Cracked Core":0,"Runic Pyramid":32}]},"card_choices":[{"not_picked":["Heatsinks","Lockon"],"picked":"Compile Driver","floor":1.0},{"not_picked":["Lockon","Steam"],"picked":"Genetic Algorithm","floor":2.0},{"not_picked":["Beam Cell","Sweeping Beam"],"picked":"Darkness","floor":4.0},{"not_picked":["All For One","Force Field","Hologram"],"picked":"SKIP","floor":5.0},{"not_picked":["Stack","Gash"],"picked":"Loop","floor":7.0},{"not_picked":["Beam Cell","Coolheaded","Storm"],"picked":"SKIP","floor":10.0},{"not_picked":["Reprogram","Cold Snap","Gash"],"picked":"SKIP","floor":13.0},{"not_picked":["Thunder Strike","Amplify"],"picked":"Meteor Strike","floor":16},{"not_picked":["Undo","Steam"],"picked":"Conserve Battery+1","floor":18},{"not_picked":["Aggregate","Tempest","Gash"],"picked":"SKIP","floor":19},{"not_picked":["Compile Driver","Genetic Algorithm"],"picked":"Conserve Battery","floor":20},{"not_picked":["Auto Shields","Rip and Tear"],"picked":"Self Repair+1","floor":22},{"not_picked":["Ball Lightning","Sweeping Beam"],"picked":"Chill","floor":24},{"not_picked":["Doom and Gloom","Steam"],"picked":"Conserve Battery+1","floor":25},{"not_picked":["Coolheaded","Stack"],"picked":"White Noise","floor":25},{"not_picked":["Compile Driver","Turbo"],"picked":"White Noise","floor":25},{"not_picked":["Reprogram+1","Rip and Tear"],"picked":"Fission","floor":25},{"not_picked":["Steam","Go for the Eyes","Doom and Gloom"],"picked":"SKIP","floor":28}],"player_experience":1624657,"relics_obtained":[{"floor":9.0,"key":"Turnip"},{"floor":12.0,"key":"Lantern"},{"floor":26,"key":"The Courier"}],"event_choices":[{"damage_healed":0.0,"max_hp_gain":0.0,"max_hp_loss":0.0,"gold_gain":0.0,"cards_transformed":["Strike_B"],"event_name":"Living Wall","player_choice":"Change","floor":3.0,"gold_loss":0.0,"damage_taken":0.0,"cards_obtained":["Reboot"]},{"damage_healed":0,"gold_gain":30,"player_choice":"Searched \u00272\u0027 times","damage_taken":0,"max_hp_gain":0,"max_hp_loss":0,"event_name":"Dead Adventurer","floor":14,"gold_loss":0},{"damage_healed":0,"gold_gain":0,"player_choice":"Upgraded","damage_taken":0,"max_hp_gain":0,"max_hp_loss":0,"event_name":"Upgrade Shrine","floor":21,"gold_loss":0,"cards_upgraded":["Zap"]},{"damage_healed":0,"gold_gain":0,"cards_transformed":["Defend_B"],"player_choice":"Transformed","damage_taken":0,"max_hp_gain":0,"max_hp_loss":0,"event_name":"Transmorgrifier","floor":27,"gold_loss":0,"cards_obtained":["Heatsinks"]}],"is_beta":false,"boss_relics":[{"not_picked":["Busted Crown","Ectoplasm"],"picked":"Runic Pyramid"}],"items_purged_floors":[25],"is_endless":false,"potions_floor_spawned":[1,5,10,13,19,20,22],"killed_by":"Cultist and Chosen","ascension_level":20}}