{"host":"8fjsnt81u6xsmhji","time":1611653208,"event":{"mods":["BaseMod","Beaked The Cultist","Colored Powertips","Downfall","Glutton Mod","Hermit","Minty Spire (QoL Compilation)","Quick Restart","StSLib","The Bug Knight","The Forsaken","The Hierophant","The Runesmith"],"gold_per_floor":[349,360,371,371,38,52,103,119,104,114,134,152,52,52,68,164,164,164,184,184,184,184,184,184,184,195,180,191,222,222,232,252,356,356,356,373,373,567,583,594,648,648,659,669,669,698,717,103,120,120,120,120],"floor_reached":50,"language":"ENG","playtime":3094,"items_purged":["Normality","champ:Strike"],"score":565,"play_id":"3b3cca09-137a-4ce7-b3f4-29e78e30e602","local_time":"20210126032648","is_ascension_mode":true,"campfire_choices":[{"data":"champ:Taunt","floor":1.0,"key":"SMITH"},{"floor":13.0,"key":"REST"},{"data":"champ:StrikeOfGenius","floor":18.0,"key":"SMITH"},{"data":"champ:Improvising","floor":23.0,"key":"SMITH"},{"floor":25.0,"key":"REST"},{"floor":30,"key":"REST"},{"data":"champ:CheapShot","floor":35,"key":"SMITH"},{"floor":42,"key":"REST"},{"floor":45,"key":"REST"}],"circlet_count":0,"master_deck":["champ:Strike","champ:Strike","champ:Defend","champ:Defend","champ:Defend","champ:Defend","champ:Execute","champ:Taunt+1","champ:FanOfKnives","champ:Haymaker","champ:PreciseThrust","champ:AdrenalArmor","champ:EnGarde","champ:ArenaPreparation","champ:Improvising+1","champ:StrikeOfGenius+1","champ:FaceSlap+1","champ:BringItOn","champ:Shatter","champ:EnragedBash","champ:Backstep","champ:CheapShot+1","champ:PerfectedStrike","champ:EndlessRage+1","champ:EndlessRage+1","expansioncontent:DashGenerateEvil","champ:LastStand+1"],"relics":["champ:ChampionCrown","Shuriken","downfall:HeartBlessingBlue","Philosopher\u0027s Stone","Turnip","Frozen Egg 2","Strawberry","Orichalcum","HollowMod:LifeEnderRelic","HandDrill","Guardian:PocketSentry"],"acts_visited":["Exordium","TheCity","TheBeyond"],"potions_floor_usage":[28,29,29,33,50,50],"damage_taken":[{"damage":10.0,"enemies":"Small Slimes","floor":2.0,"turns":3.0},{"damage":11.0,"enemies":"Cultist","floor":3.0,"turns":3.0},{"damage":20.0,"enemies":"downfall:FleeingMerchant","floor":5.0,"turns":4.0},{"damage":20.0,"enemies":"Jaw Worm","floor":6.0,"turns":4.0},{"damage":7.0,"enemies":"Blue Slaver","floor":8.0,"turns":2.0},{"damage":25.0,"enemies":"downfall:FleeingMerchant","floor":9.0,"turns":4.0},{"damage":0.0,"enemies":"Exordium Wildlife","floor":10.0,"turns":3.0},{"damage":22.0,"enemies":"2 Fungi Beasts","floor":11.0,"turns":3.0},{"damage":10.0,"enemies":"Large Slime","floor":12.0,"turns":5.0},{"damage":13.0,"enemies":"Red Slaver","floor":15.0,"turns":2.0},{"damage":92.0,"enemies":"DF_ARCHETYPE_STREAMLINE","floor":16.0,"turns":11.0},{"damage":55.0,"enemies":"Chosen","floor":19.0,"turns":5.0},{"damage":59.0,"enemies":"3 Cultists","floor":26.0,"turns":4.0},{"damage":60.0,"enemies":"downfall:FleeingMerchant","floor":27.0,"turns":4.0},{"damage":62,"enemies":"Shelled Parasite and Fungi","floor":28,"turns":3},{"damage":61,"enemies":"Gremlin Leader","floor":29,"turns":4},{"damage":37,"enemies":"Chosen and Byrds","floor":31,"turns":3},{"damage":61,"enemies":"Cultist and Chosen","floor":32,"turns":5},{"damage":92,"enemies":"SI_MIRROR_ARCHETYPE","floor":33,"turns":7},{"damage":66,"enemies":"3 Shapes","floor":36,"turns":4},{"damage":25,"enemies":"downfall:FleeingMerchant","floor":38,"turns":5},{"damage":30,"enemies":"Orb Walker","floor":39,"turns":2},{"damage":45,"enemies":"Sphere and 2 Shapes","floor":40,"turns":4},{"damage":75,"enemies":"Jaw Worm Horde","floor":43,"turns":4},{"damage":75,"enemies":"4 Shapes","floor":44,"turns":5},{"damage":119,"enemies":"Nemesis","floor":46,"turns":7},{"damage":34,"enemies":"3 Darklings","floor":47,"turns":6},{"damage":20,"enemies":"Sphere and 2 Shapes","floor":49,"turns":3},{"damage":54,"enemies":"IC_BLOCK_ARCHETYPE","floor":50,"turns":2}],"seed_played":"-5981142953611874503","potions_obtained":[{"floor":3.0,"key":"LiquidBronze"},{"floor":6.0,"key":"Dexterity Potion"},{"floor":11.0,"key":"DuplicationPotion"},{"floor":15.0,"key":"EntropicBrew"},{"floor":19.0,"key":"Swift Potion"},{"floor":28,"key":"champ:CounterPotion"},{"floor":31,"key":"PowerPotion"},{"floor":33,"key":"FairyPotion"}],"is_trial":false,"path_per_floor":["R","M","M","?","$","M","T","M","$","M","M","M","R","?","M","B",null,"R","M","?","?","?","R","T","R","M","$","M","E","R","M","M","B",null,"R","M","?","$","M","M","T","R","M","M","R","E","M","$","M","B"],"character_chosen":"THE_CHAMP","items_purchased":["Shuriken","Strawberry","HandDrill","Guardian:PocketSentry","expansioncontent:DashGenerateEvil","Dexterity Potion"],"campfire_rested":5,"item_purchase_floors":[5,38,48,48,48,48],"current_hp_per_floor":[90,90,89,84,79,74,74,67,67,67,65,65,100,100,97,90,100,100,75,75,75,75,75,75,100,96,86,84,68,98,91,80,43,100,100,79,79,81,81,66,66,98,68,23,55,15,41,41,41,0,0,0],"gold":120,"neow_bonus":"TWO_FIFTY_GOLD","is_daily":false,"chose_seed":false,"campfire_upgraded":4,"win_rate":0.0,"timestamp":1611653208,"path_taken":["R","M","M","?","$","M","T","M","$","M","?","M","R","?","M","BOSS","R","M","?","?","?","R","T","R","M","?","?","E","R","M","M","BOSS","R","M","?","$","M","M","T","R","M","M","R","E","M","$","M","BOSS"],"items_purchased_type":["Relic","Relic","Relic","Relic","Card","Potion"],"build_version":"2020-12-22","purchased_purges":2,"victory":false,"max_hp_per_floor":[90,90,90,90,90,90,90,90,90,90,90,90,100,100,100,100,100,100,100,100,100,100,100,100,100,100,100,100,100,100,100,100,100,100,100,100,100,107,107,107,107,107,107,107,107,107,107,107,107,107,107,107],"card_choices":[{"not_picked":["champ:EndlessRage","champ:GutPunch"],"picked":"champ:FanOfKnives","floor":2.0},{"not_picked":["champ:PerfectedStrike","champ:DeathBlow"],"picked":"champ:Haymaker","floor":3.0},{"not_picked":["champ:FocusedBerserking","champ:FlashCut","champ:TornadoPunch"],"picked":"SKIP","floor":5.0},{"not_picked":["champ:FanOfKnives","champ:FocusedDefense"],"picked":"champ:PreciseThrust","floor":6.0},{"not_picked":["champ:ShieldSigil","champ:Circumvent"],"picked":"champ:AdrenalArmor","floor":8.0},{"not_picked":["champ:Haymaker","champ:BerserkersShout","champ:PerfectedStrike"],"picked":"SKIP","floor":9.0},{"not_picked":["champ:AdrenalArmor","champ:DefensiveShout"],"picked":"champ:EnGarde","floor":10.0},{"not_picked":["champ:GutPunch","champ:Backstep","champ:DefensiveStyle"],"picked":"SKIP","floor":11.0},{"not_picked":["champ:TornadoPunch","champ:SetATrap"],"picked":"champ:ArenaPreparation","floor":12.0},{"not_picked":["champ:BladeFlurry","champ:GladiatorStyle"],"picked":"champ:Improvising","floor":15.0},{"not_picked":["champ:DancingMaster","champ:Devastate"],"picked":"champ:StrikeOfGenius","floor":16.0},{"not_picked":["champ:FanOfKnives","champ:Encircle+1"],"picked":"champ:FaceSlap+1","floor":19.0},{"not_picked":["champ:TornadoPunch","champ:BerserkersShout"],"picked":"champ:BringItOn","floor":26.0},{"not_picked":["champ:FaceSlap","champ:IgnorePain"],"picked":"champ:Shatter","floor":27.0},{"not_picked":["champ:BladeFlurry+1","champ:RageSigil"],"picked":"champ:EnragedBash","floor":28},{"not_picked":["champ:FlashCut+1","champ:Circumvent","champ:PerfectedStrike"],"picked":"SKIP","floor":29},{"not_picked":["champ:BladeFlurry","champ:Shatter","champ:Haymaker"],"picked":"SKIP","floor":31},{"not_picked":["champ:CrookedStrike","champ:RecklessLeap"],"picked":"champ:Backstep","floor":32},{"not_picked":["champ:HeavySlash","champ:UltimateStance"],"picked":"champ:CheapShot","floor":33},{"not_picked":["champ:BerserkerStyle+1","champ:PreemptiveStrike+1"],"picked":"champ:PerfectedStrike","floor":36},{"not_picked":["champ:TornadoPunch+1","champ:FanOfKnives+1","champ:RecklessLeap+1"],"picked":"SKIP","floor":38},{"not_picked":["champ:BerserkerStyle+1","champ:FlashCut+1","champ:PerfectedStrike+1"],"picked":"SKIP","floor":39},{"not_picked":["champ:GladiatorStyle+1","champ:DefensiveStyle+1"],"picked":"champ:EndlessRage+1","floor":40},{"not_picked":["champ:SkillfulDodge+1","champ:AdrenalArmor+1","champ:Shatter+1"],"picked":"SKIP","floor":43},{"not_picked":["champ:FocusedDefense","champ:Shatter","champ:DefensiveShout"],"picked":"SKIP","floor":44},{"not_picked":["champ:GladiatorStyle+1","champ:BerserkersShout","champ:DefensiveShout+1"],"picked":"SKIP","floor":46},{"not_picked":["champ:CrownThrow+1","champ:TornadoPunch+1"],"picked":"champ:EndlessRage+1","floor":47},{"not_picked":["champ:DefensiveShout+1","champ:FlashCut"],"picked":"champ:LastStand+1","floor":49}],"player_experience":721452,"relics_obtained":[{"floor":24.0,"key":"Turnip"},{"floor":29,"key":"Frozen Egg 2"},{"floor":41,"key":"Orichalcum"},{"floor":46,"key":"HollowMod:LifeEnderRelic"}],"event_choices":[{"cards_removed":["champ:Strike"],"damage_healed":0.0,"max_hp_gain":0.0,"max_hp_loss":0.0,"gold_gain":0.0,"event_name":"The Cleric","player_choice":"Card Removal","floor":14.0,"gold_loss":0.0,"damage_taken":0.0},{"damage_healed":0.0,"max_hp_gain":0.0,"max_hp_loss":0.0,"gold_gain":0.0,"event_name":"Vampires","player_choice":"Ignored","floor":22.0,"gold_loss":0.0,"damage_taken":0.0},{"damage_healed":0,"gold_gain":0,"player_choice":"Ignored","damage_taken":0,"max_hp_gain":0,"max_hp_loss":0,"event_name":"Mysterious Sphere","floor":37,"gold_loss":0}],"is_beta":false,"boss_relics":[{"not_picked":["Empty Cage","Black Star"],"picked":"Philosopher\u0027s Stone"},{"not_picked":["Runic Pyramid","Pandora\u0027s Box","Snecko Eye"]}],"items_purged_floors":[5,48],"is_endless":false,"potions_floor_spawned":[3,6,11,12,15,19,28,29,31,33,39,44,49],"killed_by":"IC_BLOCK_ARCHETYPE","ascension_level":1}}