{"host":"ly2k09o7mhu4m2ip","time":1611703130,"event":{"mods":["BaseMod","Colored Map","Colored Powertips","Downfall","Highlight Path","Minty Spire (QoL Compilation)","StSLib"],"gold_per_floor":[99,110,122,107,119,132,132,132,132,142,177,193,205,121,139,235,235,235,252,264,282,229,229,229,214,225,240,240,256,270,286,305,400,400,400,415,428,444,459,478,503,520,540,540,560,8,8,39,55,55],"floor_reached":51,"language":"ENG","playtime":15046,"items_purged":["Guardian:BaubleBeam+1"],"score":742,"play_id":"f21ca75a-0c48-43e9-88f8-9e9bb519d2c0","local_time":"20210127001850","is_ascension_mode":false,"campfire_choices":[{"data":"Guardian:CurlUp","floor":1,"key":"SMITH"},{"data":"Guardian:BronzeOrb","floor":8,"key":"SMITH"},{"data":"Guardian:DonusPower","floor":18,"key":"SMITH"},{"data":"Guardian:Recover","floor":28,"key":"SMITH"},{"data":"Guardian:ConstructionForm","floor":35,"key":"SMITH"},{"data":"Guardian:Recover","floor":44,"key":"SMITH"},{"data":"Guardian:FloatingOrbs","floor":47,"key":"SMITH"}],"circlet_count":0,"master_deck":["Guardian:Strike_Guardian","Guardian:Strike_Guardian","Guardian:Strike_Guardian+1","Guardian:Strike_Guardian","Guardian:Defend_Guardian","Guardian:Defend_Guardian","Guardian:Defend_Guardian+1","Guardian:Defend_Guardian","Guardian:CurlUp+1","Guardian:TwinSlam","Guardian:BronzeOrb+1","Guardian:RollAttack","Guardian:DonusPower+1","Guardian:BronzeOrb+1","Guardian:Recover+1","Guardian:SphericShield","Guardian:BronzeArmor","Guardian:FloatingOrbs+1","Guardian:Recover+1","Guardian:PrimingBeam","Guardian:DecasProtection","Guardian:Clone","Guardian:ConstructionForm+1","Guardian:BodySlam+1","Guardian:TimeSifter","Guardian:SphericShield+1","Guardian:BaubleBeam+1","Guardian:SentryBeam+1","expansioncontent:DashGenerateEvil"],"relics":["Guardian:ModeShifter","StoneCalendar","Kunai","Coffee Dripper","Singing Bowl","Astrolabe","HandDrill","Pear","Bronze Scales"],"acts_visited":["Exordium","TheCity","TheBeyond"],"potions_floor_usage":[16,26,27,31,31,33,33,33,42,42,42,50],"damage_taken":[{"damage":0,"enemies":"2 Louse","floor":2,"turns":2},{"damage":0,"enemies":"Cultist","floor":3,"turns":4},{"damage":5,"enemies":"downfall:FleeingMerchant","floor":4,"turns":4},{"damage":0,"enemies":"Small Slimes","floor":5,"turns":3},{"damage":4,"enemies":"2 Fungi Beasts","floor":6,"turns":3},{"damage":0,"enemies":"Red Slaver","floor":10,"turns":2},{"damage":12,"enemies":"Lagavulin","floor":11,"turns":6},{"damage":0,"enemies":"Exordium Wildlife","floor":12,"turns":4},{"damage":0,"enemies":"Exordium Thugs","floor":13,"turns":6},{"damage":0,"enemies":"downfall:FleeingMerchant","floor":14,"turns":4},{"damage":8,"enemies":"2 Fungi Beasts","floor":15,"turns":3},{"damage":15,"enemies":"DF_ARCHETYPE_STREAMLINE","floor":16,"turns":14},{"damage":10,"enemies":"Spheric Guardian","floor":19,"turns":4},{"damage":4,"enemies":"Shell Parasite","floor":20,"turns":5},{"damage":6,"enemies":"Cultist and Chosen","floor":21,"turns":7},{"damage":0,"enemies":"downfall:FleeingMerchant","floor":22,"turns":4},{"damage":19,"enemies":"downfall:FleeingMerchant","floor":25,"turns":4},{"damage":36,"enemies":"Sentry and Sphere","floor":26,"turns":6},{"damage":18,"enemies":"Snake Plant","floor":27,"turns":4},{"damage":0,"enemies":"Chosen and Byrds","floor":29,"turns":6},{"damage":0,"enemies":"Snecko","floor":30,"turns":6},{"damage":0,"enemies":"Snake Plant","floor":31,"turns":4},{"damage":0,"enemies":"Shelled Parasite and Fungi","floor":32,"turns":5},{"damage":0,"enemies":"SI_MIRROR_ARCHETYPE","floor":33,"turns":10},{"damage":0,"enemies":"3 Shapes","floor":36,"turns":7},{"damage":20,"enemies":"3 Darklings","floor":37,"turns":7},{"damage":40,"enemies":"Sphere and 2 Shapes","floor":38,"turns":7},{"damage":17,"enemies":"Spire Growth","floor":39,"turns":5},{"damage":0,"enemies":"Transient","floor":40,"turns":5},{"damage":0,"enemies":"3 Darklings","floor":42,"turns":6},{"damage":0,"enemies":"Spire Growth","floor":43,"turns":6},{"damage":0,"enemies":"Sphere and 2 Shapes","floor":45,"turns":7},{"damage":0,"enemies":"downfall:FleeingMerchant","floor":46,"turns":4},{"damage":0,"enemies":"downfall:FleeingMerchant","floor":48,"turns":3},{"damage":0,"enemies":"Maw","floor":49,"turns":7},{"damage":2,"enemies":"IC_BLOCK_ARCHETYPE","floor":50,"turns":9}],"seed_played":"-1185688063309874486","potions_obtained":[{"floor":2,"key":"FearPotion"},{"floor":5,"key":"Block Potion"},{"floor":6,"key":"Regen Potion"},{"floor":15,"key":"Guardian:StasisDiscoveryPotion"},{"floor":16,"key":"Block Potion"},{"floor":19,"key":"Regen Potion"},{"floor":26,"key":"Guardian:AcceleratePotion"},{"floor":27,"key":"Dexterity Potion"},{"floor":31,"key":"champ:CounterPotion"},{"floor":32,"key":"Block Potion"},{"floor":33,"key":"DistilledChaos"},{"floor":36,"key":"sneckomod:MuddlingPotion"},{"floor":38,"key":"DistilledChaos"},{"floor":42,"key":"Guardian:AcceleratePotion"},{"floor":43,"key":"DistilledChaos"}],"is_trial":false,"path_per_floor":["R","M","M","$","M","M","T","R","?","M","E","M","M","$","M","B",null,"R","M","M","M","$","?","T","$","M","M","R","M","M","M","M","B",null,"R","M","M","M","M","M","T","M","M","R","M","$","R","$","M","B",null],"character_chosen":"GUARDIAN","items_purchased":["Guardian:BronzeArmor","Guardian:DecasProtection","Guardian:Gem_White","HandDrill","Pear","expansioncontent:DashGenerateEvil","Bronze Scales"],"campfire_rested":0,"item_purchase_floors":[14,22,46,46,46,48,48],"current_hp_per_floor":[88,88,88,83,83,79,79,79,79,79,67,67,67,67,59,59,88,88,78,74,68,68,60,60,43,21,3,3,5,5,7,9,9,96,96,96,78,40,25,27,27,29,31,31,33,45,45,47,49,47],"gold":55,"neow_bonus":"TEN_PERCENT_HP_BONUS","is_daily":false,"chose_seed":false,"campfire_upgraded":7,"win_rate":0.0,"timestamp":1611703130,"path_taken":["R","M","M","$","M","M","T","R","?","M","E","M","M","$","M","BOSS","R","M","M","M","$","?","T","$","M","?","R","M","?","M","M","BOSS","R","M","M","M","M","M","T","M","M","R","M","$","R","$","M","BOSS"],"items_purchased_type":["Card","Card","Card","Relic","Relic","Card","Relic"],"build_version":"2020-12-22","purchased_purges":1,"victory":true,"max_hp_per_floor":[88,88,88,88,88,88,88,88,88,88,88,88,88,88,88,88,88,88,88,88,88,88,88,88,90,90,90,90,92,92,94,96,96,96,96,96,98,100,102,104,104,106,108,108,110,122,122,124,126,126],"card_choices":[{"not_picked":["Guardian:Preprogram","Guardian:Incinerate"],"picked":"Guardian:BronzeOrb","floor":2},{"not_picked":["Guardian:WalkerClaw","Guardian:CrystalBeam"],"picked":"Guardian:RollAttack","floor":3},{"not_picked":["Guardian:Gem_Lightblue","Guardian:Reroute"],"picked":"Guardian:Gem_Cyan","floor":4},{"not_picked":["Guardian:SpikerProtocol","Guardian:Gem_Lightblue"],"picked":"Guardian:DonusPower","floor":5},{"not_picked":["Guardian:Gem_Green","Guardian:Gem_Lightblue"],"picked":"Guardian:Gem_Crimson","floor":6},{"not_picked":["Guardian:EvasiveProtocol","Guardian:SpikerProtocol"],"picked":"Guardian:Gem_Cyan","floor":10},{"not_picked":["Guardian:Suspension","Guardian:CrystalBeam"],"picked":"Guardian:Recover","floor":11},{"not_picked":["Guardian:Gem_Cyan","Guardian:Gem_White"],"picked":"Guardian:SphericShield","floor":12},{"not_picked":["Guardian:Recover","Guardian:PolyBeam"],"picked":"Guardian:Gem_Green","floor":13},{"not_picked":["Guardian:PolyBeam","Guardian:Suspension"],"picked":"Guardian:Gem_Blue","floor":14},{"not_picked":["Guardian:CrystalBeam","Guardian:TemporalShield"],"picked":"Guardian:FloatingOrbs","floor":15},{"not_picked":["Guardian:HyperBeam_Guardian","Guardian:FastForward"],"picked":"Guardian:AncientConstruct","floor":16},{"not_picked":["Guardian:ChargeCore","Guardian:Gem_Cyan"],"picked":"Guardian:Recover","floor":19},{"not_picked":["Guardian:PolyBeam","Guardian:ShieldCharger"],"picked":"Guardian:WalkerClaw","floor":20},{"not_picked":["Guardian:PolyBeam","Guardian:Suspension"],"picked":"Guardian:DonusPower","floor":21},{"not_picked":["Guardian:Gem_Cyan","Guardian:BronzeOrb"],"picked":"Guardian:PrimingBeam","floor":22},{"not_picked":["Guardian:Gem_Crimson","Guardian:Gem_Red","Guardian:Incinerate"],"picked":"Singing Bowl","floor":25},{"not_picked":["Guardian:GuardianWhirl","Guardian:Gem_Lightblue"],"picked":"Guardian:Clone","floor":26},{"not_picked":["Guardian:Gem_Lightblue","Guardian:Gem_Blue"],"picked":"Guardian:ConstructionForm","floor":27},{"not_picked":["Guardian:Gem_White","Guardian:Recover+1","Guardian:Reroute"],"picked":"Singing Bowl","floor":29},{"not_picked":["Guardian:RollAttack","Guardian:SpikerProtocol+1"],"picked":"Guardian:BodySlam+1","floor":30},{"not_picked":["Guardian:Reroute","Guardian:TemporalShield","Guardian:TimeBomb+1"],"picked":"Singing Bowl","floor":31},{"not_picked":["Guardian:CrystalBeam","Guardian:Gem_Green","Guardian:ChargeCore"],"picked":"Singing Bowl","floor":32},{"not_picked":["Guardian:Gem_Orange","Guardian:ConstructionForm"],"picked":"Guardian:TimeSifter","floor":33},{"not_picked":["Guardian:Planning","Guardian:Gem_Lightblue"],"picked":"Guardian:SentryBeam+1","floor":36},{"not_picked":["Guardian:FloatingOrbs","Guardian:Gem_Green","Guardian:Suspension"],"picked":"Singing Bowl","floor":37},{"not_picked":["Guardian:Gem_Blue","Guardian:PrimingBeam+1","Guardian:RollAttack"],"picked":"Singing Bowl","floor":38},{"not_picked":["Guardian:Recover+1","Guardian:Incinerate+1","Guardian:Gem_Cyan"],"picked":"Singing Bowl","floor":39},{"not_picked":["Guardian:CrystalBeam+1","Guardian:Gem_Purple","Guardian:Gem_Green"],"picked":"Singing Bowl","floor":40},{"not_picked":["Guardian:Repulse+1","Guardian:Gem_Purple","Guardian:Recover+1"],"picked":"Singing Bowl","floor":42},{"not_picked":["Guardian:Reroute+1","Guardian:PrimingBeam","Guardian:TimeCapacitor"],"picked":"Singing Bowl","floor":43},{"not_picked":["Guardian:TimeBomb","Guardian:TimeSifter","Guardian:VentSteam"],"picked":"Singing Bowl","floor":45},{"not_picked":["Guardian:WalkerClaw+1","Guardian:Planning+1","Guardian:BaubleBeam"],"picked":"Singing Bowl","floor":46},{"not_picked":["Guardian:FloatingOrbs","Guardian:StasisField","Guardian:Reroute"],"picked":"Singing Bowl","floor":48},{"not_picked":["Guardian:TimeCapacitor+1","Guardian:TemporalShield","Guardian:WalkerClaw"],"picked":"Singing Bowl","floor":49}],"player_experience":221874,"relics_obtained":[{"floor":7,"key":"StoneCalendar"},{"floor":11,"key":"Kunai"},{"floor":24,"key":"Singing Bowl"}],"event_choices":[],"is_beta":false,"boss_relics":[{"not_picked":["SacredBark","Cursed Key"],"picked":"Coffee Dripper"},{"not_picked":["Velvet Choker","Sozu"],"picked":"Astrolabe"}],"items_purged_floors":[46],"is_endless":false,"potions_floor_spawned":[2,5,6,15,16,19,26,27,29,31,32,33,36,38,42,43],"ascension_level":0}}