{"host":"78pbttriv9wi8lgr","time":1611674172,"event":{"mods":["AchievementEnabler","Act Like it!","Astrologer","BaseMod","Gensokyo","GifTheSpireLib","Koishi","Marisa（霧雨　魔理沙）","Minty Spire (QoL Compilation)","Quick Restart","Remilia（蕾米莉?）","Remove Card Discount Mod","StSLib","The Administrix"],"gold_per_floor":[167,184,204,204,28,28,28],"floor_reached":6,"language":"ENG","playtime":699,"items_purged":[],"score":36,"play_id":"bfb91f3e-4de7-4481-a3ff-cf76feb7350c","local_time":"20210127001612","is_ascension_mode":false,"campfire_choices":[],"circlet_count":0,"master_deck":["Koishi:BasicStrike","Koishi:BasicStrike","Koishi:BasicStrike","Koishi:BasicStrike","Koishi:BasicDefend","Koishi:BasicDefend","Koishi:BasicDefend","Koishi:BasicDefend","Koishi:Provoke","Koishi:HauntingSlash+1","Koishi:ParalyzingFear","Koishi:JumpScare","Koishi:RacingHeart","Gensokyo:ScrapIron","Gensokyo:BlemishedSteel","Gensokyo:RustyChest","Gensokyo:DepletedGenerator"],"relics":["Tiny House"],"acts_visited":["Exordium"],"potions_floor_usage":[],"damage_taken":[{"damage":0,"enemies":"Gensokyo:Gryphon","floor":1,"turns":3},{"damage":3,"enemies":"Gensokyo:Python","floor":2,"turns":3},{"damage":0,"enemies":"Gensokyo:3_Fairies","floor":3,"turns":3},{"damage":69,"enemies":"Gensokyo:Cirno","floor":6,"turns":10}],"seed_played":"-2281175661079799559","potions_obtained":[{"floor":0,"key":"Ancient Potion"},{"floor":2,"key":"SpeedPotion"}],"is_trial":false,"path_per_floor":["M","M","M","?","COS","E"],"character_chosen":"KOISHI","items_purchased":[],"campfire_rested":0,"item_purchase_floors":[],"current_hp_per_floor":[65,65,65,65,65,0,0],"gold":28,"neow_bonus":"BOSS_RELIC","is_daily":false,"chose_seed":false,"campfire_upgraded":0,"win_rate":0.0,"timestamp":1611674172,"path_taken":["M","M","M","?","COS","E"],"items_purchased_type":[],"build_version":"2020-12-22","purchased_purges":0,"victory":false,"max_hp_per_floor":[65,65,65,65,65,65,65],"card_choices":[{"not_picked":["Koishi:UnansweredLove","Koishi:SpiritedAway"],"picked":"Koishi:ParalyzingFear","floor":0},{"not_picked":["Koishi:UnconsciousUrges","Koishi:StingingMind"],"picked":"Koishi:JumpScare","floor":1},{"not_picked":["Koishi:Whimsy","Koishi:GrowingPain"],"picked":"Koishi:RacingHeart","floor":2},{"not_picked":["Koishi:RacingHeart","Koishi:BloodcurdlingScream","Koishi:SpiritedAway"],"picked":"SKIP","floor":3}],"player_experience":781813,"relics_obtained":[],"event_choices":[],"is_beta":false,"boss_relics":[],"items_purged_floors":[],"is_endless":false,"potions_floor_spawned":[2],"killed_by":"Gensokyo:Cirno","ascension_level":0}}