{"host":"15dd7v8o90xso62x","time":1611654263,"event":{"mods":["BaseMod","Minty Spire (QoL Compilation)","Quick Restart","StSLib","SuperFastMode"],"gold_per_floor":[112,112,127,202,226,252,270,290,590,610,610,610],"floor_reached":11,"language":"KOR","playtime":236,"items_purged":[],"score":200,"play_id":"43bb519c-af42-44b8-b159-e6c03ac3c763","local_time":"20210126184423","is_ascension_mode":true,"campfire_choices":[],"circlet_count":0,"master_deck":["AscendersBane","Strike_P","Strike_P","Strike_P","Strike_P","Defend_P","Defend_P","Defend_P","Eruption","Vigilance+1","Perseverance+1","InnerPeace","SignatureMove"],"relics":["PureWater","NeowsBlessing","Boot","War Paint","Old Coin"],"acts_visited":["Exordium"],"potions_floor_usage":[8],"damage_taken":[{"damage":0,"enemies":"Small Slimes","floor":1,"turns":1},{"damage":0,"enemies":"Jaw Worm","floor":3,"turns":1},{"damage":0,"enemies":"Gremlin Nob","floor":6,"turns":1},{"damage":2,"enemies":"Cultist","floor":7,"turns":3},{"damage":2,"enemies":"Blue Slaver","floor":8,"turns":5},{"damage":15,"enemies":"Gremlin Gang","floor":10,"turns":4},{"damage":44,"enemies":"Lagavulin","floor":11,"turns":7}],"seed_played":"-3798580465050645760","potions_obtained":[{"floor":1,"key":"Strength Potion"},{"floor":8,"key":"Fruit Juice"}],"is_trial":false,"path_per_floor":["M","?","M","?","T","E","M","M","T","M","E"],"character_chosen":"WATCHER","items_purchased":[],"campfire_rested":0,"item_purchase_floors":[],"current_hp_per_floor":[61,54,54,43,43,43,41,44,44,29,0,0],"gold":610,"neow_bonus":"THREE_ENEMY_KILL","is_daily":false,"chose_seed":false,"campfire_upgraded":0,"win_rate":0.0,"timestamp":1611654263,"path_taken":["M","?","M","?","?","E","M","?","T","M","E"],"items_purchased_type":[],"build_version":"2020-12-22","purchased_purges":0,"victory":false,"max_hp_per_floor":[68,68,68,68,68,68,68,73,73,73,73,73],"card_choices":[{"not_picked":["Sanctity","CarveReality","Protect"],"picked":"SKIP","floor":1},{"not_picked":["SashWhip","Worship","WreathOfFlame"],"picked":"SKIP","floor":3},{"not_picked":["FollowUp","Evaluate"],"picked":"Perseverance","floor":6},{"not_picked":["EmptyFist","Evaluate"],"picked":"InnerPeace","floor":7},{"not_picked":["EmptyBody","WaveOfTheHand"],"picked":"SignatureMove","floor":8},{"not_picked":["Protect","Swivel","Perseverance"],"picked":"SKIP","floor":10}],"player_experience":891777,"relics_obtained":[{"floor":5,"key":"Boot"},{"floor":6,"key":"War Paint"},{"floor":9,"key":"Old Coin"}],"event_choices":[{"cards_removed":["Defend_P"],"damage_healed":0,"gold_gain":0,"player_choice":"Card Removal","damage_taken":7,"max_hp_gain":0,"max_hp_loss":0,"event_name":"Golden Wing","floor":2,"gold_loss":0},{"damage_healed":0,"gold_gain":75,"player_choice":"Gather Gold","damage_taken":11,"max_hp_gain":0,"max_hp_loss":0,"event_name":"World of Goop","floor":4,"gold_loss":0}],"is_beta":false,"boss_relics":[],"items_purged_floors":[],"is_endless":false,"potions_floor_spawned":[1,8],"killed_by":"Lagavulin","ascension_level":20}}