{"host":"oeqgep2lwmjgysjb","time":1611649004,"event":{"mods":["AchievementEnabler","Aspiration","BaseMod","Colored Powertips","Custom Start","Hubris","Infinite Spire","Minty Spire (QoL Compilation)","Quick Restart","Replay The Spire","Shop Mod","StSLib","The Poker Player"],"gold_per_floor":[118,194,194,47,61,86,86,86,86,86,15,33,49,65,65,164,164,183,183,47,63,83,118,118,132,132,142,162,162,77,89,89,192,192,211,211,211,226,237,237,263,9,33,33,59,59,86,86,86,181,181,186,197,197,197,196,196,206,206,277,277,277,280,280,288,288,375,375,387,82,85,85,86,92,109,112,180,180,197,197,192,190,190,249,249,256,260,200,201,206,207,207,0,0,0,18,24,24,36,36,104,104,115,150,150,150,150,150,150,166,190,260,260,33,33,42,42,123,173,175,175,182,185,185,207,257,302,329,329,336,336,186,195,195,291,291,296,366,366,386,386,409,459,487,487,487,492,492,492,267,267,341,391,391,44,43,136],"floor_reached":158,"language":"ENG","playtime":14010,"items_purged":["PokerPlayerMod:Spade1","PokerPlayerMod:Club1","PokerPlayerMod:Club2","PokerPlayerMod:Diamond3","Purity+1","PokerPlayerMod:BadJoker","PokerPlayerMod:SpadeStrike+1","PokerPlayerMod:Diamond5"],"score":5860,"play_id":"d6c56532-8b94-4bf9-835f-31534c840cfb","local_time":"20210126191644","is_ascension_mode":true,"metric_token":850,"campfire_choices":[{"floor":8,"key":"REST"},{"data":"PokerPlayerMod:Diamond2","floor":10,"key":"SMITH"},{"data":"PokerPlayerMod:Sharpen","floor":15,"key":"SMITH"},{"floor":24,"key":"RECALL"},{"data":"PokerPlayerMod:Diamond4","floor":29,"key":"SMITH"},{"data":"PokerPlayerMod:Raise","floor":32,"key":"SMITH"},{"data":"PokerPlayerMod:Spade4","floor":40,"key":"SMITH"},{"data":"PokerPlayerMod:Spade4","floor":44,"key":"SMITH"},{"data":"PokerPlayerMod:Sharpen","floor":46,"key":"SMITH"},{"data":"PokerPlayerMod:Manipulation","floor":49,"key":"SMITH"},{"data":"PokerPlayerMod:Diamond3","floor":57,"key":"SMITH"},{"data":"PokerPlayerMod:Diamond4","floor":61,"key":"SMITH"},{"data":"PokerPlayerMod:Diamond3","floor":66,"key":"SMITH"},{"data":"PokerPlayerMod:Diamond4","floor":78,"key":"SMITH"},{"data":"PokerPlayerMod:Diamond3","floor":80,"key":"SMITH"},{"data":"PokerPlayerMod:Diamond4","floor":83,"key":"SMITH"},{"data":"PokerPlayerMod:Heart4","floor":95,"key":"SMITH"},{"data":"PokerPlayerMod:Mulligan","floor":100,"key":"SMITH"},{"data":"PokerPlayerMod:StackedDeck","floor":108,"key":"SMITH"},{"floor":113,"key":"DIG"},{"data":"PokerPlayerMod:Raise","floor":115,"key":"SMITH"},{"data":"PokerPlayerMod:WildCard","floor":117,"key":"SMITH"},{"data":"PokerPlayerMod:FakeSymbols","floor":126,"key":"SMITH"},{"data":"PokerPlayerMod:ClubShade","floor":131,"key":"SMITH"},{"data":"PokerPlayerMod:Heart4","floor":134,"key":"SMITH"},{"data":"PokerPlayerMod:JackOfSpades","floor":148,"key":"PURGE"},{"data":"hubris:InfiniteBlow+1","floor":151,"key":"SMITH"},{"data":"hubris:InfiniteBlow+2","floor":154,"key":"SMITH"}],"circlet_count":0,"master_deck":["PokerPlayerMod:Diamond5","PokerPlayerMod:Diamond5","PokerPlayerMod:Diamond5","PokerPlayerMod:Spade5","PokerPlayerMod:Spade5","PokerPlayerMod:TrumpStrike+1","PokerPlayerMod:Mulligan+1","PokerPlayerMod:Manipulation+1","PokerPlayerMod:Sharpen+1","PokerPlayerMod:Diamond5","PokerPlayerMod:Sharpen+1","PokerPlayerMod:Diamond5","PokerPlayerMod:Heart5","PokerPlayerMod:Diamond10+","PokerPlayerMod:Raise+1","PokerPlayerMod:Raise+1","PokerPlayerMod:Heart8","PokerPlayerMod:Heart5","PokerPlayerMod:WildCard+1","PokerPlayerMod:Sharpen+1","PokerPlayerMod:Spade9","PokerPlayerMod:Diamond9","PokerPlayerMod:Diamond6","PokerPlayerMod:FakeSymbols+1","PokerPlayerMod:Diamond5","PokerPlayerMod:Spade5","PokerPlayerMod:Spade9","Replay:Fractal Strike","PokerPlayerMod:Diamond8","PokerPlayerMod:Spade10+","PokerPlayerMod:ClubShade+1","PokerPlayerMod:Manipulation+1","PokerPlayerMod:Diamond8","PokerPlayerMod:StackedDeck+1","PokerPlayerMod:Diamond5","PokerPlayerMod:Club5","PokerPlayerMod:Sharpen+1","PokerPlayerMod:Diamond9","PokerPlayerMod:Raise+1","PokerPlayerMod:Extraction","PokerPlayerMod:FakeSymbols+1","PokerPlayerMod:ClubShade+1","PokerPlayerMod:Club5","PokerPlayerMod:Club9","hubris:InfiniteBlow+3","PokerPlayerMod:Spade10+","PokerPlayerMod:Diamond10+","PokerPlayerMod:WildCard+1","PokerPlayerMod:GamblerForm+1","Hologram","PokerPlayerMod:StackedDeck+1"],"relics":["PokerPlayerMod:DeckCase","NeowsBlessing","Replay:Wax Seal","StoneCalendar","aspiration:RunicSpoon","infinitespire:Satchel","hubris:ToyBattleship","Ice Cream","Matryoshka","hubris:ScarierMask","aspiration:Lifesprig","Meat on the Bone","Replay:Mystery Machine","ReplayTheSpireMod:TigerMarble","PokerPlayerMod:FairLicense","Runic Dome","Orichalcum","infinitespire:WardingShard","Replay:Rubber Ducky","Shuriken","PokerPlayerMod:AceCard","ClockworkSouvenir","White Beast Statue","hubris:DisguiseKit","Gremlin Food","Philosopher\u0027s Stone","hubris:MobiusCoin","hubris:Potato","Red Mask","Ginger","Potion Belt","infinitespire:Bottled Soul","ReplayFunnel","Shovel","Tiny Chest","Coffee Dripper","Nloth\u0027s Gift","Golden Egg","Blood Vial","Mummified Hand","infinitespire:EvilPickle","aspiration:FutureDiary","Juzu Bracelet","Peace Pipe","infinitespire:CheckeredPen","Replay:Ringing Soul","Replay:Bottled Eggs","Busted Crown","Blue Candle"],"acts_visited":["Exordium","TheCity","TheBeyond","Exordium","TheCity","TheBeyond","Exordium","TheCity","TheBeyond","TheEnding"],"potions_floor_usage":[21,23,23,23,25,33,50,67,81,81,82,82,84,84,90,91,101,101,118,118,118,118,125,127,130,135,135,135,135,135,142,144,152,152,152,152,152,157,157,157,157],"damage_taken":[{"damage":0,"enemies":"2 Louse","floor":1,"turns":1},{"damage":0,"enemies":"Jaw Worm","floor":5,"turns":1},{"damage":0,"enemies":"Replay:BlueRogue","floor":6,"turns":1},{"damage":9,"enemies":"Small Slimes","floor":12,"turns":2},{"damage":12,"enemies":"Red Slaver","floor":13,"turns":2},{"damage":6,"enemies":"Looter","floor":14,"turns":2},{"damage":0,"enemies":"Slime Boss","floor":16,"turns":4},{"damage":0,"enemies":"Spheric Guardian","floor":18,"turns":2},{"damage":17,"enemies":"2 Thieves","floor":21,"turns":3},{"damage":10,"enemies":"Snecko","floor":22,"turns":3},{"damage":24,"enemies":"Nightmare","floor":23,"turns":4},{"damage":6,"enemies":"Chosen and Byrds","floor":25,"turns":3},{"damage":11,"enemies":"Centurion and Healer","floor":27,"turns":3},{"damage":12,"enemies":"Cultist and Chosen","floor":28,"turns":4},{"damage":15,"enemies":"Snake Plant","floor":31,"turns":2},{"damage":13,"enemies":"Collector","floor":33,"turns":6},{"damage":0,"enemies":"3 Shapes","floor":35,"turns":3},{"damage":36,"enemies":"Orb Walker","floor":38,"turns":4},{"damage":11,"enemies":"3 Darklings","floor":39,"turns":2},{"damage":36,"enemies":"Reptomancer","floor":41,"turns":4},{"damage":22,"enemies":"Giant Head","floor":45,"turns":6},{"damage":1,"enemies":"Reptomancer","floor":47,"turns":4},{"damage":7,"enemies":"infinitespire:MassOfShapes","floor":50,"turns":6},{"damage":0,"enemies":"Jaw Worm","floor":52,"turns":1},{"damage":0,"enemies":"Cultist","floor":53,"turns":2},{"damage":4,"enemies":"Small Slimes","floor":56,"turns":2},{"damage":55,"enemies":"Lagavulin","floor":58,"turns":4},{"damage":0,"enemies":"2 Fungi Beasts","floor":63,"turns":1},{"damage":0,"enemies":"Red Slaver","floor":65,"turns":2},{"damage":13,"enemies":"Hexaghost","floor":67,"turns":3},{"damage":0,"enemies":"Spheric Guardian","floor":69,"turns":3},{"damage":0,"enemies":"2 Thieves","floor":71,"turns":2},{"damage":0,"enemies":"Cultist and Chosen","floor":73,"turns":3},{"damage":0,"enemies":"Centurion and Healer","floor":74,"turns":3},{"damage":0,"enemies":"Slavers","floor":75,"turns":3},{"damage":18,"enemies":"Snake Plant","floor":76,"turns":3},{"damage":0,"enemies":"Gremlin Leader","floor":79,"turns":4},{"damage":0,"enemies":"Snecko","floor":81,"turns":3},{"damage":30,"enemies":"Book of Stabbing","floor":82,"turns":5},{"damage":4,"enemies":"Champ","floor":84,"turns":8},{"damage":0,"enemies":"3 Shapes","floor":86,"turns":3},{"damage":0,"enemies":"3 Darklings","floor":87,"turns":2},{"damage":0,"enemies":"Sphere and 2 Shapes","floor":89,"turns":3},{"damage":42,"enemies":"Jaw Worm Horde","floor":90,"turns":4},{"damage":64,"enemies":"Nemesis","floor":91,"turns":5},{"damage":16,"enemies":"4 Shapes","floor":96,"turns":3},{"damage":0,"enemies":"Sphere and 2 Shapes","floor":97,"turns":2},{"damage":0,"enemies":"3 Darklings","floor":99,"turns":1},{"damage":5,"enemies":"Time Eater","floor":101,"turns":7},{"damage":0,"enemies":"2 Louse","floor":103,"turns":1},{"damage":41,"enemies":"Lagavulin Event","floor":104,"turns":3},{"damage":38,"enemies":"Gremlin Nob","floor":110,"turns":3},{"damage":0,"enemies":"Lagavulin","floor":112,"turns":3},{"damage":0,"enemies":"Small Slimes","floor":116,"turns":1},{"damage":0,"enemies":"Slime Boss","floor":118,"turns":2},{"damage":0,"enemies":"Chosen","floor":120,"turns":2},{"damage":0,"enemies":"Spheric Guardian","floor":122,"turns":2},{"damage":0,"enemies":"Snake Plant","floor":123,"turns":2},{"damage":0,"enemies":"Gremlin Leader","floor":125,"turns":3},{"damage":0,"enemies":"Shelled Parasite and Fungi","floor":127,"turns":2},{"damage":0,"enemies":"Cultist and Chosen","floor":130,"turns":1},{"damage":0,"enemies":"3 Cultists","floor":133,"turns":2},{"damage":0,"enemies":"Pondfish","floor":135,"turns":6},{"damage":0,"enemies":"Orb Walker","floor":137,"turns":2},{"damage":0,"enemies":"3 Shapes","floor":138,"turns":1},{"damage":3,"enemies":"Writhing Mass","floor":140,"turns":2},{"damage":43,"enemies":"Reptomancer","floor":142,"turns":4},{"damage":0,"enemies":"Nemesis","floor":144,"turns":3},{"damage":0,"enemies":"Maw","floor":147,"turns":4},{"damage":41,"enemies":"Donu and Deca","floor":152,"turns":5},{"damage":51,"enemies":"Shield and Spear","floor":156,"turns":4},{"damage":0,"enemies":"The Heart","floor":157,"turns":6}],"seed_played":"-8148393534186863230","potions_obtained":[{"floor":1,"key":"SkillPotion"},{"floor":2,"key":"Reflective Coating"},{"floor":2,"key":"EntropicBrew"},{"floor":23,"key":"Regen Potion"},{"floor":33,"key":"SteroidPotion"},{"floor":38,"key":"LiquidMemories"},{"floor":39,"key":"Elixir"},{"floor":47,"key":"SkillPotion"},{"floor":53,"key":"Explosive Potion"},{"floor":56,"key":"PowerPotion"},{"floor":67,"key":"Elixir"},{"floor":69,"key":"Adrenaline Potion"},{"floor":75,"key":"SkillPotion"},{"floor":79,"key":"ColorlessPotion"},{"floor":82,"key":"Milkshake"},{"floor":84,"key":"Ancient Potion"},{"floor":86,"key":"Strength Potion"},{"floor":87,"key":"FairyPotion"},{"floor":89,"key":"AttackPotion"},{"floor":90,"key":"Weak Potion"},{"floor":91,"key":"Languid Potion"},{"floor":96,"key":"BlessingOfTheForge"},{"floor":97,"key":"Adrenaline Potion"},{"floor":101,"key":"Strength Potion"},{"floor":103,"key":"Languid Potion"},{"floor":104,"key":"Strength Potion"},{"floor":110,"key":"Fire Potion"},{"floor":112,"key":"SkillPotion"},{"floor":116,"key":"Venom Potion"},{"floor":118,"key":"BlessingOfTheForge"},{"floor":120,"key":"LiquidMemories"},{"floor":122,"key":"DuplicationPotion"},{"floor":123,"key":"Block Potion"},{"floor":125,"key":"Weak Potion"},{"floor":127,"key":"Venom Potion"},{"floor":130,"key":"LiquidBronze"},{"floor":135,"key":"AttackPotion"},{"floor":137,"key":"Block Potion"},{"floor":138,"key":"Weak Potion"},{"floor":140,"key":"AttackPotion"},{"floor":142,"key":"Weak Potion"},{"floor":144,"key":"Regen Potion"},{"floor":147,"key":"Venom Potion"},{"floor":152,"key":"DuplicationPotion"},{"floor":156,"key":"Strength Potion"},{"floor":157,"key":"SkillPotion"}],"is_trial":false,"path_per_floor":["M","?","?","$","M","E","?","R","T","R","$","M","M","M","R","B",null,"M","?","$","M","M","NM","R","M","T","M","M","R","?","M","R","B",null,"M","?","?","M","M","R","E","$","T","R","E","R","E","$","R","B",null,"M","M","?","?","M","R","E","?","T","R","?","M","?","M","R","B",null,"M","$","M","?","M","M","E","M","T","R","E","R","M","E","R","B",null,"M","M","?","M","M","E","T","?","T","R","M","M","$","M","R","B",null,"M","?","?","?","$","R","T","E","T","E","R","$","R","M","R","B",null,"M","?","M","M","?","E","R","M","T","T","M","R","$","M","R","B",null,"M","M","?","M","T","E","?","E","T","T","M","R","?","$","R","B",null,"R","$","E","B",null],"character_chosen":"THE_POKER_PLAYER","items_purchased":["PokerPlayerMod:Sharpen","PokerPlayerMod:Sharpen","PokerPlayerMod:Raise+1","PokerPlayerMod:Diamond9","ClockworkSouvenir","PokerPlayerMod:Raise","SkillPotion","SkillPotion"],"campfire_rested":1,"item_purchase_floors":[4,11,20,42,70,114,155,155],"current_hp_per_floor":[52,32,22,22,24,24,24,39,39,39,39,33,21,18,18,28,52,52,52,52,35,33,23,23,45,45,40,52,52,52,37,37,51,52,52,52,52,26,30,30,14,14,14,14,37,37,52,52,52,52,52,52,52,45,45,52,52,21,11,11,11,11,33,15,45,45,52,52,52,52,52,52,52,52,52,34,34,34,52,52,52,40,40,52,52,52,52,52,52,34,49,49,49,49,49,52,52,52,52,52,52,52,52,36,36,36,36,36,36,32,32,51,51,51,51,51,51,51,52,52,52,52,52,44,44,44,44,44,44,46,46,46,48,48,57,57,57,57,57,54,54,57,43,57,57,57,60,60,63,63,63,66,66,66,66,69,72],"gold":136,"neow_bonus":"THREE_ENEMY_KILL","is_daily":false,"chose_seed":false,"campfire_upgraded":24,"win_rate":0.0,"timestamp":1611649004,"path_taken":["M","?","?","$","M","E","?","R","T","R","$","M","?","M","R","BOSS","M","?","$","M","M","NM","R","M","T","M","?","R","?","M","R","BOSS","M","?","?","M","M","R","E","$","T","R","E","R","E","$","R","BOSS","M","M","?","?","M","R","E","?","T","R","?","?","?","M","R","BOSS","M","$","M","?","?","M","E","M","T","R","E","R","M","E","R","BOSS","M","M","?","?","M","E","?","?","T","R","M","M","?","?","R","BOSS","M","?","?","?","?","R","?","E","T","E","R","$","R","M","R","BOSS","M","?","?","M","?","E","R","M","T","?","M","R","$","?","R","BOSS","M","M","?","?","?","E","?","E","T","?","M","R","?","$","R","BOSS","R","$","E","BOSS"],"items_purchased_type":["Card","Card","Card","Card","Relic","Card","Potion","Potion"],"build_version":"2020-12-22","purchased_purges":8,"victory":true,"max_hp_per_floor":[52,52,52,52,52,52,52,52,52,52,52,52,52,52,52,52,52,52,52,52,52,52,52,52,52,52,52,52,52,52,52,52,52,52,52,52,52,52,52,52,52,52,52,52,52,52,52,52,52,52,52,52,52,52,52,52,52,52,52,52,52,52,52,52,52,52,52,52,52,52,52,52,52,52,52,52,52,52,52,52,52,52,52,52,52,52,52,52,52,52,52,52,52,52,52,52,52,52,52,52,52,52,52,52,52,52,52,52,52,52,52,52,52,52,52,52,52,52,52,52,52,52,52,57,57,57,57,57,57,57,57,57,57,57,57,57,57,57,57,57,57,57,57,57,57,57,60,60,63,63,63,66,66,66,66,69,72],"card_choices":[{"not_picked":["PokerPlayerMod:Diamond1","PokerPlayerMod:Configure"],"picked":"PokerPlayerMod:Diamond3","floor":1},{"not_picked":["PokerPlayerMod:Diamond1","PokerPlayerMod:Diamond2"],"picked":"PokerPlayerMod:Manipulation","floor":2},{"not_picked":["PokerPlayerMod:MagicTrick","PokerPlayerMod:Extraction"],"picked":"PokerPlayerMod:Diamond3","floor":5},{"not_picked":["PokerPlayerMod:Diamond3","PokerPlayerMod:HotShotCut"],"picked":"PokerPlayerMod:SecondChance","floor":6},{"not_picked":["PokerPlayerMod:ClubsClub","PokerPlayerMod:Spade4","PokerPlayerMod:RiskyBet"],"picked":"SKIP","floor":12},{"not_picked":["PokerPlayerMod:Extraction","PokerPlayerMod:WasteCollection"],"picked":"PokerPlayerMod:Diamond5","floor":13},{"not_picked":["PokerPlayerMod:Spade3","PokerPlayerMod:Overdeal"],"picked":"PokerPlayerMod:Heart4","floor":14},{"not_picked":["PokerPlayerMod:SecretDealer","PokerPlayerMod:Diamond8"],"picked":"PokerPlayerMod:Diamond10+","floor":16},{"not_picked":["PokerPlayerMod:ClubStrike+1","PokerPlayerMod:Club3"],"picked":"PokerPlayerMod:Raise","floor":18},{"not_picked":["PokerPlayerMod:Diamond2","PokerPlayerMod:MagicTrick","PokerPlayerMod:Club4"],"picked":"SKIP","floor":21},{"not_picked":["PokerPlayerMod:DartThrow","PokerPlayerMod:Diamond3","PokerPlayerMod:Club3"],"picked":"SKIP","floor":22},{"not_picked":["PokerPlayerMod:DartThrow","PokerPlayerMod:Diamond3","PokerPlayerMod:Club3"],"picked":"SKIP","floor":22},{"not_picked":["PokerPlayerMod:Fold","PokerPlayerMod:SpadeStrike","PokerPlayerMod:DartThrow+1"],"picked":"SKIP","floor":23},{"not_picked":["PokerPlayerMod:Spade7","PokerPlayerMod:ClubsClub"],"picked":"PokerPlayerMod:Heart7","floor":25},{"not_picked":["PokerPlayerMod:Diamond3","PokerPlayerMod:PoorCopy+1"],"picked":"PokerPlayerMod:Heart4","floor":27},{"not_picked":["PokerPlayerMod:Spade3","PokerPlayerMod:Club1"],"picked":"PokerPlayerMod:Diamond5","floor":28},{"not_picked":["PokerPlayerMod:PoorCopy","PokerPlayerMod:Club3","PokerPlayerMod:CardBurn+1"],"picked":"SKIP","floor":31},{"not_picked":["PokerPlayerMod:Duplicate","PokerPlayerMod:Diamond8"],"picked":"PokerPlayerMod:WildCard","floor":33},{"not_picked":["PokerPlayerMod:ClubShade","PokerPlayerMod:Harden","PokerPlayerMod:Club2"],"picked":"SKIP","floor":35},{"not_picked":["Replay:BasicMightCard","Forethought"],"picked":"Purity","floor":36},{"not_picked":["PokerPlayerMod:Diamond1","PokerPlayerMod:Trickery+1"],"picked":"PokerPlayerMod:Sharpen+1","floor":38},{"not_picked":["PokerPlayerMod:Trickery+1","PokerPlayerMod:Spade1","PokerPlayerMod:PoorCopy"],"picked":"SKIP","floor":39},{"not_picked":["PokerPlayerMod:CardBurn","PokerPlayerMod:ClubStrike"],"picked":"PokerPlayerMod:Spade9","floor":41},{"not_picked":["PokerPlayerMod:ChangeRules","PokerPlayerMod:CloakAndDiamond"],"picked":"PokerPlayerMod:Diamond6","floor":45},{"not_picked":["PokerPlayerMod:Configure+1","PokerPlayerMod:Diamond8"],"picked":"PokerPlayerMod:Fold","floor":47},{"not_picked":["PokerPlayerMod:WildCard","PokerPlayerMod:RoyalStrike"],"picked":"PokerPlayerMod:FakeSymbols","floor":50},{"not_picked":["PokerPlayerMod:Spade4","PokerPlayerMod:Spade2","PokerPlayerMod:Configure"],"picked":"SKIP","floor":52},{"not_picked":["PokerPlayerMod:CardBurn","PokerPlayerMod:Spade2"],"picked":"PokerPlayerMod:Diamond5","floor":53},{"not_picked":["PokerPlayerMod:Spade3","PokerPlayerMod:DartThrow","PokerPlayerMod:FlyingCard"],"picked":"SKIP","floor":56},{"not_picked":["PokerPlayerMod:RiskyBet","PokerPlayerMod:CloakAndDiamond","PokerPlayerMod:Spade2"],"picked":"SKIP","floor":58},{"not_picked":["PokerPlayerMod:Diamond4","PokerPlayerMod:Trickery","PokerPlayerMod:JackOfSpades"],"picked":"SKIP","floor":63},{"not_picked":["PokerPlayerMod:Diamond3","PokerPlayerMod:CardBurn","PokerPlayerMod:Spade1"],"picked":"SKIP","floor":65},{"not_picked":["PokerPlayerMod:Diamond7","PokerPlayerMod:TheDieIsCast"],"picked":"PokerPlayerMod:Spade9","floor":67},{"not_picked":["ReplayTheSpireMod:??????????????????????","ReplayTheSpireMod:Haul"],"picked":"Replay:Fractal Strike","floor":67},{"not_picked":["PokerPlayerMod:CloakAndDiamond","PokerPlayerMod:Trickery"],"picked":"PokerPlayerMod:Diamond8","floor":69},{"not_picked":["PokerPlayerMod:Spade8","PokerPlayerMod:Diamond4","PokerPlayerMod:DiamondStrike"],"picked":"SKIP","floor":71},{"not_picked":["PokerPlayerMod:MagicTrick","PokerPlayerMod:SpadeStrike","PokerPlayerMod:Diamond2"],"picked":"SKIP","floor":73},{"not_picked":["PokerPlayerMod:Diamond2","PokerPlayerMod:CloakAndDiamond","PokerPlayerMod:Overdeal"],"picked":"SKIP","floor":74},{"not_picked":["PokerPlayerMod:Club1","PokerPlayerMod:DamnStraight"],"picked":"PokerPlayerMod:Spade10+","floor":75},{"not_picked":["PokerPlayerMod:Heart1","PokerPlayerMod:WasteCollection","PokerPlayerMod:JackOfSpades"],"picked":"SKIP","floor":76},{"not_picked":["PokerPlayerMod:Spade3","PokerPlayerMod:Configure"],"picked":"PokerPlayerMod:ClubShade","floor":79},{"not_picked":["PokerPlayerMod:MagicTrick+1","PokerPlayerMod:Configure","ReplayTheSpireMod:Repulse"],"picked":"PokerPlayerMod:Manipulation+1","floor":81},{"not_picked":["PokerPlayerMod:Spade3","PokerPlayerMod:SecondChance","PokerPlayerMod:Club6"],"picked":"PokerPlayerMod:Diamond8","floor":82},{"not_picked":["PokerPlayerMod:Club7","PokerPlayerMod:Club9","All For One"],"picked":"PokerPlayerMod:StackedDeck","floor":84},{"not_picked":["PokerPlayerMod:Trickery","PokerPlayerMod:ClubsClub","PokerPlayerMod:Diamond3","PokerPlayerMod:Spade4"],"picked":"SKIP","floor":86},{"not_picked":["PokerPlayerMod:Club2","PokerPlayerMod:DartThrow","PokerPlayerMod:Heart4","PokerPlayerMod:Diamond4"],"picked":"SKIP","floor":87},{"not_picked":["PokerPlayerMod:Diamond1","PokerPlayerMod:MagicTrick","PokerPlayerMod:Heart3"],"picked":"PokerPlayerMod:Diamond5","floor":89},{"not_picked":["PokerPlayerMod:Diamond2","PokerPlayerMod:RiskyBet","PokerPlayerMod:Spade4"],"picked":"PokerPlayerMod:Club5","floor":90},{"not_picked":["PokerPlayerMod:Diamond3","PokerPlayerMod:ClubStrike+1","PokerPlayerMod:DiamondStrike+1","PokerPlayerMod:Diamond2"],"picked":"SKIP","floor":91},{"not_picked":["PokerPlayerMod:Club2","PokerPlayerMod:Club1","PokerPlayerMod:Configure","PokerPlayerMod:Spade1"],"picked":"SKIP","floor":96},{"not_picked":["PokerPlayerMod:Configure+1","PokerPlayerMod:Diamond2","PokerPlayerMod:SpadeStrike+1","PokerPlayerMod:Club4"],"picked":"SKIP","floor":97},{"not_picked":["PokerPlayerMod:Spade3","PokerPlayerMod:Diamond5","PokerPlayerMod:Diamond3"],"picked":"PokerPlayerMod:Sharpen+1","floor":99},{"not_picked":["PokerPlayerMod:Diamond1","PokerPlayerMod:DartThrow","PokerPlayerMod:DiamondStrike","Redo"],"picked":"SKIP","floor":103},{"not_picked":["PokerPlayerMod:Configure","PokerPlayerMod:Diamond7","PokerPlayerMod:DartThrow","PokerPlayerMod:Diamond3"],"picked":"SKIP","floor":110},{"not_picked":["PokerPlayerMod:SecretDealer","PokerPlayerMod:Fold","PokerPlayerMod:CloakAndDiamond"],"picked":"PokerPlayerMod:Diamond9","floor":112},{"not_picked":["PokerPlayerMod:Spade1","PokerPlayerMod:Spade5","PokerPlayerMod:Club4","PokerPlayerMod:Heart6"],"picked":"SKIP","floor":116},{"not_picked":["PokerPlayerMod:Spade1","PokerPlayerMod:PoorCopy","PokerPlayerMod:Raise","PokerPlayerMod:Diamond4"],"picked":"SKIP","floor":120},{"not_picked":["PokerPlayerMod:SecondChance","PokerPlayerMod:Diamond4","PokerPlayerMod:HiddenCard","Cold Snap"],"picked":"SKIP","floor":122},{"not_picked":["PokerPlayerMod:Diamond2","PokerPlayerMod:DiamondStrike","PokerPlayerMod:Spade3","Defragment"],"picked":"SKIP","floor":123},{"not_picked":["PokerPlayerMod:Club9","PokerPlayerMod:Diamond8","PokerPlayerMod:Diamond2"],"picked":"PokerPlayerMod:Extraction","floor":125},{"not_picked":["PokerPlayerMod:RoyalStrike","PokerPlayerMod:SpadeStrike","Beam Cell"],"picked":"PokerPlayerMod:JackOfSpades","floor":127},{"not_picked":["PokerPlayerMod:Club2","PokerPlayerMod:Spade3","PokerPlayerMod:CloakAndDiamond","PokerPlayerMod:Spade2"],"picked":"SKIP","floor":130},{"not_picked":["PokerPlayerMod:Raise","PokerPlayerMod:Spade1","PokerPlayerMod:SpadeStrike","PokerPlayerMod:Diamond2"],"picked":"SKIP","floor":133},{"not_picked":["PokerPlayerMod:Diamond8","PokerPlayerMod:TheDieIsCast","PokerPlayerMod:Heart8"],"picked":"PokerPlayerMod:FakeSymbols","floor":135},{"not_picked":["PokerPlayerMod:CardBurn","PokerPlayerMod:Trickery","PokerPlayerMod:Diamond9"],"picked":"PokerPlayerMod:SpadeStrike+1","floor":137},{"not_picked":["PokerPlayerMod:Raise","PokerPlayerMod:Diamond1","PokerPlayerMod:Spade3"],"picked":"PokerPlayerMod:ClubShade+1","floor":138},{"not_picked":["PokerPlayerMod:WasteCollection","PokerPlayerMod:Spade6","PokerPlayerMod:JackOfSpades"],"picked":"PokerPlayerMod:Club5","floor":140},{"not_picked":["PokerPlayerMod:ClubStrike+1","PokerPlayerMod:Trickery","Panic Button"],"picked":"PokerPlayerMod:Club9","floor":142},{"not_picked":["infinitespire:Fortify","infinitespire:DeathsTouch"],"picked":"hubris:InfiniteBlow","floor":143},{"not_picked":["PokerPlayerMod:MagicTrick","PokerPlayerMod:VarietyAttack","Stack"],"picked":"PokerPlayerMod:Spade10+","floor":144},{"not_picked":["PokerPlayerMod:Spade3","PokerPlayerMod:DartThrow","PokerPlayerMod:Diamond3"],"picked":"PokerPlayerMod:Diamond10+","floor":147},{"not_picked":["PokerPlayerMod:Club9","PokerPlayerMod:TheDieIsCast","PokerPlayerMod:Spade8"],"picked":"PokerPlayerMod:GamblerForm","floor":152},{"not_picked":["PokerPlayerMod:Diamond1"],"picked":"Hologram","floor":156},{"not_picked":["Multi-Cast"],"picked":"PokerPlayerMod:StackedDeck","floor":157}],"player_experience":326746,"relics_obtained":[{"floor":2,"key":"Replay:Wax Seal"},{"floor":6,"key":"StoneCalendar"},{"floor":23,"key":"hubris:ToyBattleship"},{"floor":26,"key":"Ice Cream"},{"floor":41,"key":"aspiration:Lifesprig"},{"floor":43,"key":"Meat on the Bone"},{"floor":43,"key":"Replay:Mystery Machine"},{"floor":45,"key":"ReplayTheSpireMod:TigerMarble"},{"floor":47,"key":"PokerPlayerMod:FairLicense"},{"floor":58,"key":"Orichalcum"},{"floor":60,"key":"infinitespire:WardingShard"},{"floor":60,"key":"Replay:Rubber Ducky"},{"floor":75,"key":"Replay:Kaleidoscope"},{"floor":77,"key":"White Beast Statue"},{"floor":79,"key":"hubris:DisguiseKit"},{"floor":82,"key":"Gremlin Food"},{"floor":91,"key":"hubris:MobiusCoin"},{"floor":92,"key":"hubris:Potato"},{"floor":94,"key":"Ginger"},{"floor":104,"key":"Potion Belt"},{"floor":109,"key":"infinitespire:Bottled Soul"},{"floor":110,"key":"ReplayFunnel"},{"floor":112,"key":"Shovel"},{"floor":113,"key":"Tiny Chest"},{"floor":125,"key":"Golden Egg"},{"floor":128,"key":"Blood Vial"},{"floor":129,"key":"Mummified Hand"},{"floor":141,"key":"Juzu Bracelet"},{"floor":142,"key":"Peace Pipe"},{"floor":144,"key":"infinitespire:CheckeredPen"},{"floor":145,"key":"Replay:Ringing Soul"},{"floor":146,"key":"Replay:Bottled Eggs"},{"floor":156,"key":"Blue Candle"}],"event_choices":[{"damage_healed":0,"gold_gain":0,"player_choice":"Entered Light","damage_taken":10,"max_hp_gain":0,"max_hp_loss":0,"event_name":"Shining Light","floor":3,"gold_loss":0,"cards_upgraded":["PokerPlayerMod:TrumpStrike","PokerPlayerMod:Spade4"]},{"damage_healed":0,"gold_gain":0,"player_choice":"Forge","damage_taken":0,"max_hp_gain":0,"max_hp_loss":0,"event_name":"Accursed Blacksmith","floor":7,"gold_loss":0,"cards_upgraded":["PokerPlayerMod:Heart3"]},{"damage_healed":0,"gold_gain":0,"player_choice":"Obtained Relic","damage_taken":0,"relics_obtained":["Matryoshka"],"max_hp_gain":0,"max_hp_loss":0,"event_name":"Addict","floor":30,"gold_loss":85},{"damage_healed":0,"gold_gain":0,"player_choice":"Memory 1","damage_taken":0,"max_hp_gain":0,"max_hp_loss":0,"event_name":"SensoryStone","floor":36,"gold_loss":0},{"cards_removed":["PokerPlayerMod:SecondChance"],"damage_healed":0,"gold_gain":0,"player_choice":"Removed Attack","damage_taken":0,"max_hp_gain":0,"max_hp_loss":0,"event_name":"Falling","floor":37,"gold_loss":0},{"cards_removed":["PokerPlayerMod:Spade2"],"damage_healed":0,"gold_gain":0,"player_choice":"Card Removal","damage_taken":7,"max_hp_gain":0,"max_hp_loss":0,"event_name":"Golden Wing","floor":54,"gold_loss":0},{"cards_removed":["PokerPlayerMod:Diamond1"],"damage_healed":0,"gold_gain":0,"player_choice":"Forget","damage_taken":0,"max_hp_gain":0,"max_hp_loss":0,"event_name":"Living Wall","floor":55,"gold_loss":0},{"damage_healed":0,"gold_gain":0,"player_choice":"Entered Light","damage_taken":10,"max_hp_gain":0,"max_hp_loss":0,"event_name":"Shining Light","floor":59,"gold_loss":0,"cards_upgraded":["Purity","PokerPlayerMod:Heart8"]},{"damage_healed":0,"gold_gain":0,"cards_transformed":["PokerPlayerMod:Fold"],"player_choice":"Transformed","damage_taken":0,"max_hp_gain":0,"max_hp_loss":0,"event_name":"Transmorgrifier","floor":62,"gold_loss":0,"cards_obtained":["PokerPlayerMod:Spade5"]},{"damage_healed":0,"gold_gain":0,"player_choice":"Success","damage_taken":18,"relics_obtained":["Shuriken"],"max_hp_gain":0,"max_hp_loss":0,"event_name":"Scrap Ooze","floor":64,"gold_loss":0},{"cards_removed":["PokerPlayerMod:Heart3"],"damage_healed":0,"gold_gain":0,"player_choice":"Single Remove","damage_taken":0,"max_hp_gain":0,"max_hp_loss":0,"event_name":"Designer","floor":88,"gold_loss":60},{"damage_healed":0,"gold_gain":0,"player_choice":"Paid","damage_taken":0,"relics_obtained":["Red Mask"],"max_hp_gain":0,"max_hp_loss":0,"event_name":"Tomb of Lord Red Mask","floor":93,"gold_loss":207},{"damage_healed":0,"gold_gain":0,"player_choice":"Searched \u00271\u0027 times","damage_taken":0,"max_hp_gain":0,"max_hp_loss":0,"event_name":"Dead Adventurer","floor":104,"gold_loss":0},{"damage_healed":0,"gold_gain":0,"player_choice":"Traded Relic","damage_taken":0,"relics_obtained":["Nloth\u0027s Gift"],"max_hp_gain":0,"max_hp_loss":0,"event_name":"N\u0027loth","floor":121,"relics_lost":["Replay:Kaleidoscope"],"gold_loss":0},{"damage_healed":0,"gold_gain":0,"player_choice":"Shed Blood","damage_taken":13,"max_hp_gain":5,"max_hp_loss":0,"event_name":"Forgotten Altar","floor":124,"gold_loss":0},{"damage_healed":0,"gold_gain":0,"player_choice":"1 cards matched","damage_taken":0,"max_hp_gain":0,"max_hp_loss":0,"event_name":"Match and Keep!","floor":149,"gold_loss":0,"cards_obtained":["PokerPlayerMod:WildCard"]}],"is_beta":false,"boss_relics":[{"not_picked":["hubris:CrackedHourglass","aspiration:PoetsPen_weak"],"picked":"aspiration:RunicSpoon"},{"not_picked":["aspiration:SilentSkillbook","Replay:Grab Bag"],"picked":"hubris:ScarierMask"},{"not_picked":["ReplayTheSpireMod:SealedPack","PokerPlayerMod:AceCard"],"picked":"Runic Dome"},{"not_picked":["hubris:RunicObelisk","Busted Crown"],"picked":"PokerPlayerMod:AceCard"},{"not_picked":["hubris:CrackedHourglass","ChewingGum"],"picked":"Philosopher\u0027s Stone"},{"not_picked":["Sozu","Fusion Hammer","Velvet Choker"]},{"not_picked":["Black Star","hubris:CrackedHourglass"],"picked":"Coffee Dripper"},{"not_picked":["Replay:Grab Bag","aspiration:PoetsPen_weak"],"picked":"aspiration:FutureDiary"},{"not_picked":["aspiration:RitualDagger","Sozu"],"picked":"Busted Crown"}],"items_purged_floors":[4,20,42,70,114,132,150,155],"is_endless":true,"potions_floor_spawned":[1,6,13,18,23,33,38,39,45,47,53,56,67,69,73,75,79,81,82,84,86,87,89,90,91,96,97,99,101,103,104,110,112,116,118,120,122,123,125,127,130,133,135,137,138,140,142,144,147,152,156,157],"ascension_level":2}}