{"host":"ur3jhul21nnc6809","time":1611668918,"event":{"mods":["Act Like it!","BaseMod","Better Vampires","Dota2Spire","Downfall","Friendly Minions","KinomotoSakuraMod(ƒæ÷Æ±æ”£)","Marisa£®ÏF”Í°°ƒß¿Ì…≥£©","Minty Spire (QoL Compilation)","Prisma Mod","Remilia£®¿Ÿ√◊¿Ú—«£©","Replay The Spire","StSLib","[IsaacMod]“‘»ˆº‚À˛"],"gold_per_floor":[118,125,1,16,16,16,49,49,74,100,107,138,138,170,170,329,329,356,554,90,90,1,1,34,34,61,95,129,129,31,56,56,175,175,199,212,295,53,79,118,118,143,143,143,176,55,87,87,87,115],"floor_reached":51,"language":"ZHS","playtime":2885,"items_purged":["ClowCardTheSword","Regret","Replay:Sluggish","Regret","ClowCardTheShield"],"score":1304,"play_id":"2f36c82e-c16d-4ee5-870b-de5ca3688b2d","local_time":"20210126214838","is_ascension_mode":true,"campfire_choices":[{"data":"ClowCardTheFly","floor":6.0,"key":"SMITH"},{"data":"ClowCardTheFirey","floor":8.0,"key":"SMITH"},{"data":"ClowCardTheBig","floor":15.0,"key":"SMITH"},{"floor":23.0,"key":"REST"},{"data":"ClowCardTheFight","floor":25.0,"key":"SMITH"},{"floor":29.0,"key":"REST"},{"floor":32,"key":"DIG"},{"floor":41,"key":"REST"},{"floor":44,"key":"REST"},{"floor":49,"key":"REST"}],"circlet_count":0,"master_deck":["SakuraCardTheFirey+","ClowCardTheSword","ClowCardTheSword","ClowCardTheSword","ClowCardTheShield","ClowCardTheShield","SpellCardSeal","SpellCardRelease","ClowCardTheFly+1","ClowCardTheArrow+1","ClowCardTheBig+1","ClowCardTheTwin+1","ClowCardTheDream+1","Apotheosis+1","ClowCardTheFight+1","ClowCardTheLight","Discovery+1","ReplayTheSpireMod:Faulty Equipment","ClowCardTheDark","ClowCardTheFlower+1","Replay:BasicMightCard+1"],"relics":["KSMOD_SealedBook","KSMOD_SealedWand","HushsDoor","NeowsBlessing","SalivaCoin","Blue Doll","Dota2Spire:PhaseBoots","Orichalcum","ScarletDevilRocket","Vajra","Dota2Spire:PowerTreads","Cursed Key","SteamSale","Dota2Spire:AghanimScepter","Simple Rune","Nloth\u0027s Gift","DeadEye","Dota2Spire:ArmletOfMordiggian","Dota2Spire:MaskOfMadness","BargainBundle","Pet Ghost","Gremlin Food","KSMOD_DarknessWand","CatCart","Shuriken","Omamori","Dota2Spire:DrumOfEndurance","KSMOD_TouyasBicycle","Singing Bowl","HowToJump","Chemical X","Bag of Preparation","War Paint"],"acts_visited":["Exordium","TheCity","TheBeyond"],"potions_floor_usage":[33,33,33,50,50,50],"damage_taken":[{"damage":0.0,"enemies":"Jaw Worm","floor":1.0,"turns":1.0},{"damage":0.0,"enemies":"Small Slimes","floor":4.0,"turns":1.0},{"damage":0.0,"enemies":"Lagavulin","floor":7.0,"turns":1.0},{"damage":2.0,"enemies":"Cultist","floor":10.0,"turns":3.0},{"damage":0.0,"enemies":"3 Sentries","floor":12.0,"turns":3.0},{"damage":0.0,"enemies":"Gremlin Nob","floor":14.0,"turns":2.0},{"damage":28.0,"enemies":"Hexaghost","floor":16.0,"turns":5.0},{"damage":10.0,"enemies":"Chosen","floor":18.0,"turns":3.0},{"damage":0.0,"enemies":"Gremlin Leader","floor":24.0,"turns":2.0},{"damage":18.0,"enemies":"Book of Stabbing","floor":27.0,"turns":3.0},{"damage":14.0,"enemies":"Shell Parasite","floor":28.0,"turns":2.0},{"damage":10,"enemies":"Automaton","floor":33,"turns":4},{"damage":3,"enemies":"3 Shapes","floor":35,"turns":2},{"damage":0,"enemies":"Orb Walker","floor":36,"turns":1},{"damage":22,"enemies":"Orin","floor":37,"turns":7},{"damage":11,"enemies":"Writhing Mass","floor":39,"turns":2},{"damage":13,"enemies":"Nemesis","floor":40,"turns":3},{"damage":2,"enemies":"Sphere and 2 Shapes","floor":42,"turns":4},{"damage":0,"enemies":"Reptomancer","floor":45,"turns":1},{"damage":0,"enemies":"Nemesis","floor":47,"turns":3},{"damage":54,"enemies":"Time Eater","floor":50,"turns":4}],"seed_played":"-8606447664430547912","potions_obtained":[{"floor":1.0,"key":"Explosive Potion"},{"floor":7.0,"key":"Adrenaline Potion"},{"floor":10.0,"key":"BlessingOfTheForge"},{"floor":33,"key":"Languid Potion"},{"floor":37,"key":"KSMOD_MagickBottle"},{"floor":39,"key":"Venom Potion"},{"floor":45,"key":"PowerPotion"},{"floor":47,"key":"Slimebound:ThreeZeroPotion"}],"is_trial":false,"path_per_floor":["M","?","$","M","?","R","E","R","T","M","?","E","?","E","R","B",null,"M","?","$","?","$","R","E","R","T","E","M","R","$","T","R","B",null,"M","M","?","$","M","E","R","M","T","R","E","$","E","T","R","B",null],"character_chosen":"KINOMOTOSAKURA","items_purchased":["Fire Potion","SteamSale","Apotheosis+1","Dota2Spire:AghanimScepter","Simple Rune","Fire Potion","BargainBundle","Discovery","Toxic Potion","Dota2Spire:Clarity","Shuriken","champ:CounterPotion","Chemical X","Replay:BasicMightCard"],"campfire_rested":5,"item_purchase_floors":[3,20,20,20,20,22,30,30,30,30,38,38,46,46],"current_hp_per_floor":[70,63,63,63,63,63,63,63,63,61,46,46,46,46,46,18,57,47,47,47,47,47,68,68,68,68,50,36,57,57,57,57,47,64,61,61,39,39,28,15,36,34,34,55,57,57,59,59,74,20],"gold":115,"neow_bonus":"THREE_ENEMY_KILL","is_daily":false,"chose_seed":false,"campfire_upgraded":4,"win_rate":0.0,"timestamp":1611668918,"path_taken":["M","?","$","M","?","R","E","R","T","?","?","E","?","E","R","BOSS","M","?","$","?","?","R","E","R","T","E","M","R","$","?","R","BOSS","M","M","?","$","?","E","R","M","T","R","E","?","E","?","R","BOSS"],"items_purchased_type":["Potion","Relic","Card","Relic","Relic","Potion","Relic","Card","Potion","Potion","Relic","Potion","Relic","Card"],"build_version":"2020-12-22","purchased_purges":5,"victory":true,"max_hp_per_floor":[70,70,70,70,70,70,70,70,70,70,70,70,70,70,70,70,70,70,70,70,70,70,70,70,70,70,70,70,70,70,70,70,70,70,70,70,70,70,70,70,70,70,70,70,72,72,74,74,74,74],"card_choices":[{"not_picked":["ClowCardTheIllusion","ClowCardTheFloat"],"picked":"ClowCardTheFirey","floor":1.0},{"not_picked":["ClowCardTheFreeze","ClowCardTheRain"],"picked":"ClowCardTheFly","floor":4.0},{"not_picked":["ClowCardThePower","ClowCardTheSilent"],"picked":"ClowCardTheCreate","floor":7.0},{"not_picked":["ClowCardThePower","ClowCardTheLock"],"picked":"ClowCardTheArrow","floor":10.0},{"not_picked":["ClowCardTheErase","ClowCardTheSand","ClowCardTheFirey"],"picked":"SKIP","floor":12.0},{"not_picked":["ClowCardTheChange","ClowCardTheMaze"],"picked":"ClowCardTheBig","floor":14.0},{"not_picked":["ClowCardTheReturn","ClowCardTheDash"],"picked":"ClowCardTheTwin","floor":16.0},{"not_picked":["ClowCardTheWatery+1","ClowCardThePower"],"picked":"ClowCardTheDream+1","floor":18.0},{"not_picked":["ClowCardTheThunder","ClowCardTheFreeze+1"],"picked":"ClowCardTheFight","floor":24.0},{"not_picked":["ClowCardTheThrough","ClowCardTheLibra"],"picked":"ClowCardTheLight","floor":27.0},{"not_picked":["ClowCardTheMist+1","ClowCardTheSilent","ClowCardTheMove"],"picked":"SKIP","floor":28.0},{"not_picked":["ClowCardTheDash","ClowCardTheTwin"],"picked":"ClowCardTheDark","floor":33},{"not_picked":["ClowCardTheArrow+1","ClowCardTheLibra+1","ClowCardTheLittle+1"],"picked":"SKIP","floor":35},{"not_picked":["ClowCardTheShadow+1","ClowCardTheLittle+1","ClowCardTheBubbles+1"],"picked":"SKIP","floor":36},{"not_picked":["ClowCardTheSand+1","ClowCardTheLock+1"],"picked":"ClowCardTheFlower","floor":39},{"not_picked":["ClowCardTheSweet+1","ClowCardTheSleep"],"picked":"ClowCardTheCreate","floor":40},{"not_picked":["ClowCardTheLock","ClowCardTheChange","ClowCardTheFight"],"picked":"SKIP","floor":42},{"not_picked":["ClowCardTheShadow+1","ClowCardTheThrough","ClowCardTheFreeze+1"],"picked":"Singing Bowl","floor":45},{"not_picked":["ClowCardTheWood","ClowCardTheSilent+1","ClowCardTheSand+1"],"picked":"Singing Bowl","floor":47}],"player_experience":588011,"relics_obtained":[{"floor":7.0,"key":"Dota2Spire:PhaseBoots"},{"floor":9.0,"key":"Orichalcum"},{"floor":10.0,"key":"ScarletDevilRocket"},{"floor":12.0,"key":"Mirror"},{"floor":14.0,"key":"Dota2Spire:PowerTreads"},{"floor":24.0,"key":"DeadEye"},{"floor":26.0,"key":"Dota2Spire:ArmletOfMordiggian"},{"floor":27.0,"key":"Dota2Spire:MaskOfMadness"},{"floor":31,"key":"Pet Ghost"},{"floor":32,"key":"Gremlin Food"},{"floor":37,"key":"CatCart"},{"floor":40,"key":"Omamori"},{"floor":42,"key":"Dota2Spire:DrumOfEndurance"},{"floor":42,"key":"KSMOD_TouyasBicycle"},{"floor":43,"key":"Singing Bowl"},{"floor":45,"key":"HowToJump"},{"floor":47,"key":"Bag of Preparation"},{"floor":48,"key":"War Paint"}],"event_choices":[{"cards_removed":["ClowCardTheShield"],"damage_healed":0.0,"max_hp_gain":0.0,"max_hp_loss":0.0,"gold_gain":0.0,"event_name":"Golden Wing","player_choice":"Card Removal","floor":2.0,"gold_loss":0.0,"damage_taken":7.0},{"damage_healed":0.0,"max_hp_gain":0.0,"max_hp_loss":0.0,"gold_gain":0.0,"event_name":"Big Fish","player_choice":"Box","floor":5.0,"gold_loss":0.0,"damage_taken":0.0,"relics_obtained":["Blue Doll"],"cards_obtained":["Regret"]},{"damage_healed":0.0,"max_hp_gain":0.0,"max_hp_loss":0.0,"gold_gain":0.0,"event_name":"Upgrade Shrine","player_choice":"Upgraded","floor":13.0,"gold_loss":0.0,"damage_taken":0.0,"cards_upgraded":["ClowCardTheArrow"]},{"damage_healed":0.0,"max_hp_gain":0.0,"max_hp_loss":0.0,"gold_gain":0.0,"event_name":"N\u0027loth","player_choice":"Traded Relic","floor":21.0,"relics_lost":["Mirror"],"gold_loss":0.0,"damage_taken":0.0,"relics_obtained":["Nloth\u0027s Gift"]},{"damage_healed":0,"gold_gain":0,"player_choice":"Fight","damage_taken":0,"max_hp_gain":0,"max_hp_loss":0,"event_name":"OrinTheCat","floor":37,"gold_loss":0}],"is_beta":false,"boss_relics":[{"not_picked":["Pandora\u0027s Box","Runic Pyramid"],"picked":"Cursed Key"},{"not_picked":[]},{"not_picked":["ChampionBelt","Tiny House"],"picked":"KSMOD_DarknessWand"},{"not_picked":[]}],"items_purged_floors":[3,20,22,30,38],"is_endless":false,"potions_floor_spawned":[1,7,10,33,37,39,45,47],"ascension_level":5}}