{"host":"80x1ozqd5wpd4nvo","time":1611694731,"event":{"mods":["2.2 Compatiblity","Aspiration","BaseMod","Better Altar","Better Match","Better Note","Better Sensory Stone","Better Skull","Better Third Choice","BetterRewards","CCEM2","Card Forge","Custom Start","DNKmod","Defuse TimeMaze Blight","Dota2Spire","Energized Spire","Friendly Minions","GifTheSpireLib","Hubris","Infinite Spire","Minty Spire (QoL Compilation)","Permanent Neow","Poor People Problems","Shop Mod","Spicy Shops","StS++","StSLib","The Blue Laboratory","??????REMEMod"],"gold_per_floor":[1217,602,602,621,635,669,669,704,704,721,747,761,761,686,686,791,791,808,808,808,115,126,157,157,189,189,220,220,4,19,19,19,118,118,137,137,137,151,169,169,198,198,222,254,254,254,266,266,266],"floor_reached":48,"language":"ENG","playtime":13662,"items_purged":[],"score":743,"play_id":"5dd81e97-abc2-4f96-a7e5-61740253ca03","local_time":"20210126215851","is_ascension_mode":true,"campfire_choices":[{"data":"theextravagant:Urgency","floor":7,"key":"SMITH"},{"data":"theextravagant:Drift","floor":15,"key":"SMITH"},{"floor":28,"key":"REST"},{"data":"theextravagant:Tension","floor":32,"key":"SMITH"},{"floor":40,"key":"REST"},{"floor":46,"key":"REST"}],"circlet_count":0,"master_deck":["theextravagant:SlyStrike","theextravagant:SlyStrike","theextravagant:SlyStrike","theextravagant:SlyStrike","theextravagant:Fence","theextravagant:Fence","theextravagant:Fence","theextravagant:Fence","theextravagant:QuickAttack","theextravagant:Triumph","theextravagant:Firework","theextravagant:Urgency+1","theextravagant:StepBack","theextravagant:Cutthroat","theextravagant:Aggression","theextravagant:Drift+1","theextravagant:PerfectTheBasics","theextravagant:FocusStab","theextravagant:Shove","theextravagant:Stella","theextravagant:Pushthrough+1","theextravagant:Comeback+1","theextravagant:Urgency+1","theextravagant:Urgency","theextravagant:GlyphOfPower","theextravagant:Tension+1","theextravagant:AuroraForm","theextravagant:Precaution+1","infinitespire:NeuralNetwork","theextravagant:Swirl+1","theextravagant:PuffUp","hubris:Disease","hubris:Disease","infinitespire:TheBestDefense","theextravagant:RiskyStrike"],"relics":["theextravagant:TranslucentFeather","Hammer of Thor","Seething Fire","Anvil of the Gods","REME_ComplimentaryCards","aspiration:Nostalgia","infinitespire:DarkRift","aspiration:HatOfInfinitePower","HandDrill","Dota2Spire:Desolator","Question Card","CCEMRelics:CocoNut","aspiration:Lifesprig","aspiration:FutureDiary","theextravagant:PocketDynamo","StSpp:TwinEgg","CCEMRelics:BiPhaseBiplane","aspiration:TomeofQuesting","hubris:MedicalManual","StSpp:GiftCard","Dota2Spire:BlackKingBar","CCEMRelics:TeddyBear","betterThird:NestCultRelic","hubris:RunicObelisk","hubris:AstralHammer","Du-Vu Doll","aspiration:SeaSaltIceCream","aspiration:Nostalgia","Cracked Core","Oddly Smooth Stone","CCEMRelics:HeliumBalloon"],"acts_visited":["Exordium","TheCity","TheBeyond"],"potions_floor_usage":[8,11,12,18,33,38,47],"damage_taken":[{"damage":0,"enemies":"Cultist","floor":1,"turns":3},{"damage":0,"enemies":"Small Slimes","floor":4,"turns":2},{"damage":1,"enemies":"Jaw Worm","floor":5,"turns":2},{"damage":6,"enemies":"Gremlin Nob","floor":6,"turns":3},{"damage":0,"enemies":"Lagavulin","floor":8,"turns":2},{"damage":0,"enemies":"Lots of Slimes","floor":10,"turns":2},{"damage":9,"enemies":"3 Sentries","floor":11,"turns":4},{"damage":0,"enemies":"Looter","floor":12,"turns":1},{"damage":6,"enemies":"The Guardian","floor":16,"turns":4},{"damage":0,"enemies":"3 Byrds","floor":18,"turns":3},{"damage":0,"enemies":"Shell Parasite","floor":22,"turns":2},{"damage":32,"enemies":"REME_1_Revenger","floor":23,"turns":3},{"damage":26,"enemies":"Slavers","floor":25,"turns":4},{"damage":9,"enemies":"Gremlin Leader","floor":27,"turns":3},{"damage":0,"enemies":"Sentry and Sphere","floor":30,"turns":3},{"damage":2,"enemies":"Collector","floor":33,"turns":5},{"damage":26,"enemies":"3 Shapes","floor":35,"turns":4},{"damage":9,"enemies":"3 Darklings","floor":38,"turns":5},{"damage":23,"enemies":"Spire Growth","floor":39,"turns":4},{"damage":26,"enemies":"Giant Head","floor":41,"turns":7},{"damage":19,"enemies":"Nemesis","floor":44,"turns":7},{"damage":46,"enemies":"Sphere and 2 Shapes","floor":47,"turns":5},{"damage":21,"enemies":"Writhing Mass","floor":48,"turns":1}],"seed_played":"-7886720112110716916","potions_obtained":[{"floor":4,"key":"Dexterity Potion"},{"floor":6,"key":"AttackPotion"},{"floor":8,"key":"PowerPotion"},{"floor":11,"key":"blueLaboratory:HorrorPotion"},{"floor":27,"key":"blueLaboratory:FrostheartPotion"},{"floor":33,"key":"blueLaboratory:AbyssPotion"},{"floor":35,"key":"blueLaboratory:BottledHope"},{"floor":39,"key":"Dota2Spire:Clarity"}],"is_trial":false,"path_per_floor":["M","$","?","M","M","E","R","E","T","M","E","M","?","?","R","B",null,"M","?","?","$","M","E","AVR","E","T","E","R","$","M","?","R","B",null,"M","AVR","?","M","M","R","E","?","T","E","?","R","M","M"],"character_chosen":"THE_EXTRAVAGANT","items_purchased":["theextravagant:Urgency","aspiration:HatOfInfinitePower","HandDrill","theextravagant:StepBack","theextravagant:PocketDynamo","StSpp:TwinEgg","CCEMRelics:BiPhaseBiplane","aspiration:TomeofQuesting","CCEMRelics:TeddyBear","theextravagant:GlyphOfPower"],"campfire_rested":3,"item_purchase_floors":[2,2,2,2,21,21,21,21,29,29],"current_hp_per_floor":[100,100,100,100,99,93,93,93,98,98,89,89,89,89,89,83,105,105,105,105,105,105,73,73,47,47,38,69,69,69,69,69,67,105,79,79,79,70,47,78,52,52,52,33,33,64,18,0,0],"gold":266,"neow_bonus":"NOSTALGIA","is_daily":false,"chose_seed":false,"campfire_upgraded":3,"win_rate":0.0,"timestamp":1611694731,"path_taken":["M","$","?","M","M","E","R","E","T","M","E","?","?","?","R","BOSS","M","?","?","$","M","E","AVR","E","T","E","R","$","M","?","R","BOSS","M","AVR","?","M","?","R","E","?","T","E","?","R","M","M"],"items_purchased_type":["Card","Relic","Relic","Card","Relic","Relic","Relic","Relic","Relic","Card"],"build_version":"2020-12-22","purchased_purges":0,"victory":false,"max_hp_per_floor":[100,100,100,100,100,100,100,100,105,105,105,105,105,105,105,105,105,105,105,105,105,105,105,105,105,105,105,105,105,105,105,105,105,105,105,105,105,105,105,105,105,105,105,105,105,105,105,105,105],"card_choices":[{"not_picked":["theextravagant:GarbageCannon","theextravagant:CutTheDeck"],"picked":"theextravagant:Firework","floor":1},{"not_picked":["theextravagant:Tension","theextravagant:Flashback"],"picked":"theextravagant:Cutthroat","floor":4},{"not_picked":["theextravagant:ArtisticDisplay","theextravagant:GlyphOfPower"],"picked":"theextravagant:Aggression","floor":5},{"not_picked":["theextravagant:GlyphOfPower","theextravagant:Shatter"],"picked":"theextravagant:Drift","floor":6},{"not_picked":["theextravagant:ShootingStar","theextravagant:Pushthrough"],"picked":"theextravagant:PerfectTheBasics","floor":8},{"not_picked":["theextravagant:Flashback","theextravagant:GlyphOfSight","theextravagant:Ambush"],"picked":"theextravagant:FocusStab","floor":10},{"not_picked":["theextravagant:Flashback","theextravagant:Outrun","theextravagant:Dazzle","theextravagant:Riot"],"picked":"SKIP","floor":11},{"not_picked":["theextravagant:ShootingStar","theextravagant:CutTheDeck","theextravagant:Flashback"],"picked":"theextravagant:Shove","floor":12},{"not_picked":["theextravagant:DAMNATION","theextravagant:RisingPhoenix","theextravagant:ManifestIllusion"],"picked":"theextravagant:Stella","floor":16},{"not_picked":["theextravagant:GarbageCannon","theextravagant:Firework","theextravagant:Swirl"],"picked":"theextravagant:Pushthrough+1","floor":18},{"not_picked":["theextravagant:Twitch","theextravagant:SharpTalons","theextravagant:ShootingStar"],"picked":"theextravagant:Comeback+1","floor":22},{"not_picked":["theextravagant:Shake","theextravagant:Drift","theextravagant:ShootingStar"],"picked":"theextravagant:Urgency+1","floor":23},{"not_picked":["theextravagant:Comeback","theextravagant:Courage","theextravagant:Tension"],"picked":"theextravagant:Urgency","floor":25},{"not_picked":["theextravagant:HeavyBlows","theextravagant:Defy","theextravagant:GarbageCannon","theextravagant:Pluck"],"picked":"SKIP","floor":27},{"not_picked":["theextravagant:PerfectTheBasics+1","theextravagant:Shake","theextravagant:Flashback+1"],"picked":"theextravagant:Tension","floor":30},{"not_picked":["theextravagant:Stella","theextravagant:Nihil","theextravagant:SnakeOil"],"picked":"theextravagant:AuroraForm","floor":33},{"not_picked":["theextravagant:SpontaneousStrike","theextravagant:ShootingStar+1","theextravagant:Ambush+1"],"picked":"theextravagant:Precaution+1","floor":35},{"not_picked":["theextravagant:Redemption","theextravagant:Riot+1","theextravagant:Drift"],"picked":"theextravagant:Swirl+1","floor":38},{"not_picked":["theextravagant:GlyphOfSight","theextravagant:Foil","theextravagant:Pushthrough+1"],"picked":"theextravagant:PuffUp","floor":39},{"not_picked":["theextravagant:Riot","theextravagant:GarbageCannon","theextravagant:DAMNATION","theextravagant:ShootingStar"],"picked":"SKIP","floor":41},{"not_picked":["infinitespire:SealOfDarkness+","infinitespire:FutureSight"],"picked":"infinitespire:TheBestDefense","floor":42},{"not_picked":["theextravagant:Firework","theextravagant:StepBack+1","theextravagant:HeavyBlows"],"picked":"theextravagant:RiskyStrike","floor":44},{"not_picked":["theextravagant:SpontaneousStrike+1","theextravagant:Riot","theextravagant:Twitch","theextravagant:SharpTalons+1"],"picked":"SKIP","floor":47}],"player_experience":269989,"relics_obtained":[{"floor":6,"key":"Dota2Spire:Desolator"},{"floor":8,"key":"Question Card"},{"floor":9,"key":"CCEMRelics:CocoNut"},{"floor":11,"key":"aspiration:Lifesprig"},{"floor":23,"key":"hubris:MedicalManual"},{"floor":25,"key":"Dota2Spire:BlackKingBar"},{"floor":41,"key":"aspiration:SeaSaltIceCream"},{"floor":43,"key":"Oddly Smooth Stone"},{"floor":44,"key":"CCEMRelics:HeliumBalloon"}],"event_choices":[{"damage_healed":0,"gold_gain":0,"player_choice":"2","damage_taken":0,"max_hp_gain":0,"max_hp_loss":0,"event_name":"betterMatch:BetterMatch","floor":14,"gold_loss":0,"cards_obtained":[]},{"cards_removed":["theextravagant:SlyStrike"],"damage_healed":0,"gold_gain":0,"player_choice":"Give","damage_taken":0,"max_hp_gain":0,"max_hp_loss":0,"event_name":"betterNote:BetterNote","floor":20,"gold_loss":0,"cards_obtained":["None"]},{"damage_healed":0,"gold_gain":0,"player_choice":"Madness","damage_taken":0,"relics_obtained":["betterThird:NestCultRelic"],"max_hp_gain":0,"max_hp_loss":0,"event_name":"betterThird:BetterNest","floor":31,"gold_loss":0},{"damage_healed":0,"gold_gain":0,"player_choice":"Gave Potion","damage_taken":0,"relics_obtained":["Du-Vu Doll"],"max_hp_gain":0,"max_hp_loss":0,"event_name":"WeMeetAgain","floor":37,"gold_loss":0}],"is_beta":false,"boss_relics":[{"not_picked":["energizedSpire:HugeHouse","infinitespire:Cupcake"],"picked":"aspiration:FutureDiary"},{"not_picked":["hubris:BlackHole","StSpp:CrystalBall"],"picked":"hubris:RunicObelisk"}],"items_purged_floors":[],"is_endless":false,"potions_floor_spawned":[4,6,8,11,27,33,35,39],"killed_by":"Writhing Mass","ascension_level":1}}