{"host":"vumwfieg2b2mnrfl","time":1611703669,"event":{"mods":["AchievementEnabler","BaseMod","Minty Spire (QoL Compilation)","Rare Cards Sparkle","Relic Stats"],"gold_per_floor":[117,117,117,129,129,155,116,116,116,135,167,187,220,55,55,127,127,140,65,65,93,93,126,138,50,50,67,67,86,86,98,98,171,171,182,20,20,35,257,286,286,313,336,336,368,135,167,182,182,182],"floor_reached":51,"language":"ENG","playtime":2369,"items_purged":["Defend_G","Defend_G"],"score":1779,"play_id":"b0ef5714-6a2a-4d50-81d5-45cc441bfcfc","local_time":"20210126172749","is_ascension_mode":true,"campfire_choices":[{"data":"Footwork","floor":8.0,"key":"SMITH"},{"floor":15.0,"key":"REST"},{"floor":28.0,"key":"REST"},{"data":"Catalyst","floor":32.0,"key":"SMITH"},{"floor":44.0,"key":"REST"},{"floor":49,"key":"REST"}],"circlet_count":0,"master_deck":["AscendersBane","Strike_G","Strike_G","Strike_G","Defend_G","Defend_G","Defend_G","Survivor","Neutralize","Catalyst+1","Terror","Poisoned Stab","Poisoned Stab","Footwork+1","Footwork","Prepared","Corpse Explosion","Noxious Fumes+1","Adrenaline","Leg Sweep","Burst","Prepared+1","Noxious Fumes+1","Calculated Gamble","PiercingWail","Deflect+1","Venomology","Backflip","Footwork+1","Finesse","Well Laid Plans+1","Deflect","Escape Plan+1"],"relics":["Ring of the Snake","NeowsBlessing","InkBottle","Omamori","Akabeko","Lizard Tail","Question Card","Frozen Egg 2","Orrery","Busted Crown","Red Mask","Blue Candle","StrikeDummy","Cursed Key","Letter Opener","PreservedInsect","Blood Vial","Thread and Needle","Pantograph"],"acts_visited":["Exordium","TheCity","TheBeyond"],"potions_floor_usage":[47,48,50,50,50],"damage_taken":[{"damage":0.0,"enemies":"2 Louse","floor":1.0,"turns":1.0},{"damage":0.0,"enemies":"Jaw Worm","floor":4.0,"turns":1.0},{"damage":0.0,"enemies":"Gremlin Nob","floor":6.0,"turns":1.0},{"damage":0.0,"enemies":"Cultist","floor":10.0,"turns":3.0},{"damage":0.0,"enemies":"Lagavulin","floor":11.0,"turns":6.0},{"damage":11.0,"enemies":"Exordium Thugs","floor":12.0,"turns":5.0},{"damage":34.0,"enemies":"3 Sentries","floor":13.0,"turns":14.0},{"damage":25.0,"enemies":"Hexaghost","floor":16.0,"turns":10.0},{"damage":6.0,"enemies":"Shell Parasite","floor":18.0,"turns":9.0},{"damage":0.0,"enemies":"Masked Bandits","floor":21.0,"turns":2.0},{"damage":22.0,"enemies":"Gremlin Leader","floor":23.0,"turns":5.0},{"damage":8.0,"enemies":"Spheric Guardian","floor":24.0,"turns":4.0},{"damage":4.0,"enemies":"Snake Plant","floor":27.0,"turns":4.0},{"damage":16.0,"enemies":"Snecko","floor":29.0,"turns":9.0},{"damage":3.0,"enemies":"Centurion and Healer","floor":31.0,"turns":3.0},{"damage":33.0,"enemies":"Automaton","floor":33.0,"turns":11.0},{"damage":14.0,"enemies":"3 Darklings","floor":35.0,"turns":4.0},{"damage":13.0,"enemies":"Orb Walker","floor":38.0,"turns":4.0},{"damage":44.0,"enemies":"Nemesis","floor":40.0,"turns":9.0},{"damage":10.0,"enemies":"Reptomancer","floor":42.0,"turns":6.0},{"damage":0.0,"enemies":"Nemesis","floor":45.0,"turns":5.0},{"damage":0,"enemies":"Giant Head","floor":47,"turns":6},{"damage":0,"enemies":"Writhing Mass","floor":48,"turns":5},{"damage":48,"enemies":"Awakened One","floor":50,"turns":19}],"seed_played":"4192903049576984367","potions_obtained":[{"floor":1.0,"key":"Regen Potion"},{"floor":6.0,"key":"Strength Potion"},{"floor":13.0,"key":"EssenceOfSteel"},{"floor":33.0,"key":"Fire Potion"}],"is_trial":false,"path_per_floor":["M","?","?","M","?","E","$","R","T","M","E","M","E","$","R","B",null,"M","?","?","?","?","E","M","$","T","M","R","M","$","M","R","B",null,"M","$","?","M","?","E","?","E","T","R","E","$","E","M","R","B",null],"character_chosen":"THE_SILENT","items_purchased":["Footwork","Orrery","Calculated Gamble","Footwork+1","Well Laid Plans+1","Deflect"],"campfire_rested":4,"item_purchase_floors":[7,14,25,36,46,46],"current_hp_per_floor":[59,59,54,54,54,54,54,54,54,54,54,43,9,9,28,3,50,44,44,44,44,44,22,14,14,14,10,29,13,13,10,10,25,56,42,42,55,42,42,13,13,3,3,22,24,24,26,28,47,18],"gold":182,"neow_bonus":"THREE_ENEMY_KILL","is_daily":false,"chose_seed":false,"campfire_upgraded":2,"win_rate":0.0,"timestamp":1611703669,"path_taken":["M","?","?","?","?","E","?","R","T","M","E","M","E","$","R","BOSS","M","?","?","?","?","E","M","$","T","M","R","?","?","M","R","BOSS","M","?","?","M","?","E","?","E","T","R","E","$","E","M","R","BOSS"],"items_purchased_type":["Card","Relic","Card","Card","Card","Card"],"build_version":"2020-12-22","purchased_purges":2,"victory":true,"max_hp_per_floor":[66,66,66,66,66,66,66,66,66,66,66,66,66,66,66,66,66,66,66,66,66,66,66,66,66,66,66,66,66,66,66,66,66,66,66,66,66,66,66,66,66,66,66,66,66,66,66,66,66,66],"relic_stats":{"counters":[24,146],"Blue Candle":[0],"PreservedInsect":180,"Letter Opener":[279],"Question Card":24,"Cursed Key":1,"Blood Vial":6,"Lizard Tail":33,"Busted Crown":32,"Pantograph":19,"obtain_stats":[{"NeowsBlessing":0,"Blue Candle":23,"Thread and Needle":45,"PreservedInsect":42,"Omamori":5,"Letter Opener":40,"Frozen Egg 2":13,"Question Card":11,"Cursed Key":34,"Akabeko":6,"Blood Vial":43,"Lizard Tail":9,"Busted Crown":17,"Pantograph":47,"Orrery":14,"Red Mask":21,"StrikeDummy":26,"InkBottle":3,"Ring of the Snake":0},{"NeowsBlessing":0,"Blue Candle":11,"Thread and Needle":21,"PreservedInsect":20,"Omamori":2,"Letter Opener":19,"Frozen Egg 2":7,"Question Card":5,"Cursed Key":16,"Akabeko":3,"Blood Vial":20,"Lizard Tail":3,"Busted Crown":8,"Pantograph":22,"Orrery":7,"Red Mask":10,"StrikeDummy":12,"InkBottle":1,"Ring of the Snake":0},{"NeowsBlessing":0,"Blue Candle":57,"Thread and Needle":116,"PreservedInsect":111,"Omamori":2,"Letter Opener":105,"Frozen Egg 2":31,"Question Card":12,"Cursed Key":88,"Akabeko":3,"Blood Vial":111,"Lizard Tail":3,"Busted Crown":41,"Pantograph":122,"Orrery":31,"Red Mask":52,"StrikeDummy":61,"InkBottle":1,"Ring of the Snake":0}],"InkBottle":[60],"Ring of the Snake":[48]},"card_choices":[{"not_picked":["Backflip","Dodge and Roll"],"picked":"Catalyst","floor":1.0},{"not_picked":["Deadly Poison","Dagger Spray"],"picked":"Poisoned Stab","floor":4.0},{"not_picked":["Expertise","Accuracy"],"picked":"Poisoned Stab","floor":6.0},{"not_picked":["Bane","Poisoned Stab"],"picked":"Footwork","floor":10.0},{"not_picked":["Slice","Riddle With Holes"],"picked":"Prepared","floor":11.0},{"not_picked":["Dagger Throw","Quick Slash","Dodge and Roll","Slice"],"picked":"SKIP","floor":12.0},{"not_picked":["Flying Knee","Dodge and Roll","Slice"],"picked":"Corpse Explosion","floor":13.0},{"not_picked":["Catalyst","Slice","Deflect"],"picked":"Noxious Fumes+1","floor":14.0},{"not_picked":["PiercingWail","Reflex","Quick Slash"],"picked":"Adrenaline","floor":14.0},{"not_picked":["Expertise","Bane","Backflip"],"picked":"Leg Sweep","floor":14.0},{"not_picked":["Grand Finale","After Image+1","A Thousand Cuts+1"],"picked":"Burst","floor":16.0},{"not_picked":["All Out Attack"],"picked":"Prepared+1","floor":18.0},{"not_picked":["Riddle With Holes","Dagger Throw"],"picked":"SKIP","floor":23.0},{"not_picked":["Poisoned Stab","Cloak And Dagger"],"picked":"SKIP","floor":24.0},{"not_picked":["Deflect"],"picked":"PiercingWail","floor":27.0},{"not_picked":["Dagger Throw","Slice"],"picked":"SKIP","floor":29.0},{"not_picked":["Glass Knife"],"picked":"Deflect+1","floor":31.0},{"not_picked":["After Image+1"],"picked":"Venomology","floor":33.0},{"not_picked":["Flying Knee"],"picked":"Backflip","floor":35.0},{"not_picked":["Caltrops+1","Deflect"],"picked":"SKIP","floor":38.0},{"not_picked":["Concentrate","Quick Slash"],"picked":"SKIP","floor":40.0},{"not_picked":["The Bomb"],"picked":"Finesse","floor":41.0},{"not_picked":["Slice","A Thousand Cuts+1"],"picked":"SKIP","floor":42.0},{"not_picked":["Flying Knee","Doppelganger"],"picked":"SKIP","floor":45.0},{"not_picked":["Prepared","Heel Hook"],"picked":"SKIP","floor":47},{"not_picked":["All Out Attack"],"picked":"Escape Plan+1","floor":48}],"player_experience":469999,"relics_obtained":[{"floor":6.0,"key":"Akabeko"},{"floor":9.0,"key":"Lizard Tail"},{"floor":11.0,"key":"Question Card"},{"floor":13.0,"key":"Frozen Egg 2"},{"floor":21.0,"key":"Red Mask"},{"floor":23.0,"key":"Blue Candle"},{"floor":26.0,"key":"StrikeDummy"},{"floor":40.0,"key":"Letter Opener"},{"floor":42.0,"key":"PreservedInsect"},{"floor":43.0,"key":"Blood Vial"},{"floor":45.0,"key":"Thread and Needle"},{"floor":47,"key":"Pantograph"}],"event_choices":[{"damage_healed":0.0,"max_hp_gain":0.0,"max_hp_loss":0.0,"gold_gain":0.0,"cards_transformed":["Strike_G"],"event_name":"Living Wall","player_choice":"Change","floor":2.0,"gold_loss":0.0,"damage_taken":0.0,"cards_obtained":["Terror"]},{"damage_healed":0.0,"max_hp_gain":0.0,"max_hp_loss":0.0,"gold_gain":0.0,"event_name":"Scrap Ooze","player_choice":"Success","floor":3.0,"gold_loss":0.0,"damage_taken":5.0,"relics_obtained":["InkBottle"]},{"damage_healed":0.0,"max_hp_gain":0.0,"max_hp_loss":0.0,"gold_gain":0.0,"event_name":"WeMeetAgain","player_choice":"Gave Potion","floor":5.0,"gold_loss":0.0,"damage_taken":0.0,"relics_obtained":["Omamori"]},{"cards_removed":["Strike_G"],"damage_healed":0.0,"max_hp_gain":0.0,"max_hp_loss":0.0,"gold_gain":0.0,"event_name":"Beggar","player_choice":"Gave Gold","floor":19.0,"gold_loss":75.0,"damage_taken":0.0},{"damage_healed":0.0,"max_hp_gain":0.0,"max_hp_loss":0.0,"gold_gain":0.0,"event_name":"The Library","player_choice":"Read","floor":20.0,"gold_loss":0.0,"damage_taken":0.0,"cards_obtained":["Noxious Fumes"]},{"damage_healed":0.0,"max_hp_gain":0.0,"max_hp_loss":0.0,"gold_gain":0.0,"event_name":"Masked Bandits","player_choice":"Fought Bandits","floor":21.0,"gold_loss":0.0,"damage_taken":0.0},{"damage_healed":0.0,"max_hp_gain":0.0,"max_hp_loss":0.0,"gold_gain":0.0,"event_name":"Vampires","player_choice":"Ignored","floor":22.0,"gold_loss":0.0,"damage_taken":0.0},{"damage_healed":13.0,"max_hp_gain":0.0,"max_hp_loss":0.0,"gold_gain":0.0,"event_name":"Winding Halls","player_choice":"Writhe","floor":37.0,"gold_loss":0.0,"damage_taken":0.0,"cards_obtained":["Writhe"]},{"damage_healed":0.0,"max_hp_gain":0.0,"max_hp_loss":0.0,"gold_gain":222.0,"event_name":"Tomb of Lord Red Mask","player_choice":"Wore Mask","floor":39.0,"gold_loss":0.0,"damage_taken":0.0},{"damage_healed":0.0,"max_hp_gain":0.0,"max_hp_loss":0.0,"gold_gain":0.0,"event_name":"SensoryStone","player_choice":"Memory 1","floor":41.0,"gold_loss":0.0,"damage_taken":0.0}],"is_beta":false,"boss_relics":[{"not_picked":["Coffee Dripper","Tiny House"],"picked":"Busted Crown"},{"not_picked":["Runic Pyramid","Velvet Choker"],"picked":"Cursed Key"}],"items_purged_floors":[36,46],"is_endless":false,"potions_floor_spawned":[1,6,13,23,24,31,33,40,42,47],"ascension_level":19}}