{"host":"hszimsrtxxc2k25w","time":1611698451,"event":{"mods":["AchievementEnabler","BaseMod","Colored Map","DeckTracker","Minty Spire (QoL Compilation)","Rare Cards Sparkle","SuperFastMode"],"gold_per_floor":[119,44,59,134,134,164,180,180,256,272,172,172,182,202,202,202,202],"floor_reached":16,"language":"KOR","playtime":293,"items_purged":["Strike_G","Strike_G"],"score":248,"play_id":"2d838bdd-a573-412d-8fe0-71a481b77784","local_time":"20210127070051","is_ascension_mode":true,"campfire_choices":[{"data":"Neutralize","floor":8.0,"key":"SMITH"},{"data":"Concentrate","floor":12,"key":"SMITH"},{"data":"Poisoned Stab","floor":15,"key":"SMITH"}],"circlet_count":0,"master_deck":["AscendersBane","Strike_G","Strike_G","Strike_G","Defend_G","Defend_G","Defend_G","Defend_G","Defend_G","Survivor","Neutralize+1","Poisoned Stab+1","Eviscerate","Dagger Throw","Concentrate+1"],"relics":["Ring of the Snake","NeowsBlessing","Omamori","Boot","Matryoshka"],"acts_visited":["Exordium"],"potions_floor_usage":[10,16],"damage_taken":[{"damage":0.0,"enemies":"2 Louse","floor":1.0,"turns":1.0},{"damage":0.0,"enemies":"Small Slimes","floor":3.0,"turns":1.0},{"damage":0.0,"enemies":"Gremlin Nob","floor":6.0,"turns":1.0},{"damage":0.0,"enemies":"Cultist","floor":7.0,"turns":3.0},{"damage":0,"enemies":"Lots of Slimes","floor":10,"turns":2},{"damage":0,"enemies":"Looter","floor":13,"turns":3},{"damage":6,"enemies":"Exordium Wildlife","floor":14,"turns":3},{"damage":31,"enemies":"Hexaghost","floor":16,"turns":11}],"seed_played":"-1132748399884587179","potions_obtained":[{"floor":3.0,"key":"AttackPotion"},{"floor":7.0,"key":"Block Potion"},{"floor":13,"key":"SteroidPotion"}],"is_trial":false,"path_per_floor":["M","$","M","?","?","E","M","R","T","M","$","R","M","M","R","B"],"character_chosen":"THE_SILENT","items_purchased":[],"campfire_rested":0,"item_purchase_floors":[],"current_hp_per_floor":[59,59,59,48,37,37,37,37,37,37,37,37,37,31,31,0,0],"gold":202,"neow_bonus":"THREE_ENEMY_KILL","is_daily":false,"chose_seed":false,"campfire_upgraded":3,"win_rate":0.0,"timestamp":1611698451,"path_taken":["M","$","M","?","?","E","M","R","T","M","$","R","M","M","R","BOSS"],"items_purchased_type":[],"build_version":"2020-12-22","purchased_purges":2,"victory":false,"max_hp_per_floor":[66,66,66,66,66,66,66,66,66,66,66,66,66,66,66,66,66],"card_choices":[{"not_picked":["Quick Slash","Slice"],"picked":"Poisoned Stab","floor":1.0},{"not_picked":["Poisoned Stab","Riddle With Holes"],"picked":"Eviscerate","floor":3.0},{"not_picked":["Catalyst","Tactician"],"picked":"Dagger Throw","floor":6.0},{"not_picked":["Infinite Blades","Dodge and Roll","Cloak And Dagger"],"picked":"SKIP","floor":7.0},{"not_picked":["Dagger Spray","Flechettes"],"picked":"Concentrate","floor":10},{"not_picked":["Bane","Deadly Poison","Deflect"],"picked":"SKIP","floor":13},{"not_picked":["Quick Slash","Doppelganger","Skewer"],"picked":"SKIP","floor":14}],"player_experience":647117,"relics_obtained":[{"floor":6.0,"key":"Boot"},{"floor":9.0,"key":"Matryoshka"}],"event_choices":[{"damage_healed":0.0,"max_hp_gain":0.0,"max_hp_loss":0.0,"gold_gain":75.0,"event_name":"World of Goop","player_choice":"Gather Gold","floor":4.0,"gold_loss":0.0,"damage_taken":11.0},{"damage_healed":0.0,"max_hp_gain":0.0,"max_hp_loss":0.0,"gold_gain":0.0,"event_name":"Scrap Ooze","player_choice":"Success","floor":5.0,"gold_loss":0.0,"damage_taken":11.0,"relics_obtained":["Omamori"]}],"is_beta":false,"boss_relics":[],"items_purged_floors":[2,11],"is_endless":false,"potions_floor_spawned":[3,7,13,14],"killed_by":"Hexaghost","ascension_level":19}}