{"host":"d8hh7rr4yzitjeuj","time":1611642619,"event":{"mods":["2.2 Compatiblity","AchievementEnabler","Act Like it!","BaseMod","Colored Map","Colored Powertips","Highlight Path","Keyboard Shortcuts","Minty Spire (QoL Compilation)","Permanent Neow","Quick Restart","StSLib","SuperFastMode"],"gold_per_floor":[111,111,127,141,156,188,188,217,243,243,254,265,282,29,29,106,106,124,124,124,141,154,154,154,154],"floor_reached":24,"language":"KOR","playtime":718,"items_purged":[],"score":419,"play_id":"9d584bf1-6de0-4c74-9a95-005900f96ff7","local_time":"20210126153019","is_ascension_mode":true,"campfire_choices":[{"floor":7,"key":"REST"},{"floor":10,"key":"REST"},{"data":"Defragment","floor":15,"key":"SMITH"},{"floor":23,"key":"REST"}],"circlet_count":0,"master_deck":["AscendersBane","Strike_B","Strike_B","Strike_B","Strike_B","Defend_B","Defend_B","Defend_B","Defend_B","Zap","Dualcast","Glacier","Conserve Battery","Barrage","Defragment+1","Streamline","Tempest","Ball Lightning","Capacitor","Stack","Coolheaded","Turbo","Creative AI","Force Field","Heatsinks","Compile Driver+1"],"relics":["Cracked Core","Bronze Scales","Vajra","Blood Vial","Orichalcum","Anchor","OrangePellets","Inserter","Spirit Poop"],"acts_visited":["Exordium","TheCity"],"potions_floor_usage":[8,11,21,22],"damage_taken":[{"damage":7.0,"enemies":"Jaw Worm","floor":1.0,"turns":4.0},{"damage":0.0,"enemies":"Small Slimes","floor":3.0,"turns":3.0},{"damage":0.0,"enemies":"Cultist","floor":4.0,"turns":3.0},{"damage":5,"enemies":"Lots of Slimes","floor":5,"turns":5},{"damage":39,"enemies":"Gremlin Nob","floor":6,"turns":4},{"damage":22,"enemies":"Lagavulin","floor":8,"turns":6},{"damage":0,"enemies":"Large Slime","floor":11,"turns":4},{"damage":0,"enemies":"Red Slaver","floor":12,"turns":3},{"damage":0,"enemies":"2 Fungi Beasts","floor":13,"turns":2},{"damage":14,"enemies":"Hexaghost","floor":16,"turns":8},{"damage":10,"enemies":"3 Byrds","floor":18,"turns":3},{"damage":9,"enemies":"Shell Parasite","floor":21,"turns":5},{"damage":25,"enemies":"Sentry and Sphere","floor":22,"turns":6},{"damage":52,"enemies":"Gremlin Leader","floor":24,"turns":5}],"seed_played":"5701113035997313029","potions_obtained":[{"floor":1.0,"key":"Dexterity Potion"},{"floor":5,"key":"BlessingOfTheForge"},{"floor":8,"key":"LiquidMemories"},{"floor":13,"key":"Weak Potion"},{"floor":16,"key":"AttackPotion"},{"floor":18,"key":"LiquidMemories"},{"floor":21,"key":"LiquidBronze"}],"is_trial":false,"path_per_floor":["M","?","M","M","M","E","R","E","T","R","M","M","M","$","R","B",null,"M","?","?","M","M","R","E"],"character_chosen":"DEFECT","items_purchased":["OrangePellets","Coolheaded","Turbo"],"campfire_rested":3,"item_purchase_floors":[14,14,14],"current_hp_per_floor":[57,52,52,52,47,8,29,9,9,30,32,34,36,36,36,24,59,51,51,51,44,21,42,0,0],"gold":154,"neow_bonus":"RANDOM_COMMON_RELIC","is_daily":false,"chose_seed":false,"campfire_upgraded":1,"win_rate":0.0,"timestamp":1611642619,"path_taken":["M","?","M","M","M","E","R","E","T","R","M","M","M","$","R","BOSS","M","?","?","?","M","R","E"],"items_purchased_type":["Relic","Card","Card"],"build_version":"2020-12-22","purchased_purges":0,"victory":false,"max_hp_per_floor":[71,71,71,71,71,71,71,71,71,71,71,71,71,71,71,71,71,71,71,71,71,71,71,71,71],"card_choices":[{"not_picked":["Steam","Turbo"],"picked":"Glacier","floor":1.0},{"not_picked":["Heatsinks","Double Energy"],"picked":"Conserve Battery","floor":3.0},{"not_picked":["Consume","Hologram"],"picked":"Barrage","floor":4.0},{"not_picked":["Stack","Hologram"],"picked":"Defragment","floor":5},{"not_picked":["Consume","Sunder"],"picked":"Streamline","floor":6},{"not_picked":["Stack","Consume"],"picked":"Tempest","floor":8},{"not_picked":["Multi-Cast","Stack"],"picked":"Ball Lightning","floor":11},{"not_picked":["Coolheaded","Cold Snap"],"picked":"Capacitor","floor":12},{"not_picked":["Skim","Genetic Algorithm"],"picked":"Stack","floor":13},{"not_picked":["All For One","Meteor Strike"],"picked":"Creative AI","floor":16},{"not_picked":["Fusion","Cold Snap"],"picked":"Force Field","floor":18},{"not_picked":["Scrape","Auto Shields"],"picked":"Heatsinks","floor":21},{"not_picked":["Coolheaded","Turbo"],"picked":"Compile Driver+1","floor":22}],"player_experience":1453418,"relics_obtained":[{"floor":6,"key":"Blood Vial"},{"floor":8,"key":"Orichalcum"},{"floor":9,"key":"Anchor"}],"event_choices":[{"damage_healed":0.0,"max_hp_gain":0.0,"max_hp_loss":0.0,"gold_gain":0.0,"event_name":"Scrap Ooze","player_choice":"Success","floor":2.0,"gold_loss":0.0,"damage_taken":5.0,"relics_obtained":["Vajra"]},{"damage_healed":0,"gold_gain":0,"player_choice":"Smashed Altar","damage_taken":0,"max_hp_gain":0,"max_hp_loss":0,"event_name":"Forgotten Altar","floor":19,"gold_loss":0,"cards_obtained":["Decay"]},{"cards_removed":["Decay"],"damage_healed":0,"gold_gain":0,"player_choice":"Offered Curse","damage_taken":0,"relics_obtained":["Spirit Poop"],"max_hp_gain":0,"max_hp_loss":0,"event_name":"Bonfire Elementals","floor":20,"gold_loss":0}],"is_beta":false,"boss_relics":[{"not_picked":["Empty Cage","Cursed Key"],"picked":"Inserter"}],"items_purged_floors":[],"is_endless":false,"potions_floor_spawned":[1,5,8,13,16,18,21],"killed_by":"Gremlin Leader","ascension_level":20}}