{"host":"uv5ws9rdk87e8i5k","time":1611630901,"event":{"mods":["AchievementEnabler","BaseMod","Colored Map","Minty Spire (QoL Compilation)","Permanent Neow","Quick Restart","StSLib","SuperFastMode","The Animator","The Cursed","The Hierophant","The Necromancer"],"gold_per_floor":[115,128,139,159,172,206,206,57,57,83,83,110,60,78,78,183,183,194,204,218,231,244,273,273,298,323,323,323,422,422,437,437,539,539,557,569,569,588,588,614,660,660,660],"floor_reached":42,"language":"ENG","playtime":1405,"items_purged":["Strike_W"],"score":736,"play_id":"3aaee9cd-b44c-44ee-8796-52cdadda0731","local_time":"20210125211501","is_ascension_mode":true,"campfire_choices":[{"data":"Summon_Vampire_Lady","floor":7.0,"key":"SMITH"},{"data":"Life_Drain","floor":11.0,"key":"SMITH"},{"floor":15.0,"key":"DIG"},{"data":"Summon_Death_Knight","floor":27.0,"key":"SMITH"},{"floor":30.0,"key":"DIG"},{"data":"Summon_Undead_Army","floor":32.0,"key":"SMITH"}],"circlet_count":0,"master_deck":["Defend_W","Defend_W","Defend_W+1","Defend_W","Negative_Energy_Arrows","Bone_Wall","Summon_Vampire_Lady+1","Life_Drain+1","Spectral_Armor+1","Summon_Death_Knight+1","Summon_Undead","Summon_Undead_Army+1","Bone_Prison+1","Summon_Lich","Bite","Bite","Bite","Bite","Bite","Summon_Death_Knight","Shade_Step","Madness","Madness","Grasp_Heart"],"relics":["Vampire_Amulet","Bag of Marbles","White Beast Statue","Potion Belt","Shovel","Question Card","Coffee Dripper","Girya","Art of War","Nunchaku","War Paint","Runic Dome","Anchor","Turnip"],"acts_visited":["Exordium","TheCity","TheBeyond"],"potions_floor_usage":[38,41,41,41,42],"damage_taken":[{"damage":1.0,"enemies":"2 Louse","floor":1.0,"turns":4.0},{"damage":0.0,"enemies":"Small Slimes","floor":2.0,"turns":3.0},{"damage":12.0,"enemies":"Jaw Worm","floor":3.0,"turns":5.0},{"damage":18.0,"enemies":"Red Slaver","floor":4.0,"turns":5.0},{"damage":5.0,"enemies":"Large Slime","floor":5.0,"turns":7.0},{"damage":49.0,"enemies":"3 Sentries","floor":6.0,"turns":10.0},{"damage":35.0,"enemies":"Lagavulin","floor":10.0,"turns":8.0},{"damage":27.0,"enemies":"3 Sentries","floor":12.0,"turns":9.0},{"damage":9.0,"enemies":"2 Fungi Beasts","floor":14.0,"turns":5.0},{"damage":14.0,"enemies":"The Guardian","floor":16.0,"turns":9.0},{"damage":17.0,"enemies":"Chosen","floor":18.0,"turns":7.0},{"damage":1.0,"enemies":"Shell Parasite","floor":19.0,"turns":8.0},{"damage":0.0,"enemies":"Snecko","floor":20.0,"turns":6.0},{"damage":9.0,"enemies":"Centurion and Healer","floor":21.0,"turns":8.0},{"damage":5.0,"enemies":"Sentry and Sphere","floor":22.0,"turns":6.0},{"damage":28.0,"enemies":"Gremlin Leader","floor":23.0,"turns":10.0},{"damage":37.0,"enemies":"Book of Stabbing","floor":25.0,"turns":7.0},{"damage":57.0,"enemies":"3 Cultists","floor":31.0,"turns":6.0},{"damage":98.0,"enemies":"Champ","floor":33.0,"turns":14.0},{"damage":6.0,"enemies":"Orb Walker","floor":35.0,"turns":4.0},{"damage":8.0,"enemies":"3 Darklings","floor":36.0,"turns":5.0},{"damage":25,"enemies":"Jaw Worm Horde","floor":38,"turns":4},{"damage":71,"enemies":"Giant Head","floor":40,"turns":11},{"damage":40,"enemies":"2 Orb Walkers","floor":41,"turns":5},{"damage":53,"enemies":"Reptomancer","floor":42,"turns":2}],"seed_played":"-8226302511945366291","potions_obtained":[{"floor":1.0,"key":"LiquidBronze"},{"floor":2.0,"key":"Fruit Juice"},{"floor":4.0,"key":"Explosive Potion"},{"floor":10.0,"key":"SkillPotion"},{"floor":12.0,"key":"Weak Potion"},{"floor":14.0,"key":"PowerPotion"},{"floor":16.0,"key":"BlessingOfTheForge"},{"floor":18.0,"key":"FairyPotion"},{"floor":19.0,"key":"SteroidPotion"},{"floor":20.0,"key":"GamblersBrew"},{"floor":21.0,"key":"AttackPotion"},{"floor":22.0,"key":"AttackPotion"},{"floor":23.0,"key":"SteroidPotion"},{"floor":25.0,"key":"SteroidPotion"},{"floor":31.0,"key":"EssenceOfSteel"},{"floor":33.0,"key":"Fire Potion"},{"floor":35.0,"key":"GamblersBrew"},{"floor":36.0,"key":"Swift Potion"},{"floor":38,"key":"Strength Potion"},{"floor":40,"key":"Explosive Potion"},{"floor":41,"key":"SkillPotion"}],"is_trial":false,"path_per_floor":["M","M","M","M","M","E","R","$","T","E","R","E","?","M","R","B",null,"M","M","M","M","M","E","?","E","T","R","?","?","R","M","R","B",null,"M","M","?","M","?","E","?","E"],"character_chosen":"NECROMANCER","items_purchased":["DistilledChaos"],"campfire_rested":0,"item_purchase_floors":[8],"current_hp_per_floor":[53,60,65,58,75,66,66,66,66,61,61,75,75,75,75,75,75,67,75,75,75,75,75,75,60,60,60,52,52,52,31,31,23,49,55,57,57,57,50,33,25,0,0],"gold":660,"neow_bonus":"THREE_RARE_CARDS","is_daily":false,"chose_seed":false,"campfire_upgraded":4,"win_rate":0.0,"timestamp":1611630901,"path_taken":["M","M","M","M","M","E","R","$","T","E","R","E","?","M","R","BOSS","M","M","M","M","M","E","?","E","T","R","?","?","R","M","R","BOSS","M","M","?","M","?","E","?","E"],"items_purchased_type":["Potion"],"build_version":"2020-12-22","purchased_purges":1,"victory":false,"max_hp_per_floor":[75,75,75,75,75,75,75,75,75,75,75,75,75,75,75,75,75,75,75,75,75,75,75,75,75,75,75,52,52,52,57,57,57,57,57,57,57,57,57,57,57,57,57],"card_choices":[{"not_picked":["Blood_Wake","Cloudkill"],"picked":"Summon_Vampire_Lady","floor":0.0},{"not_picked":["Shackles_Of_Pain","Blood_for_Blood","Bones_to_Steel"],"picked":"SKIP","floor":1.0},{"not_picked":["Death_Coil","Necromantic_Selection","Whirlwind_of_Bones"],"picked":"SKIP","floor":2.0},{"not_picked":["Bone_Armory","Corrupt","Blood_Whip"],"picked":"SKIP","floor":3.0},{"not_picked":["Death_Coil","Shackles_Of_Pain","Exploit"],"picked":"SKIP","floor":4.0},{"not_picked":["Negative_Energy_Mist","Vampiric_Strike"],"picked":"Life_Drain","floor":5.0},{"not_picked":["Stop_Heart","Corrupt","Chill_Blood"],"picked":"SKIP","floor":6.0},{"not_picked":["Chill_Blood","Skeleton_Dragon","Scare"],"picked":"SKIP","floor":10.0},{"not_picked":["Flesh_Made_Foul","Vampiric_Strike"],"picked":"Spectral_Armor","floor":12.0},{"not_picked":["Epidemic","Bones_to_Steel","Bone_Spikes"],"picked":"SKIP","floor":14.0},{"not_picked":["Requiem","Blood_Wake","Blood_Magic"],"picked":"Summon_Death_Knight","floor":16.0},{"not_picked":["Blood_Whip","Blood_Curse","Negative_Energy_Mist","Finger_Of_Death+1"],"picked":"SKIP","floor":18.0},{"not_picked":["Necrotic_Claws","Finger_Of_Death+1","Requiem"],"picked":"Summon_Undead","floor":19.0},{"not_picked":["Bone_Armor","Death_Coil","Negative_Energy_Shield"],"picked":"Summon_Undead_Army","floor":20.0},{"not_picked":["Blood_Whip","Negative_Energy_Sphere+1","Negative_Energy_Mist","Toxic_Smoke_Screen"],"picked":"SKIP","floor":21.0},{"not_picked":["Negative_Energy_Sphere","Vampiric_Strike","Bone_Shift","Negative_Energy_Burst"],"picked":"SKIP","floor":22.0},{"not_picked":["Stop_Heart+1","Consume_Illness+1","Siphon_Strength"],"picked":"Bone_Prison+1","floor":23.0},{"not_picked":["Slay_Living","Negative_Energy_Sphere+1","Shackles_Of_Pain+1","Exploit+1"],"picked":"SKIP","floor":25.0},{"not_picked":["Shackles_Of_Pain+1","Bone_Bullets","Life_Tap","Reap_The_Weak"],"picked":"SKIP","floor":31.0},{"not_picked":["Summon_Vampire_Lady","Negative_Energy_Bomb","Blood_Magic"],"picked":"Summon_Death_Knight","floor":33.0},{"not_picked":["Bone_Spikes+1","Death_March_Dance+1","Bones_to_Steel"],"picked":"Shade_Step","floor":35.0},{"not_picked":["Death_Coil","Bone_Spikes+1","Blood_for_Blood+1","Finger_Of_Death+1"],"picked":"SKIP","floor":36.0},{"not_picked":["Negative_Energy_Sphere","Negative_Energy_Mist+1","Bone_Spikes+1","Bone_Armor"],"picked":"SKIP","floor":38},{"not_picked":["Negative_Energy_Mist+1","Finger_Of_Death","Necrotic_Claws+1"],"picked":"Grasp_Heart","floor":40}],"player_experience":283821,"relics_obtained":[{"floor":6.0,"key":"Bag of Marbles"},{"floor":9.0,"key":"White Beast Statue"},{"floor":10.0,"key":"Potion Belt"},{"floor":12.0,"key":"Shovel"},{"floor":15.0,"key":"Question Card"},{"floor":23.0,"key":"Girya"},{"floor":25.0,"key":"Art of War"},{"floor":26.0,"key":"Nunchaku"},{"floor":30.0,"key":"War Paint"},{"floor":40,"key":"Anchor"},{"floor":41,"key":"Turnip"}],"event_choices":[{"cards_removed":["Strike_W"],"damage_healed":0.0,"max_hp_gain":0.0,"max_hp_loss":0.0,"gold_gain":0.0,"event_name":"The Cleric","player_choice":"Card Removal","floor":13.0,"gold_loss":50.0,"damage_taken":0.0},{"damage_healed":0.0,"max_hp_gain":0.0,"max_hp_loss":0.0,"gold_gain":0.0,"event_name":"The Library","player_choice":"Read","floor":24.0,"gold_loss":0.0,"damage_taken":0.0,"cards_obtained":["Summon_Lich"]},{"damage_healed":0.0,"max_hp_gain":0.0,"max_hp_loss":23.0,"gold_gain":0.0,"event_name":"Vampires","player_choice":"Became a vampire","floor":28.0,"gold_loss":0.0,"damage_taken":0.0,"cards_obtained":["Bite","Bite","Bite","Bite","Bite"]},{"damage_healed":0.0,"max_hp_gain":0.0,"max_hp_loss":0.0,"gold_gain":99.0,"event_name":"Nest","player_choice":"Stole From Cult","floor":29.0,"gold_loss":0.0,"damage_taken":0.0},{"damage_healed":0,"gold_gain":0,"player_choice":"Ignored","damage_taken":0,"max_hp_gain":0,"max_hp_loss":0,"event_name":"Tomb of Lord Red Mask","floor":37,"gold_loss":0},{"damage_healed":0,"gold_gain":0,"player_choice":"Embrace Madness","damage_taken":7,"max_hp_gain":0,"max_hp_loss":0,"event_name":"Winding Halls","floor":39,"gold_loss":0,"cards_obtained":["Madness","Madness"]},{"damage_healed":0,"gold_gain":0,"player_choice":"Fight","damage_taken":0,"max_hp_gain":0,"max_hp_loss":0,"event_name":"Mysterious Sphere","floor":41,"gold_loss":0}],"is_beta":false,"boss_relics":[{"not_picked":["Fusion Hammer","Ectoplasm"],"picked":"Coffee Dripper"},{"not_picked":["Busted Crown","Astrolabe"],"picked":"Runic Dome"}],"items_purged_floors":[8],"is_endless":false,"potions_floor_spawned":[1,2,4,10,12,14,16,18,19,20,21,22,23,25,31,33,35,36,38,40,41],"killed_by":"Reptomancer","ascension_level":9}}