{"host":"ow66nzv2xecjoor3","time":1611627116,"event":{"mods":["BaseMod","Bestiary","Block Reminder","Colored Powertips","Curses Come First","Highlight Path","Keyboard Shortcuts","Minty Spire (QoL Compilation)","Permanent Neow","Relic Stats","Reliquary","Spire Arcade","StSLib","UnlockEverythingMod"],"gold_per_floor":[118,133,133,149,1,1,15,25,25,43,15,42,55,88,88,166,166,185,204,204,204,221,221,240,240,240,253,271,303,320,345,345,422,422,433,445,445,520,534,534,569,585,585,127,153,169,91,144,144,144,144],"floor_reached":50,"language":"ENG","playtime":3109,"items_purged":["Doubt"],"score":1166,"play_id":"c448300d-f5db-4cc4-8755-abdc7276f9c1","local_time":"20210125201156","is_ascension_mode":true,"campfire_choices":[{"data":"Dagger Throw","floor":6.0,"key":"SMITH"},{"data":"Footwork","floor":15.0,"key":"SMITH"},{"data":"Tools of the Trade","floor":23.0,"key":"SMITH"},{"data":"Survivor","floor":25.0,"key":"SMITH"},{"data":"Noxious Fumes","floor":32.0,"key":"SMITH"},{"data":"Catalyst","floor":40.0,"key":"SMITH"},{"floor":49.0,"key":"RECALL"}],"circlet_count":0,"master_deck":["AscendersBane","Defend_G","Defend_G","Defend_G","Defend_G","Defend_G","Survivor+1","Neutralize","Poisoned Stab","All Out Attack","Footwork+1","Dagger Throw+1","Predator","Reflex","Deadly Poison","Tools of the Trade+1","Escape Plan","After Image","Backflip","Endless Agony","Bite","Bite","Bite","Bite","Bite","Neutralize","Heel Hook","Noxious Fumes+1","Phantasmal Killer","Crippling Poison","Outmaneuver+1","Reflex","Footwork","Madness","Madness","Catalyst+1","Prepared","Catalyst","Tactician","Night Terror"],"relics":["Ring of the Snake","Snake Skull","Sundial","Du-Vu Doll","reliquary:PrincelyHelmet","Akabeko","Runic Pyramid","reliquary:PartyBalloon","reliquary:Firecrackers","Bottled Lightning","HoveringKite","MealTicket","Blue Candle","reliquary:KillPill","reliquary:PurpleTingedLeaf","Incense Burner"],"acts_visited":["Exordium","TheCity","TheBeyond"],"potions_floor_usage":[],"damage_taken":[{"damage":2.0,"enemies":"2 Louse","floor":1.0,"turns":3.0},{"damage":0.0,"enemies":"Cultist","floor":2.0,"turns":5.0},{"damage":1.0,"enemies":"Small Slimes","floor":4.0,"turns":6.0},{"damage":1.0,"enemies":"Looter","floor":7.0,"turns":3.0},{"damage":0.0,"enemies":"2 Fungi Beasts","floor":8.0,"turns":2.0},{"damage":6.0,"enemies":"Large Slime","floor":10.0,"turns":7.0},{"damage":12.0,"enemies":"3 Sentries","floor":12.0,"turns":5.0},{"damage":6.0,"enemies":"Blue Slaver","floor":13.0,"turns":3.0},{"damage":10.0,"enemies":"Lagavulin","floor":14.0,"turns":9.0},{"damage":5.0,"enemies":"The Guardian","floor":16.0,"turns":11.0},{"damage":19.0,"enemies":"2 Thieves","floor":18.0,"turns":5.0},{"damage":11.0,"enemies":"3 Byrds","floor":19.0,"turns":8.0},{"damage":6.0,"enemies":"Snake Plant","floor":22.0,"turns":4.0},{"damage":0.0,"enemies":"Centurion and Healer","floor":24.0,"turns":10.0},{"damage":0.0,"enemies":"Cultist and Chosen","floor":27.0,"turns":7.0},{"damage":2.0,"enemies":"3 Cultists","floor":28.0,"turns":5.0},{"damage":7.0,"enemies":"Book of Stabbing","floor":29.0,"turns":5.0},{"damage":0.0,"enemies":"Snake Plant","floor":30.0,"turns":5.0},{"damage":16.0,"enemies":"Gremlin Leader","floor":31.0,"turns":5.0},{"damage":17.0,"enemies":"Automaton","floor":33.0,"turns":9.0},{"damage":1.0,"enemies":"3 Shapes","floor":35.0,"turns":4.0},{"damage":2.0,"enemies":"Orb Walker","floor":36.0,"turns":5.0},{"damage":9.0,"enemies":"3 Darklings","floor":39.0,"turns":4.0},{"damage":21.0,"enemies":"Reptomancer","floor":41.0,"turns":8.0},{"damage":1.0,"enemies":"Maw","floor":42.0,"turns":7.0},{"damage":22.0,"enemies":"Nemesis","floor":45.0,"turns":5.0},{"damage":2.0,"enemies":"Sphere and 2 Shapes","floor":46.0,"turns":4.0},{"damage":11.0,"enemies":"2 Orb Walkers","floor":48.0,"turns":5.0},{"damage":46,"enemies":"Awakened One","floor":50,"turns":3}],"seed_played":"5187487781222852246","potions_obtained":[{"floor":1.0,"key":"Fruit Juice"},{"floor":8.0,"key":"DistilledChaos"},{"floor":10.0,"key":"Fire Potion"},{"floor":14.0,"key":"DistilledChaos"},{"floor":16.0,"key":"PowerPotion"},{"floor":30.0,"key":"SmokeBomb"},{"floor":31.0,"key":"GamblersBrew"},{"floor":33.0,"key":"AttackPotion"},{"floor":39.0,"key":"SpeedPotion"},{"floor":45.0,"key":"BlessingOfTheForge"},{"floor":46.0,"key":"Poison Potion"}],"is_trial":false,"path_per_floor":["M","M","?","M","$","R","M","M","T","M","$","E","M","E","R","B",null,"M","M","?","?","M","R","M","R","T","M","M","E","M","E","R","B",null,"M","M","?","?","M","R","E","M","T","$","E","M","$","?","R","B"],"character_chosen":"THE_SILENT","items_purchased":["Footwork","Strength Potion","Dagger Throw","Deadly Poison","reliquary:KillPill","Catalyst","Night Terror"],"campfire_rested":0,"item_purchase_floors":[5,5,5,11,44,44,47],"current_hp_per_floor":[57,57,57,56,56,56,55,60,60,54,54,42,36,26,26,21,59,40,29,29,29,33,33,49,49,49,49,49,49,49,39,39,38,46,49,47,38,38,35,35,32,49,49,49,27,30,45,41,41,0,0],"gold":144,"neow_bonus":"RANDOM_COMMON_RELIC","is_daily":false,"chose_seed":false,"campfire_upgraded":6,"win_rate":0.0,"timestamp":1611627116,"path_taken":["M","M","?","M","$","R","M","M","T","M","$","E","M","E","R","BOSS","M","M","?","?","M","R","M","R","T","M","?","E","M","E","R","BOSS","M","M","?","?","M","R","E","?","T","$","E","M","?","?","R","BOSS"],"items_purchased_type":["Card","Potion","Card","Card","Relic","Card","Card"],"build_version":"2020-12-22","purchased_purges":1,"victory":false,"max_hp_per_floor":[66,66,66,66,66,66,66,71,71,71,71,71,71,71,71,71,71,71,71,49,49,49,49,49,49,49,49,49,49,49,49,49,49,49,49,49,49,49,49,49,49,49,49,49,49,49,49,49,49,49,49],"relic_stats":{"counters":[29,161],"Sundial":[18],"Blue Candle":[0],"HoveringKite":[30],"MealTicket":15,"Snake Skull":[171],"obtain_stats":[{"reliquary:PrincelyHelmet":12,"reliquary:PartyBalloon":26,"reliquary:Firecrackers":29,"Blue Candle":41,"HoveringKite":34,"Snake Skull":0,"reliquary:KillPill":44,"Incense Burner":48,"Akabeko":14,"Du-Vu Doll":9,"Sundial":3,"MealTicket":38,"Bottled Lightning":31,"reliquary:PurpleTingedLeaf":45,"Ring of the Snake":0,"Runic Pyramid":17},{"reliquary:PrincelyHelmet":7,"reliquary:PartyBalloon":14,"reliquary:Firecrackers":17,"Blue Candle":24,"HoveringKite":20,"Snake Skull":0,"reliquary:KillPill":25,"Incense Burner":28,"Akabeko":9,"Du-Vu Doll":5,"Sundial":2,"MealTicket":22,"Bottled Lightning":19,"reliquary:PurpleTingedLeaf":26,"Ring of the Snake":0,"Runic Pyramid":10},{"reliquary:PrincelyHelmet":31,"reliquary:PartyBalloon":81,"reliquary:Firecrackers":98,"Blue Candle":138,"HoveringKite":117,"Snake Skull":0,"reliquary:KillPill":145,"Incense Burner":158,"Akabeko":43,"Du-Vu Doll":19,"Sundial":8,"MealTicket":126,"Bottled Lightning":108,"reliquary:PurpleTingedLeaf":150,"Ring of the Snake":0,"Runic Pyramid":54}],"Ring of the Snake":[58]},"card_choices":[{"not_picked":["Heel Hook","Dodge and Roll"],"picked":"Dagger Spray","floor":1.0},{"not_picked":["Dagger Throw","Sucker Punch"],"picked":"Poisoned Stab","floor":2.0},{"not_picked":["Reflex","Flying Knee"],"picked":"All Out Attack","floor":4.0},{"not_picked":["Prepared","Backstab"],"picked":"Predator","floor":7.0},{"not_picked":["Setup","Bane"],"picked":"Reflex","floor":8.0},{"not_picked":["Prepared","Slice","Outmaneuver"],"picked":"SKIP","floor":10.0},{"not_picked":["Underhanded Strike","Quick Slash"],"picked":"Tools of the Trade","floor":12.0},{"not_picked":["Bane","Blade Dance"],"picked":"Escape Plan","floor":13.0},{"not_picked":["Choke","Flying Knee","Finisher"],"picked":"SKIP","floor":14.0},{"not_picked":["Adrenaline","Phantasmal Killer"],"picked":"After Image","floor":16.0},{"not_picked":["Blade Dance","Dagger Throw"],"picked":"Backflip","floor":18.0},{"not_picked":["Dodge and Roll","Acrobatics"],"picked":"Endless Agony","floor":19.0},{"not_picked":["Catalyst","Sucker Punch"],"picked":"Heel Hook","floor":22.0},{"not_picked":["Distraction","Skewer","Cloak And Dagger"],"picked":"SKIP","floor":24.0},{"not_picked":["Leg Sweep","Caltrops+1"],"picked":"Noxious Fumes","floor":27.0},{"not_picked":["Quick Slash","Sucker Punch"],"picked":"Phantasmal Killer","floor":28.0},{"not_picked":["Cloak And Dagger","Poisoned Stab"],"picked":"Crippling Poison","floor":29.0},{"not_picked":["Well Laid Plans","Slice","Dodge and Roll"],"picked":"SKIP","floor":30.0},{"not_picked":["Grand Finale","Reflex"],"picked":"Outmaneuver+1","floor":31.0},{"not_picked":["Poisoned Stab+1","Prepared"],"picked":"Reflex","floor":35.0},{"not_picked":["Dagger Throw+1","All Out Attack"],"picked":"Footwork","floor":36.0},{"not_picked":["Slice","Bouncing Flask+1"],"picked":"Catalyst","floor":39.0},{"not_picked":["Dagger Throw","Slice","Dash+1"],"picked":"SKIP","floor":41.0},{"not_picked":["Infinite Blades","Dodge and Roll+1"],"picked":"Prepared","floor":42.0},{"not_picked":["Blur+1","Deflect"],"picked":"Tactician","floor":45.0},{"not_picked":["Backflip","Sucker Punch+1","Accuracy+1"],"picked":"SKIP","floor":46.0}],"player_experience":2723505,"relics_obtained":[{"floor":9.0,"key":"Du-Vu Doll"},{"floor":12.0,"key":"reliquary:PrincelyHelmet"},{"floor":14.0,"key":"Akabeko"},{"floor":26.0,"key":"reliquary:PartyBalloon"},{"floor":29.0,"key":"reliquary:Firecrackers"},{"floor":31.0,"key":"Bottled Lightning"},{"floor":41.0,"key":"Blue Candle"},{"floor":45.0,"key":"reliquary:PurpleTingedLeaf"},{"floor":48.0,"key":"Incense Burner"}],"event_choices":[{"cards_removed":["Dagger Spray"],"damage_healed":0.0,"max_hp_gain":0.0,"max_hp_loss":0.0,"gold_gain":0.0,"event_name":"WeMeetAgain","player_choice":"Gave Card","floor":3.0,"gold_loss":0.0,"damage_taken":0.0,"relics_obtained":["Sundial"]},{"damage_healed":0.0,"max_hp_gain":0.0,"max_hp_loss":22.0,"gold_gain":0.0,"event_name":"Vampires","player_choice":"Became a vampire","floor":20.0,"gold_loss":0.0,"damage_taken":0.0,"cards_obtained":["Bite","Bite","Bite","Bite","Bite"]},{"damage_healed":0.0,"max_hp_gain":0.0,"max_hp_loss":0.0,"gold_gain":0.0,"event_name":"Match and Keep!","player_choice":"2 cards matched","floor":21.0,"gold_loss":0.0,"damage_taken":0.0,"cards_obtained":["Doubt","Neutralize"]},{"damage_healed":0.0,"max_hp_gain":0.0,"max_hp_loss":0.0,"gold_gain":0.0,"event_name":"Winding Halls","player_choice":"Embrace Madness","floor":37.0,"gold_loss":0.0,"damage_taken":9.0,"cards_obtained":["Madness","Madness"]},{"damage_healed":0.0,"max_hp_gain":0.0,"max_hp_loss":0.0,"gold_gain":0.0,"event_name":"Mysterious Sphere","player_choice":"Fight","floor":48.0,"gold_loss":0.0,"damage_taken":0.0}],"is_beta":false,"boss_relics":[{"not_picked":["SlaversCollar","Philosopher\u0027s Stone"],"picked":"Runic Pyramid"},{"not_picked":["Pandora\u0027s Box","reliquary:KinkedSpring"],"picked":"HoveringKite"}],"items_purged_floors":[44],"is_endless":false,"potions_floor_spawned":[1,8,10,14,16,22,24,30,31,33,39,41,45,46],"killed_by":"Awakened One","ascension_level":20}}