{"host":"jlw4slqoq862puwo","time":1611693473,"event":{"mods":["BaseMod","DeckTracker","Dota2Spire","Highlight Path","Minty Spire (QoL Compilation)","Quick Restart","StSLib","SuperFastMode"],"gold_per_floor":[119,119,137,155,230,230,230,230,230,255,281,295,312,324,324,324,429,429,429,532,532,551,551,567,579,579,610,610,627,653,732,732,743,743,390,406,423,423,522,522,536,586,77,47,58,92,92,0,26,26,26,42,42,54,81,81,81],"floor_reached":58,"language":"ENG","playtime":1446,"items_purged":["Quick Slash","Eviscerate"],"score":1264,"play_id":"554392b7-0343-475b-8ba1-2594fdefbc19","local_time":"20210126213753","is_ascension_mode":false,"campfire_choices":[{"data":"Neutralize","floor":6,"key":"SMITH"},{"data":"Poisoned Stab","floor":8,"key":"SMITH"},{"data":"Terror","floor":16,"key":"SMITH"},{"data":"Dagger Spray","floor":19,"key":"SMITH"},{"data":"After Image","floor":28,"key":"SMITH"},{"data":"Blade Dance","floor":34,"key":"SMITH"},{"data":"Tactician","floor":38,"key":"SMITH"},{"data":"Envenom","floor":47,"key":"SMITH"},{"data":"Acrobatics","floor":51,"key":"SMITH"},{"data":"Acrobatics","floor":53,"key":"SMITH"},{"data":"Blur","floor":56,"key":"SMITH"}],"circlet_count":0,"master_deck":["Defend_G+1","Defend_G+1","Defend_G+1","Defend_G+1","Survivor","Neutralize+1","Dagger Spray+1","Blur+1","Poisoned Stab+1","Flying Knee","Terror+1","Well Laid Plans+1","Dash+1","Dodge and Roll+1","After Image+1","CurseOfTheBell","Acrobatics+1","PiercingWail+1","Blade Dance+1","Dash+1","After Image+1","Finisher","Tactician+1","Acrobatics+1","Deflect+1","Escape Plan","Envenom+1","Blade Dance+1","Crippling Poison+1","Footwork+1"],"relics":["Ring of the Snake","NeowsBlessing","Ancient Tea Set","Kunai","Oddly Smooth Stone","Centennial Puzzle","CultistMask","Astrolabe","Calling Bell","Dota2Spire:ArcaneBoots","Pear","FossilizedHelix","Orichalcum","Lantern","Dota2Spire:AghanimScepter","Potion Belt","Dota2Spire:RefresherOrb","Dota2Spire:ShivaGuard","Dota2Spire:MonkeyKingBar","Lee\u0027s Waffle","Pantograph","Red Mask","Snake Skull","Bottled Lightning"],"acts_visited":["Exordium","TheCity","TheBeyond"],"potions_floor_usage":[17,25,39,39],"damage_taken":[{"damage":0,"enemies":"Jaw Worm","floor":1,"turns":1},{"damage":0,"enemies":"Cultist","floor":3,"turns":1},{"damage":0,"enemies":"Small Slimes","floor":4,"turns":1},{"damage":13,"enemies":"Gremlin Nob","floor":11,"turns":4},{"damage":0,"enemies":"2 Fungi Beasts","floor":12,"turns":3},{"damage":4,"enemies":"Exordium Thugs","floor":13,"turns":5},{"damage":0,"enemies":"Looter","floor":14,"turns":3},{"damage":16,"enemies":"Hexaghost","floor":17,"turns":9},{"damage":0,"enemies":"Hexaghost","floor":20,"turns":9},{"damage":4,"enemies":"3 Byrds","floor":22,"turns":5},{"damage":0,"enemies":"Chosen","floor":24,"turns":5},{"damage":1,"enemies":"Snecko","floor":25,"turns":7},{"damage":0,"enemies":"Book of Stabbing","floor":27,"turns":7},{"damage":0,"enemies":"Centurion and Healer","floor":29,"turns":6},{"damage":0,"enemies":"Sentry and Sphere","floor":33,"turns":8},{"damage":0,"enemies":"Chosen and Byrds","floor":36,"turns":5},{"damage":0,"enemies":"Snake Plant","floor":37,"turns":4},{"damage":0,"enemies":"Automaton","floor":39,"turns":14},{"damage":0,"enemies":"3 Shapes","floor":41,"turns":2},{"damage":0,"enemies":"Mind Bloom Boss Battle","floor":42,"turns":5},{"damage":0,"enemies":"3 Darklings","floor":45,"turns":4},{"damage":0,"enemies":"Reptomancer","floor":46,"turns":5},{"damage":0,"enemies":"Writhing Mass","floor":52,"turns":4},{"damage":0,"enemies":"Spire Growth","floor":54,"turns":4},{"damage":0,"enemies":"Nemesis","floor":55,"turns":5},{"damage":0,"enemies":"Donu and Deca","floor":57,"turns":6}],"seed_played":"1650362451507110431","potions_obtained":[{"floor":1,"key":"Weak Potion"},{"floor":11,"key":"Dota2Spire:Clarity"},{"floor":13,"key":"AttackPotion"},{"floor":14,"key":"SkillPotion"},{"floor":20,"key":"PowerPotion"},{"floor":29,"key":"Regen Potion"},{"floor":37,"key":"SpeedPotion"},{"floor":42,"key":"PowerPotion"},{"floor":44,"key":"LiquidMemories"},{"floor":44,"key":"PowerPotion"}],"is_trial":false,"path_per_floor":["M","?","M","M","?","R","?","R","T","T","E","M","M","M","?","R","B",null,"R","B",null,"M","?","M","M","?","E","R","M","T","T","?","M","R","$","M","M","R","B",null,"M","?","$","?","M","E","R","?","T","?","R","M","R","M","E","R","B",null],"character_chosen":"THE_SILENT","items_purchased":["Tactician","Potion Belt","Acrobatics","Dota2Spire:MonkeyKingBar","Lee\u0027s Waffle"],"campfire_rested":0,"item_purchase_floors":[35,35,35,43,43],"current_hp_per_floor":[70,70,70,70,59,59,52,52,52,52,39,39,35,35,35,35,19,19,19,19,80,76,76,76,75,75,75,75,75,75,75,75,75,75,75,75,75,75,75,80,80,80,87,87,87,87,87,87,87,87,87,87,87,87,87,87,87],"gold":81,"neow_bonus":"THREE_ENEMY_KILL","is_daily":false,"chose_seed":false,"campfire_upgraded":11,"win_rate":0.0,"timestamp":1611693473,"path_taken":["M","?","?","M","?","R","?","R","T","T","E","M","M","M","?","R","BOSS","R","BOSS","M","?","M","M","?","E","R","M","T","T","?","M","R","$","M","M","R","BOSS","M","?","$","?","?","E","R","?","T","?","R","M","R","?","E","R","BOSS"],"items_purchased_type":["Card","Relic","Card","Relic","Relic"],"build_version":"2020-12-22","purchased_purges":2,"victory":true,"max_hp_per_floor":[70,70,70,70,70,70,70,70,70,70,70,70,70,70,70,70,70,70,70,70,80,80,80,80,80,80,80,80,80,80,80,80,80,80,80,80,80,80,80,80,80,80,87,87,87,87,87,87,87,87,87,87,87,87,87,87,87],"card_choices":[{"not_picked":["Escape Plan","Quick Slash"],"picked":"Dagger Spray","floor":1},{"not_picked":["Quick Slash","Eviscerate"],"picked":"Poisoned Stab","floor":3},{"not_picked":["Sucker Punch","Dagger Spray"],"picked":"Eviscerate","floor":4},{"not_picked":["Caltrops","Riddle With Holes"],"picked":"Flying Knee","floor":11},{"not_picked":["Sucker Punch","Poisoned Stab","PiercingWail"],"picked":"SKIP","floor":12},{"not_picked":["Choke","Finisher","Deadly Poison"],"picked":"SKIP","floor":13},{"not_picked":["Distraction","Blur"],"picked":"Terror","floor":14},{"not_picked":["Venomology","Burst"],"picked":"After Image","floor":20},{"not_picked":["Backflip","Quick Slash+1","Sucker Punch"],"picked":"SKIP","floor":22},{"not_picked":["Flechettes","Caltrops"],"picked":"PiercingWail+1","floor":24},{"not_picked":["Eviscerate","Dagger Spray"],"picked":"Blade Dance","floor":25},{"not_picked":["Distraction","Quick Slash","Deadly Poison"],"picked":"SKIP","floor":27},{"not_picked":["Slice","Blade Dance"],"picked":"Dash+1","floor":29},{"not_picked":["PiercingWail","Dagger Spray+1"],"picked":"Finisher","floor":33},{"not_picked":["Distraction+1","A Thousand Cuts"],"picked":"Deflect+1","floor":36},{"not_picked":["Slice+1","Dash"],"picked":"Escape Plan","floor":37},{"not_picked":["Die Die Die","After Image"],"picked":"Envenom","floor":39},{"not_picked":["Leg Sweep","Blur"],"picked":"Blade Dance+1","floor":41},{"not_picked":["Endless Agony","Outmaneuver+1"],"picked":"Crippling Poison+1","floor":42},{"not_picked":["Underhanded Strike","Poisoned Stab","Quick Slash"],"picked":"SKIP","floor":45},{"not_picked":["Sucker Punch+1","Dodge and Roll","Deflect+1"],"picked":"SKIP","floor":46},{"not_picked":["Sucker Punch+1","Dodge and Roll","Deflect+1"],"picked":"SKIP","floor":46},{"not_picked":["Dagger Spray+1","Finisher+1","Quick Slash+1"],"picked":"SKIP","floor":52},{"not_picked":["Dodge and Roll+1","Burst"],"picked":"Footwork+1","floor":54},{"not_picked":["Finisher","Prepared","Quick Slash+1"],"picked":"SKIP","floor":55}],"player_experience":1244,"relics_obtained":[{"floor":9,"key":"Kunai"},{"floor":10,"key":"Oddly Smooth Stone"},{"floor":11,"key":"Centennial Puzzle"},{"floor":21,"key":"Dota2Spire:ArcaneBoots"},{"floor":21,"key":"Pear"},{"floor":21,"key":"FossilizedHelix"},{"floor":27,"key":"Orichalcum"},{"floor":30,"key":"Lantern"},{"floor":31,"key":"Dota2Spire:AghanimScepter"},{"floor":42,"key":"Dota2Spire:ShivaGuard"},{"floor":46,"key":"Pantograph"},{"floor":49,"key":"Snake Skull"},{"floor":55,"key":"Bottled Lightning"}],"event_choices":[{"damage_healed":0,"gold_gain":0,"cards_transformed":["Strike_G"],"player_choice":"Transformed","damage_taken":0,"max_hp_gain":0,"max_hp_loss":0,"event_name":"Transmorgrifier","floor":2,"gold_loss":0,"cards_obtained":["Blur"]},{"damage_healed":0,"gold_gain":75,"player_choice":"Gather Gold","damage_taken":11,"max_hp_gain":0,"max_hp_loss":0,"event_name":"World of Goop","floor":5,"gold_loss":0},{"damage_healed":0,"gold_gain":0,"player_choice":"Success","damage_taken":7,"relics_obtained":["Ancient Tea Set"],"max_hp_gain":0,"max_hp_loss":0,"event_name":"Scrap Ooze","floor":7,"gold_loss":0},{"damage_healed":0,"gold_gain":0,"player_choice":"Trade","damage_taken":0,"relics_obtained":["CultistMask"],"max_hp_gain":0,"max_hp_loss":0,"event_name":"FaceTrader","floor":15,"gold_loss":0},{"damage_healed":0,"gold_gain":0,"player_choice":"Read","damage_taken":0,"max_hp_gain":0,"max_hp_loss":0,"event_name":"The Library","floor":23,"gold_loss":0,"cards_obtained":["Acrobatics"]},{"damage_healed":0,"gold_gain":0,"player_choice":"Simplicity","damage_taken":0,"max_hp_gain":0,"max_hp_loss":0,"event_name":"Back to Basics","floor":26,"gold_loss":0,"cards_upgraded":["Strike_G","Defend_G","Defend_G","Defend_G","Defend_G","Defend_G"]},{"damage_healed":0,"gold_gain":0,"cards_transformed":["Strike_G","Defend_G"],"player_choice":"Became Test Subject","damage_taken":0,"max_hp_gain":0,"max_hp_loss":0,"event_name":"Drug Dealer","floor":32,"gold_loss":0,"cards_obtained":["After Image","Quick Slash"]},{"damage_healed":0,"gold_gain":0,"player_choice":"Fight","damage_taken":0,"max_hp_gain":0,"max_hp_loss":0,"event_name":"MindBloom","floor":42,"gold_loss":0},{"damage_healed":0,"gold_gain":0,"player_choice":"Bought 2 Potions","damage_taken":0,"max_hp_gain":0,"max_hp_loss":0,"event_name":"The Woman in Blue","floor":44,"gold_loss":0},{"damage_healed":0,"gold_gain":0,"player_choice":"Paid","damage_taken":0,"relics_obtained":["Red Mask"],"max_hp_gain":0,"max_hp_loss":0,"event_name":"Tomb of Lord Red Mask","floor":48,"gold_loss":92},{"damage_healed":0,"gold_gain":0,"player_choice":"Upgraded","damage_taken":0,"max_hp_gain":0,"max_hp_loss":0,"event_name":"Upgrade Shrine","floor":50,"gold_loss":0,"cards_upgraded":["After Image"]}],"is_beta":false,"boss_relics":[{"not_picked":["Ectoplasm","Runic Pyramid"],"picked":"Astrolabe"},{"not_picked":["SacredBark","Sozu"],"picked":"Calling Bell"},{"not_picked":["HoveringKite","Cursed Key"],"picked":"Dota2Spire:RefresherOrb"}],"items_purged_floors":[35,43],"is_endless":false,"potions_floor_spawned":[1,11,13,14,20,24,29,33,37,42,46,52],"ascension_level":0}}