{"host":"njb27ds59h4j3ikk","time":1611692641,"event":{"mods":["AchievementEnabler","BaseMod","Better Altar","Better Match","Better Note","Better Sensory Stone","Better Skull","Better Third Choice","BetterRewards","Downfall","Hermit","Hubris","Minty Spire (QoL Compilation)","Permanent Neow","Quarter Circle Forward PUNCH!","Quick Restart","Rare Cards Sparkle","Shop Mod","StSLib","Trackpad","Transform Curses"],"gold_per_floor":[0,20,30,41,41,216,216,232,232,70,70,99,99,119,139,241,241,241,251,46,61,13,30,76,88,88,88],"floor_reached":26,"language":"ENG","playtime":1211,"items_purged":[],"score":210,"play_id":"486eef3a-c52d-4497-af76-b784b360eff7","local_time":"20210126152401","is_ascension_mode":false,"campfire_choices":[{"data":"hermit:Snapshot","floor":1.0,"key":"SMITH"},{"data":"hubris:DuctTapeCard","floor":11.0,"key":"SMITH"},{"floor":13.0,"key":"REST"},{"data":"hermit:OverwhelmingPower","floor":18.0,"key":"SMITH"}],"circlet_count":0,"master_deck":["hermit:Strike_Hermit","hermit:Strike_Hermit+1","hermit:Strike_Hermit","hermit:Strike_Hermit+1","hermit:Defend_Hermit","hermit:Defend_Hermit","hermit:Defend_Hermit","hermit:Defend_Hermit","hermit:Snapshot+1","hermit:Covet","hermit:Manifest","hermit:Quickdraw","Echo Form","Doubt","hermit:Deadeye+1","hermit:Determination","hermit:FlashPowder","hermit:HighCaliber","hermit:Ricochet","hermit:OverwhelmingPower+1","hubris:DuctTapeCard","hermit:Desperado+1","hermit:Roulette+1","hermit:Misfire","hermit:Snipe+1","hermit:Gestalt","hermit:Enervate","hermit:Cheat+1","hermit:Vantage"],"relics":["hermit:Momento","Akabeko","Ornamental Fan","hubris:DuctTape","champ:Barbells","Regal Pillow","Black Star","ClockworkSouvenir","Bronze Scales"],"acts_visited":["Exordium","TheCity"],"potions_floor_usage":[19,22,25,26],"damage_taken":[{"damage":0.0,"enemies":"Cultist","floor":2.0,"turns":3.0},{"damage":0.0,"enemies":"2 Louse","floor":3.0,"turns":2.0},{"damage":5.0,"enemies":"Small Slimes","floor":4.0,"turns":3.0},{"damage":4.0,"enemies":"2 Fungi Beasts","floor":8.0,"turns":3.0},{"damage":6.0,"enemies":"downfall:FleeingMerchant","floor":10.0,"turns":4.0},{"damage":21.0,"enemies":"Gremlin Nob","floor":12.0,"turns":4.0},{"damage":0.0,"enemies":"Exordium Thugs","floor":14.0,"turns":3.0},{"damage":0.0,"enemies":"Red Slaver","floor":15.0,"turns":2.0},{"damage":32.0,"enemies":"SI_SHIV_ARCHETYPE","floor":16.0,"turns":8.0},{"damage":21,"enemies":"3 Byrds","floor":19,"turns":6},{"damage":5,"enemies":"downfall:FleeingMerchant","floor":20,"turns":4},{"damage":9,"enemies":"Shell Parasite","floor":21,"turns":4},{"damage":10,"enemies":"downfall:FleeingMerchant","floor":22,"turns":4},{"damage":8,"enemies":"Cultist and Chosen","floor":23,"turns":4},{"damage":21,"enemies":"Snake Plant","floor":25,"turns":4},{"damage":32,"enemies":"Slavers","floor":26,"turns":3}],"seed_played":"-2985033272351987487","potions_obtained":[{"floor":8.0,"key":"bronze:BurnAndBuffPotion"},{"floor":12.0,"key":"Ancient Potion"},{"floor":15.0,"key":"sneckomod:MuddlingPotion"},{"floor":16.0,"key":"ColorlessPotion"},{"floor":21,"key":"Regen Potion"},{"floor":23,"key":"DuplicationPotion"},{"floor":25,"key":"SpeedPotion"}],"is_trial":false,"path_per_floor":["R","M","M","M","?","?","T","M","?","$","R","E","R","M","M","B",null,"R","M","$","M","$","M","T","M","E"],"character_chosen":"HERMIT","items_purchased":["champ:Barbells","hermit:Misfire","ClockworkSouvenir","hermit:Enervate"],"campfire_rested":1,"item_purchase_floors":[10,20,20,22],"current_hp_per_floor":[89,89,89,84,63,63,63,59,59,53,53,32,73,73,73,41,89,89,68,63,54,44,36,36,27,0,0],"gold":88,"neow_bonus":"TWENTY_PERCENT_HP_BONUS","is_daily":false,"chose_seed":false,"campfire_upgraded":3,"win_rate":0.0,"timestamp":1611692641,"path_taken":["R","M","?","M","?","?","T","M","?","$","R","E","R","M","M","BOSS","R","M","$","M","$","M","T","M","E"],"items_purchased_type":["Relic","Card","Relic","Card"],"build_version":"2020-12-22","purchased_purges":0,"victory":false,"max_hp_per_floor":[89,89,89,89,89,89,89,89,89,89,89,89,89,89,89,89,89,89,89,89,89,89,89,89,89,89,89],"card_choices":[{"not_picked":["hermit:BodyArmor","hermit:TrackingShot"],"picked":"hermit:Manifest","floor":2.0},{"not_picked":["hermit:Coalescence","hermit:GoldenBullet"],"picked":"hermit:SprayPray","floor":3.0},{"not_picked":["hermit:Shortfuse","hermit:BigShot"],"picked":"hermit:Quickdraw","floor":4.0},{"not_picked":["hermit:EyeOfTheStorm","hermit:Dive"],"picked":"hermit:Deadeye","floor":8.0},{"not_picked":["hermit:Ricochet","hermit:HoleUp"],"picked":"hermit:Determination","floor":10.0},{"not_picked":["hermit:Snipe","hermit:Reprieve"],"picked":"hermit:FlashPowder","floor":12.0},{"not_picked":["hermit:CursedWeapon","hermit:Manifest"],"picked":"hermit:HighCaliber","floor":14.0},{"not_picked":["hermit:HoleUp","hermit:NoHoldsBarred"],"picked":"hermit:Ricochet","floor":15.0},{"not_picked":["hermit:Adapt","hermit:FatalDesire"],"picked":"hermit:OverwhelmingPower","floor":16.0},{"not_picked":["hermit:Glare","hermit:TrackingShot+1"],"picked":"hermit:Desperado+1","floor":19},{"not_picked":["hermit:BodyArmor","hermit:Dive"],"picked":"hermit:Roulette+1","floor":20},{"not_picked":["hermit:GoldenBullet+1","hermit:BodyArmor"],"picked":"hermit:Snipe+1","floor":21},{"not_picked":["hermit:FlashPowder","hermit:LowProfile"],"picked":"hermit:Gestalt","floor":22},{"not_picked":["hermit:Snipe","hermit:Roulette+1"],"picked":"hermit:Cheat+1","floor":23},{"not_picked":["hermit:Coalescence","hermit:Midnight"],"picked":"hermit:Vantage","floor":25}],"player_experience":1320797,"relics_obtained":[{"floor":7.0,"key":"hubris:DuctTape"},{"floor":12.0,"key":"Regal Pillow"},{"floor":24,"key":"Bronze Scales"}],"event_choices":[],"is_beta":false,"boss_relics":[{"not_picked":["Philosopher\u0027s Stone","Snecko Eye"],"picked":"Black Star"}],"items_purged_floors":[],"is_endless":false,"potions_floor_spawned":[8,12,15,16,21,23,25],"killed_by":"Slavers","ascension_level":0}}