{"host":"q8mjpf3krl0t4p3x","time":1611652805,"event":{"mods":["BaseMod","Colored Map","Colored Powertips","Googly Eyes","Minty Spire (QoL Compilation)","Quick Restart","StSLib","everything is the same but u backflip on backflip","slay the spire mod where everything is the same but ironclad has a cowboy hat"],"gold_per_floor":[118,118,15,27,42,42,57,92,117,91,91,103,103,115,115,217,217,237,237,252,25,225,225,239,239,239,239,239,250,20,30,30,30,30],"floor_reached":33,"language":"ENG","playtime":1005,"items_purged":["Strike_R"],"score":371,"play_id":"5cee6f3c-058e-41ff-acd3-d93684139981","local_time":"20210126012005","is_ascension_mode":true,"campfire_choices":[{"data":"Shockwave","floor":6,"key":"SMITH"},{"floor":11,"key":"REST"},{"data":"Cleave","floor":13,"key":"SMITH"},{"data":"Flame Barrier","floor":15,"key":"SMITH"},{"data":"Immolate","floor":23,"key":"SMITH"},{"floor":25,"key":"REST"},{"floor":28,"key":"REST"},{"floor":32,"key":"REST"}],"circlet_count":0,"master_deck":["AscendersBane","Strike_R","Strike_R","Strike_R","Strike_R","Defend_R","Defend_R","Defend_R","Defend_R","Bash+1","Battle Trance","Shockwave+1","Iron Wave","Flame Barrier+1","Cleave+1","Immolate+1"],"relics":["Burning Blood","Bag of Preparation","Juzu Bracelet","Dream Catcher","Black Star","Lantern","Letter Opener","ClockworkSouvenir"],"acts_visited":["Exordium","TheCity"],"potions_floor_usage":[8,16,16,31,33],"damage_taken":[{"damage":7,"enemies":"Jaw Worm","floor":1,"turns":3},{"damage":1,"enemies":"Cultist","floor":4,"turns":3},{"damage":5,"enemies":"2 Louse","floor":5,"turns":3},{"damage":6,"enemies":"Looter","floor":7,"turns":4},{"damage":48,"enemies":"3 Sentries","floor":8,"turns":11},{"damage":11,"enemies":"Lots of Slimes","floor":12,"turns":3},{"damage":6,"enemies":"Large Slime","floor":14,"turns":6},{"damage":83,"enemies":"Slime Boss","floor":16,"turns":13},{"damage":6,"enemies":"3 Byrds","floor":18,"turns":4},{"damage":16,"enemies":"2 Thieves","floor":20,"turns":3},{"damage":44,"enemies":"Cultist and Chosen","floor":24,"turns":6},{"damage":32,"enemies":"Colosseum Slavers","floor":27,"turns":3},{"damage":7,"enemies":"Snecko","floor":29,"turns":3},{"damage":31,"enemies":"Shelled Parasite and Fungi","floor":31,"turns":5},{"damage":64,"enemies":"Collector","floor":33,"turns":7}],"seed_played":"6028864554403547737","potions_obtained":[{"floor":1,"key":"LiquidBronze"},{"floor":4,"key":"Block Potion"},{"floor":8,"key":"GamblersBrew"},{"floor":12,"key":"LiquidMemories"},{"floor":14,"key":"EssenceOfSteel"},{"floor":18,"key":"GamblersBrew"},{"floor":31,"key":"LiquidMemories"}],"is_trial":false,"path_per_floor":["M","?","$","M","M","R","M","E","T","?","R","M","R","M","R","B",null,"M","?","M","$","?","R","M","R","T","?","R","M","$","M","R","B"],"character_chosen":"IRONCLAD","items_purchased":["FairyPotion","Lantern","ClockworkSouvenir","Regen Potion"],"campfire_rested":4,"item_purchase_floors":[3,21,30,30],"current_hp_per_floor":[71,71,71,76,77,77,77,35,35,35,59,54,54,54,54,7,62,62,80,70,70,70,70,32,56,56,30,54,53,53,33,57,0,0],"gold":30,"neow_bonus":"UPGRADE_CARD","is_daily":false,"chose_seed":false,"campfire_upgraded":4,"win_rate":0.0,"timestamp":1611652805,"path_taken":["M","?","$","M","M","R","M","E","T","?","R","M","R","M","R","BOSS","M","?","M","$","?","R","M","R","T","?","R","M","$","M","R","BOSS"],"items_purchased_type":["Potion","Relic","Relic","Potion"],"build_version":"2020-12-22","purchased_purges":1,"victory":false,"max_hp_per_floor":[80,80,80,80,80,80,80,80,80,80,80,80,80,80,80,80,80,80,80,80,80,80,80,80,80,80,80,80,80,80,80,80,80,80],"card_choices":[{"not_picked":["Combust","Flex"],"picked":"Battle Trance","floor":1},{"not_picked":["Anger","Armaments"],"picked":"Shockwave","floor":4},{"not_picked":["Shrug It Off","Clash"],"picked":"Iron Wave","floor":5},{"not_picked":["Metallicize","Havoc"],"picked":"Flame Barrier","floor":7},{"not_picked":["Second Wind","Searing Blow","Juggernaut"],"picked":"SKIP","floor":8},{"not_picked":["Iron Wave","Pommel Strike"],"picked":"Cleave","floor":11},{"not_picked":["Shrug It Off","Anger","Cleave"],"picked":"SKIP","floor":12},{"not_picked":["Twin Strike","Anger","Brutality"],"picked":"SKIP","floor":14},{"not_picked":["Offering","Juggernaut"],"picked":"Immolate","floor":16},{"not_picked":["Second Wind","Wild Strike","Perfected Strike"],"picked":"SKIP","floor":18},{"not_picked":["Warcry","Thunderclap","Sword Boomerang+1"],"picked":"SKIP","floor":20},{"not_picked":["Ghostly Armor","Rampage+1","Dropkick"],"picked":"SKIP","floor":24},{"not_picked":["Bloodletting","Disarm","Wild Strike"],"picked":"SKIP","floor":29},{"not_picked":["Wild Strike","Warcry+1","Feel No Pain"],"picked":"SKIP","floor":31}],"player_experience":310266,"relics_obtained":[{"floor":8,"key":"Juzu Bracelet"},{"floor":9,"key":"Dream Catcher"},{"floor":26,"key":"Letter Opener"}],"event_choices":[{"damage_healed":0,"gold_gain":0,"player_choice":"Gave Potion","damage_taken":0,"relics_obtained":["Bag of Preparation"],"max_hp_gain":0,"max_hp_loss":0,"event_name":"WeMeetAgain","floor":2,"gold_loss":0},{"damage_healed":0,"gold_gain":0,"player_choice":"Left Gold","damage_taken":0,"max_hp_gain":0,"max_hp_loss":0,"event_name":"World of Goop","floor":10,"gold_loss":26},{"damage_healed":26,"gold_gain":0,"player_choice":"Heal","damage_taken":0,"max_hp_gain":0,"max_hp_loss":0,"event_name":"The Library","floor":19,"gold_loss":0},{"damage_healed":0,"gold_gain":200,"player_choice":"Gold","damage_taken":0,"max_hp_gain":0,"max_hp_loss":0,"event_name":"Wheel of Change","floor":22,"gold_loss":0},{"damage_healed":0,"gold_gain":0,"player_choice":"Fight","damage_taken":0,"max_hp_gain":0,"max_hp_loss":0,"event_name":"Colosseum","floor":27,"gold_loss":0},{"damage_healed":0,"gold_gain":0,"player_choice":"Fled From Nobs","damage_taken":0,"max_hp_gain":0,"max_hp_loss":0,"event_name":"Colosseum","floor":27,"gold_loss":0}],"is_beta":false,"boss_relics":[{"not_picked":["Astrolabe","Runic Pyramid"],"picked":"Black Star"}],"items_purged_floors":[21],"is_endless":false,"potions_floor_spawned":[1,4,8,12,14,18,27,31],"killed_by":"Collector","ascension_level":10}}