{"host":"s3s7xsmblwiz356v","time":1611673372,"event":{"mods":["AchievementEnabler","BaseMod","Block Reminder","Colored Map","Colored Powertips","Minty Spire (QoL Compilation)"],"gold_per_floor":[99,99,99,99,99,99,99,99,99,99,99,99,99,99,99,99,99],"floor_reached":16,"language":"ENG","playtime":753,"items_purged":[],"score":157,"play_id":"c9280e8b-7a81-4675-8391-b16df1f35f98","local_time":"20210126100252","is_ascension_mode":true,"campfire_choices":[{"data":"CutThroughFate","floor":7,"key":"SMITH"},{"data":"MentalFortress","floor":11,"key":"SMITH"},{"data":"ClearTheMind","floor":13,"key":"SMITH"},{"data":"EmptyBody","floor":15,"key":"SMITH"}],"circlet_count":0,"master_deck":["Strike_P","Strike_P","Strike_P","Strike_P","Defend_P","Defend_P","Defend_P","Defend_P","Eruption","Vigilance","CutThroughFate+1","Indignation","MentalFortress+1","ClearTheMind+1","EmptyBody+1"],"relics":["Ectoplasm","Smiling Mask","Dream Catcher","Nunchaku","Akabeko","HornCleat"],"acts_visited":["Exordium"],"potions_floor_usage":[6,14,16],"damage_taken":[{"damage":0,"enemies":"Cultist","floor":1,"turns":3},{"damage":0,"enemies":"2 Louse","floor":2,"turns":2},{"damage":0,"enemies":"Jaw Worm","floor":5,"turns":2},{"damage":10,"enemies":"Gremlin Nob","floor":6,"turns":3},{"damage":25,"enemies":"Lagavulin","floor":12,"turns":6},{"damage":2,"enemies":"Lots of Slimes","floor":14,"turns":3},{"damage":46,"enemies":"Hexaghost","floor":16,"turns":12}],"seed_played":"-770335514140745729","potions_obtained":[{"floor":5,"key":"AttackPotion"},{"floor":6,"key":"Regen Potion"},{"floor":12,"key":"FearPotion"},{"floor":14,"key":"Ambrosia"}],"is_trial":false,"path_per_floor":["M","M","?","?","M","E","R","?","T","$","R","E","R","M","R","B"],"character_chosen":"WATCHER","items_purchased":[],"campfire_rested":0,"item_purchase_floors":[],"current_hp_per_floor":[65,65,65,62,62,52,52,52,52,52,52,27,27,25,25,0,0],"gold":99,"neow_bonus":"BOSS_RELIC","is_daily":false,"chose_seed":false,"campfire_upgraded":4,"win_rate":0.0,"timestamp":1611673372,"path_taken":["M","M","?","?","M","E","R","?","T","?","R","E","R","?","R","BOSS"],"items_purchased_type":[],"build_version":"2020-12-22","purchased_purges":0,"victory":false,"max_hp_per_floor":[72,72,72,72,72,72,72,72,72,72,72,72,72,72,72,72,72],"card_choices":[{"not_picked":["Collect","JustLucky"],"picked":"CutThroughFate","floor":1},{"not_picked":["FlyingSleeves","EmptyFist"],"picked":"Indignation","floor":2},{"not_picked":["Vengeance","FlyingSleeves"],"picked":"MentalFortress","floor":5},{"not_picked":["SashWhip","Evaluate","Nirvana"],"picked":"SKIP","floor":6},{"not_picked":["Evaluate","Worship"],"picked":"ClearTheMind","floor":12},{"not_picked":["FlyingSleeves","Sanctity"],"picked":"EmptyBody","floor":14}],"player_experience":505528,"relics_obtained":[{"floor":6,"key":"Dream Catcher"},{"floor":9,"key":"Akabeko"},{"floor":12,"key":"HornCleat"}],"event_choices":[{"damage_healed":0,"gold_gain":0,"player_choice":"Leave","damage_taken":0,"max_hp_gain":0,"max_hp_loss":0,"event_name":"The Cleric","floor":3,"gold_loss":0},{"damage_healed":0,"gold_gain":0,"player_choice":"Success","damage_taken":3,"relics_obtained":["Smiling Mask"],"max_hp_gain":0,"max_hp_loss":0,"event_name":"Scrap Ooze","floor":4,"gold_loss":0},{"damage_healed":0,"gold_gain":30,"player_choice":"Searched \u00273\u0027 times","damage_taken":0,"relics_obtained":["Nunchaku"],"max_hp_gain":0,"max_hp_loss":0,"event_name":"Dead Adventurer","floor":8,"gold_loss":0}],"is_beta":false,"boss_relics":[],"items_purged_floors":[],"is_endless":false,"potions_floor_spawned":[5,6,12,14],"killed_by":"Hexaghost","ascension_level":9}}