{"host":"njo8qgvy2a57fcny","time":1611646122,"event":{"mods":["Aspiration","BaseMod","BetterRewards","CCEM","Colored Map","Colored Powertips","Conspire","Custom Start","Downfall","Energized Spire","GifTheSpireLib","Halation","Hermit","Hubris","Infinite Spire","Jedi Mod","Jorbs\u0027s Wanderer Trilogy","Mimic Mod","Minty Spire (QoL Compilation)","Quick Restart","Random Character Button","Random Character Mod","Rare Cards Sparkle","Relic Sorter","Replay The Spire","Shop Mod","StSLib","Stuff the Spire","The Animator","The Jungle","The Runesmith","The Servant 0.9.4","Unceasing Turn Reminder","thorton"],"gold_per_floor":[99,118,135,76,76,86,109,109,109,109,109],"floor_reached":9,"language":"ENG","playtime":374,"items_purged":[],"score":102,"play_id":"d170fcaa-2103-4142-8aee-132c3db77b58","local_time":"20210126182842","is_ascension_mode":true,"campfire_choices":[{"floor":1,"key":"RECALL"}],"circlet_count":0,"master_deck":["AscendersBane","Slimebound:Strike_Slimebound","Slimebound:Strike_Slimebound","Slimebound:Strike_Slimebound","Slimebound:Tackle","Slimebound:Defend_Slimebound","Slimebound:Split","Slimebound:CorrosiveSpit","Slimebound:SlimeSpikes","Slimebound:SplitMire","Slimebound:LeechEnergy","Slimebound:Grow","StuffTheSpire:Sprint","Bouncing Flask","StuffTheSpire:Fury","Slimebound:SamplingLick"],"relics":["Slimebound:AbsorbEndCombat","Blue Candle"],"acts_visited":["Exordium"],"potions_floor_usage":[9],"damage_taken":[{"damage":22,"enemies":"Jaw Worm","floor":2,"turns":5},{"damage":3,"enemies":"Cultist","floor":3,"turns":4},{"damage":6,"enemies":"downfall:FleeingMerchant","floor":4,"turns":4},{"damage":13,"enemies":"Small Slimes","floor":6,"turns":3},{"damage":34,"enemies":"Lagavulin","floor":9,"turns":4}],"seed_played":"3241670346476978747","potions_obtained":[{"floor":3,"key":"SteroidPotion"}],"is_trial":false,"path_per_floor":["R","M","M","$","?","M","T","?","E"],"character_chosen":"SLIMEBOUND","items_purchased":["Slimebound:Grow"],"campfire_rested":0,"item_purchase_floors":[4],"current_hp_per_floor":[58,42,43,41,41,32,32,32,0,0,0],"gold":109,"neow_bonus":"TEN_PERCENT_HP_BONUS","is_daily":false,"chose_seed":false,"campfire_upgraded":0,"win_rate":0.0,"timestamp":1611646122,"path_taken":["R","M","M","$","?","?","T","?","E"],"items_purchased_type":["Card"],"build_version":"2020-12-22","purchased_purges":0,"victory":false,"max_hp_per_floor":[64,64,64,64,64,64,64,64,64,64,64],"card_choices":[{"not_picked":["Slimebound:HauntingLick","Slimebound:ComboTackle"],"picked":"Slimebound:SlimeSpikes","floor":2},{"not_picked":["Slimebound:LivingWall","Slimebound:MegaLick"],"picked":"Slimebound:SplitMire","floor":3},{"not_picked":["Slimebound:DivideAndConquer","Slimebound:ItLooksTasty"],"picked":"Slimebound:LeechEnergy","floor":4},{"not_picked":["Slimebound:HungryTackle","Slimebound:LeechEnergy"],"picked":"Slimebound:SamplingLick","floor":6}],"player_experience":717765,"relics_obtained":[{"floor":8,"key":"Blue Candle"}],"event_choices":[],"is_beta":false,"boss_relics":[],"items_purged_floors":[],"is_endless":false,"potions_floor_spawned":[3],"killed_by":"Lagavulin","ascension_level":20}}