{"host":"fligtxqnrbjmaaid","time":1611657278,"event":{"mods":["ATMod(°¢èªMod)","AchievementEnabler","Act Like it!","BaseMod","Dota2Spire","Downfall","Hallownest","Infinite Spire","Lobotomy","Marisa£¨ìFÓê¡¡Ä§ÀíÉ³£©","Minty Spire (QoL Compilation)","Replay The Spire","StSLib","The Blackbeard","The Construct","The Cursed","The Gatherer","The Runesmith","The Senshi","[IsaacMod]ÒÔÈö¼âËþ"],"gold_per_floor":[119,138,138,138,138,138,170,170,250,281,281,291,305,316,316,414,514,526,540,552,572,592,592,592,592,592,592,592,606,617,617,617,796,796,886,1024,1069,1107,1251,1309,877,921,921,921,1008,1008,1008,1008,1008,1058,1058,1058,699,783,783,783],"floor_reached":55,"language":"ZHS","playtime":5978,"items_purged":["Strike_R","Strike_R"],"score":738,"play_id":"2db11ccb-7c5b-4166-8a1d-d1e3aed06238","local_time":"20210126183438","is_ascension_mode":false,"campfire_choices":[{"data":"Life Link","floor":6,"key":"SMITH"},{"floor":8,"key":"REST"},{"floor":11,"key":"REST"},{"floor":15,"key":"RECALL"},{"data":"AT_Dispersion","floor":23,"key":"SMITH"},{"data":"Armaments","floor":25,"key":"SMITH"},{"floor":27,"key":"REST"},{"data":"Life Link","floor":32,"key":"SMITH"},{"floor":47,"key":"REST"},{"floor":49,"key":"DIG"},{"data":"Barricade","floor":52,"key":"SMITH"}],"circlet_count":0,"master_deck":["Strike_R","Defend_R","Defend_R","Defend_R","Defend_R","AT_HeatAcrobatics","Life Link+1","ReplayTheSpireMod:Stacked","Anger+1","AT_Dispersion+1","Flame Barrier","Ghostly Armor+1","ReplayTheSpireMod:Stacked+1","Armaments+1","Impervious","Life Link+1","Barricade+1","AT_ShrugMaster+1","Seeing Red","Seeing Red","Shrug It Off","Armaments+1","Anger+1","Shrug It Off+1"],"relics":["Burning Blood","HushsDoor","AT_ATBox","NineVolt","Peace Pipe","infinitespire:Satchel","Meat on the Bone","Molten Egg 2","Replay:Wanted Poster","Replay:Bottled Steam","AT_MibuBalloonWealth","Runic Pyramid","DeathBook","ReplayFunnel","Runesmith:AutoHammer","Replay:Ringing Soul","theSenshi:FeatherClipsRelic","infinitespire:CursedDice"],"acts_visited":["Exordium","TheCity","TheBeyond","TheEnding"],"potions_floor_usage":[33,33,33,50,50,50],"damage_taken":[{"damage":1,"enemies":"Jaw Worm","floor":1,"turns":5},{"damage":8,"enemies":"Cultist","floor":2,"turns":4},{"damage":28,"enemies":"Gremlin Nob","floor":7,"turns":4},{"damage":53,"enemies":"Lagavulin","floor":10,"turns":8},{"damage":3,"enemies":"2 Louse","floor":12,"turns":3},{"damage":3,"enemies":"Exordium Wildlife","floor":13,"turns":7},{"damage":5,"enemies":"Red Slaver","floor":14,"turns":4},{"damage":35,"enemies":"Slime Boss","floor":16,"turns":7},{"damage":5,"enemies":"Shell Parasite","floor":18,"turns":9},{"damage":5,"enemies":"3 Byrds","floor":19,"turns":9},{"damage":0,"enemies":"Snecko","floor":20,"turns":8},{"damage":9,"enemies":"Shelled Parasite and Fungi","floor":21,"turns":8},{"damage":31,"enemies":"Cultist and Chosen","floor":22,"turns":9},{"damage":0,"enemies":"Centurion and Healer","floor":29,"turns":11},{"damage":3,"enemies":"Snake Plant","floor":30,"turns":7},{"damage":31,"enemies":"Automaton","floor":33,"turns":15},{"damage":0,"enemies":"3 Shapes","floor":35,"turns":9},{"damage":19,"enemies":"3 Darklings","floor":36,"turns":9},{"damage":28,"enemies":"Transient","floor":37,"turns":5},{"damage":0,"enemies":"Maw","floor":38,"turns":12},{"damage":0,"enemies":"3 Darklings","floor":39,"turns":4},{"damage":0,"enemies":"R_Hoarder","floor":40,"turns":15},{"damage":5,"enemies":"Spire Growth","floor":42,"turns":9},{"damage":35,"enemies":"Sphere and 2 Shapes","floor":45,"turns":10},{"damage":10,"enemies":"Donu and Deca","floor":50,"turns":16},{"damage":0,"enemies":"Shield and Spear","floor":54,"turns":13},{"damage":83,"enemies":"Delirium","floor":55,"turns":27}],"seed_played":"5853035283455582406","potions_obtained":[{"floor":2,"key":"Milkshake"},{"floor":14,"key":"HeartOfIron"},{"floor":22,"key":"Fire Potion"},{"floor":37,"key":"SpeedPotion"},{"floor":38,"key":"champ:CounterPotion"},{"floor":40,"key":"Languid Potion"},{"floor":45,"key":"Explosive Potion"}],"is_trial":false,"path_per_floor":["M","M","?","T","?","R","E","R","T","E","R","M","M","M","R","B",null,"M","M","M","M","M","R","?","R","T","R","?","M","M","T","R","B",null,"M","M","M","M","M","E","$","M","T","?","M","AVR","R","?","R","B",null,"R","$","E","B"],"character_chosen":"IRONCLAD","items_purchased":["ReplayFunnel","Shrug It Off","Runesmith:AutoHammer","theSenshi:FeatherClipsRelic"],"campfire_rested":4,"item_purchase_floors":[41,41,41,53],"current_hp_per_floor":[80,78,78,78,78,78,56,80,80,45,69,72,75,76,76,47,80,80,80,80,77,52,52,52,52,52,76,76,80,80,80,80,55,80,80,67,57,63,69,75,75,76,76,76,47,47,71,71,71,67,80,80,80,83,1,1],"gold":783,"neow_bonus":"REMOVE_CARD","is_daily":false,"chose_seed":false,"campfire_upgraded":5,"win_rate":0.0,"timestamp":1611657278,"path_taken":["M","M","?","?","?","R","E","R","T","E","R","M","M","?","R","BOSS","M","M","M","M","M","R","?","R","T","R","?","M","M","?","R","BOSS","M","M","M","M","M","E","$","M","T","?","M","AVR","R","?","R","BOSS","R","$","E","BOSS"],"items_purchased_type":["Relic","Card","Relic","Relic"],"build_version":"2020-12-22","purchased_purges":2,"victory":false,"max_hp_per_floor":[80,80,80,80,80,80,80,80,80,80,80,80,80,80,80,80,80,80,80,80,80,80,80,80,80,80,80,80,80,80,80,80,80,80,80,80,80,80,80,80,80,80,80,80,80,80,80,80,80,80,80,80,80,83,83,83],"card_choices":[{"not_picked":["Cleave","Iron Wave"],"picked":"Life Link","floor":1},{"not_picked":["Thunderclap","Searing Blow","Twin Strike"],"picked":"SKIP","floor":2},{"not_picked":["AT_BodySlamDance","Hemokinesis","Burning Pact"],"picked":"SKIP","floor":7},{"not_picked":["Perfected Strike+1","Berserk"],"picked":"ReplayTheSpireMod:Stacked","floor":10},{"not_picked":["Wild Strike+1","Bloodletting","ReplayTheSpireMod:Strike From Hell+1"],"picked":"SKIP","floor":12},{"not_picked":["Armaments","Dual Wield"],"picked":"Anger+1","floor":13},{"not_picked":["Iron Wave+1","Armaments"],"picked":"Bomb","floor":14},{"not_picked":["Fiend Fire+1","Brutality"],"picked":"AT_Dispersion","floor":16},{"not_picked":["AT_IchimonjiDouble+1","Spot Weakness","Heavy Blade+1"],"picked":"SKIP","floor":18},{"not_picked":["Warcry","Clothesline+1"],"picked":"Flame Barrier","floor":19},{"not_picked":["Battle Trance","Clothesline+1"],"picked":"Ghostly Armor+1","floor":20},{"not_picked":["Clothesline+1","Iron Wave+1"],"picked":"ReplayTheSpireMod:Stacked+1","floor":21},{"not_picked":["Thunderclap+1","Warcry"],"picked":"Armaments","floor":22},{"not_picked":["AT_GerminateFire","Run Through+1"],"picked":"Life Link","floor":29},{"not_picked":["Clash+1","Havoc","Cleave+1"],"picked":"SKIP","floor":30},{"not_picked":["Exhume","Demon Form"],"picked":"Barricade","floor":33},{"not_picked":["Cleave+1","ReplayTheSpireMod:Muscle Training+1"],"picked":"AT_ShrugMaster+1","floor":35},{"not_picked":["Clothesline+1","Replay:Undeath\u0027s Touch+1","AT_CaressingTears"],"picked":"SKIP","floor":36},{"not_picked":["Pommel Strike+1","Flex","Sentinel"],"picked":"SKIP","floor":37},{"not_picked":["Replay:Undeath\u0027s Touch+1","Disarm+1"],"picked":"Seeing Red","floor":38},{"not_picked":["Intimidate","Twin Strike+1"],"picked":"Seeing Red","floor":39},{"not_picked":["AT_IchimonjiDouble+1","Clothesline+1","AT_ManFootWork"],"picked":"SKIP","floor":40},{"not_picked":["Whirlwind+1","Thunderclap+1"],"picked":"Armaments+1","floor":42},{"not_picked":["Demon Form","Armaments"],"picked":"Anger+1","floor":45},{"not_picked":["Headbutt+1","Armaments+1"],"picked":"Shrug It Off+1","floor":54}],"player_experience":94527,"relics_obtained":[{"floor":4,"key":"Peace Pipe"},{"floor":7,"key":"infinitespire:Satchel"},{"floor":9,"key":"Meat on the Bone"},{"floor":10,"key":"Molten Egg 2"},{"floor":26,"key":"Replay:Bottled Steam"},{"floor":31,"key":"AT_MibuBalloonWealth"},{"floor":40,"key":"DeathBook"},{"floor":49,"key":"Replay:Ringing Soul"},{"floor":54,"key":"infinitespire:CursedDice"}],"event_choices":[{"cards_removed":["Strike_R"],"damage_healed":0,"gold_gain":0,"player_choice":"Offered Basic","damage_taken":0,"max_hp_gain":0,"max_hp_loss":0,"event_name":"Bonfire Elementals","floor":3,"gold_loss":0},{"damage_healed":0,"gold_gain":0,"player_choice":"Fled","damage_taken":0,"max_hp_gain":0,"max_hp_loss":0,"event_name":"Scrap Ooze","floor":5,"gold_loss":0},{"damage_healed":0,"gold_gain":0,"player_choice":"Ignored","damage_taken":0,"max_hp_gain":0,"max_hp_loss":0,"event_name":"Ghosts","floor":24,"gold_loss":0},{"damage_healed":0,"gold_gain":0,"cards_transformed":["Strike_R"],"player_choice":"Transformed","damage_taken":0,"max_hp_gain":0,"max_hp_loss":0,"event_name":"Transmorgrifier","floor":28,"gold_loss":0,"cards_obtained":["Impervious"]}],"is_beta":false,"boss_relics":[{"not_picked":["AT_MortalBlade","Replay:Bronze Core"],"picked":"Replay:Wanted Poster"},{"not_picked":[]},{"not_picked":["Runesmith:UraniumAnvil","Empty Cage"],"picked":"Runic Pyramid"},{"not_picked":[]}],"items_purged_floors":[41,53],"is_endless":false,"potions_floor_spawned":[2,14,20,22,29,37,38,40,45],"killed_by":"Delirium","ascension_level":0}}