{"host":"atu1skz5iq69e5lr","time":1611684192,"event":{"mods":["AchievementEnabler","Aspiration","BaseMod","Colored Map","Conspire","Evolution","Friendly Minions","Highlight Path","HololiveMod","Hubris","Infinite Spire","Keyboard Shortcuts","Minty Spire (QoL Compilation)","Reliquary","Replay The Spire","Shop Mod","StSLib"],"gold_per_floor":[84,84,101,111,29,62,49,77,77,90,90,100,135,145,145,248,248,261,186,204,204,221,254,254,282,358,389,408,427,174,209,209,305,305,317,343,218,238,238,265,277,309,378,378,405,415,431,456,456,456],"floor_reached":51,"language":"ENG","playtime":1967,"items_purged":["Hololive_Strike","Hololive_Sequa","Hololive_StrengthChampion"],"score":1643,"play_id":"0c83127c-7ecb-46b3-9936-6dab1f48b8ff","local_time":"20210126190312","is_ascension_mode":true,"campfire_choices":[{"data":"Hololive_CallAmaneKanata","floor":11.0,"key":"SMITH"},{"data":"Hololive_CallYozoraMel","floor":15.0,"key":"SMITH"},{"data":"Hololive_CallAmaneKanata","floor":24.0,"key":"SMITH"},{"data":"Hololive_CallAZKi","floor":32.0,"key":"SMITH"},{"data":"Hololive_CallUsadaPekora","floor":44.0,"key":"SMITH"},{"data":"Hololive_CallKiryuuCoco","floor":49,"key":"SMITH"}],"circlet_count":0,"master_deck":["Hololive_Defend","Hololive_Defend","Hololive_CallAZKi+1","Hololive_CallAmaneKanata+1","Hololive_CallAmaneKanata+1","Hololive_CallUsadaPekora+1","Hololive_CallUruhaRushia","Hololive_SoulCatcher+1","Specialist","Hololive_CallHoushouMarine","Hololive_CallKiryuuCoco+1","Hololive_CallYozoraMel+1","Hololive_MaximGun","Hololive_DDD+1","hubris:InfiniteBlow+81","Hololive_CocoNews+1","hubris:InfiniteBlow+81","Hololive_CallShiranuiFlare"],"relics":["Hololive_TheStar","EVO:Axolotl","NeowsBlessing","FaceOfCleric","Snack Pack","Ginger","Counterbalance","Replay:Towering Pillar of Hats","conspire:RoyalGoblet","hubris:MedicalManual","reliquary:PrincelyHelmet","Question Card","Replay:Bottled Snecko","reliquary:Stiletto","hubris:TenFootPole","Black Star","infinitespire:Lucky Rock","reliquary:Buckler","hubris:BottledRain","hubris:DisguiseKit","reliquary:PartyBalloon","Darkstone Periapt","reliquary:RosewoodLute","ReplayTheSpireMod:Lightbulb","TungstenRod","Potion Belt"],"acts_visited":["Exordium","TheCity","TheBeyond"],"potions_floor_usage":[50,50],"damage_taken":[{"damage":0.0,"enemies":"Small Slimes","floor":1.0,"turns":1.0},{"damage":0.0,"enemies":"Cultist","floor":3.0,"turns":1.0},{"damage":0.0,"enemies":"conspire:RoseBush","floor":4.0,"turns":1.0},{"damage":8.0,"enemies":"Lagavulin","floor":6.0,"turns":8.0},{"damage":0.0,"enemies":"Exordium Thugs","floor":7.0,"turns":4.0},{"damage":9.0,"enemies":"3 Sentries","floor":8.0,"turns":7.0},{"damage":1.0,"enemies":"2 Fungi Beasts","floor":10.0,"turns":3.0},{"damage":0.0,"enemies":"Looter","floor":12.0,"turns":3.0},{"damage":5.0,"enemies":"Replay:BlueRogue","floor":13.0,"turns":4.0},{"damage":0.0,"enemies":"Blue Slaver","floor":14.0,"turns":2.0},{"damage":0.0,"enemies":"Fading Forest","floor":16.0,"turns":11.0},{"damage":0.0,"enemies":"Spheric Guardian","floor":18.0,"turns":3.0},{"damage":0.0,"enemies":"conspire:FuzzyDice","floor":20.0,"turns":3.0},{"damage":0.0,"enemies":"conspire:HollyBat","floor":22.0,"turns":5.0},{"damage":0.0,"enemies":"Gremlin Leader","floor":23.0,"turns":1.0},{"damage":0.0,"enemies":"conspire:SneckoGhost","floor":25.0,"turns":2.0},{"damage":0.0,"enemies":"Nightmare","floor":27.0,"turns":1.0},{"damage":0.0,"enemies":"Snake Plant","floor":28.0,"turns":2.0},{"damage":0.0,"enemies":"Centurion and Healer","floor":29.0,"turns":2.0},{"damage":0.0,"enemies":"Gremlin Leader","floor":31.0,"turns":1.0},{"damage":0.0,"enemies":"conspire:MysteriousRune","floor":33.0,"turns":1.0},{"damage":0.0,"enemies":"3 Shapes","floor":35.0,"turns":2.0},{"damage":0.0,"enemies":"conspire:MimicChest","floor":36.0,"turns":1.0},{"damage":0.0,"enemies":"3 Darklings","floor":38.0,"turns":3.0},{"damage":0.0,"enemies":"R_Hoarder","floor":40.0,"turns":2.0},{"damage":0.0,"enemies":"Jaw Worm Horde","floor":41.0,"turns":4.0},{"damage":0.0,"enemies":"Nemesis","floor":42.0,"turns":1.0},{"damage":0.0,"enemies":"Giant Head","floor":45.0,"turns":2.0},{"damage":0.0,"enemies":"Spire Growth","floor":46.0,"turns":2.0},{"damage":0.0,"enemies":"3 Darklings","floor":47.0,"turns":3.0},{"damage":0.0,"enemies":"R_Hoarder","floor":48.0,"turns":2.0},{"damage":0,"enemies":"Awakened One","floor":50,"turns":3}],"seed_played":"-5492056384072188799","potions_obtained":[{"floor":6.0,"key":"Weak Potion"},{"floor":12.0,"key":"Swift Potion"},{"floor":13.0,"key":"SteroidPotion"},{"floor":14.0,"key":"Energy Potion"},{"floor":16.0,"key":"CultistPotion"},{"floor":29.0,"key":"PowerPotion"},{"floor":46.0,"key":"GamblersBrew"},{"floor":48.0,"key":"DuplicationPotion"}],"is_trial":false,"path_per_floor":["M","?","M","M","$","E","M","E","T","M","R","M","E","M","R","B",null,"M","$","M","?","M","E","R","E","T","NM","M","M","$","E","R","B",null,"M","?","$","M","?","E","M","E","T","R","E","M","M","E","R","B",null],"character_chosen":"Hololive_HololiveCharacter","items_purchased":["Specialist","reliquary:Stiletto"],"campfire_rested":0,"item_purchase_floors":[5,30],"current_hp_per_floor":[35,35,36,37,37,30,33,25,25,25,25,26,22,23,23,45,45,46,46,47,36,48,49,49,50,50,51,52,53,53,54,54,55,55,56,57,57,58,58,59,60,61,61,61,62,63,64,65,65,66],"gold":456,"neow_bonus":"THREE_ENEMY_KILL","is_daily":false,"chose_seed":false,"campfire_upgraded":6,"win_rate":0.0,"timestamp":1611684192,"path_taken":["M","?","M","?","$","E","M","E","T","M","R","M","E","M","R","BOSS","M","$","?","?","M","E","R","E","T","NM","M","M","?","E","R","BOSS","M","?","$","?","?","E","M","E","T","R","E","M","M","E","R","BOSS"],"items_purchased_type":["Card","Relic"],"build_version":"2020-12-22","purchased_purges":3,"victory":true,"max_hp_per_floor":[35,35,36,37,37,38,39,40,40,41,41,42,43,44,44,45,45,46,46,47,47,48,49,49,50,50,51,52,53,53,54,54,55,55,56,57,57,58,58,59,60,61,61,61,62,63,64,65,65,66],"card_choices":[{"not_picked":["Hololive_FlyingPonyTail","Hololive_CallUruhaRushia","Hololive_Trident"],"picked":"Hololive_SoulCatcher","floor":1.0},{"not_picked":["Hololive_CallNakiriAyame","Hololive_HuntDinosaur","Hololive_CocoNews","Hololive_CallYozoraMel"],"picked":"SKIP","floor":3.0},{"not_picked":["Hololive_RevenueBasedLive","Hololive_CallSakuraMiko","Hololive_OvertimeWork","Hololive_StrengthChampion"],"picked":"SKIP","floor":4.0},{"not_picked":["Hololive_RevenueBasedLive","Hololive_OvertimeWork","Hololive_CallTsunomakiWatame"],"picked":"Hololive_CallHoushouMarine","floor":6.0},{"not_picked":["Hololive_Trident","Hololive_Sequa","Hololive_CallUsadaPekora","Hololive_OvertimeWork"],"picked":"SKIP","floor":7.0},{"not_picked":["Hololive_CallSakuraMiko","Hololive_FlyingPonyTail","Hololive_BringToTrial","Hololive_Psychosis"],"picked":"SKIP","floor":8.0},{"not_picked":["Hololive_DiamondStrike","Hololive_Drill","Hololive_LuckPotion"],"picked":"Hololive_CallKiryuuCoco","floor":10.0},{"not_picked":["Hololive_LuckPotion","Hololive_OvertimeWork","Hololive_HuntDinosaur"],"picked":"Hololive_CallYozoraMel","floor":12.0},{"not_picked":["Hololive_CallCivia","Hololive_CallOkamiMio","Hololive_FlyingPonyTail"],"picked":"Hololive_MaximGun","floor":13.0},{"not_picked":["Hololive_Drill","Hololive_StrengthChampion","Hololive_DevilCharm","Hololive_CallMomosuzuNene"],"picked":"SKIP","floor":14.0},{"not_picked":["Hololive_Thief","Hololive_MaximGun","Hololive_IdolExercise"],"picked":"Hololive_DDD","floor":16.0},{"not_picked":["Hololive_CocoNews","Hololive_Drill","Hololive_CallRosalyn","Hololive_Teleport"],"picked":"SKIP","floor":18.0},{"not_picked":["Hololive_CallOkamiMio","Hololive_Trident+1","Hololive_FlyingPonyTail","Hololive_StrengthChampion"],"picked":"SKIP","floor":20.0},{"not_picked":["Replay:Fractal Strike","infinitespire:NeuralNetwork"],"picked":"hubris:InfiniteBlow+27","floor":21.0},{"not_picked":["Hololive_Teleport","Hololive_CallAkaiHaato","Hololive_SoulCatcher","Hololive_Trident"],"picked":"SKIP","floor":22.0},{"not_picked":["Hololive_Drill","Hololive_StrengthChampion+1","Hololive_CallInugamiKorone+1"],"picked":"Hololive_CocoNews+1","floor":23.0},{"not_picked":["Hololive_Breathe","Hololive_Rebirth","Hololive_CallOmaruPolka","Hololive_FlyingPonyTail"],"picked":"SKIP","floor":25.0},{"not_picked":["Hololive_CallArtia","Hololive_DiamondStrike","Hololive_Trident","Hololive_CallAZKi","Hololive_CallMurasakiShion"],"picked":"SKIP","floor":27.0},{"not_picked":["Hololive_ManjiGathering","Hololive_Rebound","Hololive_Trident","Hololive_CallInugamiKorone","Hololive_CallAZKi"],"picked":"SKIP","floor":28.0},{"not_picked":["Hololive_CallInugamiKorone","Hololive_StrengthChampion+1","Hololive_CallNekomataOkayu+1","Hololive_Rebound","Hololive_Psychosis"],"picked":"SKIP","floor":29.0},{"not_picked":["Hololive_CallAyundaRisu","Hololive_BringToTrial","Hololive_Drill+1","Hololive_RevenueBasedLive","Hololive_StrengthChampion+1"],"picked":"SKIP","floor":31.0},{"not_picked":["Hololive_OvertimeWork+1","Hololive_CallAyundaRisu","Hololive_CocoNews","Hololive_Rebound+1","Hololive_CallArtia+1"],"picked":"SKIP","floor":35.0},{"not_picked":["Hololive_FlyingPonyTail","Hololive_RevenueBasedLive+1","Hololive_Psychosis+1","Hololive_CallTokinoSora+1","Hololive_ManjiGathering+1"],"picked":"SKIP","floor":38.0},{"not_picked":["Hololive_LuckPotion+1","Hololive_CocoNews","Hololive_CallYukihanaLamy+1","Hololive_CallCivia","Hololive_Psychosis"],"picked":"SKIP","floor":40.0},{"not_picked":["Hololive_StrengthChampion+1","Hololive_RevenueBasedLive+1","Hololive_Drill+1","Hololive_CallNakiriAyame","Hololive_IdolExercise"],"picked":"SKIP","floor":41.0},{"not_picked":["Hololive_RevenueBasedLive","Hololive_HuntDinosaur","Hololive_OvertimeWork+1","Hololive_Recruit","Hololive_Trident"],"picked":"SKIP","floor":42.0},{"not_picked":["Hololive_FlareMind","Hololive_StrengthChampion+1","Hololive_RevenueBasedLive","Hololive_LuckPotion+1","Hololive_CallTokinoSora","PathToVictory"],"picked":"SKIP","floor":45.0},{"not_picked":["Hololive_FlareMind","Hololive_StrengthChampion+1","Hololive_RevenueBasedLive","Hololive_LuckPotion+1","Hololive_CallTokinoSora","PathToVictory"],"picked":"SKIP","floor":45.0},{"not_picked":["Hololive_Teleport+1","Hololive_CallInugamiKorone","Hololive_CallHoshimachiSuisei+1","Hololive_FlyingPonyTail","Hololive_RevenueBasedLive+1","PathToVictory"],"picked":"SKIP","floor":46.0},{"not_picked":["Hololive_ASMR","Hololive_Sequa","Hololive_CallMomosuzuNene","Hololive_Watashimo","Hololive_CallHoshimachiSuisei","Prostrate"],"picked":"SKIP","floor":47.0},{"not_picked":["Hololive_Psychosis+1","Hololive_Trident+1","Hololive_LuckPotion","Hololive_HuntDinosaur+1","CrushJoints"],"picked":"Hololive_CallShiranuiFlare","floor":48.0}],"player_experience":45924,"relics_obtained":[{"floor":6.0,"key":"Snack Pack"},{"floor":8.0,"key":"Ginger"},{"floor":9.0,"key":"Counterbalance"},{"floor":13.0,"key":"Replay:Towering Pillar of Hats"},{"floor":23.0,"key":"hubris:MedicalManual"},{"floor":25.0,"key":"reliquary:PrincelyHelmet"},{"floor":26.0,"key":"Question Card"},{"floor":27.0,"key":"Replay:Bottled Snecko"},{"floor":31.0,"key":"hubris:TenFootPole"},{"floor":36.0,"key":"infinitespire:Lucky Rock"},{"floor":40.0,"key":"reliquary:Buckler"},{"floor":40.0,"key":"hubris:BottledRain"},{"floor":42.0,"key":"hubris:DisguiseKit"},{"floor":42.0,"key":"reliquary:PartyBalloon"},{"floor":43.0,"key":"Darkstone Periapt"},{"floor":45.0,"key":"reliquary:RosewoodLute"},{"floor":45.0,"key":"ReplayTheSpireMod:Lightbulb"},{"floor":48.0,"key":"TungstenRod"},{"floor":48.0,"key":"Potion Belt"}],"event_choices":[{"damage_healed":0.0,"max_hp_gain":0.0,"max_hp_loss":0.0,"gold_gain":0.0,"event_name":"FaceTrader","player_choice":"Trade","floor":2.0,"gold_loss":0.0,"damage_taken":0.0,"relics_obtained":["FaceOfCleric"]},{"damage_healed":0.0,"max_hp_gain":0.0,"max_hp_loss":0.0,"gold_gain":0.0,"event_name":"Duplicator","player_choice":"Copied","floor":39.0,"gold_loss":0.0,"damage_taken":0.0,"cards_obtained":["hubris:InfiniteBlow"]}],"is_beta":false,"boss_relics":[{"not_picked":["aspiration:SilentSkillbook","Honey Jar"],"picked":"conspire:RoyalGoblet"},{"not_picked":["reliquary:RedCape","aspiration:FutureDiary"],"picked":"Black Star"}],"items_purged_floors":[19,30,37],"is_endless":false,"potions_floor_spawned":[6,12,13,14,16,18,28,29,33,41,45,46,48],"ascension_level":4}}