{"host":"uom2h1y0l20ikqvv","time":1611688650,"event":{"mods":["BaseMod","Downfall","Minty Spire (QoL Compilation)","StSLib"],"gold_per_floor":[113,130,144,144,144,173,173,204,286,286,56,56,74,93,93,196,196,209,308,15,15,15,43,59,59,59,59,59],"floor_reached":27,"language":"ENG","playtime":1253,"items_purged":[],"score":239,"play_id":"61b7ec95-dfcb-459c-b9d2-a0a9b9b52100","local_time":"20210126191730","is_ascension_mode":false,"campfire_choices":[{"floor":7,"key":"REST"},{"floor":10,"key":"REST"},{"data":"Loop","floor":12,"key":"SMITH"},{"floor":15,"key":"REST"},{"floor":25,"key":"REST"}],"circlet_count":0,"master_deck":["Strike_B","Strike_B","Strike_B","Strike_B","Defend_B","Defend_B","Defend_B","Defend_B","Zap","Dualcast","Darkness","Coolheaded","Loop+1","Beam Cell","Auto Shields","Darkness","Doom and Gloom","Cold Snap","Creative AI","Capacitor+1","Self Repair","Regret","Pain"],"relics":["Cracked Core","NeowsBlessing","Du-Vu Doll","Vajra","Gremlin Horn","Orichalcum","Snecko Eye","Lee\u0027s Waffle","Strawberry","downfall:ExtraCursedKey","Nilry\u0027s Codex","Happy Flower","Pantograph"],"acts_visited":["Exordium","TheCity"],"potions_floor_usage":[23,27],"damage_taken":[{"damage":0,"enemies":"Small Slimes","floor":1,"turns":1},{"damage":0,"enemies":"2 Louse","floor":2,"turns":1},{"damage":0,"enemies":"Cultist","floor":3,"turns":1},{"damage":42,"enemies":"3 Sentries","floor":6,"turns":10},{"damage":25,"enemies":"Lagavulin","floor":8,"turns":7},{"damage":26,"enemies":"Large Slime","floor":13,"turns":6},{"damage":8,"enemies":"3 Louse","floor":14,"turns":3},{"damage":18,"enemies":"Hexaghost","floor":16,"turns":7},{"damage":9,"enemies":"Spheric Guardian","floor":18,"turns":4},{"damage":46,"enemies":"Gremlin Leader","floor":23,"turns":6},{"damage":7,"enemies":"Shell Parasite","floor":24,"turns":5},{"damage":54,"enemies":"Sentry and Sphere","floor":27,"turns":5}],"seed_played":"8363505516784900903","potions_obtained":[{"floor":3,"key":"EssenceOfSteel"},{"floor":5,"key":"Energy Potion"},{"floor":5,"key":"Guardian:BlockOnCardUsePotion"}],"is_trial":false,"path_per_floor":["M","M","M","?","?","E","R","E","T","R","$","R","M","M","R","B",null,"M","?","$","?","?","E","M","R","T","M"],"character_chosen":"DEFECT","items_purchased":["Orichalcum","Darkness","Lee\u0027s Waffle","Strawberry"],"campfire_rested":4,"item_purchase_floors":[11,11,20,20],"current_hp_per_floor":[75,75,75,75,75,33,55,30,30,52,52,52,26,18,40,22,75,66,66,89,89,73,27,27,53,53,0,0],"gold":59,"neow_bonus":"THREE_ENEMY_KILL","is_daily":false,"chose_seed":false,"campfire_upgraded":1,"win_rate":0.0,"timestamp":1611688650,"path_taken":["M","M","M","?","?","E","R","E","T","R","$","R","M","M","R","BOSS","M","?","$","?","?","E","M","R","T","M"],"items_purchased_type":["Relic","Card","Relic","Relic"],"build_version":"2020-12-22","purchased_purges":0,"victory":false,"max_hp_per_floor":[75,75,75,75,75,75,75,75,75,75,75,75,75,75,75,75,75,75,75,89,89,89,89,89,89,89,89,89],"card_choices":[{"not_picked":["Go for the Eyes","Compile Driver"],"picked":"Darkness","floor":1},{"not_picked":["Streamline","Beam Cell"],"picked":"Coolheaded","floor":2},{"not_picked":["Redo","Go for the Eyes"],"picked":"Loop","floor":3},{"not_picked":["FTL","Storm"],"picked":"Beam Cell","floor":6},{"not_picked":["Hologram","Force Field"],"picked":"Auto Shields","floor":8},{"not_picked":["Go for the Eyes","Skim"],"picked":"Doom and Gloom","floor":13},{"not_picked":["Ball Lightning","Auto Shields"],"picked":"Cold Snap","floor":14},{"not_picked":["Multi-Cast","Amplify"],"picked":"Creative AI","floor":16},{"not_picked":["Sweeping Beam+1","Go for the Eyes"],"picked":"Capacitor+1","floor":18},{"not_picked":["Scrape","Rip and Tear"],"picked":"Self Repair","floor":23},{"not_picked":["Beam Cell","Scrape","Coolheaded+1"],"picked":"SKIP","floor":24}],"player_experience":44357,"relics_obtained":[{"floor":6,"key":"Du-Vu Doll"},{"floor":8,"key":"Vajra"},{"floor":9,"key":"Gremlin Horn"},{"floor":22,"key":"Nilry\u0027s Codex"},{"floor":23,"key":"Happy Flower"},{"floor":26,"key":"Pantograph"}],"event_choices":[{"damage_healed":0,"gold_gain":0,"player_choice":"Ignored","damage_taken":0,"max_hp_gain":0,"max_hp_loss":0,"event_name":"Golden Wing","floor":4,"gold_loss":0},{"damage_healed":0,"gold_gain":0,"player_choice":"Got Potions","damage_taken":0,"max_hp_gain":0,"max_hp_loss":0,"event_name":"Lab","floor":5,"gold_loss":0},{"damage_healed":0,"gold_gain":99,"player_choice":"Stole From Cult","damage_taken":0,"max_hp_gain":0,"max_hp_loss":0,"event_name":"Nest","floor":19,"gold_loss":0},{"damage_healed":0,"gold_gain":0,"player_choice":"Obtained Book","damage_taken":16,"max_hp_gain":0,"max_hp_loss":0,"event_name":"Cursed Tome","floor":22,"gold_loss":0}],"is_beta":false,"boss_relics":[{"not_picked":["SacredBark","Fusion Hammer"],"picked":"Snecko Eye"}],"items_purged_floors":[],"is_endless":false,"potions_floor_spawned":[3,8,13,18],"killed_by":"Sentry and Sphere","ascension_level":0}}