{"host":"a1eatafr7pisesky","time":1611642607,"event":{"mods":["AchievementEnabler","BaseMod","Colored Map","Keyboard Shortcuts","Minty Spire (QoL Compilation)","Say the Spire","StSLib","SuperFastMode","everything is the same but u backflip on backflip"],"gold_per_floor":[110,129,129,59,70,70,100,131,131,151,151,183,183,201,201,305,305,321,339,36,48,48,73,73,100,151,182,132,132,144,158,158,254,254,271,281,8,20,33,33,43,43,43,43,77,77,94,118,118,118,118,118,45,76,76,76],"floor_reached":55,"language":"KOR","playtime":1996,"items_purged":["Defend_B","Defend_B","Defend_B"],"score":1226,"play_id":"4910c3ce-c52a-4267-a857-167a4f6f2897","local_time":"20210126153007","is_ascension_mode":true,"campfire_choices":[{"data":"Sunder","floor":6.0,"key":"SMITH"},{"data":"Dualcast","floor":11.0,"key":"SMITH"},{"data":"Genetic Algorithm","floor":15.0,"key":"SMITH"},{"data":"Defragment","floor":24.0,"key":"SMITH"},{"data":"Coolheaded","floor":29.0,"key":"SMITH"},{"data":"Hologram","floor":32.0,"key":"SMITH"},{"data":"Steam Power","floor":40.0,"key":"SMITH"},{"data":"Capacitor","floor":44.0,"key":"SMITH"},{"floor":49.0,"key":"RECALL"},{"data":"Blizzard","floor":52.0,"key":"SMITH"}],"circlet_count":0,"master_deck":["AscendersBane","Strike_B+1","Zap","Dualcast+1","Cold Snap","Sunder+1","Self Repair","Cold Snap","Genetic Algorithm+1","Coolheaded+1","Hologram+1","Biased Cognition","Defragment+1","Rebound+1","Capacitor+1","Turbo","Redo","Capacitor+1","Glacier","Defragment+1","Coolheaded+1","Consume+1","Buffer","Defragment+1","Steam Power+1","Parasite","Finesse","Blizzard+1","Coolheaded+1"],"relics":["FrozenCore","NeowsBlessing","Pocketwatch","StoneCalendar","Emotion Chip","Orichalcum","Astrolabe","ClockworkSouvenir","Regal Pillow","DataDisk","Whetstone","Smiling Mask","Medical Kit","PreservedInsect","Dream Catcher","Centennial Puzzle"],"acts_visited":["Exordium","TheCity","TheBeyond","TheEnding"],"potions_floor_usage":[55,55],"damage_taken":[{"damage":0.0,"enemies":"Small Slimes","floor":1.0,"turns":1.0},{"damage":0.0,"enemies":"Cultist","floor":2.0,"turns":1.0},{"damage":0.0,"enemies":"Jaw Worm","floor":5.0,"turns":1.0},{"damage":10.0,"enemies":"Gremlin Nob","floor":8.0,"turns":3.0},{"damage":13.0,"enemies":"Blue Slaver","floor":10.0,"turns":3.0},{"damage":22.0,"enemies":"Lagavulin","floor":12.0,"turns":6.0},{"damage":7.0,"enemies":"Exordium Thugs","floor":14.0,"turns":4.0},{"damage":8.0,"enemies":"The Guardian","floor":16.0,"turns":9.0},{"damage":37.0,"enemies":"3 Byrds","floor":18.0,"turns":5.0},{"damage":3.0,"enemies":"Chosen","floor":19.0,"turns":5.0},{"damage":5.0,"enemies":"Snake Plant","floor":21.0,"turns":4.0},{"damage":6.0,"enemies":"Book of Stabbing","floor":23.0,"turns":7.0},{"damage":8.0,"enemies":"Slavers","floor":25.0,"turns":7.0},{"damage":9.0,"enemies":"Book of Stabbing","floor":27.0,"turns":7.0},{"damage":0.0,"enemies":"Snecko","floor":30.0,"turns":6.0},{"damage":12.0,"enemies":"Chosen and Byrds","floor":31.0,"turns":5.0},{"damage":21.0,"enemies":"Champ","floor":33.0,"turns":11.0},{"damage":0.0,"enemies":"3 Darklings","floor":35.0,"turns":7.0},{"damage":0.0,"enemies":"Orb Walker","floor":36.0,"turns":6.0},{"damage":12.0,"enemies":"Transient","floor":38.0,"turns":5.0},{"damage":0.0,"enemies":"Writhing Mass","floor":39.0,"turns":8.0},{"damage":0.0,"enemies":"Maw","floor":41.0,"turns":8.0},{"damage":0.0,"enemies":"Nemesis","floor":45.0,"turns":9.0},{"damage":10.0,"enemies":"Transient","floor":47.0,"turns":5.0},{"damage":0.0,"enemies":"Awakened One","floor":50.0,"turns":25.0},{"damage":5.0,"enemies":"Shield and Spear","floor":54.0,"turns":13.0},{"damage":82,"enemies":"The Heart","floor":55,"turns":14}],"seed_played":"-8277916658983709425","potions_obtained":[{"floor":5.0,"key":"DuplicationPotion"},{"floor":8.0,"key":"GamblersBrew"},{"floor":12.0,"key":"SpeedPotion"},{"floor":19.0,"key":"FearPotion"},{"floor":23.0,"key":"Fire Potion"},{"floor":25.0,"key":"DistilledChaos"}],"is_trial":false,"path_per_floor":["M","M","?","$","M","R","?","E","T","M","R","E","?","M","R","B",null,"M","M","$","M","?","E","R","E","T","E","$","R","M","M","R","B",null,"M","M","$","M","M","R","M","?","T","R","E","?","M","T","R","B",null,"R","$","E","B"],"character_chosen":"DEFECT","items_purchased":["Self Repair","Capacitor","ClockworkSouvenir","Medical Kit","Steam Power","PotionOfCapacity"],"campfire_rested":0,"item_purchase_floors":[4,20,20,37,37,53],"current_hp_per_floor":[68,68,68,68,68,68,68,58,58,52,52,37,37,37,37,36,65,35,39,39,41,75,75,75,74,74,72,72,72,75,70,70,56,70,75,75,75,70,75,75,75,75,75,75,75,75,65,65,65,72,74,74,74,75,0,0],"gold":76,"neow_bonus":"THREE_ENEMY_KILL","is_daily":false,"chose_seed":false,"campfire_upgraded":9,"win_rate":0.0,"timestamp":1611642607,"path_taken":["M","M","?","$","?","R","?","E","T","M","R","E","?","M","R","BOSS","M","M","$","M","?","E","R","E","T","E","$","R","?","M","R","BOSS","M","M","$","M","M","R","M","?","T","R","E","?","M","?","R","BOSS","R","$","E","BOSS"],"items_purchased_type":["Card","Card","Relic","Relic","Card","Potion"],"build_version":"2020-12-22","purchased_purges":3,"victory":false,"max_hp_per_floor":[75,75,75,75,75,75,75,75,75,75,75,75,75,75,75,75,75,75,75,75,75,75,75,75,75,75,75,75,75,75,75,75,75,75,75,75,75,75,75,75,75,75,75,75,75,75,75,75,75,75,75,75,75,75,75,75],"card_choices":[{"not_picked":["Conserve Battery","Rebound"],"picked":"Cold Snap","floor":1.0},{"not_picked":["Auto Shields","Reinforced Body"],"picked":"Ball Lightning","floor":2.0},{"not_picked":["Gash","Stack"],"picked":"Cold Snap","floor":5.0},{"not_picked":["Streamline","Doom and Gloom"],"picked":"Genetic Algorithm","floor":8.0},{"not_picked":["Sunder","Loop","Steam"],"picked":"SKIP","floor":10.0},{"not_picked":["Heatsinks","Compile Driver"],"picked":"Coolheaded","floor":12.0},{"not_picked":["Gash","Conserve Battery"],"picked":"Hologram","floor":14.0},{"not_picked":["Fission","All For One"],"picked":"Biased Cognition","floor":16.0},{"not_picked":["Hello World+1","Streamline"],"picked":"Turbo","floor":18.0},{"not_picked":["Leap","Reprogram+1"],"picked":"Redo","floor":19.0},{"not_picked":["Capacitor","Hologram"],"picked":"Glacier","floor":21.0},{"not_picked":["Chaos","Darkness"],"picked":"Defragment","floor":23.0},{"not_picked":["Ball Lightning","Rebound+1","Sunder"],"picked":"SKIP","floor":25.0},{"not_picked":["Static Discharge","Scrape"],"picked":"Coolheaded+1","floor":27.0},{"not_picked":["Auto Shields+1","Conserve Battery","Sweeping Beam"],"picked":"SKIP","floor":30.0},{"not_picked":["Recycle","Turbo"],"picked":"Consume+1","floor":31.0},{"not_picked":["Multi-Cast","Reboot"],"picked":"Buffer","floor":33.0},{"not_picked":["Recycle","Rebound+1"],"picked":"Defragment+1","floor":35.0},{"not_picked":["Turbo","Rebound","Force Field+1"],"picked":"SKIP","floor":36.0},{"not_picked":["Hologram","Go for the Eyes","Lockon"],"picked":"SKIP","floor":38.0},{"not_picked":["Glacier","Melter+1","Redo+1"],"picked":"SKIP","floor":39.0},{"not_picked":["FTL","Scrape","Leap"],"picked":"SKIP","floor":41.0},{"not_picked":["Bandage Up","HandOfGreed"],"picked":"Finesse","floor":42.0},{"not_picked":["Compile Driver","Beam Cell"],"picked":"Blizzard","floor":45.0},{"not_picked":["Reprogram","Stack","Rebound+1"],"picked":"SKIP","floor":47.0},{"not_picked":["Compile Driver","Streamline"],"picked":"Coolheaded+1","floor":54.0}],"player_experience":355462,"relics_obtained":[{"floor":8.0,"key":"StoneCalendar"},{"floor":9.0,"key":"Emotion Chip"},{"floor":12.0,"key":"Orichalcum"},{"floor":23.0,"key":"Regal Pillow"},{"floor":25.0,"key":"DataDisk"},{"floor":26.0,"key":"Whetstone"},{"floor":27.0,"key":"Smiling Mask"},{"floor":45.0,"key":"PreservedInsect"},{"floor":48.0,"key":"Dream Catcher"},{"floor":54.0,"key":"Centennial Puzzle"}],"event_choices":[{"damage_healed":0.0,"max_hp_gain":0.0,"max_hp_loss":0.0,"gold_gain":0.0,"event_name":"Match and Keep!","player_choice":"1 cards matched","floor":3.0,"gold_loss":0.0,"damage_taken":0.0,"cards_obtained":["Sunder"]},{"damage_healed":0.0,"max_hp_gain":0.0,"max_hp_loss":0.0,"gold_gain":30.0,"event_name":"Dead Adventurer","player_choice":"Searched \u00272\u0027 times","floor":7.0,"gold_loss":0.0,"damage_taken":0.0,"relics_obtained":["Pocketwatch"]},{"cards_removed":["Strike_B"],"damage_healed":0.0,"max_hp_gain":0.0,"max_hp_loss":0.0,"gold_gain":0.0,"event_name":"Purifier","player_choice":"Purged","floor":13.0,"gold_loss":0.0,"damage_taken":0.0},{"damage_healed":34.0,"max_hp_gain":0.0,"max_hp_loss":0.0,"gold_gain":0.0,"event_name":"Wheel of Change","player_choice":"Full Heal","floor":22.0,"gold_loss":0.0,"damage_taken":0.0},{"damage_healed":0.0,"max_hp_gain":0.0,"max_hp_loss":0.0,"gold_gain":0.0,"event_name":"SensoryStone","player_choice":"Memory 1","floor":42.0,"gold_loss":0.0,"damage_taken":0.0},{"cards_removed":["Ball Lightning"],"damage_healed":0.0,"max_hp_gain":0.0,"max_hp_loss":0.0,"gold_gain":0.0,"event_name":"Falling","player_choice":"Removed Attack","floor":46.0,"gold_loss":0.0,"damage_taken":0.0}],"is_beta":false,"boss_relics":[{"not_picked":["Sozu","Ectoplasm"],"picked":"Astrolabe"},{"not_picked":["Runic Dome","Fusion Hammer"],"picked":"FrozenCore"}],"items_purged_floors":[20,28,37],"is_endless":false,"potions_floor_spawned":[5,8,12,19,21,23,25,36,45,47],"killed_by":"The Heart","ascension_level":10}}