{"host":"ef3ybc9bdsabvdps","time":1611652276,"event":{"mods":["BaseMod","Minty Spire (QoL Compilation)"],"gold_per_floor":[111,61,74,74,50,80,80,108,108,33,52,63,91,101,101,197,197,213,226,244,159,170,198,298,323,349,360,360,379,393,413,413,516,516,535,535,545,115,115,115,133,166,166,166,194,94,94,112,112,112,112],"floor_reached":50,"language":"KOR","playtime":2574,"items_purged":["Defend_B","Heatsinks","Zap"],"score":677,"play_id":"87fb28ff-059d-4e0d-905e-4207c0230e37","local_time":"20210126181116","is_ascension_mode":true,"campfire_choices":[{"floor":7,"key":"REST"},{"floor":15,"key":"REST"},{"floor":28,"key":"REST"},{"floor":32,"key":"REST"},{"data":"Blizzard","floor":40,"key":"SMITH"},{"floor":44,"key":"REST"},{"floor":49,"key":"REST"}],"circlet_count":0,"master_deck":["Dualcast","Go for the Eyes","Conserve Battery","Beam Cell","Chill","Scrape","Gash","Chaos","Machine Learning","Gash+1","Leap+1","Capacitor+1","Redo+1","All For One","Scrape","Cold Snap","Coolheaded","Blizzard+1","Loop+1","Blizzard+1"],"relics":["FrozenCore","Boot","Blue Candle","Ornamental Fan","White Beast Statue","Question Card","InkBottle","The Courier","Symbiotic Virus","Regal Pillow","Art of War","Pandora\u0027s Box","Bronze Scales","Bag of Marbles","Blood Vial","Pantograph","TungstenRod","Pen Nib"],"acts_visited":["Exordium","TheCity","TheBeyond"],"potions_floor_usage":[13,16,16,22,23,25,29,29,31,33,41,41,48,50],"damage_taken":[{"damage":7,"enemies":"Jaw Worm","floor":1,"turns":3},{"damage":0,"enemies":"Cultist","floor":3,"turns":3},{"damage":33,"enemies":"3 Sentries","floor":6,"turns":8},{"damage":21,"enemies":"Lagavulin","floor":8,"turns":8},{"damage":0,"enemies":"2 Louse","floor":11,"turns":2},{"damage":0,"enemies":"Red Slaver","floor":12,"turns":3},{"damage":2,"enemies":"3 Sentries","floor":13,"turns":7},{"damage":1,"enemies":"Exordium Thugs","floor":14,"turns":3},{"damage":19,"enemies":"Hexaghost","floor":16,"turns":9},{"damage":6,"enemies":"Chosen","floor":18,"turns":5},{"damage":6,"enemies":"Spheric Guardian","floor":19,"turns":4},{"damage":5,"enemies":"Chosen and Byrds","floor":20,"turns":5},{"damage":4,"enemies":"Centurion and Healer","floor":22,"turns":8},{"damage":20,"enemies":"Slavers","floor":23,"turns":9},{"damage":48,"enemies":"Book of Stabbing","floor":25,"turns":7},{"damage":25,"enemies":"Cultist and Chosen","floor":27,"turns":7},{"damage":6,"enemies":"Snecko","floor":29,"turns":6},{"damage":13,"enemies":"Snake Plant","floor":30,"turns":6},{"damage":5,"enemies":"3 Cultists","floor":31,"turns":6},{"damage":27,"enemies":"Collector","floor":33,"turns":14},{"damage":2,"enemies":"3 Darklings","floor":35,"turns":6},{"damage":23,"enemies":"3 Shapes","floor":37,"turns":4},{"damage":2,"enemies":"Jaw Worm Horde","floor":41,"turns":4},{"damage":41,"enemies":"Giant Head","floor":42,"turns":9},{"damage":27,"enemies":"Reptomancer","floor":45,"turns":6},{"damage":2,"enemies":"Spire Growth","floor":48,"turns":3},{"damage":80,"enemies":"Time Eater","floor":50,"turns":7}],"seed_played":"-7276959910270106161","potions_obtained":[{"floor":3,"key":"PotionOfCapacity"},{"floor":8,"key":"Weak Potion"},{"floor":11,"key":"FairyPotion"},{"floor":12,"key":"Explosive Potion"},{"floor":13,"key":"Strength Potion"},{"floor":14,"key":"Regen Potion"},{"floor":16,"key":"FairyPotion"},{"floor":18,"key":"FearPotion"},{"floor":19,"key":"Ancient Potion"},{"floor":20,"key":"EssenceOfSteel"},{"floor":22,"key":"Weak Potion"},{"floor":23,"key":"Ancient Potion"},{"floor":25,"key":"Weak Potion"},{"floor":27,"key":"Swift Potion"},{"floor":29,"key":"Fire Potion"},{"floor":30,"key":"FearPotion"},{"floor":31,"key":"DistilledChaos"},{"floor":33,"key":"AttackPotion"},{"floor":35,"key":"Fire Potion"},{"floor":37,"key":"GamblersBrew"},{"floor":41,"key":"BlessingOfTheForge"},{"floor":42,"key":"SteroidPotion"},{"floor":45,"key":"PowerPotion"},{"floor":48,"key":"Fire Potion"}],"is_trial":false,"path_per_floor":["M","?","M","?","$","E","R","E","T","$","M","M","E","M","R","B",null,"M","M","M","?","M","E","?","E","T","M","R","M","M","M","R","B",null,"M","?","M","$","?","R","M","E","T","R","E","$","?","M","R","B"],"character_chosen":"DEFECT","items_purchased":["Beam Cell","Bronze Scales","Bag of Marbles","Blood Vial"],"campfire_rested":6,"item_purchase_floors":[5,38,38,38],"current_hp_per_floor":[68,68,68,56,56,23,45,24,24,24,24,24,22,21,43,39,75,69,63,58,58,54,34,34,8,8,22,59,53,40,35,72,45,75,73,73,50,50,50,50,50,11,11,48,23,23,23,23,60,0,0],"gold":112,"neow_bonus":"RANDOM_COMMON_RELIC","is_daily":false,"chose_seed":false,"campfire_upgraded":1,"win_rate":0.0,"timestamp":1611652276,"path_taken":["M","?","M","?","$","E","R","E","T","?","M","M","E","M","R","BOSS","M","M","?","?","M","E","?","E","T","M","R","M","?","M","R","BOSS","M","?","M","$","?","R","M","E","T","R","E","$","?","M","R","BOSS"],"items_purchased_type":["Card","Relic","Relic","Relic"],"build_version":"2020-12-22","purchased_purges":3,"victory":false,"max_hp_per_floor":[75,75,75,75,75,75,75,75,75,75,75,75,75,75,75,75,75,75,75,75,75,75,75,75,75,75,75,75,75,75,75,75,75,75,75,75,75,75,75,75,75,75,75,75,75,75,75,75,75,75,75],"card_choices":[{"not_picked":["Leap","Hologram"],"picked":"Go for the Eyes","floor":1},{"not_picked":["Doom and Gloom","Streamline"],"picked":"Conserve Battery","floor":3},{"not_picked":["Reprogram","White Noise","Tempest"],"picked":"SKIP","floor":6},{"not_picked":["Hologram","Hello World"],"picked":"Chill","floor":8},{"not_picked":["Tempest","Stack","Undo"],"picked":"Scrape","floor":11},{"not_picked":["Ball Lightning","Hologram","Reinforced Body","Cold Snap"],"picked":"SKIP","floor":12},{"not_picked":["Sunder","Reinforced Body","Rebound"],"picked":"Gash","floor":13},{"not_picked":["Steam","Tempest","Turbo"],"picked":"Chaos","floor":14},{"not_picked":["Creative AI","Fission","Meteor Strike"],"picked":"Machine Learning","floor":16},{"not_picked":["Redo","Rebound","Cold Snap"],"picked":"Gash+1","floor":18},{"not_picked":["Recycle","Go for the Eyes","Sunder"],"picked":"Leap+1","floor":19},{"not_picked":["Static Discharge","White Noise","Ball Lightning"],"picked":"Capacitor+1","floor":20},{"not_picked":["Ball Lightning+1","Cold Snap","Hyperbeam","Gash"],"picked":"SKIP","floor":22},{"not_picked":["Consume","Beam Cell","Barrage"],"picked":"Redo+1","floor":23},{"not_picked":["Compile Driver","Turbo","Beam Cell+1","Darkness"],"picked":"SKIP","floor":25},{"not_picked":["Barrage","Turbo","Reinforced Body","Leap"],"picked":"SKIP","floor":27},{"not_picked":["Turbo+1","Conserve Battery","Reprogram","Hologram"],"picked":"SKIP","floor":29},{"not_picked":["Sweeping Beam","Beam Cell+1","Core Surge","BootSequence"],"picked":"SKIP","floor":30},{"not_picked":["Hello World","Ball Lightning","Go for the Eyes","Beam Cell"],"picked":"SKIP","floor":31},{"not_picked":["Thunder Strike","Machine Learning","Multi-Cast"],"picked":"All For One","floor":33},{"not_picked":["White Noise","Static Discharge+1","Compile Driver+1"],"picked":"Loop+1","floor":35},{"not_picked":["Beam Cell+1","Turbo+1","Streamline","Rebound"],"picked":"SKIP","floor":37},{"not_picked":["Rebound+1","Go for the Eyes+1","Compile Driver+1","Coolheaded+1"],"picked":"SKIP","floor":41},{"not_picked":["Conserve Battery+1","Beam Cell","Redo+1","Force Field+1"],"picked":"SKIP","floor":42},{"not_picked":["Gash","Tempest","Barrage","Auto Shields"],"picked":"SKIP","floor":45},{"not_picked":["Coolheaded","Fusion","Barrage+1","Static Discharge+1"],"picked":"SKIP","floor":48}],"player_experience":318950,"relics_obtained":[{"floor":6,"key":"Ornamental Fan"},{"floor":8,"key":"White Beast Statue"},{"floor":9,"key":"Question Card"},{"floor":13,"key":"InkBottle"},{"floor":23,"key":"Symbiotic Virus"},{"floor":25,"key":"Regal Pillow"},{"floor":26,"key":"Art of War"},{"floor":42,"key":"Pantograph"},{"floor":43,"key":"TungstenRod"},{"floor":45,"key":"Pen Nib"}],"event_choices":[{"cards_removed":["Strike_B"],"damage_healed":0,"gold_gain":0,"player_choice":"Card Removal","damage_taken":0,"max_hp_gain":0,"max_hp_loss":0,"event_name":"The Cleric","floor":2,"gold_loss":50},{"damage_healed":0,"gold_gain":0,"player_choice":"Success","damage_taken":12,"relics_obtained":["Blue Candle"],"max_hp_gain":0,"max_hp_loss":0,"event_name":"Scrap Ooze","floor":4,"gold_loss":0},{"damage_healed":0,"gold_gain":0,"player_choice":"Obtained Relic","damage_taken":0,"relics_obtained":["The Courier"],"max_hp_gain":0,"max_hp_loss":0,"event_name":"Addict","floor":21,"gold_loss":85},{"damage_healed":0,"gold_gain":100,"player_choice":"Pray","damage_taken":0,"max_hp_gain":0,"max_hp_loss":0,"event_name":"Golden Shrine","floor":24,"gold_loss":0},{"damage_healed":0,"gold_gain":0,"player_choice":"Ignored","damage_taken":0,"max_hp_gain":0,"max_hp_loss":0,"event_name":"Tomb of Lord Red Mask","floor":36,"gold_loss":0},{"cards_removed":["Reinforced Body"],"damage_healed":0,"gold_gain":0,"player_choice":"Removed Skill","damage_taken":0,"max_hp_gain":0,"max_hp_loss":0,"event_name":"Falling","floor":39,"gold_loss":0},{"damage_healed":0,"gold_gain":0,"player_choice":"Copied","damage_taken":0,"max_hp_gain":0,"max_hp_loss":0,"event_name":"Duplicator","floor":47,"gold_loss":0,"cards_obtained":["Blizzard"]}],"is_beta":false,"boss_relics":[{"not_picked":["Coffee Dripper","Empty Cage"],"picked":"FrozenCore"},{"not_picked":["Calling Bell","Black Star"],"picked":"Pandora\u0027s Box"}],"items_purged_floors":[10,38,46],"is_endless":false,"potions_floor_spawned":[3,8,11,12,13,14,16,18,19,20,22,23,25,27,29,30,31,33,35,37,41,42,45,48],"killed_by":"Time Eater","ascension_level":4}}