{"host":"ifd7sfhtlbe34qll","time":1611684633,"event":{"mods":["2.2 Compatiblity","Act Like it!","BaseMod","Block Reminder","Colored Map","Curses Come First","Downfall","Highlight Path","Minty Spire (QoL Compilation)","Potion Indicator Mod","Quick Restart","Random Character Button","Relic Stats","StSLib","SuperFastMode"],"gold_per_floor":[118,64,83,9,29,48,87,87,87,167,190,190,190,230,230,330,330,357,386,413,441,450,450,450],"floor_reached":23,"language":"ENG","playtime":933,"items_purged":[],"score":402,"play_id":"caee3d1b-429b-4606-a01f-ef48b2defa12","local_time":"20210126121033","is_ascension_mode":true,"campfire_choices":[{"data":"All Out Attack","floor":8,"key":"SMITH"},{"data":"Deadly Poison","floor":13,"key":"SMITH"},{"data":"Malaise","floor":15,"key":"SMITH"}],"circlet_count":0,"master_deck":["AscendersBane","Strike_G","Strike_G","Strike_G","Strike_G","Strike_G","Defend_G","Defend_G","Defend_G","Defend_G","Defend_G","Survivor","Neutralize","All Out Attack+1","Slice","Cloak And Dagger","Flying Knee","Malaise+1","Deadly Poison+1","Leg Sweep","Wraith Form v2","Prepared+1","Poisoned Stab","Ghostly","Ghostly","Ghostly","Blade Dance+1","Decay"],"relics":["Ring of the Snake","NeowsBlessing","CeramicFish","The Courier","Art of War","Eternal Feather","Golden Idol","Mango","Cursed Key"],"acts_visited":["Exordium","TheCity"],"potions_floor_usage":[7,19,21,23],"damage_taken":[{"damage":0,"enemies":"2 Louse","floor":1,"turns":1},{"damage":0,"enemies":"Cultist","floor":3,"turns":1},{"damage":0,"enemies":"Jaw Worm","floor":5,"turns":1},{"damage":2,"enemies":"2 Fungi Beasts","floor":6,"turns":3},{"damage":3,"enemies":"Gremlin Nob","floor":7,"turns":3},{"damage":14,"enemies":"Lots of Slimes","floor":11,"turns":3},{"damage":4,"enemies":"3 Sentries","floor":14,"turns":5},{"damage":25,"enemies":"Hexaghost","floor":16,"turns":12},{"damage":14,"enemies":"Chosen","floor":18,"turns":7},{"damage":15,"enemies":"Shell Parasite","floor":19,"turns":9},{"damage":20,"enemies":"3 Cultists","floor":21,"turns":7},{"damage":38,"enemies":"Gremlin Leader","floor":23,"turns":9}],"seed_played":"6329617571145539091","potions_obtained":[{"floor":1,"key":"CunningPotion"},{"floor":11,"key":"SteroidPotion"},{"floor":14,"key":"Regen Potion"},{"floor":16,"key":"Fruit Juice"},{"floor":19,"key":"GamblersBrew"},{"floor":21,"key":"Energy Potion"}],"is_trial":false,"path_per_floor":["M","?","M","$","M","M","E","R","T","T","M","?","R","E","R","B",null,"M","M","?","M","?","E"],"character_chosen":"THE_SILENT","items_purchased":["Slice","FearPotion"],"campfire_rested":0,"item_purchase_floors":[4,4],"current_hp_per_floor":[59,59,59,59,59,57,54,54,54,54,40,40,49,59,71,46,67,53,53,37,22,22,0,0],"gold":450,"neow_bonus":"THREE_ENEMY_KILL","is_daily":false,"chose_seed":false,"campfire_upgraded":3,"win_rate":0.0,"timestamp":1611684633,"path_taken":["M","?","M","$","?","M","E","R","T","?","M","?","R","E","R","BOSS","M","M","?","M","?","E"],"items_purchased_type":["Card","Potion"],"build_version":"2020-12-22","purchased_purges":0,"victory":false,"max_hp_per_floor":[66,66,66,66,66,66,66,66,66,66,66,60,60,74,74,74,74,74,74,37,42,42,42,42],"relic_stats":{"counters":[12,61],"Golden Idol":36,"CeramicFish":135,"Eternal Feather":21,"Art of War":[3],"Cursed Key":0,"obtain_stats":[{"NeowsBlessing":0,"Golden Idol":12,"CeramicFish":2,"Eternal Feather":10,"Mango":14,"The Courier":7,"Art of War":9,"Cursed Key":17,"Ring of the Snake":0},{"NeowsBlessing":0,"Golden Idol":6,"CeramicFish":1,"Eternal Feather":5,"Mango":7,"The Courier":5,"Art of War":5,"Cursed Key":8,"Ring of the Snake":0},{"NeowsBlessing":0,"Golden Idol":12,"CeramicFish":1,"Eternal Feather":9,"Mango":17,"The Courier":9,"Art of War":9,"Cursed Key":29,"Ring of the Snake":0}],"Ring of the Snake":[24]},"card_choices":[{"not_picked":["Catalyst","Reflex","Backflip"],"picked":"SKIP","floor":1},{"not_picked":["Acrobatics","Blade Dance"],"picked":"All Out Attack","floor":3},{"not_picked":["Acrobatics","Prepared"],"picked":"Cloak And Dagger","floor":5},{"not_picked":["Deadly Poison","Deflect"],"picked":"Flying Knee","floor":6},{"not_picked":["Distraction","Leg Sweep"],"picked":"Malaise","floor":7},{"not_picked":["Reflex","Dash"],"picked":"Deadly Poison","floor":11},{"not_picked":["Choke","All Out Attack"],"picked":"Leg Sweep","floor":14},{"not_picked":["Bullet Time","Unload"],"picked":"Wraith Form v2","floor":16},{"not_picked":["Bane","Dagger Spray"],"picked":"Prepared+1","floor":18},{"not_picked":["Deflect","Flying Knee"],"picked":"Poisoned Stab","floor":19},{"not_picked":["Backflip","Predator"],"picked":"Blade Dance+1","floor":21}],"player_experience":1716097,"relics_obtained":[{"floor":7,"key":"The Courier"},{"floor":9,"key":"Art of War"},{"floor":10,"key":"Eternal Feather"},{"floor":14,"key":"Mango"}],"event_choices":[{"damage_healed":0,"gold_gain":0,"player_choice":"Paid Gold","damage_taken":0,"relics_obtained":["CeramicFish"],"max_hp_gain":0,"max_hp_loss":0,"event_name":"WeMeetAgain","floor":2,"gold_loss":54},{"damage_healed":0,"gold_gain":0,"player_choice":"Lose Max HP","damage_taken":0,"relics_obtained":["Golden Idol"],"max_hp_gain":0,"max_hp_loss":6,"event_name":"Golden Idol","floor":12,"gold_loss":0},{"damage_healed":0,"gold_gain":0,"player_choice":"Became a Ghost","damage_taken":0,"max_hp_gain":0,"max_hp_loss":37,"event_name":"Ghosts","floor":20,"gold_loss":0,"cards_obtained":["Ghostly","Ghostly","Ghostly"]},{"damage_healed":0,"gold_gain":0,"player_choice":"Cursed","damage_taken":0,"max_hp_gain":0,"max_hp_loss":0,"event_name":"Wheel of Change","floor":22,"gold_loss":0,"cards_obtained":["Decay"]}],"is_beta":false,"boss_relics":[{"not_picked":["Fusion Hammer","Astrolabe"],"picked":"Cursed Key"}],"items_purged_floors":[],"is_endless":false,"potions_floor_spawned":[1,11,14,16,19,21],"killed_by":"Gremlin Leader","ascension_level":20}}