{"host":"Mute","time":1611627177,"event":{"mods":["BaseMod","Colored Map","Downfall","Minty Spire (QoL Compilation)","StSLib"],"gold_per_floor":[99,114,564,583,598,441,441,441,457,490,504,515,515,550,560,560,560,560],"floor_reached":16,"language":"ENG","playtime":1546,"items_purged":["downfall:Icky"],"score":114,"play_id":"4e8d72a2-fc27-4e9e-b860-8df109289055","local_time":"20210125211257","is_ascension_mode":false,"campfire_choices":[{"data":"bronze:Replicate","floor":1,"key":"SMITH"},{"data":"bronze:ClassDefault","floor":8,"key":"SMITH"},{"data":"bronze:FollowUp","floor":13,"key":"SMITH"}],"circlet_count":0,"master_deck":["bronze:Strike","bronze:Strike","bronze:Strike","bronze:Strike","bronze:Defend","bronze:Defend","bronze:Defend","bronze:Defend","bronze:Replicate+1","bronze:Goto","bronze:ThunderWave","bronze:ForceShield","downfall:Icky","downfall:Icky","bronze:Terminator","bronze:ClassDefault+1","bronze:Repair","bronze:Optimize","bronze:FollowUp+1","bronze:Turbo","bronze:ForLoop"],"relics":["bronze:BronzeCore","Calipers","Ancient Tea Set","Singing Bowl"],"acts_visited":["Exordium"],"potions_floor_usage":[],"damage_taken":[{"damage":1,"enemies":"Cultist","floor":2,"turns":4},{"damage":2,"enemies":"2 Louse","floor":4,"turns":3},{"damage":15,"enemies":"Small Slimes","floor":5,"turns":4},{"damage":5,"enemies":"downfall:FleeingMerchant","floor":6,"turns":4},{"damage":7,"enemies":"Large Slime","floor":9,"turns":11},{"damage":28,"enemies":"3 Sentries","floor":10,"turns":11},{"damage":8,"enemies":"Blue Slaver","floor":11,"turns":5},{"damage":17,"enemies":"2 Fungi Beasts","floor":12,"turns":5},{"damage":56,"enemies":"Gremlin Nob","floor":14,"turns":7},{"damage":3,"enemies":"Blue Slaver","floor":15,"turns":5},{"damage":89,"enemies":"SI_SHIV_ARCHETYPE","floor":16,"turns":13}],"seed_played":"6306067060784488502","potions_obtained":[{"floor":2,"key":"champ:CounterPotion"},{"floor":9,"key":"Energy Potion"},{"floor":10,"key":"Regen Potion"}],"is_trial":false,"path_per_floor":["R","M","?","M","M","$","T","R","M","E","M","M","R","E","M","B"],"character_chosen":"THE_AUTOMATON","items_purchased":["bronze:Optimize"],"campfire_rested":0,"item_purchase_floors":[6],"current_hp_per_floor":[70,69,69,67,52,47,47,47,60,49,61,51,51,16,43,2,2,2],"gold":560,"neow_bonus":"ONE_RANDOM_RARE_CARD","is_daily":false,"chose_seed":false,"campfire_upgraded":3,"win_rate":0.0,"timestamp":1611627177,"path_taken":["R","M","?","M","M","$","T","R","M","E","M","M","R","E","M","BOSS"],"items_purchased_type":["Card"],"build_version":"2020-12-18","purchased_purges":1,"victory":false,"max_hp_per_floor":[70,70,70,70,70,70,70,70,70,70,70,70,70,72,74,74,74,74],"card_choices":[{"not_picked":["bronze:Deprecate","bronze:WildBeam"],"picked":"bronze:ForceShield","floor":2},{"not_picked":["bronze:Backtrace","bronze:Optimize"],"picked":"bronze:Terminator","floor":4},{"not_picked":["bronze:Flail","bronze:Philosophize"],"picked":"bronze:ClassDefault","floor":5},{"not_picked":["bronze:BugBarrage","bronze:Overload"],"picked":"bronze:Repair","floor":6},{"not_picked":["bronze:WildBeam","bronze:ChosenStrike"],"picked":"bronze:FollowUp","floor":9},{"not_picked":["bronze:OilSpill","bronze:BitShift"],"picked":"bronze:Turbo","floor":10},{"not_picked":["bronze:DelayedGuard","bronze:Optimize"],"picked":"bronze:ForLoop","floor":11},{"not_picked":["bronze:WildBeam","bronze:Repulsor","bronze:Safeguard"],"picked":"SKIP","floor":12},{"not_picked":["bronze:FindAndReplace","bronze:Branch","bronze:Format"],"picked":"Singing Bowl","floor":14},{"not_picked":["bronze:OilSpill","bronze:CloningBeam","bronze:Overheat"],"picked":"Singing Bowl","floor":15}],"player_experience":451015,"relics_obtained":[{"floor":7,"key":"Calipers"},{"floor":10,"key":"Ancient Tea Set"},{"floor":14,"key":"Singing Bowl"}],"event_choices":[],"is_beta":true,"boss_relics":[],"items_purged_floors":[6],"is_endless":false,"potions_floor_spawned":[2,9,10,14,15],"killed_by":"SI_SHIV_ARCHETYPE","ascension_level":0}}