{"host":"1tl36azeqm6yhdgj","time":1611678687,"event":{"mods":["AchievementEnabler","BaseMod","Minty Spire (QoL Compilation)","StSLib","The IronCluck","everything is the same but u backflip on backflip"],"gold_per_floor":[112,126,138,63,80,80,111,111,111,444,463,479,508,74,74,74,74],"floor_reached":16,"language":"ENG","playtime":415,"items_purged":[],"score":244,"play_id":"a3414d6c-1c01-42d8-ac9f-450ac95fc32a","local_time":"20210126113127","is_ascension_mode":true,"campfire_choices":[{"data":"Infernal Blade","floor":6.0,"key":"SMITH"},{"data":"1","floor":8.0,"key":"LIFT"},{"data":"2","floor":15.0,"key":"LIFT"}],"circlet_count":0,"master_deck":["AscendersBane","Strike_R","Strike_R","Strike_R","Strike_R","Defend_R","Defend_R","Defend_R","Defend_R","Bash","Pommel Strike","Flex","Infernal Blade+1","Shrug It Off","Infernal Blade","Immolate"],"relics":["Burning Blood","NeowsBlessing","Girya","Magic Flower","Old Coin","Pantograph","Juzu Bracelet","Shuriken"],"acts_visited":["Exordium"],"potions_floor_usage":[],"damage_taken":[{"damage":0.0,"enemies":"Cultist","floor":1.0,"turns":1.0},{"damage":0.0,"enemies":"2 Louse","floor":2.0,"turns":1.0},{"damage":0.0,"enemies":"Jaw Worm","floor":3.0,"turns":1.0},{"damage":12.0,"enemies":"Exordium Thugs","floor":5.0,"turns":4.0},{"damage":54.0,"enemies":"Lagavulin","floor":7.0,"turns":8.0},{"damage":8.0,"enemies":"Gremlin Nob","floor":10.0,"turns":3.0},{"damage":0.0,"enemies":"Looter","floor":11.0,"turns":2.0},{"damage":14.0,"enemies":"Exordium Wildlife","floor":12.0,"turns":4.0},{"damage":12.0,"enemies":"Lagavulin","floor":13.0,"turns":5.0},{"damage":62,"enemies":"Hexaghost","floor":16,"turns":9}],"seed_played":"2539053396828312170","potions_obtained":[{"floor":1.0,"key":"Fire Potion"},{"floor":2.0,"key":"Ancient Potion"},{"floor":5.0,"key":"Ancient Potion"},{"floor":10.0,"key":"DistilledChaos"},{"floor":11.0,"key":"Strength Potion"}],"is_trial":false,"path_per_floor":["M","M","M","?","M","R","E","R","T","E","M","M","E","$","R","B"],"character_chosen":"IRONCLAD","items_purchased":["Juzu Bracelet","Shuriken"],"campfire_rested":0,"item_purchase_floors":[14,14],"current_hp_per_floor":[74,75,75,75,69,69,21,21,21,22,31,26,23,23,23,0,0],"gold":74,"neow_bonus":"THREE_ENEMY_KILL","is_daily":false,"chose_seed":false,"campfire_upgraded":1,"win_rate":0.0,"timestamp":1611678687,"path_taken":["M","?","M","?","M","R","E","R","T","E","M","M","E","$","R","BOSS"],"items_purchased_type":["Relic","Relic"],"build_version":"2020-12-22","purchased_purges":0,"victory":false,"max_hp_per_floor":[75,75,75,75,75,75,75,75,75,75,75,75,75,75,75,75,75],"card_choices":[{"not_picked":["Sever Soul","Iron Wave","Combust"],"picked":"SKIP","floor":1.0},{"not_picked":["Shrug It Off","Blood for Blood"],"picked":"Pommel Strike","floor":2.0},{"not_picked":["Pommel Strike","Combust"],"picked":"Flex","floor":3.0},{"not_picked":["Dark Embrace","Blood for Blood"],"picked":"Infernal Blade","floor":5.0},{"not_picked":["Cleave","Clothesline"],"picked":"Shrug It Off","floor":7.0},{"not_picked":["Sword Boomerang","Entrench","Flex"],"picked":"SKIP","floor":10.0},{"not_picked":["Rupture","Power Through","Sword Boomerang"],"picked":"SKIP","floor":11.0},{"not_picked":["Perfected Strike","Twin Strike"],"picked":"Infernal Blade","floor":12.0},{"not_picked":["Twin Strike","Heavy Blade"],"picked":"Immolate","floor":13.0}],"player_experience":2068824,"relics_obtained":[{"floor":7.0,"key":"Girya"},{"floor":9.0,"key":"Magic Flower"},{"floor":10.0,"key":"Old Coin"},{"floor":13.0,"key":"Pantograph"}],"event_choices":[{"cards_removed":["Strike_R"],"damage_healed":0.0,"max_hp_gain":0.0,"max_hp_loss":0.0,"gold_gain":0.0,"event_name":"The Cleric","player_choice":"Card Removal","floor":4.0,"gold_loss":75.0,"damage_taken":0.0}],"is_beta":false,"boss_relics":[],"items_purged_floors":[],"is_endless":false,"potions_floor_spawned":[1,2,5,10,11],"killed_by":"Hexaghost","ascension_level":20}}