{"host":"3e3mwsgb9gfqiuxm","time":1611661285,"event":{"mods":["Act Like it!","BaseMod","Colored Map","Colored Powertips","Downfall","Gensokyo","Googly Eyes","Hermit","Marisa????????","Minty Spire (QoL Compilation)","Replay The Spire","StSLib","The Animator","The Bug Knight","The Cursed","The Servant 0.9.4"],"gold_per_floor":[119,119,136,150,169,202,202,212,212,212,250,306,352,379,379,399,399],"floor_reached":16,"language":"ENG","playtime":847,"items_purged":[],"score":141,"play_id":"d0756146-e3d9-453a-89c6-3385087f76a3","local_time":"20210126064125","is_ascension_mode":false,"campfire_choices":[{"data":"WitchLeyline","floor":7.0,"key":"SMITH"},{"data":"MasterSpark","floor":10.0,"key":"SMITH"},{"floor":15.0,"key":"DIG"}],"circlet_count":0,"master_deck":["Strike_MRS","Strike_MRS","Strike_MRS","Defend_MRS","Defend_MRS","Defend_MRS","Defend_MRS","MasterSpark+1","UpSweep","UltimateShortwave","WitchLeyline+1","Singularity","ShootingEcho","AlicesGift","AlicesGift","WitchOfGreed","DarkMatter","LuminesStrike","WitchOfGreed","JA"],"relics":["MiniHakkero","Gensokyo:CelestialsFlawlessClothing","Onion Ring","Replay:Bandana","Lantern","Garlic"],"acts_visited":["Gensokyo:Gensokyo"],"potions_floor_usage":[16],"damage_taken":[{"damage":0.0,"enemies":"Gensokyo:Gryphon","floor":1.0,"turns":2.0},{"damage":0.0,"enemies":"Gensokyo:Python","floor":3.0,"turns":2.0},{"damage":0.0,"enemies":"Gensokyo:3_Fairies","floor":4.0,"turns":4.0},{"damage":9.0,"enemies":"Gensokyo:2_Rabbits","floor":5.0,"turns":3.0},{"damage":26.0,"enemies":"Gensokyo:Cirno","floor":6.0,"turns":5.0},{"damage":4.0,"enemies":"Gensokyo:Kitsune","floor":8.0,"turns":3.0},{"damage":6.0,"enemies":"Gensokyo:Python_and_Kodama","floor":11.0,"turns":3.0},{"damage":0.0,"enemies":"Gensokyo:Mamizou","floor":12.0,"turns":4.0},{"damage":0.0,"enemies":"Gensokyo:VengefulSpirit","floor":13.0,"turns":3.0},{"damage":0.0,"enemies":"Gensokyo:Kitsune","floor":14.0,"turns":2.0},{"damage":11,"enemies":"Gensokyo:Reimu","floor":16,"turns":7}],"seed_played":"5473366915585445930","potions_obtained":[{"floor":1.0,"key":"Elixir"},{"floor":4.0,"key":"GamblersBrew"},{"floor":8.0,"key":"Dexterity Potion"},{"floor":12.0,"key":"Weak Potion"},{"floor":12.0,"key":"LiquidMemories"}],"is_trial":false,"path_per_floor":["M","?","M","M","M","E","R","M","T","R","M","E","M","M","R_BF","B"],"character_chosen":"MARISA","items_purchased":[],"campfire_rested":0,"item_purchase_floors":[],"current_hp_per_floor":[75,57,57,57,48,22,22,18,18,18,12,12,12,12,12,1,1],"gold":399,"neow_bonus":"TRANSFORM_CARD","is_daily":false,"chose_seed":false,"campfire_upgraded":2,"win_rate":0.0,"timestamp":1611661285,"path_taken":["M","?","?","M","M","E","R","M","T","R","M","E","M","?","R_BF","BOSS"],"items_purchased_type":[],"build_version":"2020-12-22","purchased_purges":0,"victory":false,"max_hp_per_floor":[75,75,75,75,75,75,75,75,75,75,75,75,75,75,75,75,75],"card_choices":[{"not_picked":["AlicesGift","ChargeUpSpray"],"picked":"WitchLeyline","floor":1.0},{"not_picked":["SporeBomb","EventHorizon"],"picked":"Singularity","floor":3.0},{"not_picked":["MagicAbsorber","SuperPerseids"],"picked":"ShootingEcho","floor":4.0},{"not_picked":["MeteoricShower","DoubleSpark"],"picked":"AlicesGift","floor":5.0},{"not_picked":["StarlightTyphoon","EventHorizon"],"picked":"AlicesGift","floor":6.0},{"not_picked":["Singularity","MysteriousBeam"],"picked":"WitchOfGreed","floor":8.0},{"not_picked":["PulseMagic","NonDirectionalLaser"],"picked":"DarkMatter","floor":11.0},{"not_picked":["GasGiant","RefractionSpark"],"picked":"LuminesStrike","floor":12.0},{"not_picked":["EnergyFlow","AsteroidBelt"],"picked":"WitchOfGreed","floor":13.0},{"not_picked":["WitchLeyline","ChargingUp"],"picked":"JA","floor":14.0}],"player_experience":1330527,"relics_obtained":[{"floor":6.0,"key":"Onion Ring"},{"floor":9.0,"key":"Replay:Bandana"},{"floor":12.0,"key":"Lantern"},{"floor":15.0,"key":"Garlic"}],"event_choices":[],"is_beta":false,"boss_relics":[],"items_purged_floors":[],"is_endless":false,"potions_floor_spawned":[1,4,8,12],"killed_by":"Gensokyo:Reimu","ascension_level":0}}