{"host":"gzsdmyo07u314vug","time":1611684852,"event":{"mods":["2.2 Compatiblity","Astrologer","BaseMod","Colored Powertips","GifTheSpireLib","Gremlin Mod","Hermit","Jorbs\u0027s Wanderer Trilogy","Minty Spire (QoL Compilation)","Quick Restart","Rare Cards Sparkle","Relic Stats","Replay The Spire","Robot Space Explorer","Shop Mod","StSLib","The Bug Knight","The Construct","The Cursed","The Elementalist","The Hierophant","The IronCluck","The Marked","The Necromancer","The Runesmith","The Servant 0.9.4","Unceasing Turn Reminder","everything is the same but u backflip on backflip","slay the spire mod where everything is the same but ironclad has a cowboy hat"],"gold_per_floor":[14,29,29,44,57,57,72,72,72,72,72,82,82,157,157,157,157],"floor_reached":16,"language":"ENG","playtime":739,"items_purged":[],"score":147,"play_id":"2aa8b1ab-9e9a-49f6-8600-ffef4ceae37c","local_time":"20210126151412","is_ascension_mode":true,"campfire_choices":[{"data":"DancingSilver","floor":6,"key":"SMITH"},{"floor":11,"key":"REST"},{"data":"Misdirection","floor":13,"key":"SMITH"},{"data":"KidneyShot","floor":15,"key":"SMITH"}],"circlet_count":0,"master_deck":["AscendersBane","Strike_S","Strike_S","Strike_S","Defend_S","Defend_S","Defend_S","KidneyShot+1","Exchange","Snipe+1","DancingSilver+1","BottledTime","Dilation+1","Misdirection+1"],"relics":["Uniform","Prayer Wheel"],"acts_visited":["Exordium"],"potions_floor_usage":[5,16,16],"damage_taken":[{"damage":0,"enemies":"2 Louse","floor":1,"turns":2},{"damage":7,"enemies":"Jaw Worm","floor":2,"turns":6},{"damage":11,"enemies":"Small Slimes","floor":4,"turns":2},{"damage":7,"enemies":"Exordium Thugs","floor":5,"turns":5},{"damage":2,"enemies":"3 Louse","floor":7,"turns":5},{"damage":12,"enemies":"Lots of Slimes","floor":12,"turns":4},{"damage":47,"enemies":"Slime Boss","floor":16,"turns":8}],"seed_played":"1102518555070038484","potions_obtained":[{"floor":2,"key":"SteroidPotion"},{"floor":5,"key":"Regen Potion"},{"floor":7,"key":"Weak Potion"}],"is_trial":false,"path_per_floor":["M","M","?","M","M","R","M","$","T","?","R","M","R","?","R","B"],"character_chosen":"THE_SERVANT","items_purchased":[],"campfire_rested":1,"item_purchase_floors":[],"current_hp_per_floor":[59,52,57,46,39,39,37,37,37,23,44,32,32,21,21,0,0],"gold":157,"neow_bonus":"REMOVE_TWO","is_daily":false,"chose_seed":false,"campfire_upgraded":3,"win_rate":0.0,"timestamp":1611684852,"path_taken":["M","M","?","M","M","R","M","$","T","?","R","M","R","?","R","BOSS"],"items_purchased_type":[],"build_version":"2020-12-22","purchased_purges":0,"victory":false,"max_hp_per_floor":[65,65,70,70,70,70,70,70,70,70,70,70,70,70,70,70,70],"relic_stats":{"counters":[7,32],"Prayer Wheel":1,"obtain_stats":[{"Prayer Wheel":9,"Uniform":0},{"Prayer Wheel":5,"Uniform":0},{"Prayer Wheel":20,"Uniform":0}]},"card_choices":[{"not_picked":["Rewind","FastForward"],"picked":"Snipe","floor":1},{"not_picked":["FanOfKnives","FastForward","WasteNot"],"picked":"SKIP","floor":2},{"not_picked":["Starlight","DoubleEdge"],"picked":"DancingSilver","floor":4},{"not_picked":["TimeWarp","FastForward"],"picked":"BottledTime","floor":5},{"not_picked":["Replace","Rearm"],"picked":"Dilation","floor":7},{"not_picked":["Defy","ReturningBlade"],"picked":"Misdirection","floor":12},{"not_picked":["Starlight","Unruled","Shuttle"],"picked":"SKIP","floor":12}],"player_experience":788443,"relics_obtained":[{"floor":9,"key":"Prayer Wheel"}],"event_choices":[{"damage_healed":0,"gold_gain":0,"player_choice":"Donut","damage_taken":0,"max_hp_gain":5,"max_hp_loss":0,"event_name":"Big Fish","floor":3,"gold_loss":0},{"damage_healed":0,"gold_gain":0,"player_choice":"Entered Light","damage_taken":14,"max_hp_gain":0,"max_hp_loss":0,"event_name":"Shining Light","floor":10,"gold_loss":0,"cards_upgraded":["Dilation","Snipe"]},{"damage_healed":0,"gold_gain":75,"player_choice":"Gather Gold","damage_taken":11,"max_hp_gain":0,"max_hp_loss":0,"event_name":"World of Goop","floor":14,"gold_loss":0}],"is_beta":false,"boss_relics":[],"items_purged_floors":[],"is_endless":false,"potions_floor_spawned":[2,5,7],"killed_by":"Slime Boss","ascension_level":12}}