{"host":"vfg9szunmpjwj08o","time":1611696593,"event":{"mods":["Act Like it!","BaseMod","Challenge The Spire","Colored Map","Colored Powertips","Conspire","Dark Map","Minty Spire (QoL Compilation)","Relic Stats","StSLib","Waifu the Spire"],"gold_per_floor":[117,128,128,144,161,161,192,210,210,210,210,238,238,138,138,138,138],"floor_reached":16,"language":"ENG","playtime":355,"items_purged":[],"score":154,"play_id":"440fa13e-8cf3-4b37-8180-114cdef22da2","local_time":"20210126222953","is_ascension_mode":true,"campfire_choices":[{"data":"WheelKick","floor":6.0,"key":"SMITH"},{"data":"PathToVictory","floor":10.0,"key":"SMITH"},{"data":"Ghostly","floor":15.0,"key":"SMITH"}],"circlet_count":0,"master_deck":["Strike_P","Strike_P","Strike_P","Strike_P","Defend_P","Defend_P","Defend_P","Defend_P","Eruption+1","Vigilance","BowlingBash","PathToVictory+1","WheelKick+1","PathToVictory","Ghostly+1"],"relics":["PureWater","NeowsBlessing","Darkstone Periapt","conspire:Dentures","Dream Catcher"],"acts_visited":["Exordium"],"potions_floor_usage":[],"damage_taken":[{"damage":0.0,"enemies":"Cultist","floor":1.0,"turns":1.0},{"damage":0.0,"enemies":"Jaw Worm","floor":2.0,"turns":1.0},{"damage":0.0,"enemies":"conspire:RoseBush","floor":4.0,"turns":1.0},{"damage":8.0,"enemies":"Looter","floor":5.0,"turns":4.0},{"damage":24.0,"enemies":"Gremlin Nob","floor":7.0,"turns":3.0},{"damage":0.0,"enemies":"3 Louse","floor":8.0,"turns":2.0},{"damage":21.0,"enemies":"3 Sentries","floor":12.0,"turns":10.0},{"damage":13,"enemies":"The Guardian","floor":16,"turns":7}],"seed_played":"-5778972978765720081","potions_obtained":[{"floor":7.0,"key":"DuplicationPotion"},{"floor":12.0,"key":"Fire Potion"}],"is_trial":false,"path_per_floor":["M","M","?","M","M","R","E","M","T","R","?","E","?","?","R","B"],"character_chosen":"WATCHER","items_purchased":[],"campfire_rested":0,"item_purchase_floors":[],"current_hp_per_floor":[65,65,65,65,57,57,33,33,33,33,33,12,12,12,12,0,0],"gold":138,"neow_bonus":"THREE_ENEMY_KILL","is_daily":false,"chose_seed":false,"campfire_upgraded":3,"win_rate":0.0,"timestamp":1611696593,"path_taken":["M","?","?","?","M","R","E","M","T","R","?","E","?","?","R","BOSS"],"items_purchased_type":[],"build_version":"2020-12-22","purchased_purges":0,"victory":false,"max_hp_per_floor":[72,72,72,72,72,72,72,72,72,72,72,72,72,72,72,72,72],"relic_stats":{"Darkstone Periapt":0,"Dream Catcher":0,"counters":[8,29],"obtain_stats":[{"Darkstone Periapt":7,"conspire:Dentures":12,"Dream Catcher":13,"NeowsBlessing":0,"PureWater":0},{"Darkstone Periapt":5,"conspire:Dentures":7,"Dream Catcher":7,"NeowsBlessing":0,"PureWater":0},{"Darkstone Periapt":10,"conspire:Dentures":22,"Dream Catcher":22,"NeowsBlessing":0,"PureWater":0}]},"card_choices":[{"not_picked":["CrushJoints","Wireheading"],"picked":"BowlingBash","floor":1.0},{"not_picked":["ThirdEye","EmptyMind"],"picked":"PathToVictory","floor":2.0},{"not_picked":["Weave","Evaluate","ClearTheMind"],"picked":"SKIP","floor":4.0},{"not_picked":["LikeWater","SignatureMove"],"picked":"WheelKick","floor":5.0},{"not_picked":["Conclude","Crescendo"],"picked":"PathToVictory","floor":7.0},{"not_picked":["FollowUp","FlurryOfBlows","SignatureMove"],"picked":"SKIP","floor":8.0},{"not_picked":["ForeignInfluence","Collect","WreathOfFlame"],"picked":"SKIP","floor":12.0}],"player_experience":1081335,"relics_obtained":[{"floor":7.0,"key":"Darkstone Periapt"},{"floor":12.0,"key":"conspire:Dentures"}],"event_choices":[{"damage_healed":0.0,"max_hp_gain":0.0,"max_hp_loss":0.0,"gold_gain":0.0,"event_name":"Upgrade Shrine","player_choice":"Upgraded","floor":3.0,"gold_loss":0.0,"damage_taken":0.0,"cards_upgraded":["Eruption"]},{"damage_healed":0.0,"max_hp_gain":0.0,"max_hp_loss":0.0,"gold_gain":0.0,"event_name":"Scrap Ooze","player_choice":"Fled","floor":11.0,"gold_loss":0.0,"damage_taken":0.0},{"damage_healed":0.0,"max_hp_gain":0.0,"max_hp_loss":0.0,"gold_gain":0.0,"event_name":"Dead Adventurer","player_choice":"Searched \u00271\u0027 times","floor":13.0,"gold_loss":0.0,"damage_taken":0.0,"relics_obtained":["Dream Catcher"]},{"damage_healed":0.0,"max_hp_gain":0.0,"max_hp_loss":0.0,"gold_gain":0.0,"event_name":"conspire:LoneGhost","player_choice":"Argue","floor":14.0,"gold_loss":0.0,"damage_taken":0.0}],"is_beta":false,"boss_relics":[],"items_purged_floors":[],"is_endless":false,"potions_floor_spawned":[7,12],"killed_by":"The Guardian","ascension_level":8}}