{"host":"q1ejl7hv5l3527la","time":1611647440,"event":{"mods":["Aspiration","BaseMod","Better Altar","Better Third Choice","Colored Powertips","Downfall","Energized Spire","Evolution","Highlight Path","Infinite Spire","Jorbs\u0027s Wanderer Trilogy","Minty Spire (QoL Compilation)","Replay The Spire","Shop Mod","StSLib","The Hierophant","The Juggle"],"gold_per_floor":[113,113,66,89,164,199,199,232,244,273,296,328,302,330,342,354,354],"floor_reached":16,"language":"ENG","playtime":1266,"items_purged":[],"score":110,"play_id":"d395b3b4-e071-4a1d-a14e-6e710afc39ca","local_time":"20210126015040","is_ascension_mode":false,"campfire_choices":[{"floor":7,"key":"REST"},{"floor":15,"key":"REST"}],"circlet_count":0,"master_deck":["Strike_P","Strike_P","Strike_P","Strike_P","Defend_P","Defend_P","Defend_P","Defend_P","Eruption","Vigilance","SashWhip","BowlingBash","JustLucky","Devotion","Replay:Anticipation","WaveOfTheHand","Replay:Cycle","FlurryOfBlows","BattleHymn"],"relics":["PureWater","EVO:Axolotl","Smiling Mask","Replay:Baseball","MawBank","HornCleat"],"acts_visited":["Exordium"],"potions_floor_usage":[6,12],"damage_taken":[{"damage":6,"enemies":"Jaw Worm","floor":1,"turns":3},{"damage":48,"enemies":"Lagavulin","floor":6,"turns":5},{"damage":32,"enemies":"3 Sentries","floor":8,"turns":10},{"damage":0,"enemies":"Cultist","floor":10,"turns":5},{"damage":0,"enemies":"Small Slimes","floor":11,"turns":3},{"damage":1,"enemies":"Looter","floor":12,"turns":2},{"damage":5,"enemies":"2 Fungi Beasts","floor":14,"turns":5},{"damage":27,"enemies":"Hexaghost","floor":16,"turns":11}],"seed_played":"-2236648988727465110","potions_obtained":[{"floor":6,"key":"Fruit Juice"},{"floor":8,"key":"champ:CounterPotion"}],"is_trial":false,"path_per_floor":["M","?","$","T","?","E","R","E","T","M","M","M","?","M","R","B"],"character_chosen":"WATCHER","items_purchased":["JustLucky"],"campfire_rested":2,"item_purchase_floors":[3],"current_hp_per_floor":[66,66,66,66,59,16,39,7,7,7,7,6,6,1,24,0,0],"gold":354,"neow_bonus":"ONE_RANDOM_RARE_CARD","is_daily":false,"chose_seed":false,"campfire_upgraded":0,"win_rate":0.0,"timestamp":1611647440,"path_taken":["M","?","$","?","?","E","R","E","T","?","?","M","?","M","R","BOSS"],"items_purchased_type":["Card"],"build_version":"2020-12-22","purchased_purges":0,"victory":false,"max_hp_per_floor":[72,72,72,72,72,77,77,77,77,77,77,77,77,77,77,77,77],"card_choices":[{"not_picked":["CutThroughFate","Replay:AtTheReady"],"picked":"SashWhip","floor":1},{"not_picked":["Halt","Consecrate"],"picked":"Devotion","floor":6},{"not_picked":["JustLucky","Indignation"],"picked":"Replay:Anticipation","floor":8},{"not_picked":["Halt","CutThroughFate"],"picked":"WaveOfTheHand","floor":10},{"not_picked":["BowlingBash","Worship"],"picked":"Replay:Cycle","floor":11},{"not_picked":["FlyingSleeves","Prostrate"],"picked":"FlurryOfBlows","floor":12},{"not_picked":["FlyingSleeves","Fasting2"],"picked":"BattleHymn","floor":14}],"player_experience":126673,"relics_obtained":[{"floor":4,"key":"Smiling Mask"},{"floor":6,"key":"Replay:Baseball"},{"floor":8,"key":"MawBank"},{"floor":9,"key":"HornCleat"}],"event_choices":[{"damage_healed":0,"gold_gain":0,"cards_transformed":["ConjureBlade"],"player_choice":"Transformed","damage_taken":0,"max_hp_gain":0,"max_hp_loss":0,"event_name":"Transmorgrifier","floor":2,"gold_loss":0,"cards_obtained":["BowlingBash"]},{"damage_healed":0,"gold_gain":75,"player_choice":"Touch","damage_taken":7,"max_hp_gain":0,"max_hp_loss":0,"event_name":"FaceTrader","floor":5,"gold_loss":0},{"damage_healed":0,"gold_gain":0,"player_choice":"Left","damage_taken":0,"max_hp_gain":0,"max_hp_loss":0,"event_name":"betterThird:BetterGoop","floor":13,"gold_loss":38}],"is_beta":false,"boss_relics":[],"items_purged_floors":[],"is_endless":false,"potions_floor_spawned":[6,8],"killed_by":"Hexaghost","ascension_level":0}}