{"host":"ydg0vn0pu4pubmdt","time":1611655470,"event":{"mods":["AchievementEnabler","BaseMod","Colored Map","Gold Saver","Minty Spire (QoL Compilation)","Quick Restart","SuperFastMode"],"gold_per_floor":[740,740,750,765,781,781,814,266,266,266,292,292,329,365,365,437,437,458,508,358,358,376,376,413,115,124,39,68,68,107,130,130,213,213,233,233,259,64,0,0,32,66,66,79,79,97,119,139,139,139],"floor_reached":51,"language":"KOR","playtime":2677,"items_purged":["Strike_B","Strike_B","Strike_B","Strike_B"],"score":1829,"play_id":"d4715015-6c11-409d-97fc-ebc5dedb969f","local_time":"20210126190430","is_ascension_mode":true,"campfire_choices":[{"data":"Zap","floor":6.0,"key":"SMITH"},{"data":"Apotheosis","floor":10.0,"key":"SMITH"},{"data":"Chill","floor":12.0,"key":"SMITH"},{"floor":15.0,"key":"REST"},{"floor":23.0,"key":"DIG"},{"floor":32.0,"key":"REST"},{"floor":40.0,"key":"DIG"},{"floor":49.0,"key":"REST"}],"circlet_count":0,"master_deck":["AscendersBane","Defend_B","Defend_B","Defend_B","Defend_B","Zap+1","Dualcast","All For One","Beam Cell","Hologram","Meteor Strike","Apotheosis+1","Chill+1","Echo Form","Gash","Leap","Fusion","Clumsy","Reinforced Body+1","Glacier+1","FTL","Buffer","Defragment+1","Compile Driver","Turbo+1","Madness+1","Deep Breath+1","Sweeping Beam+1"],"relics":["Cracked Core","Question Card","Orichalcum","Matryoshka","CeramicFish","Symbiotic Virus","Odd Mushroom","Shovel","Cursed Key","Pear","InkBottle","Lantern","Runic Capacitor","Toxic Egg 2","HornCleat","Meat on the Bone","Anchor","SacredBark","Red Mask","Cables","Happy Flower","Incense Burner"],"acts_visited":["TheCity","TheBeyond"],"potions_floor_usage":[50,50],"damage_taken":[{"damage":2.0,"enemies":"2 Louse","floor":1.0,"turns":3.0},{"damage":0.0,"enemies":"Cultist","floor":3.0,"turns":2.0},{"damage":7.0,"enemies":"Jaw Worm","floor":4.0,"turns":2.0},{"damage":0.0,"enemies":"2 Fungi Beasts","floor":5.0,"turns":2.0},{"damage":10.0,"enemies":"3 Sentries","floor":7.0,"turns":3.0},{"damage":10.0,"enemies":"Blue Slaver","floor":11.0,"turns":4.0},{"damage":21.0,"enemies":"The Mushroom Lair","floor":13.0,"turns":5.0},{"damage":0.0,"enemies":"Lagavulin","floor":14.0,"turns":5.0},{"damage":4.0,"enemies":"The Guardian","floor":16.0,"turns":11.0},{"damage":18.0,"enemies":"Shell Parasite","floor":18.0,"turns":3.0},{"damage":0.0,"enemies":"Chosen","floor":22.0,"turns":3.0},{"damage":44.0,"enemies":"Gremlin Leader","floor":24.0,"turns":9.0},{"damage":0.0,"enemies":"Centurion and Healer","floor":28.0,"turns":5.0},{"damage":19.0,"enemies":"Slavers","floor":30.0,"turns":7.0},{"damage":0.0,"enemies":"3 Cultists","floor":31.0,"turns":6.0},{"damage":0.0,"enemies":"Champ","floor":33.0,"turns":10.0},{"damage":0.0,"enemies":"3 Shapes","floor":35.0,"turns":5.0},{"damage":4.0,"enemies":"3 Darklings","floor":37.0,"turns":10.0},{"damage":0.0,"enemies":"Reptomancer","floor":41.0,"turns":8.0},{"damage":0.0,"enemies":"Mind Bloom Boss Battle","floor":42.0,"turns":6.0},{"damage":0.0,"enemies":"Jaw Worm Horde","floor":44.0,"turns":5.0},{"damage":0.0,"enemies":"Maw","floor":47.0,"turns":6.0},{"damage":0.0,"enemies":"3 Darklings","floor":48.0,"turns":5.0},{"damage":0,"enemies":"Awakened One","floor":50,"turns":10}],"seed_played":"-2093728616903909874","potions_obtained":[{"floor":1.0,"key":"Energy Potion"},{"floor":3.0,"key":"PowerPotion"},{"floor":5.0,"key":"SmokeBomb"},{"floor":13.0,"key":"PowerPotion"},{"floor":14.0,"key":"SteroidPotion"},{"floor":18.0,"key":"AttackPotion"},{"floor":24.0,"key":"FearPotion"},{"floor":30.0,"key":"LiquidMemories"},{"floor":42.0,"key":"CultistPotion"},{"floor":47.0,"key":"DuplicationPotion"}],"is_trial":false,"path_per_floor":["M","?","M","M","M","R","E","$","T","R","M","R","?","E","R","B",null,"M","?","$","?","M","R","E","$","T","?","M","?","E","M","R","B",null,"M","?","M","$","?","R","E","?","T","M","?","?","M","M","R","B",null],"character_chosen":"DEFECT","items_purchased":["Apotheosis","Matryoshka","Leap","Runic Capacitor","Compile Driver"],"campfire_rested":3,"item_purchase_floors":[8,8,20,25,38],"current_hp_per_floor":[62,62,62,55,55,55,45,45,45,45,35,35,14,14,35,31,61,43,43,43,53,53,53,9,9,9,9,21,21,14,26,50,50,73,73,73,69,69,69,69,69,69,69,69,69,59,59,59,81,81],"gold":139,"neow_bonus":"ONE_RANDOM_RARE_CARD","is_daily":false,"chose_seed":false,"campfire_upgraded":3,"win_rate":0.0,"timestamp":1611655470,"path_taken":["M","?","M","M","?","R","E","$","T","R","M","R","?","E","R","BOSS","M","?","$","?","?","R","E","?","T","?","M","?","E","M","R","BOSS","M","?","M","$","?","R","E","?","T","M","?","?","?","M","R","BOSS"],"items_purchased_type":["Card","Relic","Card","Relic","Card"],"build_version":"2020-12-22","purchased_purges":4,"victory":true,"max_hp_per_floor":[71,71,71,71,71,71,71,71,71,71,71,71,71,71,71,71,71,71,71,71,81,81,81,81,81,81,81,81,81,81,81,81,81,81,81,81,81,81,81,81,81,81,81,81,81,81,81,81,81,81],"card_choices":[{"not_picked":["Undo","Aggregate"],"picked":"Beam Cell","floor":1.0},{"not_picked":["Rip and Tear","Coolheaded","Stack"],"picked":"Hologram","floor":3.0},{"not_picked":["Steam Power","Capacitor","Auto Shields","Tempest"],"picked":"SKIP","floor":4.0},{"not_picked":["Redo","Leap","Hologram"],"picked":"Meteor Strike","floor":5.0},{"not_picked":["Electrodynamics","Compile Driver","Redo","Chaos"],"picked":"SKIP","floor":7.0},{"not_picked":["Streamline","Coolheaded","Glacier"],"picked":"Chill","floor":11.0},{"not_picked":["Leap","Sweeping Beam","Capacitor"],"picked":"Conserve Battery","floor":13.0},{"not_picked":["Rebound","Leap","Force Field"],"picked":"Echo Form","floor":14.0},{"not_picked":["Sunder","Streamline","Redo"],"picked":"Gash","floor":18.0},{"not_picked":["Sweeping Beam","Coolheaded","Melter","Heatsinks"],"picked":"SKIP","floor":22.0},{"not_picked":["Electrodynamics","Hologram+1","Beam Cell+1"],"picked":"Fusion","floor":24.0},{"not_picked":["Ball Lightning","Self Repair","Rebound"],"picked":"Reinforced Body+1","floor":28.0},{"not_picked":["Steam+1","Streamline","Rebound"],"picked":"Glacier+1","floor":30.0},{"not_picked":["Streamline","Redo+1","Meteor Strike"],"picked":"FTL","floor":31.0},{"not_picked":["Thunder Strike","All For One","Meteor Strike"],"picked":"Buffer","floor":33.0},{"not_picked":["Conserve Battery+1","Beam Cell+1","Loop","Barrage"],"picked":"SKIP","floor":35.0},{"not_picked":["Sweeping Beam","Hologram+1","FTL"],"picked":"Defragment+1","floor":37.0},{"not_picked":["Steam+1","Recycle+1","Melter","Storm"],"picked":"SKIP","floor":41.0},{"not_picked":["Rip and Tear+1","Coolheaded+1","Hologram+1"],"picked":"Turbo+1","floor":42.0},{"not_picked":["Beam Cell","Turbo+1","Conserve Battery+1","Ball Lightning"],"picked":"SKIP","floor":44.0},{"not_picked":["Panacea+1","Secret Technique+1","Jack Of All Trades+1"],"picked":"Madness+1","floor":46.0},{"not_picked":["Chrysalis+1","Good Instincts+1","Swift Strike"],"picked":"Deep Breath+1","floor":46.0},{"not_picked":["Conserve Battery+1","Ball Lightning","Barrage"],"picked":"Sweeping Beam+1","floor":47.0},{"not_picked":["Turbo+1","Conserve Battery+1","Static Discharge","Heatsinks"],"picked":"SKIP","floor":48.0}],"player_experience":592529,"relics_obtained":[{"floor":2.0,"key":"Question Card"},{"floor":7.0,"key":"Orichalcum"},{"floor":9.0,"key":"CeramicFish"},{"floor":9.0,"key":"Symbiotic Virus"},{"floor":13.0,"key":"Odd Mushroom"},{"floor":14.0,"key":"Shovel"},{"floor":23.0,"key":"InkBottle"},{"floor":24.0,"key":"Lantern"},{"floor":26.0,"key":"Toxic Egg 2"},{"floor":26.0,"key":"HornCleat"},{"floor":30.0,"key":"Anchor"},{"floor":40.0,"key":"Cables"},{"floor":41.0,"key":"Happy Flower"},{"floor":42.0,"key":"Incense Burner"}],"event_choices":[{"damage_healed":0.0,"max_hp_gain":0.0,"max_hp_loss":0.0,"gold_gain":0.0,"event_name":"Wheel of Change","player_choice":"Relic","floor":2.0,"gold_loss":0.0,"damage_taken":0.0},{"damage_healed":0.0,"max_hp_gain":0.0,"max_hp_loss":0.0,"gold_gain":0.0,"event_name":"Mushrooms","player_choice":"Fought Mushrooms","floor":13.0,"gold_loss":0.0,"damage_taken":0.0},{"damage_healed":0.0,"max_hp_gain":0.0,"max_hp_loss":0.0,"gold_gain":50.0,"event_name":"Nest","player_choice":"Stole From Cult","floor":19.0,"gold_loss":0.0,"damage_taken":0.0},{"damage_healed":0.0,"max_hp_gain":0.0,"max_hp_loss":0.0,"gold_gain":0.0,"event_name":"WeMeetAgain","player_choice":"Gave Potion","floor":21.0,"gold_loss":0.0,"damage_taken":0.0,"relics_obtained":["Pear"]},{"damage_healed":0.0,"max_hp_gain":0.0,"max_hp_loss":0.0,"gold_gain":0.0,"event_name":"Addict","player_choice":"Obtained Relic","floor":27.0,"gold_loss":85.0,"damage_taken":0.0,"relics_obtained":["Meat on the Bone"]},{"damage_healed":0.0,"max_hp_gain":0.0,"max_hp_loss":0.0,"gold_gain":0.0,"event_name":"Ghosts","player_choice":"Ignored","floor":29.0,"gold_loss":0.0,"damage_taken":0.0},{"damage_healed":0.0,"max_hp_gain":0.0,"max_hp_loss":0.0,"gold_gain":0.0,"event_name":"Mysterious Sphere","player_choice":"Ignored","floor":36.0,"gold_loss":0.0,"damage_taken":0.0},{"damage_healed":0.0,"max_hp_gain":0.0,"max_hp_loss":0.0,"gold_gain":0.0,"event_name":"Tomb of Lord Red Mask","player_choice":"Paid","floor":39.0,"gold_loss":64.0,"damage_taken":0.0,"relics_obtained":["Red Mask"]},{"damage_healed":0.0,"max_hp_gain":0.0,"max_hp_loss":0.0,"gold_gain":0.0,"event_name":"MindBloom","player_choice":"Fight","floor":42.0,"gold_loss":0.0,"damage_taken":0.0},{"cards_removed":["Conserve Battery"],"damage_healed":0.0,"max_hp_gain":0.0,"max_hp_loss":0.0,"gold_gain":0.0,"event_name":"Falling","player_choice":"Removed Skill","floor":45.0,"gold_loss":0.0,"damage_taken":0.0},{"damage_healed":0.0,"max_hp_gain":0.0,"max_hp_loss":0.0,"gold_gain":0.0,"event_name":"SensoryStone","player_choice":"Memory 3","floor":46.0,"gold_loss":0.0,"damage_taken":10.0}],"is_beta":false,"boss_relics":[{"not_picked":["Runic Dome","Calling Bell"],"picked":"Cursed Key"},{"not_picked":["SlaversCollar","Snecko Eye"],"picked":"SacredBark"}],"items_purged_floors":[8,20,25,38],"is_endless":false,"potions_floor_spawned":[1,3,5,13,14,18,24,30,42,47,48],"ascension_level":19}}