{"host":"kywtqy4o43fs5yna","time":1611624528,"event":{"mods":["AchievementEnabler","Act Like it!","BaseMod","Better Note","BetterRewards","Colored Map","Minty Spire (QoL Compilation)","Quick Restart","Rare Cards Sparkle","StSLib","SuperFastMode"],"gold_per_floor":[115,34,109,121,76,76,76,91,115,131,157,172,172,172,172,172,172],"floor_reached":16,"language":"RUS","playtime":882,"items_purged":[],"score":116,"play_id":"0af28acd-63cc-4136-9ece-01f4a6a910c7","local_time":"20210126112848","is_ascension_mode":true,"campfire_choices":[{"data":"Recycle","floor":6,"key":"SMITH"},{"data":"Hologram","floor":13,"key":"SMITH"},{"data":"Hologram","floor":15,"key":"SMITH"}],"circlet_count":0,"master_deck":["Strike_B","Strike_B","Strike_B","Strike_B","Defend_B","Defend_B","Defend_B","Defend_B","Dualcast","Self Repair","Meteor Strike","Hologram+1","Undo","Melter","Consume","Recycle+1","Redo","Hologram+1","Steam Power","Melter","Turbo","Stack","Coolheaded","Turbo"],"relics":["Cracked Core","Prayer Wheel","Lantern","Blood Vial","Dream Catcher"],"acts_visited":["Exordium"],"potions_floor_usage":[8,11,14],"damage_taken":[{"damage":6,"enemies":"Jaw Worm","floor":1,"turns":4},{"damage":0,"enemies":"2 Louse","floor":4,"turns":2},{"damage":1,"enemies":"Cultist","floor":8,"turns":4},{"damage":7,"enemies":"3 Louse","floor":10,"turns":3},{"damage":35,"enemies":"Lagavulin","floor":11,"turns":6},{"damage":0,"enemies":"Exordium Wildlife","floor":12,"turns":3},{"damage":0,"enemies":"Gremlin Nob","floor":14,"turns":2},{"damage":43,"enemies":"The Guardian","floor":16,"turns":6}],"seed_played":"-2231395472364167875","potions_obtained":[{"floor":4,"key":"Regen Potion"},{"floor":8,"key":"Fruit Juice"},{"floor":11,"key":"SmokeBomb"}],"is_trial":false,"path_per_floor":["M","$","?","M","$","R","?","M","T","M","E","M","R","E","R","B"],"character_chosen":"DEFECT","items_purchased":["Prayer Wheel","Self Repair","Meteor Strike","Hologram","Lantern","Undo","Recycle","Hologram"],"campfire_rested":0,"item_purchase_floors":[0,0,0,0,0,0,2,5],"current_hp_per_floor":[41,41,30,37,37,37,37,48,48,50,29,38,38,40,40,0,0],"gold":172,"neow_bonus":"","is_daily":false,"chose_seed":false,"campfire_upgraded":3,"win_rate":0.0,"timestamp":1611624528,"path_taken":["M","$","?","M","$","R","?","?","T","M","E","M","R","E","R","BOSS"],"items_purchased_type":["Relic","Card","Card","Card","Relic","Card","Card","Card"],"build_version":"2020-12-22","purchased_purges":0,"victory":false,"max_hp_per_floor":[75,75,75,75,75,75,75,80,80,80,80,80,80,80,80,80,80],"card_choices":[{"not_picked":["Heatsinks","Beam Cell"],"picked":"Melter","floor":1},{"not_picked":["Coolheaded","Compile Driver"],"picked":"Consume","floor":1},{"not_picked":["Hello World","Turbo"],"picked":"Redo","floor":4},{"not_picked":["Beam Cell","Reinforced Body","Hello World"],"picked":"SKIP","floor":4},{"not_picked":["Gash","Static Discharge"],"picked":"Steam Power","floor":8},{"not_picked":["Auto Shields","Coolheaded"],"picked":"Melter","floor":8},{"not_picked":["Barrage","Cold Snap"],"picked":"Turbo","floor":10},{"not_picked":["Coolheaded","Sweeping Beam","Loop"],"picked":"SKIP","floor":10},{"not_picked":["Cold Snap","Ball Lightning"],"picked":"Stack","floor":11},{"not_picked":["Leap","Compile Driver"],"picked":"Coolheaded","floor":12},{"not_picked":["Stack","Steam"],"picked":"Turbo","floor":12}],"player_experience":173395,"relics_obtained":[{"floor":9,"key":"Blood Vial"},{"floor":11,"key":"Dream Catcher"}],"event_choices":[{"damage_healed":0,"gold_gain":75,"player_choice":"Gather Gold","damage_taken":11,"max_hp_gain":0,"max_hp_loss":0,"event_name":"World of Goop","floor":3,"gold_loss":0},{"cards_removed":["Zap"],"damage_healed":0,"gold_gain":0,"player_choice":"Purged","damage_taken":0,"max_hp_gain":0,"max_hp_loss":0,"event_name":"Purifier","floor":7,"gold_loss":0}],"is_beta":false,"boss_relics":[],"items_purged_floors":[],"is_endless":false,"potions_floor_spawned":[4,8,11],"killed_by":"The Guardian","ascension_level":1}}