{"host":"xp5rvh2jwe2ejyfm","time":1611675895,"event":{"mods":["BaseMod","Downfall","Duelist Mod","GifTheSpireLib","Gremlin Mod","Hermit","Hubris","Minty Spire (QoL Compilation)","Robot Space Explorer","StSLib","The Blackbeard","The Clintock","The Construct","The Cursed","The Disciple","The Forsaken","The Hierophant","The Necromancer","The Runesmith","The Servant 0.9.4"],"gold_per_floor":[116,116,91,106,121,151,151,184,255,267,267,267,282,282,282,377,427,440,440,456,473,125,153,172,186,186,86,86,103,103,131,131,233,233,246,257,68,82,95,120,120,172,172,190,190,190,204,134,134,134],"floor_reached":51,"language":"ENG","playtime":2245,"items_purged":[],"score":879,"play_id":"f416800e-fd4e-4b41-8ccd-25569b61105e","local_time":"20210126104455","is_ascension_mode":false,"campfire_choices":[{"data":"RobotSpaceExplorer:DroneSwarm","floor":7,"key":"SMITH"},{"data":"RobotSpaceExplorer:TrailblazerForm","floor":11,"key":"SMITH"},{"data":"RobotSpaceExplorer:MiniBoosters","floor":15,"key":"SMITH"},{"floor":28,"key":"RECALL"},{"data":"RobotSpaceExplorer:Autoloader","floor":30,"key":"SMITH"},{"data":"Chrysalis","floor":32,"key":"SMITH"},{"data":"Mayhem","floor":46,"key":"SMITH"},{"floor":49,"key":"REST"}],"circlet_count":0,"master_deck":["RobotSpaceExplorer:Strike","RobotSpaceExplorer:Strike+1","RobotSpaceExplorer:Strike","RobotSpaceExplorer:Strike+1","RobotSpaceExplorer:Defend","RobotSpaceExplorer:Defend","RobotSpaceExplorer:Defend","RobotSpaceExplorer:Defend","RobotSpaceExplorer:Scan","RobotSpaceExplorer:MiniLasers+1","RobotSpaceExplorer:MiniBoosters","Regret","RobotSpaceExplorer:MiniDrones","RobotSpaceExplorer:PowerGlove","RobotSpaceExplorer:ShockKick","RobotSpaceExplorer:DroneSwarm+1","RobotSpaceExplorer:TrailblazerForm+1","RobotSpaceExplorer:MiniBoosters+1","RobotSpaceExplorer:Electropulse","RobotSpaceExplorer:Autoloader+1","RobotSpaceExplorer:MiniDrones","RobotSpaceExplorer:PlasmaMissile+1","RobotSpaceExplorer:DoubleFind","RobotSpaceExplorer:MiniBoosters","Chrysalis+1","RobotSpaceExplorer:StunGrenade+1","RobotSpaceExplorer:IronShell","RobotSpaceExplorer:TurboDodge","RobotSpaceExplorer:Discharger","RobotSpaceExplorer:GlueShot","RobotSpaceExplorer:StunGrenade","RobotSpaceExplorer:StunGrenade","RobotSpaceExplorer:Asteroid","RobotSpaceExplorer:MiniDrones+1","RobotSpaceExplorer:StarLightning+1","Mayhem+1","RobotSpaceExplorer:MiniDrones","RobotSpaceExplorer:FranticSearch","RobotSpaceExplorer:Blaster","Discovery","RobotSpaceExplorer:IronShell+1","RobotSpaceExplorer:ScrapMissile+1","RobotSpaceExplorer:ImprovisedAttack","RobotSpaceExplorer:PowerGlove","RobotSpaceExplorer:Discharger"],"relics":["RobotSpaceExplorer:RoboCore","Akabeko","MealTicket","Meat on the Bone","Mercury Hourglass","Mummified Hand","GremlinMask","hubris:Icosahedron","Tiny House","Nilry\u0027s Codex","Chemical X","Happy Flower","Whetstone","RobotSpaceExplorer:ClockworkSextant","Runic Pyramid","Gremlin Horn","hubris:Spice","Runesmith:AutoHammer"],"acts_visited":["Exordium","TheCity","TheBeyond"],"potions_floor_usage":[6,8,20,24,24,31,31,40,50,50],"damage_taken":[{"damage":0,"enemies":"2 Louse","floor":1,"turns":2},{"damage":4,"enemies":"Small Slimes","floor":4,"turns":4},{"damage":4,"enemies":"Cultist","floor":5,"turns":3},{"damage":16,"enemies":"Gremlin Nob","floor":6,"turns":5},{"damage":15,"enemies":"3 Sentries","floor":8,"turns":4},{"damage":1,"enemies":"Looter","floor":10,"turns":3},{"damage":4,"enemies":"3 Louse","floor":13,"turns":2},{"damage":6,"enemies":"Slime Boss","floor":16,"turns":8},{"damage":6,"enemies":"Shell Parasite","floor":18,"turns":4},{"damage":17,"enemies":"2 Thieves","floor":20,"turns":4},{"damage":28,"enemies":"Shelled Parasite and Fungi","floor":21,"turns":7},{"damage":1,"enemies":"Book of Stabbing","floor":23,"turns":5},{"damage":0,"enemies":"Cultist and Chosen","floor":24,"turns":4},{"damage":12,"enemies":"Snake Plant","floor":25,"turns":3},{"damage":5,"enemies":"Snecko","floor":29,"turns":4},{"damage":6,"enemies":"Slavers","floor":31,"turns":3},{"damage":21,"enemies":"hubris:MusketHawk","floor":33,"turns":8},{"damage":14,"enemies":"3 Darklings","floor":35,"turns":3},{"damage":5,"enemies":"3 Shapes","floor":36,"turns":2},{"damage":17,"enemies":"Transient","floor":38,"turns":5},{"damage":7,"enemies":"3 Darklings","floor":39,"turns":3},{"damage":5,"enemies":"Reptomancer","floor":40,"turns":5},{"damage":1,"enemies":"2 Orb Walkers","floor":42,"turns":4},{"damage":6,"enemies":"Maw","floor":44,"turns":6},{"damage":8,"enemies":"Transient","floor":47,"turns":5},{"damage":18,"enemies":"hubris:GrandSnecko","floor":50,"turns":11}],"seed_played":"-909189802851520971","potions_obtained":[{"floor":1,"key":"SkillPotion"},{"floor":5,"key":"EssenceOfSteel"},{"floor":6,"key":"sneckomod:MuddlingPotion"},{"floor":10,"key":"Swift Potion"},{"floor":17,"key":"EssenceOfSteel"},{"floor":20,"key":"RobotSpaceExplorer:RecyclePotion"},{"floor":25,"key":"EssenceOfSteel"},{"floor":29,"key":"construct:ShiftPotion"},{"floor":38,"key":"Block Potion"},{"floor":39,"key":"Weak Potion"},{"floor":42,"key":"SteroidPotion"},{"floor":44,"key":"Dexterity Potion"},{"floor":47,"key":"ColorlessPotion"}],"is_trial":false,"path_per_floor":["M","?","$","M","M","E","R","E","T","M","R","?","M","?","R","B",null,"M","?","M","M","$","E","M","M","T","$","R","M","R","E","R","B",null,"M","M","$","M","M","E","?","?","T","M","?","R","M","$","R","B",null],"character_chosen":"RobotSpaceExplorer","items_purchased":["RobotSpaceExplorer:MiniDrones","Chemical X","Chrysalis","RobotSpaceExplorer:Discharger","RobotSpaceExplorer:GlueShot","Mayhem","RobotSpaceExplorer:Discharger"],"campfire_rested":1,"item_purchase_floors":[3,22,22,27,27,37,48],"current_hp_per_floor":[75,75,75,71,67,51,51,48,48,47,47,47,43,43,43,49,80,74,58,41,25,40,51,51,51,51,66,66,61,61,55,55,46,80,66,61,76,59,52,47,47,54,54,48,48,48,52,67,88,70],"gold":134,"neow_bonus":"RANDOM_COMMON_RELIC","is_daily":false,"chose_seed":false,"campfire_upgraded":6,"win_rate":0.0,"timestamp":1611675895,"path_taken":["M","?","$","M","M","E","R","E","T","M","R","?","?","?","R","BOSS","M","?","M","M","?","E","M","M","T","$","R","M","R","E","R","BOSS","M","M","$","M","M","E","?","?","T","M","?","R","M","$","R","BOSS"],"items_purchased_type":["Card","Relic","Card","Card","Card","Card","Card"],"build_version":"2020-12-22","purchased_purges":0,"victory":true,"max_hp_per_floor":[75,75,75,75,75,75,75,75,75,75,75,75,75,75,75,75,80,80,80,80,80,80,80,80,80,80,80,80,80,80,80,80,80,80,80,80,80,80,80,80,80,88,88,88,88,88,88,88,88,88],"card_choices":[{"not_picked":["RobotSpaceExplorer:SelfCleaning","RobotSpaceExplorer:FranticSearch"],"picked":"RobotSpaceExplorer:MiniBoosters","floor":1},{"not_picked":["RobotSpaceExplorer:MiniDrones","RobotSpaceExplorer:Calculate"],"picked":"RobotSpaceExplorer:PowerGlove","floor":4},{"not_picked":["RobotSpaceExplorer:Ammunition","RobotSpaceExplorer:Electropulse"],"picked":"RobotSpaceExplorer:ShockKick","floor":5},{"not_picked":["RobotSpaceExplorer:FranticSearch","RobotSpaceExplorer:MiniDrones"],"picked":"RobotSpaceExplorer:DroneSwarm","floor":6},{"not_picked":["RobotSpaceExplorer:GearShield","RobotSpaceExplorer:Blitz"],"picked":"RobotSpaceExplorer:TrailblazerForm","floor":8},{"not_picked":["RobotSpaceExplorer:SelfCleaning","RobotSpaceExplorer:GearShield"],"picked":"RobotSpaceExplorer:MiniBoosters","floor":10},{"not_picked":["RobotSpaceExplorer:FranticSearch","RobotSpaceExplorer:Ammunition"],"picked":"RobotSpaceExplorer:Electropulse","floor":13},{"not_picked":["RobotSpaceExplorer:TrailblazerForm","RobotSpaceExplorer:Comet"],"picked":"RobotSpaceExplorer:Autoloader","floor":16},{"not_picked":["RobotSpaceExplorer:TurboDodge","RobotSpaceExplorer:Counterblock"],"picked":"RobotSpaceExplorer:MiniDrones","floor":17},{"not_picked":["RobotSpaceExplorer:SlimeMissile+1","RobotSpaceExplorer:ShovelStrike"],"picked":"RobotSpaceExplorer:PlasmaMissile+1","floor":18},{"not_picked":["RobotSpaceExplorer:Electroshield","RobotSpaceExplorer:Ammunition+1"],"picked":"RobotSpaceExplorer:DoubleFind","floor":20},{"not_picked":["RobotSpaceExplorer:Pulsar","RobotSpaceExplorer:MetalStrike"],"picked":"RobotSpaceExplorer:MiniBoosters","floor":21},{"not_picked":["RobotSpaceExplorer:Exploration","RobotSpaceExplorer:SurgingStrike"],"picked":"RobotSpaceExplorer:StunGrenade+1","floor":23},{"not_picked":["RobotSpaceExplorer:SurgingStrike","RobotSpaceExplorer:FranticSearch"],"picked":"RobotSpaceExplorer:IronShell","floor":24},{"not_picked":["RobotSpaceExplorer:Reload+1","RobotSpaceExplorer:RigExplosive"],"picked":"RobotSpaceExplorer:TurboDodge","floor":25},{"not_picked":["RobotSpaceExplorer:ScrapMissile","RobotSpaceExplorer:SlimeMissile"],"picked":"RobotSpaceExplorer:StunGrenade","floor":29},{"not_picked":["RobotSpaceExplorer:ScrapMissile","RobotSpaceExplorer:DoubleBlock+1"],"picked":"RobotSpaceExplorer:StunGrenade","floor":31},{"not_picked":["RobotSpaceExplorer:HighVoltage","RobotSpaceExplorer:BlastShield"],"picked":"RobotSpaceExplorer:Asteroid","floor":33},{"not_picked":["RobotSpaceExplorer:ImprovisedAttack+1","RobotSpaceExplorer:Jetpack+1"],"picked":"RobotSpaceExplorer:MiniDrones+1","floor":35},{"not_picked":["RobotSpaceExplorer:Counterblock+1","RobotSpaceExplorer:FrostMissile"],"picked":"RobotSpaceExplorer:StarLightning+1","floor":36},{"not_picked":["RobotSpaceExplorer:MakeshiftVolley+1","RobotSpaceExplorer:TurboDodge"],"picked":"RobotSpaceExplorer:MiniDrones","floor":38},{"not_picked":["RobotSpaceExplorer:GearShield+1","RobotSpaceExplorer:DualCore+1"],"picked":"RobotSpaceExplorer:FranticSearch","floor":39},{"not_picked":["RobotSpaceExplorer:ScrapShield","RobotSpaceExplorer:SurgingShield"],"picked":"RobotSpaceExplorer:Blaster","floor":40},{"not_picked":["Thinking Ahead","hubris:Insight"],"picked":"Discovery","floor":41},{"not_picked":["RobotSpaceExplorer:SurgingStrike","RobotSpaceExplorer:Reload+1"],"picked":"RobotSpaceExplorer:IronShell+1","floor":42},{"not_picked":["RobotSpaceExplorer:SlimeMissile","RobotSpaceExplorer:FreezeRay"],"picked":"RobotSpaceExplorer:ScrapMissile+1","floor":44},{"not_picked":["RobotSpaceExplorer:ExhaustFan","RobotSpaceExplorer:MiniDrones"],"picked":"RobotSpaceExplorer:PowerGlove","floor":47}],"player_experience":353673,"relics_obtained":[{"floor":6,"key":"Meat on the Bone"},{"floor":8,"key":"Mercury Hourglass"},{"floor":9,"key":"Mummified Hand"},{"floor":19,"key":"Nilry\u0027s Codex"},{"floor":23,"key":"Happy Flower"},{"floor":26,"key":"Whetstone"},{"floor":31,"key":"RobotSpaceExplorer:ClockworkSextant"},{"floor":40,"key":"Gremlin Horn"},{"floor":42,"key":"hubris:Spice"},{"floor":43,"key":"Runesmith:AutoHammer"}],"event_choices":[{"damage_healed":0,"gold_gain":0,"player_choice":"Box","damage_taken":0,"relics_obtained":["MealTicket"],"max_hp_gain":0,"max_hp_loss":0,"event_name":"Big Fish","floor":2,"gold_loss":0,"cards_obtained":["Regret"]},{"damage_healed":0,"gold_gain":0,"player_choice":"Trade","damage_taken":0,"relics_obtained":["GremlinMask"],"max_hp_gain":0,"max_hp_loss":0,"event_name":"FaceTrader","floor":12,"gold_loss":0},{"damage_healed":0,"gold_gain":0,"player_choice":"Obtained Book","damage_taken":16,"max_hp_gain":0,"max_hp_loss":0,"event_name":"Cursed Tome","floor":19,"gold_loss":0},{"damage_healed":0,"gold_gain":0,"player_choice":"Memory 1","damage_taken":0,"max_hp_gain":0,"max_hp_loss":0,"event_name":"SensoryStone","floor":41,"gold_loss":0},{"damage_healed":0,"gold_gain":0,"player_choice":"Fight","damage_taken":0,"max_hp_gain":0,"max_hp_loss":0,"event_name":"Mysterious Sphere","floor":42,"gold_loss":0},{"damage_healed":0,"gold_gain":0,"player_choice":"2 cards matched","damage_taken":0,"max_hp_gain":0,"max_hp_loss":0,"event_name":"Match and Keep!","floor":45,"gold_loss":0,"cards_obtained":["RobotSpaceExplorer:LuckyFind","RobotSpaceExplorer:ImprovisedAttack"]}],"is_beta":false,"boss_relics":[{"not_picked":["SacredBark","Pandora\u0027s Box"],"picked":"Tiny House"},{"not_picked":["Coffee Dripper","Philosopher\u0027s Stone"],"picked":"Runic Pyramid"}],"items_purged_floors":[],"is_endless":false,"potions_floor_spawned":[1,5,6,10,20,21,25,29,38,39,42,44,47],"ascension_level":0}}