{"host":"a3wpq7kyokchzawk","time":1611678992,"event":{"mods":["BaseMod","Colored Map","Highlight Path","Minty Spire (QoL Compilation)","Permanent Neow","Potion Indicator Mod","Relic Stats","Weighted Paths"],"gold_per_floor":[112,129,143,154,154,154,169,169,192,219,231,231,244,270,270,348,348,364,344,364,124,134,162,162,182,182,214,50,50,62,77,77,155,155,172,172,183,18,36,65,65,65,65],"floor_reached":42,"language":"ENG","playtime":5908,"items_purged":["Strike_R"],"score":1139,"play_id":"337d7ea3-50cc-4189-bda4-88c3fcf139ab","local_time":"20210126143632","is_ascension_mode":true,"campfire_choices":[{"floor":6.0,"key":"REST"},{"data":"Armaments","floor":8.0,"key":"SMITH"},{"floor":15.0,"key":"REST"},{"floor":24.0,"key":"REST"},{"floor":29.0,"key":"REST"},{"floor":32.0,"key":"REST"},{"floor":41.0,"key":"REST"}],"circlet_count":0,"master_deck":["AscendersBane","Strike_R","Strike_R","Strike_R","Defend_R","Defend_R","Defend_R","Defend_R","Bash","Whirlwind","Armaments+1","Rampage","Offering","Fire Breathing","Double Tap","Clothesline","Body Slam","Shockwave","Spot Weakness","Pummel","Impervious","Impervious","Heavy Blade+1","Warcry","Spot Weakness+1","Seeing Red","Dark Embrace","Double Tap","Ghostly Armor+1","Double Tap","Metallicize+1","Ghostly Armor","Dropkick","Warcry","Disarm","Seeing Red+1","Pummel+1"],"relics":["Runic Cube","Boot","Toy Ornithopter","Dream Catcher","FossilizedHelix","Fusion Hammer","Bag of Marbles","Meat on the Bone","Blood Vial","Chemical X","SacredBark","Orrery","Bird Faced Urn"],"acts_visited":["Exordium","TheCity","TheBeyond"],"potions_floor_usage":[],"damage_taken":[{"damage":2.0,"enemies":"Cultist","floor":1.0,"turns":4.0},{"damage":10.0,"enemies":"Small Slimes","floor":2.0,"turns":3.0},{"damage":0.0,"enemies":"2 Louse","floor":3.0,"turns":2.0},{"damage":16.0,"enemies":"Exordium Wildlife","floor":4.0,"turns":4.0},{"damage":4.0,"enemies":"Lots of Slimes","floor":7.0,"turns":3.0},{"damage":6.0,"enemies":"3 Sentries","floor":10.0,"turns":2.0},{"damage":11.0,"enemies":"Looter","floor":11.0,"turns":4.0},{"damage":6.0,"enemies":"Gremlin Gang","floor":13.0,"turns":1.0},{"damage":14.0,"enemies":"Gremlin Nob","floor":14.0,"turns":3.0},{"damage":18.0,"enemies":"Slime Boss","floor":16.0,"turns":10.0},{"damage":6.0,"enemies":"Chosen","floor":18.0,"turns":5.0},{"damage":0.0,"enemies":"Spheric Guardian","floor":20.0,"turns":3.0},{"damage":10.0,"enemies":"Snecko","floor":22.0,"turns":5.0},{"damage":0.0,"enemies":"Gremlin Leader","floor":23.0,"turns":1.0},{"damage":16.0,"enemies":"Centurion and Healer","floor":25.0,"turns":4.0},{"damage":43.0,"enemies":"Book of Stabbing","floor":27.0,"turns":4.0},{"damage":0.0,"enemies":"Snake Plant","floor":30.0,"turns":3.0},{"damage":17.0,"enemies":"3 Cultists","floor":31.0,"turns":5.0},{"damage":50.0,"enemies":"Champ","floor":33.0,"turns":13.0},{"damage":0.0,"enemies":"3 Darklings","floor":35.0,"turns":2.0},{"damage":0.0,"enemies":"Orb Walker","floor":37.0,"turns":3.0},{"damage":30.0,"enemies":"4 Shapes","floor":39.0,"turns":6.0},{"damage":72.0,"enemies":"Giant Head","floor":40.0,"turns":7.0},{"damage":58,"enemies":"Reptomancer","floor":42,"turns":4}],"seed_played":"1685161945376654251","potions_obtained":[{"floor":1.0,"key":"SteroidPotion"},{"floor":2.0,"key":"SkillPotion"},{"floor":7.0,"key":"PowerPotion"},{"floor":14.0,"key":"Energy Potion"},{"floor":19.0,"key":"Strength Potion"},{"floor":20.0,"key":"CultistPotion"},{"floor":22.0,"key":"Strength Potion"},{"floor":31.0,"key":"Weak Potion"},{"floor":33.0,"key":"SkillPotion"},{"floor":35.0,"key":"BloodPotion"}],"is_trial":false,"path_per_floor":["M","M","M","M","?","R","M","R","T","E","M","?","M","E","R","B",null,"M","?","M","$","M","E","R","M","T","E","$","R","M","M","R","B",null,"M","?","M","$","M","E","R","E"],"character_chosen":"IRONCLAD","items_purchased":["Impervious","Chemical X","Orrery"],"campfire_rested":6,"item_purchase_floors":[21,28,38],"current_hp_per_floor":[66,56,56,40,35,57,53,53,53,52,41,41,35,26,48,30,64,58,58,63,63,53,53,75,59,59,33,33,55,57,47,69,33,65,72,72,74,74,45,22,44,0,0],"gold":65,"neow_bonus":"BOSS_RELIC","is_daily":false,"chose_seed":false,"campfire_upgraded":1,"win_rate":0.0,"timestamp":1611678992,"path_taken":["M","?","M","M","?","R","M","R","T","E","M","?","M","E","R","BOSS","M","?","M","$","?","E","R","M","T","E","$","R","M","M","R","BOSS","M","?","M","$","M","E","R","E"],"items_purchased_type":["Card","Relic","Relic"],"build_version":"2020-12-22","purchased_purges":1,"victory":false,"max_hp_per_floor":[75,75,75,75,75,75,75,75,75,75,75,75,75,75,75,75,75,75,75,75,75,75,75,75,75,75,75,75,75,75,75,75,75,75,75,75,75,75,75,75,75,75,75],"relic_stats":{"Blood Vial":15,"Dream Catcher":5,"counters":[24,101],"Bird Faced Urn":[2],"Chemical X":[7],"Boot":[38],"obtain_stats":[{"SacredBark":34,"Boot":5,"Burning Blood":0,"Blood Vial":27,"Dream Catcher":10,"Bird Faced Urn":40,"Orrery":38,"Fusion Hammer":17,"Bag of Marbles":23,"Chemical X":28,"Toy Ornithopter":9,"FossilizedHelix":14,"Runic Cube":0,"Meat on the Bone":26},{"SacredBark":19,"Boot":4,"Burning Blood":0,"Blood Vial":16,"Dream Catcher":6,"Bird Faced Urn":23,"Orrery":21,"Fusion Hammer":10,"Bag of Marbles":14,"Chemical X":16,"Toy Ornithopter":5,"FossilizedHelix":9,"Runic Cube":0,"Meat on the Bone":15},{"SacredBark":79,"Boot":13,"Burning Blood":0,"Blood Vial":58,"Dream Catcher":18,"Bird Faced Urn":97,"Orrery":84,"Fusion Hammer":36,"Bag of Marbles":50,"Chemical X":58,"Toy Ornithopter":16,"FossilizedHelix":26,"Runic Cube":0,"Meat on the Bone":54}],"Toy Ornithopter":35,"Runic Cube":[45],"Meat on the Bone":36},"card_choices":[{"not_picked":["Battle Trance","Perfected Strike"],"picked":"Whirlwind","floor":1.0},{"not_picked":["Havoc","Body Slam"],"picked":"Armaments","floor":2.0},{"not_picked":["Clash","Armaments"],"picked":"Rampage","floor":3.0},{"not_picked":["Thunderclap","Armaments"],"picked":"Offering","floor":4.0},{"not_picked":["Twin Strike","Havoc"],"picked":"Fire Breathing","floor":7.0},{"not_picked":["True Grit","Cleave"],"picked":"Double Tap","floor":10.0},{"not_picked":["Fire Breathing","Armaments"],"picked":"Clothesline","floor":11.0},{"not_picked":["Power Through","Clothesline"],"picked":"Shockwave","floor":13.0},{"not_picked":["Wild Strike","Twin Strike"],"picked":"Spot Weakness","floor":14.0},{"not_picked":["Warcry","Anger"],"picked":"Pummel","floor":15.0},{"not_picked":["Reaper","Feed"],"picked":"Impervious","floor":16.0},{"not_picked":["Metallicize","Havoc","Blood for Blood+1"],"picked":"SKIP","floor":18.0},{"not_picked":["Heavy Blade","Sever Soul","Wild Strike"],"picked":"SKIP","floor":20.0},{"not_picked":["Whirlwind","Twin Strike"],"picked":"Heavy Blade+1","floor":22.0},{"not_picked":["Heavy Blade+1","Havoc"],"picked":"Warcry","floor":23.0},{"not_picked":["Double Tap","Cleave","Anger+1"],"picked":"SKIP","floor":25.0},{"not_picked":["Thunderclap+1","Second Wind"],"picked":"Spot Weakness+1","floor":27.0},{"not_picked":["Heavy Blade+1","Rampage"],"picked":"Seeing Red","floor":29.0},{"not_picked":["Heavy Blade","Flex","Thunderclap"],"picked":"SKIP","floor":30.0},{"not_picked":["Wild Strike","Rupture"],"picked":"Dark Embrace","floor":31.0},{"not_picked":["Juggernaut","Bludgeon"],"picked":"Double Tap","floor":33.0},{"not_picked":["Thunderclap+1","Warcry"],"picked":"Ghostly Armor+1","floor":35.0},{"not_picked":["Pommel Strike","Thunderclap","Anger"],"picked":"SKIP","floor":37.0},{"not_picked":["Clothesline","Reckless Charge"],"picked":"Metallicize+1","floor":38.0},{"not_picked":["Iron Wave","Thunderclap"],"picked":"Ghostly Armor","floor":38.0},{"not_picked":["Warcry","Flex"],"picked":"Dropkick","floor":38.0},{"not_picked":["Anger","Evolve"],"picked":"Warcry","floor":38.0},{"not_picked":["Sword Boomerang+1","Body Slam"],"picked":"Disarm","floor":39.0},{"not_picked":["Evolve","Juggernaut"],"picked":"Seeing Red+1","floor":40.0},{"not_picked":["Clothesline","Anger"],"picked":"Pummel+1","floor":41.0}],"player_experience":2478128,"relics_obtained":[{"floor":9.0,"key":"Toy Ornithopter"},{"floor":10.0,"key":"Dream Catcher"},{"floor":14.0,"key":"FossilizedHelix"},{"floor":23.0,"key":"Bag of Marbles"},{"floor":26.0,"key":"Meat on the Bone"},{"floor":27.0,"key":"Blood Vial"},{"floor":40.0,"key":"Bird Faced Urn"}],"event_choices":[{"damage_healed":0.0,"max_hp_gain":0.0,"max_hp_loss":0.0,"gold_gain":0.0,"event_name":"Scrap Ooze","player_choice":"Success","floor":5.0,"gold_loss":0.0,"damage_taken":5.0,"relics_obtained":["Boot"]},{"damage_healed":0.0,"max_hp_gain":0.0,"max_hp_loss":0.0,"gold_gain":0.0,"cards_transformed":["Strike_R"],"event_name":"Living Wall","player_choice":"Change","floor":12.0,"gold_loss":0.0,"damage_taken":0.0,"cards_obtained":["Body Slam"]},{"damage_healed":0.0,"max_hp_gain":0.0,"max_hp_loss":0.0,"gold_gain":0.0,"event_name":"The Woman in Blue","player_choice":"Bought 1 Potion","floor":19.0,"gold_loss":0.0,"damage_taken":0.0},{"damage_healed":0.0,"max_hp_gain":0.0,"max_hp_loss":0.0,"gold_gain":0.0,"event_name":"Match and Keep!","player_choice":"1 cards matched","floor":36.0,"gold_loss":0.0,"damage_taken":0.0,"cards_obtained":["Double Tap"]}],"is_beta":false,"boss_relics":[{"not_picked":["Cursed Key","Sozu"],"picked":"Fusion Hammer"},{"not_picked":["Tiny House","Coffee Dripper"],"picked":"SacredBark"}],"items_purged_floors":[21],"is_endless":false,"potions_floor_spawned":[1,2,7,14,20,22,23,31,33,35],"killed_by":"Reptomancer","ascension_level":20}}