{"host":"sav7uxregyirlf69","time":1611628662,"event":{"mods":["AchievementEnabler","BaseMod","Colored Map","DeckTracker","Keyboard Shortcuts","Minty Spire (QoL Compilation)","READ ME - Guardian Mod","StSLib","SuperFastMode"],"gold_per_floor":[114,133,133,152,165,165,178,178,178,203,216,226,236,34,34,105,105,105,2,2,2,2,2,2,2,2,2,2],"floor_reached":27,"language":"KOR","playtime":451,"items_purged":["Strike_R"],"score":474,"play_id":"524d592d-74bc-49fc-92d1-82069923ba2b","local_time":"20210126113742","is_ascension_mode":true,"campfire_choices":[{"data":"Carnage","floor":6,"key":"SMITH"},{"data":"Dramatic Entrance","floor":8,"key":"SMITH"},{"data":"Blood for Blood","floor":15,"key":"SMITH"},{"data":"Corruption","floor":23,"key":"SMITH"}],"circlet_count":0,"master_deck":["AscendersBane","Strike_R+1","Strike_R+1","Strike_R+1","Defend_R+1","Defend_R+1","Defend_R+1","Defend_R+1","Bash","Dramatic Entrance+1","Twin Strike","Reckless Charge","Carnage+1","Battle Trance+1","Spot Weakness+1","Sentinel+1","Warcry+1","Blood for Blood+1","True Grit+1","Corruption+1","Seeing Red+1","Intimidate+1","Flex+1","Burning Pact+1","Dark Embrace"],"relics":["Burning Blood","Toxic Egg 2","Question Card","Ectoplasm","Sundial","Matryoshka"],"acts_visited":["Exordium","TheCity"],"potions_floor_usage":[11,16,18,27],"damage_taken":[{"damage":6,"enemies":"Cultist","floor":1,"turns":3},{"damage":4,"enemies":"Small Slimes","floor":2,"turns":3},{"damage":7,"enemies":"Jaw Worm","floor":4,"turns":2},{"damage":10,"enemies":"Exordium Wildlife","floor":5,"turns":2},{"damage":0,"enemies":"Lots of Slimes","floor":7,"turns":2},{"damage":15,"enemies":"3 Sentries","floor":10,"turns":5},{"damage":11,"enemies":"Looter","floor":11,"turns":2},{"damage":4,"enemies":"Gremlin Gang","floor":12,"turns":2},{"damage":1,"enemies":"2 Fungi Beasts","floor":13,"turns":2},{"damage":19,"enemies":"The Guardian","floor":16,"turns":11},{"damage":16,"enemies":"3 Byrds","floor":18,"turns":5},{"damage":21,"enemies":"Shell Parasite","floor":22,"turns":3},{"damage":30,"enemies":"Gremlin Leader","floor":24,"turns":5},{"damage":19,"enemies":"Snecko","floor":25,"turns":5},{"damage":11,"enemies":"Centurion and Healer","floor":27,"turns":1}],"seed_played":"-593680666585697860","potions_obtained":[{"floor":2,"key":"PowerPotion"},{"floor":7,"key":"BloodPotion"},{"floor":11,"key":"LiquidMemories"},{"floor":22,"key":"PowerPotion"}],"is_trial":false,"path_per_floor":["M","M","?","M","M","R","M","R","T","E","M","M","M","$","R","B",null,"M","$","?","?","M","R","E","M","T","M"],"character_chosen":"IRONCLAD","items_purchased":["Blood for Blood","True Grit+1","Intimidate+1","Flex+1"],"campfire_rested":0,"item_purchase_floors":[14,14,19,19],"current_hp_per_floor":[68,70,70,69,65,65,71,71,71,62,72,74,75,75,75,62,72,62,62,62,62,47,47,23,10,10,0,0],"gold":2,"neow_bonus":"RANDOM_COLORLESS","is_daily":false,"chose_seed":false,"campfire_upgraded":4,"win_rate":0.0,"timestamp":1611628662,"path_taken":["M","?","?","M","M","R","?","R","T","E","M","M","M","$","R","BOSS","M","$","?","?","M","R","E","?","T","M"],"items_purchased_type":["Card","Card","Card","Card"],"build_version":"2020-12-22","purchased_purges":1,"victory":false,"max_hp_per_floor":[75,75,75,75,75,75,75,75,75,75,75,75,75,75,75,75,75,75,75,75,75,75,75,75,75,75,75,75],"card_choices":[{"not_picked":["Good Instincts","Jack Of All Trades"],"picked":"Dramatic Entrance","floor":0},{"not_picked":["Clothesline","Headbutt"],"picked":"Twin Strike","floor":1},{"not_picked":["Metallicize","Clash"],"picked":"Reckless Charge","floor":2},{"not_picked":["Burning Pact","Reckless Charge"],"picked":"Carnage","floor":4},{"not_picked":["Warcry","Sword Boomerang","True Grit"],"picked":"SKIP","floor":5},{"not_picked":["Armaments","Twin Strike"],"picked":"Anger","floor":7},{"not_picked":["Sentinel+1","Headbutt"],"picked":"Battle Trance+1","floor":10},{"not_picked":["Thunderclap","Sentinel+1","Bloodletting+1"],"picked":"Spot Weakness+1","floor":11},{"not_picked":["Wild Strike","Body Slam","Havoc+1"],"picked":"Sentinel+1","floor":12},{"not_picked":["Clothesline","Perfected Strike","Havoc+1"],"picked":"Warcry+1","floor":13},{"not_picked":["Demon Form","Juggernaut","Reaper"],"picked":"Corruption","floor":16},{"not_picked":["Havoc+1","Sword Boomerang","Heavy Blade"],"picked":"Seeing Red+1","floor":18},{"not_picked":["Sword Boomerang","Rupture","Cleave"],"picked":"Burning Pact+1","floor":22},{"not_picked":["Blood for Blood","Perfected Strike+1","Flex+1"],"picked":"Dark Embrace","floor":24},{"not_picked":["Havoc+1","Iron Wave","Searing Blow","Heavy Blade"],"picked":"SKIP","floor":25}],"player_experience":1384338,"relics_obtained":[{"floor":9,"key":"Toxic Egg 2"},{"floor":10,"key":"Question Card"},{"floor":24,"key":"Sundial"},{"floor":26,"key":"Matryoshka"}],"event_choices":[{"cards_removed":["Strike_R"],"damage_healed":0,"gold_gain":0,"player_choice":"Offered Basic","damage_taken":0,"max_hp_gain":0,"max_hp_loss":0,"event_name":"Bonfire Elementals","floor":3,"gold_loss":0},{"damage_healed":0,"gold_gain":0,"player_choice":"Simplicity","damage_taken":0,"max_hp_gain":0,"max_hp_loss":0,"event_name":"Back to Basics","floor":20,"gold_loss":0,"cards_upgraded":["Strike_R","Strike_R","Strike_R","Defend_R","Defend_R","Defend_R","Defend_R"]},{"cards_removed":["Anger"],"damage_healed":0,"gold_gain":0,"player_choice":"Purged","damage_taken":0,"max_hp_gain":0,"max_hp_loss":0,"event_name":"Purifier","floor":21,"gold_loss":0}],"is_beta":false,"boss_relics":[{"not_picked":["Runic Dome","Runic Cube"],"picked":"Ectoplasm"}],"items_purged_floors":[14],"is_endless":false,"potions_floor_spawned":[2,7,10,11,22],"killed_by":"Centurion and Healer","ascension_level":20}}