{"host":"z9grmtg2w0nmz8n1","time":1611704295,"event":{"mods":["Aspiration","BaseMod","Better Altar","Better Match","Better Note","Better Sensory Stone","Better Skull","Better Third Choice","BetterRewards","CCEM2","Clawfect","Colored Map","Conspire","GifTheSpireLib","Halation","Highlight Path","Hubris","Hunter ??","Jedi Mod","Minty Spire (QoL Compilation)","Permanent Neow","Reliquary","Replay The Spire","Shop Mod","Spicy Shops","StSLib","Stuff the Spire","The Administrix","The Blackbeard","The Runesmith","The Servant 0.9.4"],"gold_per_floor":[111,186,186,211,136,170,190,212,237,237,277,293,293,313,313,334,334,334],"floor_reached":16,"language":"ENG","playtime":485,"items_purged":[],"score":160,"play_id":"8a2b2b1c-7ece-44e6-b96e-a58129165f2c","local_time":"20210126213815","is_ascension_mode":false,"campfire_choices":[{"floor":15,"key":"RECALL"}],"circlet_count":0,"master_deck":["blackbeard:BlackbeardStrike","blackbeard:BlackbeardStrike","blackbeard:BlackbeardStrike","blackbeard:BlackbeardStrike","blackbeard:IntimidatingStrike","blackbeard:BlackbeardDefend","blackbeard:BlackbeardDefend","blackbeard:BlackbeardDefend","blackbeard:BlackbeardDefend","blackbeard:Cutlass+1","blackbeard:RearmingStrike","Dramatic Entrance","blackbeard:WiseDefense","blackbeard:Anchor"],"relics":["blackbeard:LoadTheCannons","NeowsBlessing","conspire:GiftBox","halation:IllGainedPizza","blackbeard:PowderCan","blackbeard:CannonballsOfSteel"],"acts_visited":["Exordium"],"potions_floor_usage":[11,11],"damage_taken":[{"damage":0,"enemies":"Small Slimes","floor":1,"turns":1},{"damage":0,"enemies":"Lagavulin","floor":6,"turns":1},{"damage":0,"enemies":"Jaw Worm","floor":7,"turns":1},{"damage":0,"enemies":"conspire:RoseBush","floor":8,"turns":2},{"damage":0,"enemies":"Replay:BlueRogue","floor":11,"turns":5},{"damage":6,"enemies":"Exordium Thugs","floor":12,"turns":4},{"damage":0,"enemies":"Blue Slaver","floor":14,"turns":1},{"damage":34,"enemies":"The Guardian","floor":16,"turns":12}],"seed_played":"-6427976156090276741","potions_obtained":[{"floor":6,"key":"SpeedPotion"},{"floor":7,"key":"Swift Potion"},{"floor":11,"key":"Energy Potion"}],"is_trial":false,"path_per_floor":["M","?","?","?","?","E","M","M","T","?","E","M","T","M","R","B"],"character_chosen":"BLACKBEARD_CLASS","items_purchased":[],"campfire_rested":0,"item_purchase_floors":[],"current_hp_per_floor":[75,64,64,46,46,46,46,46,46,46,46,40,40,40,40,6,6,6],"gold":334,"neow_bonus":"THREE_ENEMY_KILL","is_daily":false,"chose_seed":false,"campfire_upgraded":0,"win_rate":0.0,"timestamp":1611704295,"path_taken":["M","?","?","?","?","E","?","M","T","?","E","M","?","M","R","BOSS"],"items_purchased_type":[],"build_version":"2020-12-22","purchased_purges":0,"victory":false,"max_hp_per_floor":[75,75,75,75,75,75,75,75,75,75,75,75,75,75,75,75,75,75],"card_choices":[{"not_picked":["blackbeard:DeadlyArsenal","blackbeard:Bandana","blackbeard:PiratesWill"],"picked":"SKIP","floor":1},{"not_picked":["blackbeard:Fencing","blackbeard:Sword"],"picked":"blackbeard:RearmingStrike","floor":5},{"not_picked":["Survey Options","Dark Shackles"],"picked":"Dramatic Entrance","floor":5},{"not_picked":["blackbeard:Scrap","blackbeard:TerrorOfTheSeas"],"picked":"blackbeard:WiseDefense","floor":6},{"not_picked":["blackbeard:Fencing","blackbeard:PiratesWill","blackbeard:CannonBarrage"],"picked":"SKIP","floor":7},{"not_picked":["blackbeard:Sword","blackbeard:ArmorUp","blackbeard:ChaoticDefense"],"picked":"SKIP","floor":8},{"not_picked":["blackbeard:GoldenDefense","blackbeard:PiratesWill","blackbeard:BeatUp"],"picked":"SKIP","floor":11},{"not_picked":["blackbeard:Revenge","blackbeard:MegaUpgrade"],"picked":"blackbeard:Anchor","floor":12},{"not_picked":["blackbeard:Dagger","blackbeard:Sharpening","blackbeard:Toast"],"picked":"SKIP","floor":14}],"player_experience":851071,"relics_obtained":[{"floor":4,"key":"conspire:GiftBox"},{"floor":6,"key":"halation:IllGainedPizza"},{"floor":11,"key":"blackbeard:PowderCan"},{"floor":13,"key":"blackbeard:CannonballsOfSteel"}],"event_choices":[{"damage_healed":0,"gold_gain":75,"player_choice":"Gold","damage_taken":11,"max_hp_gain":0,"max_hp_loss":0,"event_name":"betterThird:BetterGoop","floor":2,"gold_loss":0},{"damage_healed":0,"gold_gain":0,"player_choice":"1","damage_taken":0,"max_hp_gain":0,"max_hp_loss":0,"event_name":"betterMatch:BetterMatch","floor":5,"gold_loss":0,"cards_obtained":["betterMatch:CommonCard","betterMatch:ColorlessUncommonCard"]}],"is_beta":false,"boss_relics":[],"items_purged_floors":[],"is_endless":false,"potions_floor_spawned":[6,7,11],"killed_by":"The Guardian","ascension_level":0}}