{"host":"ddnlm33rmqyizb8g","time":1611703274,"event":{"mods":["BaseMod","Colored Map","Colored Powertips","Minty Spire (QoL Compilation)"],"gold_per_floor":[109,109,109,33,208,133,151,166,166,191,191,214,250,265,265,265,265],"floor_reached":16,"language":"ENG","playtime":629,"items_purged":["Strike_R"],"score":102,"play_id":"c391a456-c4f3-42e7-997d-c5713af60f54","local_time":"20210126182114","is_ascension_mode":false,"campfire_choices":[{"data":"Inflame","floor":11,"key":"SMITH"},{"data":"Rampage","floor":15,"key":"SMITH"}],"circlet_count":0,"master_deck":["Strike_R","Strike_R","Defend_R","Defend_R","Defend_R","Defend_R","Bash","Warcry","Inflame+1","Doubt","Shrug It Off","Feel No Pain","Rampage+1","Warcry"],"relics":["Burning Blood","Golden Idol","Centennial Puzzle","Bag of Preparation"],"acts_visited":["Exordium"],"potions_floor_usage":[16],"damage_taken":[{"damage":15,"enemies":"Jaw Worm","floor":1,"turns":5},{"damage":12,"enemies":"2 Louse","floor":7,"turns":4},{"damage":10,"enemies":"Cultist","floor":8,"turns":4},{"damage":13,"enemies":"Blue Slaver","floor":10,"turns":7},{"damage":21,"enemies":"Lots of Slimes","floor":12,"turns":8},{"damage":15,"enemies":"Lagavulin","floor":13,"turns":7},{"damage":7,"enemies":"3 Louse","floor":14,"turns":4},{"damage":25,"enemies":"Slime Boss","floor":16,"turns":3}],"seed_played":"-2978813104387778315","potions_obtained":[{"floor":7,"key":"Fire Potion"},{"floor":8,"key":"FearPotion"}],"is_trial":false,"path_per_floor":["M","?","?","$","?","$","M","M","T","M","R","M","E","M","R","B"],"character_chosen":"IRONCLAD","items_purchased":["Inflame"],"campfire_rested":0,"item_purchase_floors":[4],"current_hp_per_floor":[71,71,64,64,64,64,58,54,54,47,47,32,23,22,22,0,0],"gold":265,"neow_bonus":"REMOVE_CARD","is_daily":false,"chose_seed":false,"campfire_upgraded":2,"win_rate":0.0,"timestamp":1611703274,"path_taken":["M","?","?","?","?","$","M","M","T","M","R","M","E","M","R","BOSS"],"items_purchased_type":["Card"],"build_version":"2020-12-22","purchased_purges":1,"victory":false,"max_hp_per_floor":[80,74,74,74,74,74,74,74,74,74,74,74,74,74,74,74,74],"card_choices":[{"not_picked":["Dark Embrace","Perfected Strike"],"picked":"Warcry","floor":1},{"not_picked":["Perfected Strike","Iron Wave"],"picked":"Shrug It Off","floor":7},{"not_picked":["Reckless Charge","Clash"],"picked":"Feel No Pain","floor":8},{"not_picked":["Heavy Blade","Battle Trance"],"picked":"Rampage","floor":10},{"not_picked":["Berserk","Cleave"],"picked":"Warcry","floor":12},{"not_picked":["Blood for Blood","Hemokinesis","Thunderclap"],"picked":"SKIP","floor":13},{"not_picked":["Heavy Blade","Flame Barrier","Iron Wave"],"picked":"SKIP","floor":14}],"player_experience":138015,"relics_obtained":[{"floor":9,"key":"Centennial Puzzle"},{"floor":13,"key":"Bag of Preparation"}],"event_choices":[{"damage_healed":0,"gold_gain":0,"player_choice":"Lose Max HP","damage_taken":0,"relics_obtained":["Golden Idol"],"max_hp_gain":0,"max_hp_loss":6,"event_name":"Golden Idol","floor":2,"gold_loss":0},{"cards_removed":["Strike_R"],"damage_healed":0,"gold_gain":0,"player_choice":"Card Removal","damage_taken":7,"max_hp_gain":0,"max_hp_loss":0,"event_name":"Golden Wing","floor":3,"gold_loss":0},{"damage_healed":0,"gold_gain":175,"player_choice":"AGREE","damage_taken":0,"max_hp_gain":0,"max_hp_loss":0,"event_name":"Liars Game","floor":5,"gold_loss":0,"cards_obtained":["Doubt"]}],"is_beta":false,"boss_relics":[],"items_purged_floors":[6],"is_endless":false,"potions_floor_spawned":[7,8],"killed_by":"Slime Boss","ascension_level":0}}