{"host":"Sean","time":1611680611,"event":{"mods":["BaseMod","Block Reminder","Colored Map","Colored Powertips","Highlight Path","Minty Spire (QoL Compilation)","Permanent Neow","Relic Stats"],"gold_per_floor":[118,128,139,15,27,59,59,91,91,91,108,165,199,213,213,317,317,362,362,374,385,429,480,480,514,541,568,568,588,393,423,423,528,528,538,498,25,73,86,115,115,186,186,221,221,77,77,93,93,93],"floor_reached":51,"language":"ENG","playtime":4213,"items_purged":["Strike_P"],"score":1168,"play_id":"5378e35e-f3a1-47e0-9e12-984638ef3de5","local_time":"20210126170331","is_ascension_mode":true,"campfire_choices":[{"data":"Eruption","floor":7.0,"key":"SMITH"},{"data":"CutThroughFate","floor":10.0,"key":"SMITH"},{"data":"Wallop","floor":15.0,"key":"SMITH"},{"data":"ForeignInfluence","floor":24.0,"key":"SMITH"},{"floor":32.0,"key":"REST"},{"floor":41.0,"key":"REST"},{"floor":45,"key":"REST"},{"data":"PathToVictory","floor":47,"key":"SMITH"},{"floor":49,"key":"REST"}],"circlet_count":0,"master_deck":["Eruption+1","Vigilance+1","CarveReality+1","FollowUp+1","PathToVictory+1","Prostrate+1","PathToVictory+1","Evaluate+1","LessonLearned+1","CutThroughFate+1","FlurryOfBlows+1","CutThroughFate+1","Wallop+1","Wish+1","JustLucky+1","Tantrum","ThirdEye","MasterReality","ForeignInfluence+1","Sanctity+1","MentalFortress","Indignation+1","PathToVictory+1","Crescendo+1","RitualDagger","Adaptation","Omniscience+1","Wallop+1","Meditate+1","ClearTheMind+1"],"relics":["PureWater","Blood Vial","Shuriken","Pear","HornCleat","Bag of Marbles","Pandora\u0027s Box","Enchiridion","Ancient Tea Set","CloakClasp","PreservedInsect","Oddly Smooth Stone","Art of War","War Paint","VioletLotus","Sling","Potion Belt","Turnip","Question Card","Medical Kit"],"acts_visited":["Exordium","TheCity","TheBeyond"],"potions_floor_usage":[44,50,50,50],"damage_taken":[{"damage":2.0,"enemies":"Cultist","floor":1.0,"turns":4.0},{"damage":7.0,"enemies":"Small Slimes","floor":2.0,"turns":2.0},{"damage":0.0,"enemies":"2 Louse","floor":3.0,"turns":2.0},{"damage":5.0,"enemies":"Blue Slaver","floor":5.0,"turns":3.0},{"damage":0.0,"enemies":"Gremlin Nob","floor":6.0,"turns":2.0},{"damage":30.0,"enemies":"Lagavulin","floor":8.0,"turns":4.0},{"damage":9.0,"enemies":"3 Louse","floor":11.0,"turns":4.0},{"damage":25.0,"enemies":"Lagavulin Event","floor":12.0,"turns":4.0},{"damage":0.0,"enemies":"3 Sentries","floor":13.0,"turns":4.0},{"damage":2.0,"enemies":"Gremlin Gang","floor":14.0,"turns":3.0},{"damage":0.0,"enemies":"Slime Boss","floor":16.0,"turns":3.0},{"damage":0.0,"enemies":"2 Thieves","floor":18.0,"turns":4.0},{"damage":0.0,"enemies":"3 Byrds","floor":20.0,"turns":2.0},{"damage":0.0,"enemies":"3 Cultists","floor":21.0,"turns":3.0},{"damage":0.0,"enemies":"Centurion and Healer","floor":22.0,"turns":3.0},{"damage":7.0,"enemies":"Gremlin Leader","floor":23.0,"turns":6.0},{"damage":24.0,"enemies":"Book of Stabbing","floor":25.0,"turns":2.0},{"damage":12.0,"enemies":"Slavers","floor":27.0,"turns":4.0},{"damage":4.0,"enemies":"Snake Plant","floor":29.0,"turns":3.0},{"damage":0.0,"enemies":"Gremlin Leader","floor":31.0,"turns":4.0},{"damage":0.0,"enemies":"Champ","floor":33.0,"turns":9.0},{"damage":0.0,"enemies":"Orb Walker","floor":35.0,"turns":2.0},{"damage":8.0,"enemies":"3 Shapes","floor":38.0,"turns":4.0},{"damage":61.0,"enemies":"Maw","floor":39.0,"turns":6.0},{"damage":8.0,"enemies":"Nemesis","floor":40.0,"turns":5.0},{"damage":3.0,"enemies":"4 Shapes","floor":42.0,"turns":3.0},{"damage":18,"enemies":"Reptomancer","floor":44,"turns":3},{"damage":0,"enemies":"Transient","floor":48,"turns":5},{"damage":35,"enemies":"Awakened One","floor":50,"turns":7}],"seed_played":"5090584467235013781","potions_obtained":[{"floor":2.0,"key":"BlessingOfTheForge"},{"floor":3.0,"key":"BlessingOfTheForge"},{"floor":6.0,"key":"Fruit Juice"},{"floor":11.0,"key":"LiquidBronze"},{"floor":14.0,"key":"SteroidPotion"},{"floor":16.0,"key":"LiquidMemories"},{"floor":21.0,"key":"FearPotion"},{"floor":23.0,"key":"BottledMiracle"},{"floor":25.0,"key":"GamblersBrew"},{"floor":38.0,"key":"EntropicBrew"},{"floor":44,"key":"FearPotion"}],"is_trial":false,"path_per_floor":["M","M","M","$","M","E","R","E","T","R","M","?","E","M","R","B",null,"M","?","M","M","M","E","R","E","T","E","?","M","$","E","R","B",null,"M","?","$","M","M","E","R","M","T","E","R","$","R","M","R","B",null],"character_chosen":"WATCHER","items_purchased":["PathToVictory","Art of War","ColorlessPotion","DuplicationPotion","Sling","Potion Belt","Energy Potion","Dexterity Potion","Medical Kit"],"campfire_rested":4,"item_purchase_floors":[4,30,30,37,37,37,37,37,46],"current_hp_per_floor":[70,63,63,63,58,58,58,30,40,40,33,10,12,12,12,14,82,82,66,68,70,72,72,72,50,50,40,34,32,32,34,60,62,87,87,87,87,79,20,14,40,39,39,23,49,49,49,51,77,44],"gold":93,"neow_bonus":"THREE_CARDS","is_daily":false,"chose_seed":false,"campfire_upgraded":5,"win_rate":0.0,"timestamp":1611680611,"path_taken":["M","M","M","$","?","E","R","E","T","R","M","?","E","M","R","BOSS","M","?","M","M","M","E","R","E","T","E","?","M","$","E","R","BOSS","M","?","$","M","M","E","R","M","T","E","R","$","R","?","R","BOSS"],"items_purchased_type":["Card","Relic","Potion","Potion","Relic","Relic","Potion","Potion","Relic"],"build_version":"2020-12-18","purchased_purges":1,"victory":true,"max_hp_per_floor":[72,72,72,72,72,72,72,72,82,82,82,82,82,82,82,82,82,82,82,82,82,82,87,87,87,87,87,87,87,87,87,87,87,87,87,87,87,87,87,87,87,87,87,87,87,87,87,87,87,87],"relic_stats":{"counters":[29,110],"PreservedInsect":189,"CloakClasp":[153],"War Paint":["Evaluate","Wish"],"Question Card":1,"Medical Kit":[0],"Blood Vial":42,"Shuriken":[40],"Pandora\u0027s Box":["JustLucky","Tantrum","ThirdEye","MasterReality","ForeignInfluence","Sanctity","MentalFortress"],"VioletLotus":[5],"Turnip":[0],"Art of War":[4],"obtain_stats":[{"Potion Belt":37,"Pear":9,"Enchiridion":19,"Oddly Smooth Stone":27,"PreservedInsect":26,"CloakClasp":25,"War Paint":31,"Ancient Tea Set":23,"Sling":37,"Question Card":44,"Medical Kit":46,"Blood Vial":6,"HornCleat":12,"Shuriken":8,"Pandora\u0027s Box":17,"VioletLotus":34,"Turnip":40,"Bag of Marbles":13,"Art of War":30,"PureWater":0},{"Potion Belt":22,"Pear":6,"Enchiridion":12,"Oddly Smooth Stone":18,"PreservedInsect":17,"CloakClasp":17,"War Paint":20,"Ancient Tea Set":16,"Sling":22,"Question Card":27,"Medical Kit":27,"Blood Vial":5,"HornCleat":8,"Shuriken":6,"Pandora\u0027s Box":11,"VioletLotus":21,"Turnip":25,"Bag of Marbles":9,"Art of War":19,"PureWater":0},{"Potion Belt":77,"Pear":17,"Enchiridion":39,"Oddly Smooth Stone":59,"PreservedInsect":55,"CloakClasp":55,"War Paint":66,"Ancient Tea Set":53,"Sling":77,"Question Card":98,"Medical Kit":98,"Blood Vial":13,"HornCleat":25,"Shuriken":17,"Pandora\u0027s Box":35,"VioletLotus":75,"Turnip":92,"Bag of Marbles":29,"Art of War":62,"PureWater":0}]},"card_choices":[{"not_picked":["ForeignInfluence","Conclude"],"picked":"CarveReality","floor":0.0},{"not_picked":["CrushJoints","Halt"],"picked":"FollowUp","floor":1.0},{"not_picked":["Vault","SandsOfTime"],"picked":"PathToVictory","floor":2.0},{"not_picked":["Vengeance","CarveReality"],"picked":"Prostrate","floor":3.0},{"not_picked":["FlyingSleeves","Fasting2"],"picked":"Evaluate","floor":5.0},{"not_picked":["Protect","FollowUp"],"picked":"LessonLearned","floor":6.0},{"not_picked":["Halt","SashWhip"],"picked":"CutThroughFate","floor":8.0},{"not_picked":["SashWhip","CutThroughFate"],"picked":"FlurryOfBlows","floor":11.0},{"not_picked":["ReachHeaven","ThirdEye"],"picked":"CutThroughFate","floor":12.0},{"not_picked":["Consecrate","BowlingBash","SashWhip"],"picked":"SKIP","floor":13.0},{"not_picked":["CrushJoints","Crescendo"],"picked":"Wallop","floor":14.0},{"not_picked":["DeusExMachina","Ragnarok"],"picked":"Wish","floor":16.0},{"not_picked":["Halt","BowlingBash","Wireheading"],"picked":"SKIP","floor":18.0},{"not_picked":["ThirdEye","Fasting2"],"picked":"Indignation+1","floor":20.0},{"not_picked":["WheelKick+1","JustLucky"],"picked":"PathToVictory+1","floor":21.0},{"not_picked":["Study","DeceiveReality","Vengeance+1"],"picked":"SKIP","floor":22.0},{"not_picked":["Sanctity+1","EmptyBody","WindmillStrike"],"picked":"SKIP","floor":23.0},{"not_picked":["ReachHeaven","FollowUp"],"picked":"Crescendo+1","floor":25.0},{"not_picked":["ReachHeaven","BowlingBash","ClearTheMind"],"picked":"SKIP","floor":27.0},{"not_picked":["CrushJoints+1","Indignation+1"],"picked":"Adaptation","floor":29.0},{"not_picked":["ThirdEye+1","InnerPeace","Collect"],"picked":"SKIP","floor":31.0},{"not_picked":["Establishment","MasterReality"],"picked":"Omniscience","floor":33.0},{"not_picked":["BowlingBash+1","Protect","ClearTheMind"],"picked":"SKIP","floor":35.0},{"not_picked":["CutThroughFate","ClearTheMind"],"picked":"Wallop+1","floor":38.0},{"not_picked":["PathToVictory+1","Crescendo+1"],"picked":"Meditate+1","floor":39.0},{"not_picked":["Meditate+1","Consecrate"],"picked":"ClearTheMind+1","floor":40.0},{"not_picked":["WindmillStrike","Alpha","CutThroughFate+1"],"picked":"SKIP","floor":42.0},{"not_picked":["ThirdEye+1","SandsOfTime","ClearTheMind+1"],"picked":"SKIP","floor":44},{"not_picked":["EmptyBody+1","EmptyFist+1","Prostrate","LikeWater"],"picked":"SKIP","floor":48}],"player_experience":470849,"relics_obtained":[{"floor":6.0,"key":"Blood Vial"},{"floor":8.0,"key":"Shuriken"},{"floor":9.0,"key":"Pear"},{"floor":12.0,"key":"HornCleat"},{"floor":13.0,"key":"Bag of Marbles"},{"floor":19.0,"key":"Enchiridion"},{"floor":23.0,"key":"Ancient Tea Set"},{"floor":25.0,"key":"CloakClasp"},{"floor":26.0,"key":"PreservedInsect"},{"floor":27.0,"key":"Oddly Smooth Stone"},{"floor":31.0,"key":"War Paint"},{"floor":40.0,"key":"Turnip"},{"floor":44,"key":"Question Card"}],"event_choices":[{"damage_healed":0.0,"max_hp_gain":0.0,"max_hp_loss":0.0,"gold_gain":30.0,"event_name":"Dead Adventurer","player_choice":"Searched \u00272\u0027 times","floor":12.0,"gold_loss":0.0,"damage_taken":0.0},{"damage_healed":0.0,"max_hp_gain":0.0,"max_hp_loss":0.0,"gold_gain":0.0,"event_name":"Cursed Tome","player_choice":"Obtained Book","floor":19.0,"gold_loss":0.0,"damage_taken":16.0},{"damage_healed":0.0,"max_hp_gain":0.0,"max_hp_loss":0.0,"gold_gain":0.0,"event_name":"Nest","player_choice":"Joined the Cult","floor":28.0,"gold_loss":0.0,"damage_taken":6.0,"cards_obtained":["RitualDagger"]},{"damage_healed":0.0,"max_hp_gain":0.0,"max_hp_loss":0.0,"gold_gain":0.0,"event_name":"Designer","player_choice":"Upgraded Two","floor":36.0,"gold_loss":40.0,"damage_taken":0.0,"cards_upgraded":["CarveReality","Omniscience"]}],"is_beta":true,"boss_relics":[{"not_picked":["Calling Bell","Black Star"],"picked":"Pandora\u0027s Box"},{"not_picked":["SlaversCollar","Runic Dome"],"picked":"VioletLotus"}],"items_purged_floors":[4],"is_endless":false,"potions_floor_spawned":[2,3,6,11,14,16,21,23,25,27,31,38,44],"ascension_level":4}}