{"host":"syozzdlzcqop4jia","time":1611701442,"event":{"mods":["BaseMod","Colored Map","Colored Powertips","Minty Spire (QoL Compilation)","Quick Restart"],"gold_per_floor":[111,129,229,243,253,264,264,295,295,295,314,325,341,358,358,462,462,446,464,474,474,474],"floor_reached":21,"language":"ENG","playtime":1513,"items_purged":[],"score":208,"play_id":"dd137508-abae-4147-8ace-2cdfa02e678e","local_time":"20210126235042","is_ascension_mode":true,"campfire_choices":[{"data":"Seeing Red","floor":7,"key":"SMITH"},{"data":"Intimidate","floor":10,"key":"SMITH"},{"floor":15,"key":"REST"}],"circlet_count":0,"master_deck":["Strike_R","Strike_R","Strike_R","Strike_R","Strike_R","Defend_R","Defend_R","Defend_R","Defend_R","Bash","Inflame","Anger","Uppercut","Seeing Red+1","Carnage","Intimidate+1","Carnage","Wild Strike","Pommel Strike","Battle Trance","Offering","Clothesline","Ghostly Armor","Body Slam+1"],"relics":["Burning Blood","NeowsBlessing","Potion Belt","InkBottle","Mark of Pain"],"acts_visited":["Exordium","TheCity"],"potions_floor_usage":[6,8,16,20,21,21],"damage_taken":[{"damage":0,"enemies":"2 Louse","floor":1,"turns":1},{"damage":0,"enemies":"Cultist","floor":2,"turns":1},{"damage":0,"enemies":"Jaw Worm","floor":4,"turns":1},{"damage":18,"enemies":"3 Louse","floor":5,"turns":3},{"damage":8,"enemies":"Large Slime","floor":6,"turns":5},{"damage":29,"enemies":"Lagavulin","floor":8,"turns":6},{"damage":11,"enemies":"Blue Slaver","floor":11,"turns":4},{"damage":14,"enemies":"Exordium Wildlife","floor":12,"turns":4},{"damage":23,"enemies":"Lots of Slimes","floor":13,"turns":4},{"damage":0,"enemies":"Exordium Thugs","floor":14,"turns":3},{"damage":35,"enemies":"Hexaghost","floor":16,"turns":9},{"damage":11,"enemies":"2 Thieves","floor":18,"turns":4},{"damage":6,"enemies":"Chosen","floor":19,"turns":3},{"damage":48,"enemies":"Shelled Parasite and Fungi","floor":20,"turns":5},{"damage":63,"enemies":"Centurion and Healer","floor":21,"turns":5}],"seed_played":"-6503940496155679385","potions_obtained":[{"floor":1,"key":"Dexterity Potion"},{"floor":5,"key":"Fruit Juice"},{"floor":8,"key":"SteroidPotion"},{"floor":13,"key":"ColorlessPotion"},{"floor":14,"key":"Strength Potion"},{"floor":18,"key":"Explosive Potion"},{"floor":20,"key":"BloodPotion"}],"is_trial":false,"path_per_floor":["M","M","?","M","M","M","R","E","T","R","M","M","M","M","R","B",null,"M","M","M","M"],"character_chosen":"IRONCLAD","items_purchased":[],"campfire_rested":1,"item_purchase_floors":[],"current_hp_per_floor":[80,80,80,80,68,71,71,48,48,48,43,35,18,24,49,20,85,80,80,55,0,0],"gold":474,"neow_bonus":"THREE_ENEMY_KILL","is_daily":false,"chose_seed":false,"campfire_upgraded":2,"win_rate":0.0,"timestamp":1611701442,"path_taken":["M","M","?","M","M","?","R","E","T","R","M","M","M","M","R","BOSS","M","M","M","M"],"items_purchased_type":[],"build_version":"2020-12-22","purchased_purges":0,"victory":false,"max_hp_per_floor":[80,80,80,80,80,85,85,85,85,85,85,85,85,85,85,85,85,85,85,85,85,85],"card_choices":[{"not_picked":["Evolve","Clash"],"picked":"Inflame","floor":1},{"not_picked":["Armaments","Cleave"],"picked":"Anger","floor":2},{"not_picked":["Wild Strike","Havoc"],"picked":"Uppercut","floor":4},{"not_picked":["Headbutt","Burning Pact"],"picked":"Seeing Red","floor":5},{"not_picked":["Infernal Blade","Pommel Strike"],"picked":"Carnage","floor":6},{"not_picked":["Wild Strike","Corruption"],"picked":"Intimidate","floor":8},{"not_picked":["Clash","Fire Breathing"],"picked":"Carnage","floor":11},{"not_picked":["Dark Embrace","True Grit"],"picked":"Wild Strike","floor":12},{"not_picked":["Sword Boomerang","Blood for Blood"],"picked":"Pommel Strike","floor":13},{"not_picked":["Power Through","Sword Boomerang"],"picked":"Battle Trance","floor":14},{"not_picked":["Bludgeon","Fiend Fire"],"picked":"Offering","floor":16},{"not_picked":["Twin Strike","Blood for Blood+1"],"picked":"Clothesline","floor":18},{"not_picked":["Clothesline","Heavy Blade"],"picked":"Ghostly Armor","floor":19},{"not_picked":["Heavy Blade","Evolve"],"picked":"Body Slam+1","floor":20}],"player_experience":396200,"relics_obtained":[{"floor":8,"key":"Potion Belt"},{"floor":9,"key":"InkBottle"}],"event_choices":[{"damage_healed":0,"gold_gain":100,"player_choice":"Pray","damage_taken":0,"max_hp_gain":0,"max_hp_loss":0,"event_name":"Golden Shrine","floor":3,"gold_loss":0}],"is_beta":false,"boss_relics":[{"not_picked":["Fusion Hammer","Sozu"],"picked":"Mark of Pain"}],"items_purged_floors":[],"is_endless":false,"potions_floor_spawned":[1,5,8,13,14,18,20],"killed_by":"Centurion and Healer","ascension_level":2}}