{"host":"70zhvo5nwrhp1mbg","time":1611630852,"event":{"mods":["BaseMod","Colored Map","Colored Powertips","Filter the Spire","Highlight Path","Minty Spire (QoL Compilation)","Rare Cards Sparkle","StSLib"],"gold_per_floor":[117,117,82,93,104,134,30,30,57,57,57,57,96,115,115,115,115],"floor_reached":16,"language":"ENG","playtime":806,"items_purged":[],"score":151,"play_id":"f55f4f93-1358-4fa3-80c8-de0fe8794950","local_time":"20210125221412","is_ascension_mode":true,"campfire_choices":[{"floor":8,"key":"REST"},{"floor":10,"key":"REST"},{"floor":15,"key":"REST"}],"circlet_count":0,"master_deck":["Strike_R","Strike_R","Strike_R","Strike_R","Strike_R","Defend_R","Defend_R","Defend_R","Defend_R","Bash","Flame Barrier","Inflame","Dropkick"],"relics":["Burning Blood","NeowsBlessing","Toy Ornithopter","Omamori","Tiny Chest","Golden Idol","Letter Opener"],"acts_visited":["Exordium"],"potions_floor_usage":[6,13,16],"damage_taken":[{"damage":0,"enemies":"Jaw Worm","floor":1,"turns":1},{"damage":0,"enemies":"2 Louse","floor":4,"turns":1},{"damage":0,"enemies":"Small Slimes","floor":5,"turns":1},{"damage":57,"enemies":"Lagavulin","floor":6,"turns":7},{"damage":29,"enemies":"Gremlin Nob","floor":13,"turns":4},{"damage":17,"enemies":"Looter","floor":14,"turns":3},{"damage":75,"enemies":"Hexaghost","floor":16,"turns":11}],"seed_played":"-8238329148261469159","potions_obtained":[{"floor":1,"key":"SpeedPotion"}],"is_trial":false,"path_per_floor":["M","?","?","M","M","E","$","R","T","R","?","$","E","M","R","B"],"character_chosen":"IRONCLAD","items_purchased":["EntropicBrew"],"campfire_rested":3,"item_purchase_floors":[7],"current_hp_per_floor":[78,66,80,80,80,29,29,53,53,77,77,77,57,46,70,0,0],"gold":115,"neow_bonus":"THREE_ENEMY_KILL","is_daily":false,"chose_seed":false,"campfire_upgraded":0,"win_rate":0.0,"timestamp":1611630852,"path_taken":["M","?","?","M","M","E","$","R","T","R","?","?","E","M","R","BOSS"],"items_purchased_type":["Potion"],"build_version":"2020-12-22","purchased_purges":0,"victory":false,"max_hp_per_floor":[80,80,80,80,80,80,80,80,80,80,80,80,80,80,80,80,80],"card_choices":[{"not_picked":["Metallicize","Shrug It Off"],"picked":"Flame Barrier","floor":1},{"not_picked":["Perfected Strike","Body Slam"],"picked":"Inflame","floor":4},{"not_picked":["Warcry","Pummel","Entrench"],"picked":"SKIP","floor":5},{"not_picked":["Heavy Blade","Sword Boomerang"],"picked":"Dropkick","floor":6},{"not_picked":["Disarm","Body Slam","Twin Strike"],"picked":"SKIP","floor":13},{"not_picked":["Bloodletting","Clash","Heavy Blade"],"picked":"SKIP","floor":14}],"player_experience":499619,"relics_obtained":[{"floor":6,"key":"Omamori"},{"floor":9,"key":"Tiny Chest"},{"floor":13,"key":"Letter Opener"}],"event_choices":[{"damage_healed":0,"gold_gain":0,"player_choice":"Success","damage_taken":12,"relics_obtained":["Toy Ornithopter"],"max_hp_gain":0,"max_hp_loss":0,"event_name":"Scrap Ooze","floor":2,"gold_loss":0},{"damage_healed":20,"gold_gain":0,"player_choice":"Healed","damage_taken":0,"max_hp_gain":0,"max_hp_loss":0,"event_name":"The Cleric","floor":3,"gold_loss":35},{"damage_healed":0,"gold_gain":0,"player_choice":"Take Wound","damage_taken":0,"relics_obtained":["Golden Idol"],"max_hp_gain":0,"max_hp_loss":0,"event_name":"Golden Idol","floor":11,"gold_loss":0,"cards_obtained":["Injury"]}],"is_beta":false,"boss_relics":[],"items_purged_floors":[],"is_endless":false,"potions_floor_spawned":[1],"killed_by":"Hexaghost","ascension_level":8}}