{"host":"fryfo77ohj8mj5x2","time":1611642515,"event":{"mods":["BaseMod","Downfall","Minty Spire (QoL Compilation)","Rare Cards Sparkle","Replay The Spire","StSLib","The Jungle"],"gold_per_floor":[249,266,282,732,746,746,773,783,783,797,797,823,723,738,749,852,852,852,916,936,122,122,122,148,148,148,148,148,148,148,133,153,153,153,153],"floor_reached":33,"language":"ENG","playtime":2542,"items_purged":[],"score":270,"play_id":"cad455db-e32d-4543-b574-77acd5e0a124","local_time":"20210126002835","is_ascension_mode":false,"campfire_choices":[{"floor":9.0,"key":"RECALL"},{"floor":13.0,"key":"REST"},{"data":"bronze:Strike","floor":18.0,"key":"SMITH"},{"floor":26,"key":"REST"},{"floor":28,"key":"REST"},{"data":"bronze:DigitalCarnage","floor":30,"key":"SMITH"}],"circlet_count":0,"master_deck":["bronze:Strike","bronze:Strike","bronze:Strike","bronze:Strike","bronze:Defend","bronze:Defend","bronze:Defend","bronze:Defend","bronze:Replicate","bronze:Goto","bronze:ForLoop","bronze:WhirlingStrike","downfall:Icky","downfall:Icky","downfall:Icky","bronze:DigitalCarnage+1","bronze:WildBeam","bronze:OilSpill","CommonCold","bronze:MaxOutput","bronze:MaxOutput","bronze:Turbo","bronze:Verify","bronze:ItsAFeature","bronze:BuggyMess","bronze:GetLatest","bronze:ItsAFeature","bronze:Turbo","bronze:ClassDefault","bronze:BitShift","bronze:Allocate+1"],"relics":["Replay:Wanted Poster","Vajra","Replay:Rubber Ducky","Ring of Misfortune","ReplayTheSpireMod:Ring of Challenge","Simple Rune","downfall:HeartBlessingRed","ChewingGum","Chemical X","TungstenRod","Ornamental Fan","theJungle:WildStrawberry","Ornamental Fan","bronze:ProtectiveGoggles"],"acts_visited":["Exordium","Exordium"],"potions_floor_usage":[32],"damage_taken":[{"damage":7.0,"enemies":"2 Louse","floor":2.0,"turns":3.0},{"damage":2.0,"enemies":"Cultist","floor":3.0,"turns":5.0},{"damage":7.0,"enemies":"Small Slimes","floor":5.0,"turns":5.0},{"damage":6.0,"enemies":"3 Louse","floor":8.0,"turns":2.0},{"damage":0.0,"enemies":"2 Fungi Beasts","floor":10.0,"turns":3.0},{"damage":0.0,"enemies":"Gremlin Nob","floor":12.0,"turns":3.0},{"damage":3.0,"enemies":"Exordium Wildlife","floor":14.0,"turns":2.0},{"damage":0.0,"enemies":"3 Louse","floor":15.0,"turns":2.0},{"damage":8.0,"enemies":"WA_ARCHETYPE_RETAIN","floor":16.0,"turns":7.0},{"damage":2.0,"enemies":"theJungle:5_Spyders","floor":19.0,"turns":6.0},{"damage":15.0,"enemies":"theJungle:Flameango_and_Byrd","floor":20.0,"turns":3.0},{"damage":0.0,"enemies":"downfall:FleeingMerchant","floor":21.0,"turns":4.0},{"damage":26.0,"enemies":"JungleHuntersEvent","floor":23.0,"turns":9.0},{"damage":0,"enemies":"downfall:FleeingMerchant","floor":31,"turns":4},{"damage":15,"enemies":"theJungle:JungleHuntersEncounter","floor":32,"turns":5},{"damage":40,"enemies":"IC_MUSHROOM_ARCHETYPE","floor":33,"turns":8}],"seed_played":"-4802515686848773650","potions_obtained":[{"floor":2.0,"key":"SteroidPotion"},{"floor":8.0,"key":"FearPotion"},{"floor":12.0,"key":"Swift Potion"},{"floor":19.0,"key":"Reflective Coating"},{"floor":23.0,"key":"PowerPotion"}],"is_trial":false,"path_per_floor":["R","M","M","?","M","?","T","M","R","M","?","E","R","M","M","B",null,"R","M","M","$","?","?","T","?","R","T","R","?","R","$","M","B"],"character_chosen":"THE_AUTOMATON","items_purchased":["Chemical X","TungstenRod","Ornamental Fan","bronze:ItsAFeature","bronze:Turbo"],"campfire_rested":3,"item_purchase_floors":[21,21,21,21,21],"current_hp_per_floor":[70,63,61,61,54,54,54,48,48,48,48,48,69,66,66,58,70,70,68,53,53,47,21,21,21,44,44,67,67,67,67,52,12,12,12],"gold":153,"neow_bonus":"BOSS_RELIC","is_daily":false,"chose_seed":false,"campfire_upgraded":2,"win_rate":0.0,"timestamp":1611642515,"path_taken":["R","M","M","?","M","?","T","?","R","M","?","E","R","M","M","BOSS","R","M","M","$","?","?","T","?","R","?","R","?","R","$","M","BOSS"],"items_purchased_type":["Relic","Relic","Relic","Card","Card"],"build_version":"2020-12-22","purchased_purges":0,"victory":false,"max_hp_per_floor":[70,70,70,70,70,70,70,70,70,70,70,70,70,70,70,70,70,70,70,70,70,77,77,77,77,77,77,77,77,77,77,77,77,77,77],"card_choices":[{"not_picked":["bronze:BuggyMess","bronze:Fortify"],"picked":"bronze:ForLoop","floor":2.0},{"not_picked":["bronze:Invalidate","bronze:BugBarrage"],"picked":"bronze:WhirlingStrike","floor":3.0},{"not_picked":["bronze:Shield","bronze:Shell"],"picked":"bronze:DigitalCarnage","floor":5.0},{"not_picked":["bronze:ChildClass","bronze:Return"],"picked":"bronze:WildBeam","floor":8.0},{"not_picked":["bronze:Separator","bronze:BitShift"],"picked":"bronze:OilSpill","floor":10.0},{"not_picked":["bronze:Branch","bronze:DarkDash"],"picked":"bronze:MaxOutput","floor":12.0},{"not_picked":["bronze:Branch","bronze:DelayedGuard"],"picked":"bronze:MaxOutput","floor":14.0},{"not_picked":["bronze:Frontload","bronze:OilSpill"],"picked":"bronze:Turbo","floor":15.0},{"not_picked":["bronze:SpaghettiCode","bronze:ThunderWave"],"picked":"bronze:Verify","floor":16.0},{"not_picked":["bronze:FineTuning","bronze:Philosophize"],"picked":"bronze:ItsAFeature","floor":19.0},{"not_picked":["bronze:WhirlingStrike","bronze:BronzeOrb"],"picked":"bronze:BuggyMess","floor":20.0},{"not_picked":["bronze:Shield","bronze:Terminator+1"],"picked":"bronze:GetLatest","floor":21.0},{"not_picked":["bronze:ForceShield","bronze:BitShift"],"picked":"bronze:ClassDefault","floor":23.0},{"not_picked":["bronze:Deprecate","bronze:ChildClass"],"picked":"bronze:BitShift","floor":31},{"not_picked":["bronze:Optimize+1","bronze:WildBeam"],"picked":"bronze:Allocate+1","floor":32}],"player_experience":159879,"relics_obtained":[{"floor":6.0,"key":"Vajra"},{"floor":7.0,"key":"Replay:Rubber Ducky"},{"floor":11.0,"key":"Ring of Misfortune"},{"floor":11.0,"key":"ReplayTheSpireMod:Ring of Challenge"},{"floor":12.0,"key":"Simple Rune"},{"floor":23.0,"key":"Ornamental Fan"},{"floor":24.0,"key":"bronze:ProtectiveGoggles"}],"event_choices":[{"damage_healed":0.0,"max_hp_gain":0.0,"max_hp_loss":0.0,"gold_gain":0.0,"event_name":"Wheel of Change","player_choice":"Relic","floor":6.0,"gold_loss":0.0,"damage_taken":0.0}],"is_beta":false,"boss_relics":[{"not_picked":["SacredBark","Snecko Eye"],"picked":"ChewingGum"}],"items_purged_floors":[],"is_endless":false,"potions_floor_spawned":[2,8,12,19,20,23],"killed_by":"IC_MUSHROOM_ARCHETYPE","ascension_level":0}}