{"host":"a1xt9i3rspws3fph","time":1611651181,"event":{"mods":["2.2 Compatiblity","AchievementEnabler","BaseMod","Card Forge","Hero for Fun","HexUI Lib","Minty Spire (QoL Compilation)","StSLib","The Animator","The Hierophant","The Judge","The Marked"],"gold_per_floor":[11,11,25,37,55,86,86,101,101,101,26,42,68,79,79,175,225,236,246,48,48,68,103,103,121,121,46,46,77,94,112,112,215,215,235,253,273,286,303,331,378,411,411,444,444,456,476,503,503,503,503,503,59,84,84],"floor_reached":56,"language":"ENG","playtime":991,"items_purged":["Strike_Y+1","Defend_Y+1"],"score":1800,"play_id":"ef0ed70f-6c80-40d4-abfd-9ac6afce1547","local_time":"20210126095301","is_ascension_mode":false,"campfire_choices":[{"floor":10,"key":"RECALL"},{"data":"Get_Hopes_Up","floor":15,"key":"SMITH"},{"data":"Serious_Punch","floor":24,"key":"SMITH"},{"floor":32,"key":"REST"},{"data":"Terrifying_Presence","floor":49,"key":"SMITH"},{"data":"Wear_Disguise","floor":52,"key":"SMITH"}],"circlet_count":0,"master_deck":["Strike_Y+1","Strike_Y+1","Strike_Y+1","Strike_Y+1","Defend_Y+1","Defend_Y+1","Defend_Y+1","Defend_Y+1","Hop+1","Ignore+1","Toss_Stone+1","Slap+1","Normal_Punch+1","Consecutive_Normal_Punch+1","Get_Hopes_Up+1","Hop+1","Serious_Punch+1","Wear_Disguise+1","Serious_Punch+1","Oh","Slap+1","Terrifying_Presence+1","Serious_Punch+1"],"relics":["Cape","Hammer of Thor","Seething Fire","Anvil of the Gods","NeowsBlessing","Calipers","Anchor","Shuriken","Toxic Egg 2","Tiny House","Membership Card","Torii","MealTicket","Dream Catcher","Mummified Hand","Busted Crown","Lantern","Unceasing Top","The Courier","CaptainsWheel","Bag of Preparation","DollysMirror","Oddly Smooth Stone","Vajra","Nunchaku","Gremlin Horn","StrikeDummy","White Beast Statue"],"acts_visited":["Exordium","TheCity","TheBeyond","TheEnding"],"potions_floor_usage":[39],"damage_taken":[{"damage":0,"enemies":"Cultist","floor":1,"turns":1},{"damage":0,"enemies":"Jaw Worm","floor":3,"turns":2},{"damage":0,"enemies":"Small Slimes","floor":4,"turns":2},{"damage":0,"enemies":"Exordium Thugs","floor":5,"turns":2},{"damage":0,"enemies":"Gremlin Nob","floor":6,"turns":1},{"damage":0,"enemies":"2 Fungi Beasts","floor":8,"turns":1},{"damage":0,"enemies":"Blue Slaver","floor":12,"turns":1},{"damage":0,"enemies":"Lagavulin","floor":13,"turns":1},{"damage":0,"enemies":"Lots of Slimes","floor":14,"turns":2},{"damage":0,"enemies":"Slime Boss","floor":16,"turns":1},{"damage":0,"enemies":"3 Byrds","floor":18,"turns":2},{"damage":0,"enemies":"Chosen","floor":19,"turns":1},{"damage":0,"enemies":"Centurion and Healer","floor":22,"turns":1},{"damage":0,"enemies":"Book of Stabbing","floor":23,"turns":1},{"damage":0,"enemies":"Cultist and Chosen","floor":25,"turns":1},{"damage":0,"enemies":"Slavers","floor":29,"turns":2},{"damage":0,"enemies":"Snecko","floor":30,"turns":1},{"damage":0,"enemies":"Shelled Parasite and Fungi","floor":31,"turns":1},{"damage":0,"enemies":"Champ","floor":33,"turns":1},{"damage":0,"enemies":"3 Darklings","floor":35,"turns":2},{"damage":0,"enemies":"3 Shapes","floor":36,"turns":1},{"damage":0,"enemies":"Spire Growth","floor":37,"turns":1},{"damage":0,"enemies":"Sphere and 2 Shapes","floor":38,"turns":2},{"damage":0,"enemies":"Transient","floor":39,"turns":1},{"damage":0,"enemies":"Nemesis","floor":40,"turns":1},{"damage":0,"enemies":"2 Orb Walkers","floor":41,"turns":1},{"damage":0,"enemies":"Reptomancer","floor":42,"turns":1},{"damage":0,"enemies":"Nemesis","floor":44,"turns":1},{"damage":0,"enemies":"Spire Growth","floor":46,"turns":1},{"damage":0,"enemies":"4 Shapes","floor":47,"turns":1},{"damage":0,"enemies":"Reptomancer","floor":48,"turns":1},{"damage":0,"enemies":"Donu and Deca","floor":50,"turns":1},{"damage":0,"enemies":"Shield and Spear","floor":54,"turns":1},{"damage":0,"enemies":"The Heart","floor":55,"turns":1}],"seed_played":"-6157686536595805529","potions_obtained":[{"floor":5,"key":"Dexterity Potion"},{"floor":8,"key":"DistilledChaos"},{"floor":13,"key":"EntropicBrew"},{"floor":39,"key":"Fruit Juice"},{"floor":41,"key":"Ancient Potion"}],"is_trial":false,"path_per_floor":["M","?","M","M","M","E","?","M","T","R","$","M","E","M","R","B",null,"M","M","$","T","M","E","R","M","T","$","?","E","M","M","R","B",null,"M","M","M","M","M","E","?","E","T","E","?","M","M","E","R","B",null,"R","$","E","B",null],"character_chosen":"OPM","items_purchased":["Membership Card","Dream Catcher","DollysMirror","Oddly Smooth Stone","Vajra","Nunchaku","Gremlin Horn","StrikeDummy"],"campfire_rested":1,"item_purchase_floors":[20,27,53,53,53,53,53,53],"current_hp_per_floor":[999,999,999,999,999,999,999,999,999,999,999,999,999,999,999,999,1004,1004,1004,1004,1004,1004,1004,1004,1004,1004,1004,1004,1004,1004,1004,1004,1004,1004,1004,1004,1004,1004,1009,1009,1009,1009,1009,1009,1009,1009,1009,1009,1009,1009,1009,1009,1009,1009,1009],"gold":84,"neow_bonus":"THREE_ENEMY_KILL","is_daily":false,"chose_seed":false,"campfire_upgraded":4,"win_rate":0.0,"timestamp":1611651181,"path_taken":["M","?","M","M","M","E","?","?","T","R","$","M","E","M","R","BOSS","M","M","$","?","M","E","R","M","T","$","?","E","?","M","R","BOSS","M","M","M","M","M","E","?","E","T","E","?","M","?","E","R","BOSS","R","$","E","BOSS"],"items_purchased_type":["Relic","Relic","Relic","Relic","Relic","Relic","Relic","Relic"],"build_version":"2020-12-22","purchased_purges":2,"victory":true,"max_hp_per_floor":[999,999,999,999,999,999,999,999,999,999,999,999,999,999,999,999,1004,1004,1004,1004,1004,1004,1004,1004,1004,1004,1004,1004,1004,1004,1004,1004,1004,1004,1004,1004,1004,1004,1009,1009,1009,1009,1009,1009,1009,1009,1009,1009,1009,1009,1009,1009,1009,1009,1009],"card_choices":[{"not_picked":["Slap","Toss_Stone"],"picked":"Hop","floor":1},{"not_picked":["Hop","Side_Hop"],"picked":"Ignore","floor":3},{"not_picked":["Side_Hop","Do_Nothing"],"picked":"Toss_Stone","floor":4},{"not_picked":["Yawn","Ignore"],"picked":"Slap","floor":5},{"not_picked":["Do_Nothing","Yawn"],"picked":"Normal_Punch","floor":6},{"not_picked":["Hop","Yawn"],"picked":"Consecutive_Normal_Punch","floor":8},{"not_picked":["Slap","Yawn"],"picked":"Get_Hopes_Up","floor":12},{"not_picked":["Wear_Disguise","Do_Nothing+1"],"picked":"Hop+1","floor":13},{"not_picked":["Consecutive_Normal_Punch","Ignore+1","Do_Nothing+1"],"picked":"SKIP","floor":14},{"not_picked":["Get_Hopes_Up+1","Serious_Side_Hops+1"],"picked":"Serious_Punch","floor":16},{"not_picked":["Normal_Punch","Ignore+1","Side_Hop+1"],"picked":"SKIP","floor":18},{"not_picked":["Consecutive_Normal_Punch","Ignore+1","Yawn+1"],"picked":"SKIP","floor":19},{"not_picked":["Normal_Punch","Do_Nothing+1","Slap"],"picked":"SKIP","floor":22},{"not_picked":["Do_Nothing+1","Yawn+1","Toss_Stone"],"picked":"SKIP","floor":23},{"not_picked":["Wear_Disguise+1","Hop+1","Side_Hop+1"],"picked":"SKIP","floor":25},{"not_picked":["Ignore+1","Normal_Punch+1"],"picked":"Wear_Disguise","floor":29},{"not_picked":["Normal_Punch","Hop+1","Wear_Disguise"],"picked":"SKIP","floor":30},{"not_picked":["Wear_Disguise","Ignore+1","Toss_Stone"],"picked":"SKIP","floor":31},{"not_picked":["Hop+1","Wear_Disguise"],"picked":"Serious_Punch","floor":32},{"not_picked":["Get_Hopes_Up+1","Serious_Punch"],"picked":"Oh","floor":33},{"not_picked":["Slap"],"picked":"SKIP","floor":35},{"not_picked":["Yawn+1"],"picked":"SKIP","floor":36},{"not_picked":["Do_Nothing+1"],"picked":"SKIP","floor":37},{"not_picked":["Side_Hop+1"],"picked":"SKIP","floor":38},{"not_picked":["Normal_Punch"],"picked":"SKIP","floor":39},{"not_picked":["Ignore+1"],"picked":"SKIP","floor":40},{"not_picked":["Hop+1"],"picked":"SKIP","floor":42},{"not_picked":["Normal_Punch"],"picked":"SKIP","floor":44},{"not_picked":["Side_Hop+1"],"picked":"SKIP","floor":46},{"not_picked":[],"picked":"Slap+1","floor":47},{"not_picked":[],"picked":"Terrifying_Presence","floor":48},{"not_picked":["Normal_Punch"],"picked":"SKIP","floor":54}],"player_experience":242991,"relics_obtained":[{"floor":6,"key":"Anchor"},{"floor":9,"key":"Shuriken"},{"floor":13,"key":"Toxic Egg 2"},{"floor":23,"key":"Torii"},{"floor":26,"key":"MealTicket"},{"floor":29,"key":"Mummified Hand"},{"floor":40,"key":"Lantern"},{"floor":41,"key":"Unceasing Top"},{"floor":42,"key":"The Courier"},{"floor":43,"key":"CaptainsWheel"},{"floor":44,"key":"Bag of Preparation"},{"floor":54,"key":"White Beast Statue"}],"event_choices":[{"damage_healed":0,"gold_gain":0,"player_choice":"Box","damage_taken":0,"relics_obtained":["Calipers"],"max_hp_gain":0,"max_hp_loss":0,"event_name":"Big Fish","floor":2,"gold_loss":0,"cards_obtained":["Regret"]},{"cards_removed":["Regret"],"damage_healed":0,"gold_gain":0,"player_choice":"Card Removal","damage_taken":7,"max_hp_gain":0,"max_hp_loss":0,"event_name":"Golden Wing","floor":7,"gold_loss":0},{"damage_healed":0,"gold_gain":0,"player_choice":"Leave","damage_taken":0,"max_hp_gain":0,"max_hp_loss":0,"event_name":"FaceTrader","floor":28,"gold_loss":0},{"damage_healed":0,"gold_gain":0,"player_choice":"Fight","damage_taken":0,"max_hp_gain":0,"max_hp_loss":0,"event_name":"Mysterious Sphere","floor":41,"gold_loss":0},{"damage_healed":0,"gold_gain":0,"player_choice":"Forge","damage_taken":0,"max_hp_gain":0,"max_hp_loss":0,"event_name":"Accursed Blacksmith","floor":45,"gold_loss":0,"cards_upgraded":["Serious_Punch"]}],"is_beta":false,"boss_relics":[{"not_picked":["Empty Cage","Pandora\u0027s Box"],"picked":"Tiny House"},{"not_picked":["Black Star","SlaversCollar"],"picked":"Busted Crown"}],"items_purged_floors":[11,20],"is_endless":false,"potions_floor_spawned":[5,8,13,23,30,31,37,38,39,41,46,48],"ascension_level":0}}