{"host":"6p0attdrtjqaih7v","time":1611687923,"event":{"mods":["2.2 Compatiblity","AchievementEnabler","Bard","BaseMod","Better Skull","Better Third Choice","Colored Powertips","Hermit","Highlight Path","Jorbs\u0027s Wanderer Trilogy","Key Reminder","Minty Spire (QoL Compilation)","Permanent Neow","Quick Restart","Random Character Button","Relic Stats","Replay The Spire","Robot Space Explorer","StSLib"],"gold_per_floor":[368,384,24,24,99,99,109,109,133,163,163,188,205,233,233,306,306,318,318,243,52,62,88,101,101,128,128,140,140,167,185,185,263,263,275,291,9,21,35,35,60,60,106,106,106,24,38,38,38,38,38,38],"floor_reached":51,"language":"ENG","playtime":3801,"items_purged":["bard:Strike","Pain"],"score":1645,"play_id":"9c093f05-3016-4044-869f-f94c85792fc3","local_time":"20210126140523","is_ascension_mode":true,"campfire_choices":[{"floor":6,"key":"REST"},{"data":"bard:Inspire","floor":8,"key":"SMITH"},{"data":"bard:Shifting","floor":11,"key":"SMITH"},{"floor":15,"key":"REST"},{"data":"bard:LifeDrain","floor":25,"key":"SMITH"},{"data":"RitualDagger","floor":29,"key":"SMITH"},{"data":"Leg Sweep","floor":32,"key":"SMITH"},{"floor":40,"key":"REST"},{"data":"bard:EchoEcho","floor":42,"key":"SMITH"},{"data":"bard:PowerWordStun","floor":45,"key":"SMITH"},{"floor":49,"key":"REST"}],"circlet_count":0,"master_deck":["AscendersBane","bard:Strike","bard:Defend","bard:Defend","bard:Defend","bard:Defend","bard:Inspire+1","bard:ViciousMockery","Neutralize","Heel Hook","bard:Shifting+1","Leg Sweep+1","bard:Fermata","bard:Flourish","bard:PowerWordStun+1","bard:OffKey+1","bard:LingeringEcho","bard:SixFourTime+1","bard:TinyHut","bard:Heroism","bard:LifeDrain+1","RitualDagger+1","bard:Flourish+1","bard:PowerWordStun","bard:EchoEcho+1","bard:Invisibility","bard:Thunderwave","bard:DiscordantVoice+1","bard:Thunderwave","bard:CovetousAura+1","Magnetism+1","bard:Aphasia","bard:Rhapsody"],"relics":["bard:BagPipes","Frozen Egg 2","m_ChordRing","PreservedInsect","Replay:Accelerometer","Replay:Wax Seal","ReplayTheSpireMod:Ninjato","Snecko Eye","bard:MagicTuningFork","Gremlin Horn","Smiling Mask","Letter Opener","Empty Cage","Paper Crane","Bird Faced Urn","Bag of Preparation"],"acts_visited":["Exordium","TheCity","TheBeyond"],"potions_floor_usage":[12,16,16,18,33,33,41,50,51],"damage_taken":[{"damage":0,"enemies":"Cultist","floor":1,"turns":5},{"damage":16,"enemies":"2 Louse","floor":2,"turns":4},{"damage":0,"enemies":"Jaw Worm","floor":7,"turns":3},{"damage":7,"enemies":"Replay:BlueRogue","floor":10,"turns":4},{"damage":0,"enemies":"Gremlin Nob","floor":12,"turns":2},{"damage":0,"enemies":"Exordium Wildlife","floor":13,"turns":2},{"damage":0,"enemies":"Replay:BlueRogue","floor":14,"turns":5},{"damage":17,"enemies":"Slime Boss","floor":16,"turns":8},{"damage":0,"enemies":"Spheric Guardian","floor":18,"turns":5},{"damage":0,"enemies":"Shell Parasite","floor":22,"turns":3},{"damage":1,"enemies":"Replay:Snechameleon","floor":23,"turns":5},{"damage":0,"enemies":"Snake Plant","floor":24,"turns":4},{"damage":0,"enemies":"Centurion and Healer","floor":28,"turns":3},{"damage":0,"enemies":"Book of Stabbing","floor":30,"turns":3},{"damage":0,"enemies":"Snecko","floor":31,"turns":6},{"damage":54,"enemies":"Collector","floor":33,"turns":11},{"damage":0,"enemies":"Orb Walker","floor":35,"turns":8},{"damage":0,"enemies":"3 Shapes","floor":36,"turns":3},{"damage":7,"enemies":"Writhing Mass","floor":38,"turns":6},{"damage":11,"enemies":"Spire Growth","floor":39,"turns":8},{"damage":0,"enemies":"Giant Head","floor":41,"turns":11},{"damage":0,"enemies":"Sphere and 2 Shapes","floor":46,"turns":7},{"damage":1,"enemies":"4 Shapes","floor":47,"turns":3},{"damage":16,"enemies":"Donu and Deca","floor":50,"turns":6},{"damage":62,"enemies":"Awakened One","floor":51,"turns":3}],"seed_played":"1194404423318150570","potions_obtained":[{"floor":7,"key":"Adrenaline Potion"},{"floor":10,"key":"Toxic Potion"},{"floor":12,"key":"Energy Potion"},{"floor":14,"key":"FearPotion"},{"floor":16,"key":"DistilledChaos"},{"floor":23,"key":"BlessingOfTheForge"},{"floor":28,"key":"SkillPotion"},{"floor":33,"key":"PowerPotion"},{"floor":36,"key":"Dexterity Potion"},{"floor":46,"key":"DistilledChaos"}],"is_trial":false,"path_per_floor":["M","M","$","?","?","R","M","R","T","E","R","E","M","E","R","B",null,"M","?","?","$","M","E","M","R","T","?","M","R","E","M","R","B",null,"M","M","$","M","M","R","E","R","T","?","R","M","M","?","R","B","B"],"character_chosen":"BARD","items_purchased":["Frozen Egg 2","bard:LingeringEcho","bard:SixFourTime+1","Paper Crane","bard:Thunderwave","bard:DiscordantVoice+1"],"campfire_rested":4,"item_purchase_floors":[3,21,21,37,37,37],"current_hp_per_floor":[44,28,28,28,17,36,36,36,36,29,29,29,29,29,48,31,57,57,57,66,66,66,65,65,65,65,59,59,59,59,59,59,5,51,51,51,51,44,33,52,52,52,52,42,42,48,51,51,66,54,0,0],"gold":38,"neow_bonus":"TWO_FIFTY_GOLD","is_daily":false,"chose_seed":false,"campfire_upgraded":7,"win_rate":0.0,"timestamp":1611687923,"path_taken":["M","M","?","?","?","R","M","R","T","E","R","E","M","E","R","BOSS","M","?","?","$","?","E","M","R","T","?","M","R","E","M","R","BOSS","M","M","$","M","M","R","E","R","T","?","R","M","M","?","R","BOSS","BOSS"],"items_purchased_type":["Relic","Card","Card","Relic","Card","Card"],"build_version":"2020-12-22","purchased_purges":2,"victory":false,"max_hp_per_floor":[66,66,66,66,66,66,66,66,66,66,66,66,66,66,66,66,66,66,66,66,66,66,66,66,66,66,66,66,66,66,66,66,66,66,66,66,66,66,66,66,66,66,66,66,66,66,66,66,66,66,66,66],"relic_stats":{"Gremlin Horn":[14,14],"counters":[25,128],"Bird Faced Urn":[18],"Snecko Eye":[188,189,209,197],"PreservedInsect":278,"Bag of Preparation":[4],"Letter Opener":[51],"Smiling Mask":0,"obtain_stats":[{"bard:BagPipes":0,"Replay:Accelerometer":10,"ReplayTheSpireMod:Ninjato":14,"bard:PitchPipe":0,"Gremlin Horn":23,"PreservedInsect":9,"Bag of Preparation":43,"Letter Opener":30,"Frozen Egg 2":3,"Paper Crane":37,"Smiling Mask":26,"Empty Cage":34,"m_ChordRing":4,"Bird Faced Urn":41,"Snecko Eye":17,"bard:MagicTuningFork":20,"Replay:Wax Seal":12},{"bard:BagPipes":0,"Replay:Accelerometer":4,"ReplayTheSpireMod:Ninjato":7,"bard:PitchPipe":0,"Gremlin Horn":11,"PreservedInsect":3,"Bag of Preparation":21,"Letter Opener":14,"Frozen Egg 2":2,"Paper Crane":18,"Smiling Mask":12,"Empty Cage":16,"m_ChordRing":2,"Bird Faced Urn":21,"Snecko Eye":8,"bard:MagicTuningFork":9,"Replay:Wax Seal":5},{"bard:BagPipes":0,"Replay:Accelerometer":16,"ReplayTheSpireMod:Ninjato":25,"bard:PitchPipe":0,"Gremlin Horn":46,"PreservedInsect":12,"Bag of Preparation":109,"Letter Opener":56,"Frozen Egg 2":9,"Paper Crane":84,"Smiling Mask":50,"Empty Cage":73,"m_ChordRing":9,"Bird Faced Urn":109,"Snecko Eye":33,"bard:MagicTuningFork":38,"Replay:Wax Seal":18}]},"card_choices":[{"not_picked":["bard:Sift","bard:CuttingWords","bard:FeastOnFear"],"picked":"SKIP","floor":1},{"not_picked":["bard:PhantasmalForce","bard:BestowCurse"],"picked":"bard:ViciousMockery","floor":2},{"not_picked":["bard:FeastOnFear","bard:LifeDrain"],"picked":"Heel Hook","floor":7},{"not_picked":["bard:PhantasmalForce","bard:Sift"],"picked":"bard:Shifting","floor":10},{"not_picked":["bard:Heroism","bard:EchoEcho"],"picked":"Leg Sweep","floor":12},{"not_picked":["bard:HideousLaughter","bard:QuickSong"],"picked":"bard:Fermata","floor":13},{"not_picked":["bard:Demoralize","bard:Fermata"],"picked":"bard:Flourish","floor":14},{"not_picked":["bard:Encore","bard:Haste"],"picked":"bard:PowerWordStun","floor":16},{"not_picked":["bard:StudiedStrike","bard:HideousLaughter"],"picked":"bard:OffKey+1","floor":18},{"not_picked":["bard:Greatness","bard:BestowCurse"],"picked":"bard:TinyHut","floor":22},{"not_picked":["bard:SixFourTime+1","bard:BucklerBash"],"picked":"bard:Heroism","floor":23},{"not_picked":["bard:BestowCurse","bard:EnGarde"],"picked":"bard:LifeDrain","floor":24},{"not_picked":["bard:Fermata+1","bard:Rest"],"picked":"bard:Flourish+1","floor":28},{"not_picked":["bard:BottledSong","bard:LingeringEcho","bard:LocateObject"],"picked":"SKIP","floor":30},{"not_picked":["bard:Parry+1","bard:Fermata","bard:Sift"],"picked":"SKIP","floor":31},{"not_picked":["bard:Encore","bard:Focused"],"picked":"bard:PowerWordStun","floor":33},{"not_picked":["bard:Parry","bard:Doot"],"picked":"bard:EchoEcho","floor":35},{"not_picked":["bard:Parry","bard:TinyHut"],"picked":"bard:Invisibility","floor":36},{"not_picked":["bard:Parry","bard:Sift"],"picked":"bard:Thunderwave","floor":38},{"not_picked":["bard:LocateObject","bard:CuttingWords","bard:HideousLaughter"],"picked":"SKIP","floor":39},{"not_picked":["bard:GuardPoint+1","bard:Fermata"],"picked":"bard:CovetousAura+1","floor":41},{"not_picked":["Jack Of All Trades","Panacea"],"picked":"Magnetism+1","floor":44},{"not_picked":["bard:ViciousMockery","bard:FirstStrike"],"picked":"bard:Aphasia","floor":46},{"not_picked":["bard:LingeringEcho","bard:FeastOnFear+1","bard:EnGarde"],"picked":"SKIP","floor":47}],"player_experience":951499,"relics_obtained":[{"floor":9,"key":"PreservedInsect"},{"floor":10,"key":"Replay:Accelerometer"},{"floor":12,"key":"Replay:Wax Seal"},{"floor":14,"key":"ReplayTheSpireMod:Ninjato"},{"floor":23,"key":"Gremlin Horn"},{"floor":26,"key":"Smiling Mask"},{"floor":30,"key":"Letter Opener"},{"floor":41,"key":"Bird Faced Urn"},{"floor":43,"key":"Bag of Preparation"}],"event_choices":[{"damage_healed":0,"gold_gain":75,"player_choice":"Gather Gold","damage_taken":11,"max_hp_gain":0,"max_hp_loss":0,"event_name":"World of Goop","floor":5,"gold_loss":0},{"damage_healed":0,"gold_gain":0,"player_choice":"Joined the Cult","damage_taken":6,"max_hp_gain":0,"max_hp_loss":0,"event_name":"Nest","floor":27,"gold_loss":0,"cards_obtained":["RitualDagger"]},{"damage_healed":0,"gold_gain":0,"player_choice":"Memory 3","damage_taken":10,"max_hp_gain":0,"max_hp_loss":0,"event_name":"SensoryStone","floor":44,"gold_loss":0},{"damage_healed":0,"gold_gain":0,"player_choice":"Random: Orange","damage_taken":0,"max_hp_gain":0,"max_hp_loss":0,"event_name":"betterThird:BetterPortal","floor":48,"gold_loss":0},{"damage_healed":0,"gold_gain":0,"player_choice":"1 cards matched","damage_taken":0,"max_hp_gain":0,"max_hp_loss":0,"event_name":"Match and Keep!","floor":48,"gold_loss":0,"cards_obtained":["bard:Rhapsody"]}],"is_beta":false,"boss_relics":[{"not_picked":["SacredBark","ChewingGum"],"picked":"Snecko Eye"},{"not_picked":["Ring of Chaos","Runic Pyramid"],"picked":"Empty Cage"}],"items_purged_floors":[3,21],"is_endless":false,"potions_floor_spawned":[7,10,12,13,14,16,23,28,33,36,46,47],"killed_by":"Awakened One","ascension_level":20}}