{"host":"61r95uy0hn86b9iu","time":1611700124,"event":{"mods":["AchievementEnabler","BaseMod","Better Vampires","BetterRewards","Colored Powertips","Hubris","Minty Spire (QoL Compilation)","Shop Mod","StSLib"],"gold_per_floor":[116,132,25,25,25,25,45,45,95,20,20,35,35,79,79,177,177,197,177,196,12,12,12,50,50,50,50,100,140,160,284,284,380,380,395,51,51,74,74,74,118,118,199,267,75,75,106,106,106,106,106,106,37,76,76],"floor_reached":56,"language":"ENG","playtime":2424,"items_purged":["Strike_B","Strike_B","Strike_B","Defend_B"],"score":2546,"play_id":"e622348a-0963-4c9a-a24a-5bf3f0edc7d0","local_time":"20210126162844","is_ascension_mode":true,"campfire_choices":[{"floor":6.0,"key":"REST"},{"data":"Zap","floor":8.0,"key":"SMITH"},{"data":"Barrage","floor":15.0,"key":"SMITH"},{"floor":23.0,"key":"REST"},{"data":"Dualcast","floor":25.0,"key":"SMITH"},{"floor":27.0,"key":"RECALL"},{"floor":32.0,"key":"REST"},{"floor":40.0,"key":"REST"},{"data":"Self Repair","floor":42.0,"key":"SMITH"},{"floor":46.0,"key":"REST"},{"data":"hubris:Ukulele","floor":49,"key":"SMITH"},{"data":"Defend_B","floor":52,"key":"SMITH"}],"circlet_count":0,"master_deck":["AscendersBane","Defend_B","Defend_B","Defend_B+1","Zap+1","Dualcast+1","Seek+1","Self Repair+1","White Noise+1","Barrage+1","Leap+1","Doom and Gloom","Deep Breath+1","Leap+1","hubris:Ukulele+1","Conserve Battery+1","Echo Form+1","Loop+1","Force Field+1","Coolheaded+1","Amplify+1","CurseOfTheBell","Defragment+1","Double Energy+1","Consume+1","Undo+1","Defragment+1","Static Discharge+1"],"relics":["Cracked Core","Toxic Egg 2","MerchantsRug","Golden Idol","Blood Vial","hubris:Icosahedron","Mercury Hourglass","Frozen Egg 2","hubris:RunicObelisk","Toy Ornithopter","Nilry\u0027s Codex","PreservedInsect","Pen Nib","hubris:CuriousFeather","hubris:TinFlute","Torii","Nunchaku"],"acts_visited":["Exordium","TheCity","TheBeyond","TheEnding"],"potions_floor_usage":[48,50,55,55],"damage_taken":[{"damage":4.0,"enemies":"Jaw Worm","floor":1.0,"turns":4.0},{"damage":9.0,"enemies":"Small Slimes","floor":2.0,"turns":4.0},{"damage":2.0,"enemies":"2 Louse","floor":7.0,"turns":2.0},{"damage":1.0,"enemies":"Blue Slaver","floor":12.0,"turns":4.0},{"damage":20.0,"enemies":"Gremlin Nob","floor":14.0,"turns":3.0},{"damage":15.0,"enemies":"Hexaghost","floor":16.0,"turns":9.0},{"damage":3.0,"enemies":"3 Byrds","floor":18.0,"turns":3.0},{"damage":0.0,"enemies":"Spheric Guardian","floor":20.0,"turns":3.0},{"damage":21.0,"enemies":"Book of Stabbing","floor":24.0,"turns":5.0},{"damage":25.0,"enemies":"Slavers","floor":29.0,"turns":4.0},{"damage":16.0,"enemies":"Centurion and Healer","floor":30.0,"turns":4.0},{"damage":10.0,"enemies":"Chosen and Byrds","floor":31.0,"turns":4.0},{"damage":52.0,"enemies":"Collector","floor":33.0,"turns":7.0},{"damage":17.0,"enemies":"Orb Walker","floor":35.0,"turns":3.0},{"damage":6.0,"enemies":"3 Shapes","floor":38.0,"turns":3.0},{"damage":0.0,"enemies":"Giant Head","floor":41.0,"turns":6.0},{"damage":61.0,"enemies":"2 Orb Walkers","floor":44.0,"turns":7.0},{"damage":1.0,"enemies":"Nemesis","floor":47.0,"turns":5.0},{"damage":0,"enemies":"Jaw Worm Horde","floor":48,"turns":1},{"damage":17,"enemies":"Donu and Deca","floor":50,"turns":8},{"damage":17,"enemies":"Shield and Spear","floor":54,"turns":7},{"damage":86,"enemies":"The Heart","floor":55,"turns":13}],"seed_played":"9215545251870950812","potions_obtained":[{"floor":7.0,"key":"Energy Potion"},{"floor":19.0,"key":"EntropicBrew"},{"floor":20.0,"key":"Explosive Potion"},{"floor":30.0,"key":"LiquidBronze"},{"floor":31.0,"key":"GamblersBrew"},{"floor":35.0,"key":"LiquidMemories"},{"floor":38.0,"key":"Fire Potion"},{"floor":44.0,"key":"ColorlessPotion"}],"is_trial":false,"path_per_floor":["M","M","$","?","?","R","M","R","T","?","?","M","T","E","R","B",null,"M","?","M","$","?","R","E","R","T","R","?","E","M","M","R","B",null,"M","$","?","M","T","R","E","R","T","?","$","R","E","M","R","B",null,"R","$","E","B",null],"character_chosen":"DEFECT","items_purchased":["Toxic Egg 2","Seek+1","MerchantsRug","Self Repair","Barrage","Deep Breath+1","Loop+1","Toy Ornithopter","hubris:TinFlute","Defragment+1","Defragment+1","Static Discharge+1","Explosive Potion","AttackPotion"],"campfire_rested":5,"item_purchase_floors":[0,0,0,0,0,3,21,21,36,36,45,53,53,53],"current_hp_per_floor":[46,44,44,33,33,54,59,59,59,59,59,71,71,58,58,52,66,71,71,71,71,50,71,50,50,50,50,50,41,27,31,52,34,62,54,54,54,50,50,71,71,71,71,35,35,56,71,71,71,64,69,69,69,71,23],"gold":76,"neow_bonus":"","is_daily":false,"chose_seed":false,"campfire_upgraded":6,"win_rate":0.0,"timestamp":1611700124,"path_taken":["M","M","$","?","?","R","M","R","T","?","?","M","?","E","R","BOSS","M","?","?","?","?","R","E","R","T","R","?","E","?","M","R","BOSS","M","$","?","?","?","R","E","R","T","?","$","R","E","M","R","BOSS","R","$","E","BOSS"],"items_purchased_type":["Relic","Card","Relic","Card","Card","Card","Card","Relic","Relic","Card","Card","Card","Potion","Potion"],"build_version":"2020-12-22","purchased_purges":4,"victory":true,"max_hp_per_floor":[71,71,71,71,71,71,71,71,71,71,71,71,71,71,71,71,71,71,71,71,71,71,71,71,71,71,71,71,71,71,71,71,71,71,71,71,71,71,71,71,71,71,71,71,71,71,71,71,71,71,71,71,71,71,71],"card_choices":[{"not_picked":["Coolheaded+1","Melter"],"picked":"Leap+1","floor":1.0},{"not_picked":["Sweeping Beam","Stack+1"],"picked":"Doom and Gloom","floor":2.0},{"not_picked":["Barrage","hubris:DoWhile+1"],"picked":"Leap+1","floor":7.0},{"not_picked":["Go for the Eyes","Coolheaded+1"],"picked":"hubris:Ukulele","floor":12.0},{"not_picked":["Stack+1","Coolheaded+1"],"picked":"Conserve Battery+1","floor":14.0},{"not_picked":["Biased Cognition+1","Thunder Strike"],"picked":"Echo Form+1","floor":16.0},{"not_picked":["Sweeping Beam","Gash+1","Rebound+1"],"picked":"SKIP","floor":18.0},{"not_picked":["Heatsinks+1","Streamline","Beam Cell"],"picked":"SKIP","floor":20.0},{"not_picked":["Hologram+1","Compile Driver"],"picked":"Force Field+1","floor":24.0},{"not_picked":["Darkness+1","Barrage","Rebound"],"picked":"SKIP","floor":29.0},{"not_picked":["Rebound","Beam Cell"],"picked":"Coolheaded+1","floor":30.0},{"not_picked":["hubris:DoWhile+1","Barrage","Doom and Gloom+1"],"picked":"SKIP","floor":31.0},{"not_picked":["Biased Cognition+1","Machine Learning+1"],"picked":"Amplify+1","floor":33.0},{"not_picked":["Melter+1","Rebound+1","Stack+1"],"picked":"SKIP","floor":35.0},{"not_picked":["BootSequence+1","Redo+1"],"picked":"Double Energy+1","floor":38.0},{"not_picked":["Doom and Gloom+1","Ball Lightning+1"],"picked":"Consume+1","floor":41.0},{"not_picked":["FTL+1","Hello World+1"],"picked":"Undo+1","floor":44.0},{"not_picked":["Scrape+1","Ball Lightning+1","Cold Snap+1"],"picked":"SKIP","floor":47.0},{"not_picked":["Conserve Battery+1","Steam Power+1","Sweeping Beam"],"picked":"SKIP","floor":54}],"player_experience":3304730,"relics_obtained":[{"floor":9.0,"key":"Blood Vial"},{"floor":13.0,"key":"Mercury Hourglass"},{"floor":14.0,"key":"Frozen Egg 2"},{"floor":22.0,"key":"Nilry\u0027s Codex"},{"floor":24.0,"key":"Calipers"},{"floor":26.0,"key":"PreservedInsect"},{"floor":29.0,"key":"Pen Nib"},{"floor":34.0,"key":"Akabeko"},{"floor":34.0,"key":"Molten Egg 2"},{"floor":34.0,"key":"hubris:CuriousFeather"},{"floor":39.0,"key":"Potion Belt"},{"floor":41.0,"key":"Gremlin Horn"},{"floor":44.0,"key":"Torii"},{"floor":47.0,"key":"Dead Branch"},{"floor":54,"key":"Nunchaku"}],"event_choices":[{"damage_healed":0.0,"max_hp_gain":0.0,"max_hp_loss":0.0,"gold_gain":0.0,"event_name":"Scrap Ooze","player_choice":"Success","floor":4.0,"gold_loss":0.0,"damage_taken":11.0,"relics_obtained":["Dream Catcher"]},{"damage_healed":0.0,"max_hp_gain":0.0,"max_hp_loss":0.0,"gold_gain":0.0,"event_name":"Golden Idol","player_choice":"Take Wound","floor":5.0,"gold_loss":0.0,"damage_taken":0.0,"relics_obtained":["Golden Idol"],"cards_obtained":["Injury"]},{"cards_removed":["Injury"],"damage_healed":0.0,"max_hp_gain":0.0,"max_hp_loss":0.0,"gold_gain":0.0,"event_name":"The Cleric","player_choice":"Card Removal","floor":10.0,"gold_loss":75.0,"damage_taken":0.0},{"damage_healed":0.0,"max_hp_gain":0.0,"max_hp_loss":0.0,"gold_gain":0.0,"event_name":"The Woman in Blue","player_choice":"Bought 1 Potion","floor":19.0,"gold_loss":0.0,"damage_taken":0.0},{"damage_healed":0.0,"max_hp_gain":0.0,"max_hp_loss":0.0,"gold_gain":0.0,"event_name":"Cursed Tome","player_choice":"Obtained Book","floor":22.0,"gold_loss":0.0,"damage_taken":21.0},{"damage_healed":0.0,"max_hp_gain":0.0,"max_hp_loss":0.0,"gold_gain":100.0,"event_name":"The Joust","player_choice":"Bet on Murderer","floor":28.0,"gold_loss":50.0,"damage_taken":0.0},{"cards_removed":["Strike_B"],"damage_healed":0.0,"max_hp_gain":0.0,"max_hp_loss":0.0,"gold_gain":0.0,"event_name":"Purifier","player_choice":"Purged","floor":37.0,"gold_loss":0.0,"damage_taken":0.0},{"damage_healed":0.0,"max_hp_gain":0.0,"max_hp_loss":0.0,"gold_gain":0.0,"event_name":"Mysterious Sphere","player_choice":"Fight","floor":44.0,"gold_loss":0.0,"damage_taken":0.0}],"is_beta":false,"boss_relics":[{"not_picked":["Sozu","Empty Cage"],"picked":"hubris:RunicObelisk"},{"not_picked":["Runic Pyramid","Nuclear Battery"],"picked":"Calling Bell"}],"items_purged_floors":[0,36,45,53],"is_endless":false,"potions_floor_spawned":[7,20,30,31,35,38,44,48],"ascension_level":17}}