{"host":"n9oz7eo077gsfu2d","time":1611700474,"event":{"mods":["2.2 Compatiblity","BaseMod","Colored Map","Custom Start","DeckTracker","KOR Keyword Fix","Minty Spire (QoL Compilation)","StSLib","SuperFastMode"],"gold_per_floor":[117,117,42,42,56,85,85,85,85,85,17,17,41,16,16,147,147,161,161,176,176,190,190,190,190,190,213,213,213,213,236,236,236,236],"floor_reached":33,"language":"KOR","playtime":832,"items_purged":["Defend_G"],"score":293,"play_id":"86dfd74e-a150-4251-a089-6738ea651f6f","local_time":"20210127073434","is_ascension_mode":true,"campfire_choices":[{"data":"Dagger Spray","floor":8.0,"key":"SMITH"},{"floor":10.0,"key":"REST"},{"data":"Infinite Blades","floor":12.0,"key":"SMITH"},{"data":"Neutralize","floor":15.0,"key":"SMITH"},{"data":"Envenom","floor":23.0,"key":"SMITH"},{"data":"Survivor","floor":25.0,"key":"SMITH"},{"data":"Dagger Spray","floor":29.0,"key":"SMITH"},{"data":"Deflect","floor":32.0,"key":"SMITH"}],"circlet_count":0,"master_deck":["Strike_G","Strike_G","Defend_G+1","Defend_G","Defend_G","Defend_G+1","Survivor+1","Neutralize+1","Dagger Spray+1","Deflect+1","Infinite Blades+1","Slice","Envenom+1","Infinite Blades","Endless Agony","Dagger Spray+1"],"relics":["Ring of the Snake","NeowsBlessing","War Paint","Golden Idol","Shuriken","Coffee Dripper","Darkstone Periapt","Bottled Flame","Mercury Hourglass"],"acts_visited":["Exordium","TheCity"],"potions_floor_usage":[],"damage_taken":[{"damage":0.0,"enemies":"2 Louse","floor":1.0,"turns":1.0},{"damage":0.0,"enemies":"Small Slimes","floor":5.0,"turns":1.0},{"damage":0.0,"enemies":"Gremlin Nob","floor":6.0,"turns":1.0},{"damage":0.0,"enemies":"Cultist","floor":13.0,"turns":3.0},{"damage":24.0,"enemies":"The Guardian","floor":16.0,"turns":7.0},{"damage":19.0,"enemies":"3 Byrds","floor":18.0,"turns":4.0},{"damage":10.0,"enemies":"Spheric Guardian","floor":20.0,"turns":4.0},{"damage":16.0,"enemies":"Shelled Parasite and Fungi","floor":22.0,"turns":5.0},{"damage":13.0,"enemies":"Snake Plant","floor":27.0,"turns":4.0},{"damage":0.0,"enemies":"3 Cultists","floor":31.0,"turns":2.0},{"damage":25,"enemies":"Champ","floor":33,"turns":6}],"seed_played":"-1215695597797522234","potions_obtained":[{"floor":1.0,"key":"CunningPotion"},{"floor":16.0,"key":"SneckoOil"},{"floor":27.0,"key":"SteroidPotion"},{"floor":31.0,"key":"SpeedPotion"}],"is_trial":false,"path_per_floor":["M","?","$","?","M","E","?","R","T","R","$","R","M","?","R","B",null,"M","?","M","?","M","R","?","R","T","M","T","R","?","M","R","B"],"character_chosen":"THE_SILENT","items_purchased":["Infinite Blades"],"campfire_rested":1,"item_purchase_floors":[11],"current_hp_per_floor":[70,63,63,63,63,63,46,46,46,67,67,67,67,67,67,43,70,51,51,41,41,25,25,25,25,25,12,12,12,12,12,12,0,0],"gold":236,"neow_bonus":"THREE_ENEMY_KILL","is_daily":false,"chose_seed":false,"campfire_upgraded":7,"win_rate":0.0,"timestamp":1611700474,"path_taken":["M","?","$","?","?","E","?","R","T","R","$","R","M","?","R","BOSS","M","?","?","?","?","R","?","R","T","M","?","R","?","M","R","BOSS"],"items_purchased_type":["Card"],"build_version":"2020-12-22","purchased_purges":1,"victory":false,"max_hp_per_floor":[70,70,70,70,70,70,70,70,70,70,70,70,70,70,70,70,70,70,70,70,70,70,70,70,70,70,70,70,70,70,70,70,70,70],"card_choices":[{"not_picked":["Expertise","Tactician"],"picked":"Dagger Spray","floor":1.0},{"not_picked":["Well Laid Plans","Blade Dance"],"picked":"Deflect","floor":5.0},{"not_picked":["Sucker Punch","Slice","Dash"],"picked":"SKIP","floor":6.0},{"not_picked":["Bane","Finisher"],"picked":"Slice","floor":13.0},{"not_picked":["A Thousand Cuts","Unload"],"picked":"Envenom","floor":16.0},{"not_picked":["Sucker Punch","Quick Slash+1"],"picked":"Infinite Blades","floor":18.0},{"not_picked":["Outmaneuver+1","Catalyst","Deflect"],"picked":"SKIP","floor":20.0},{"not_picked":["Catalyst+1","Deflect"],"picked":"Endless Agony","floor":22.0},{"not_picked":["Quick Slash","Acrobatics"],"picked":"Dagger Spray","floor":27.0},{"not_picked":["Quick Slash","Prepared","Predator+1"],"picked":"SKIP","floor":31.0}],"player_experience":110114,"relics_obtained":[{"floor":6.0,"key":"War Paint"},{"floor":9.0,"key":"Shuriken"},{"floor":26.0,"key":"Bottled Flame"},{"floor":28.0,"key":"Mercury Hourglass"}],"event_choices":[{"cards_removed":["Strike_G"],"damage_healed":0.0,"max_hp_gain":0.0,"max_hp_loss":0.0,"gold_gain":0.0,"event_name":"Golden Wing","player_choice":"Card Removal","floor":2.0,"gold_loss":0.0,"damage_taken":7.0},{"cards_removed":["Strike_G"],"damage_healed":0.0,"max_hp_gain":0.0,"max_hp_loss":0.0,"gold_gain":0.0,"event_name":"Purifier","player_choice":"Purged","floor":4.0,"gold_loss":0.0,"damage_taken":0.0},{"damage_healed":0.0,"max_hp_gain":0.0,"max_hp_loss":0.0,"gold_gain":0.0,"event_name":"Golden Idol","player_choice":"Take Damage","floor":7.0,"gold_loss":0.0,"damage_taken":17.0,"relics_obtained":["Golden Idol"]},{"damage_healed":0.0,"max_hp_gain":0.0,"max_hp_loss":0.0,"gold_gain":0.0,"event_name":"World of Goop","player_choice":"Left Gold","floor":14.0,"gold_loss":25.0,"damage_taken":0.0},{"cards_removed":["Strike_G"],"damage_healed":0.0,"max_hp_gain":0.0,"max_hp_loss":0.0,"gold_gain":0.0,"event_name":"Purifier","player_choice":"Purged","floor":19.0,"gold_loss":0.0,"damage_taken":0.0},{"damage_healed":0.0,"max_hp_gain":0.0,"max_hp_loss":0.0,"gold_gain":0.0,"event_name":"WeMeetAgain","player_choice":"Gave Potion","floor":21.0,"gold_loss":0.0,"damage_taken":0.0,"relics_obtained":["Darkstone Periapt"]},{"damage_healed":0.0,"max_hp_gain":0.0,"max_hp_loss":0.0,"gold_gain":0.0,"event_name":"Ghosts","player_choice":"Ignored","floor":24.0,"gold_loss":0.0,"damage_taken":0.0},{"damage_healed":0.0,"max_hp_gain":0.0,"max_hp_loss":0.0,"gold_gain":0.0,"event_name":"Cursed Tome","player_choice":"Ignored","floor":30.0,"gold_loss":0.0,"damage_taken":0.0}],"is_beta":false,"boss_relics":[{"not_picked":["Runic Dome","Busted Crown"],"picked":"Coffee Dripper"}],"items_purged_floors":[3],"is_endless":false,"potions_floor_spawned":[1,16,27,31],"killed_by":"Champ","ascension_level":2}}