{"host":"8c7ixdz8x9d2d2wv","time":1611621248,"event":{"mods":["AYAYA","BaseMod","Better Altar","Better Sensory Stone","Better Third Choice","Better-Laid Plans","BetterRewards","Colored Map","Colored Powertips","Curses Come First","Dark Map","Defuse TimeMaze Blight","Emptier Cage","Good Game Mod","Highlight Path","Minty Spire (QoL Compilation)","Quick Restart","Rare Cards Sparkle","Relic Sorter","Remove Card Discount Mod","Reorder Act Four","Shop Mod","StSLib","Transform Curses","Uncapped","everything is the same but u backflip on backflip"],"gold_per_floor":[112,127,119,119,294,294,92,92,116,130,130,157,17,47,47,142,142,159,434,403,478,497,497,388,388,388,388,388,31,50,65,65,161,161,180,0,50,65,65,76,126,126,126,126,137,154,1,12,12,12,12,10,10,10,10],"floor_reached":54,"language":"ENG","playtime":1881,"items_purged":["Bash","Strike_R","Strike_R","Strike_R","Doubt","Regret","Strike_R","Strike_R","Regret","Flash of Steel+1"],"score":691,"play_id":"78061324-60d8-4bee-af4b-4ce4333b06c5","local_time":"20210126013408","is_ascension_mode":false,"campfire_choices":[{"data":"Iron Wave","floor":6,"key":"SMITH"},{"data":"Body Slam","floor":8,"key":"SMITH"},{"data":"Metallicize","floor":11,"key":"SMITH"},{"floor":15,"key":"RECALL"},{"data":"Body Slam","floor":23,"key":"SMITH"},{"data":"Defend_R","floor":25,"key":"SMITH"},{"data":"Defend_R","floor":27,"key":"SMITH"},{"data":"Finesse","floor":32,"key":"SMITH"},{"data":"Barricade","floor":42,"key":"SMITH"},{"data":"Flash of Steel","floor":49,"key":"SMITH"}],"circlet_count":0,"master_deck":["Defend_R+1","Defend_R+1","Defend_R+1","Defend_R+1","Metallicize+1","Iron Wave+1","Body Slam+1","Body Slam+1","Finesse+1","Barricade+1"],"relics":["Burning Blood","REME:ComplimentaryCards","NeowsBlessing","Bag of Marbles","Turnip","MerchantsRug","Sozu","Ginger","Boot","Coffee Dripper","Red Mask","Bronze Scales","Calipers","Pen Nib","Art of War"],"acts_visited":["Exordium","TheCity","TheBeyond","TheEnding"],"potions_floor_usage":[12,16],"damage_taken":[{"damage":0,"enemies":"Cultist","floor":1,"turns":1},{"damage":0,"enemies":"Jaw Worm","floor":2,"turns":1},{"damage":0,"enemies":"2 Louse","floor":10,"turns":1},{"damage":7,"enemies":"Lagavulin","floor":12,"turns":8},{"damage":1,"enemies":"3 Sentries","floor":14,"turns":13},{"damage":5,"enemies":"The Guardian","floor":16,"turns":12},{"damage":0,"enemies":"Shell Parasite","floor":18,"turns":6},{"damage":0,"enemies":"Chosen","floor":22,"turns":3},{"damage":0,"enemies":"Snake Plant","floor":30,"turns":2},{"damage":0,"enemies":"Chosen and Byrds","floor":31,"turns":7},{"damage":23,"enemies":"Automaton","floor":33,"turns":11},{"damage":6,"enemies":"3 Darklings","floor":35,"turns":5},{"damage":1,"enemies":"3 Shapes","floor":38,"turns":3},{"damage":15,"enemies":"Jaw Worm Horde","floor":40,"turns":4},{"damage":17,"enemies":"Mind Bloom Boss Battle","floor":41,"turns":5},{"damage":0,"enemies":"Transient","floor":45,"turns":5},{"damage":0,"enemies":"Maw","floor":46,"turns":3},{"damage":7,"enemies":"Sphere and 2 Shapes","floor":48,"turns":4},{"damage":52,"enemies":"Donu and Deca","floor":50,"turns":11},{"damage":99,"enemies":"Shield and Spear","floor":54,"turns":6}],"seed_played":"5685763272462296288","potions_obtained":[{"floor":1,"key":"Fire Potion"},{"floor":2,"key":"GamblersBrew"},{"floor":14,"key":"PowerPotion"}],"is_trial":false,"path_per_floor":["M","M","$","?","?","R","$","R","T","M","R","E","$","E","R","B",null,"M","?","$","?","M","R","$","R","T","R","?","$","M","M","R","B",null,"M","?","T","M","?","M","?","R","T","?","M","M","$","M","R","B",null,"$","R","E"],"character_chosen":"IRONCLAD","items_purchased":["Body Slam","War Paint","MerchantsRug","Body Slam","Happy Flower","Ginger","Boot","Art of War"],"campfire_rested":0,"item_purchase_floors":[7,7,13,20,24,29,29,47],"current_hp_per_floor":[80,80,80,80,80,80,80,80,80,80,80,79,79,80,80,80,80,80,80,80,72,78,78,78,78,78,78,78,78,80,80,80,63,80,80,80,80,80,80,71,60,60,60,60,66,72,72,71,71,25,80,80,80,0,0],"gold":10,"neow_bonus":"THREE_ENEMY_KILL","is_daily":false,"chose_seed":false,"campfire_upgraded":9,"win_rate":0.0,"timestamp":1611621248,"path_taken":["M","M","?","?","?","R","$","R","T","M","R","E","$","E","R","BOSS","M","?","?","?","?","R","$","R","T","R","?","$","M","M","R","BOSS","M","?","?","?","?","?","?","R","T","?","M","M","$","M","R","BOSS","$","R","E"],"items_purchased_type":["Card","Relic","Relic","Card","Relic","Relic","Relic","Relic"],"build_version":"2020-12-22","purchased_purges":10,"victory":false,"max_hp_per_floor":[80,80,80,80,80,80,80,80,80,80,80,80,80,80,80,80,80,80,80,80,80,80,80,80,80,80,80,80,80,80,80,80,80,80,80,80,80,80,80,80,80,80,80,80,80,80,80,80,80,80,80,80,80,80,80],"card_choices":[{"not_picked":["Evolve","Perfected Strike"],"picked":"Metallicize","floor":1},{"not_picked":["Perfected Strike","Heavy Blade"],"picked":"Iron Wave","floor":2},{"not_picked":["Burning Pact","Twin Strike","Wild Strike"],"picked":"SKIP","floor":10},{"not_picked":["Clothesline","Armaments","Wild Strike"],"picked":"SKIP","floor":12},{"not_picked":["Uppercut","Pummel","Reckless Charge"],"picked":"SKIP","floor":14},{"not_picked":["Hemokinesis+1","Clothesline","Headbutt"],"picked":"SKIP","floor":18},{"not_picked":["Warcry+1","Dark Embrace","Thunderclap"],"picked":"SKIP","floor":22},{"not_picked":["Violence","The Bomb"],"picked":"Finesse","floor":28},{"not_picked":["Discovery","Madness"],"picked":"Flash of Steel","floor":28},{"not_picked":["Cleave","Sword Boomerang+1","Rupture"],"picked":"SKIP","floor":30},{"not_picked":["Wild Strike+1","Clash","Second Wind"],"picked":"SKIP","floor":31},{"not_picked":["Limit Break","Bludgeon"],"picked":"Barricade","floor":33},{"not_picked":["Flex+1","Body Slam+1"],"picked":"Iron Wave+1","floor":35},{"not_picked":["Dual Wield+1","Flex+1","Sword Boomerang"],"picked":"SKIP","floor":38},{"not_picked":["Flex","Whirlwind+1","Anger"],"picked":"SKIP","floor":40},{"not_picked":["Havoc","Thunderclap","Anger+1"],"picked":"SKIP","floor":45},{"not_picked":["Spot Weakness","Cleave","Bloodletting"],"picked":"SKIP","floor":46},{"not_picked":["Uppercut+1","Anger+1","Disarm+1"],"picked":"SKIP","floor":48}],"player_experience":691479,"relics_obtained":[{"floor":12,"key":"Turnip"},{"floor":14,"key":"Regal Pillow"},{"floor":26,"key":"Frozen Egg 2"},{"floor":37,"key":"Bronze Scales"},{"floor":41,"key":"Calipers"},{"floor":43,"key":"Pen Nib"}],"event_choices":[{"damage_healed":0,"gold_gain":0,"player_choice":"Box","damage_taken":0,"relics_obtained":["Bag of Marbles"],"max_hp_gain":0,"max_hp_loss":0,"event_name":"Big Fish","floor":4,"gold_loss":0,"cards_obtained":["Regret"]},{"damage_healed":0,"gold_gain":175,"player_choice":"AGREE","damage_taken":119,"max_hp_gain":0,"max_hp_loss":0,"event_name":"betterThird:BetterSerpent","floor":5,"gold_loss":0},{"damage_healed":0,"gold_gain":275,"player_choice":"Desecrate","damage_taken":0,"max_hp_gain":0,"max_hp_loss":0,"event_name":"Golden Shrine","floor":19,"gold_loss":0,"cards_obtained":["Regret"]},{"damage_healed":0,"gold_gain":75,"player_choice":"Touch","damage_taken":8,"max_hp_gain":0,"max_hp_loss":0,"event_name":"FaceTrader","floor":21,"gold_loss":0},{"damage_healed":0,"gold_gain":2,"player_choice":"1","damage_taken":0,"max_hp_gain":0,"max_hp_loss":0,"event_name":"betterStone:BetterStone","floor":28,"gold_loss":0},{"damage_healed":0,"gold_gain":0,"player_choice":"Paid","damage_taken":0,"relics_obtained":["Red Mask"],"max_hp_gain":0,"max_hp_loss":0,"event_name":"Tomb of Lord Red Mask","floor":36,"gold_loss":180},{"damage_healed":0,"gold_gain":0,"player_choice":"Ignored","damage_taken":0,"max_hp_gain":0,"max_hp_loss":0,"event_name":"NoteForYourself","floor":39,"gold_loss":0},{"damage_healed":0,"gold_gain":0,"player_choice":"Fight","damage_taken":0,"max_hp_gain":0,"max_hp_loss":0,"event_name":"MindBloom","floor":41,"gold_loss":0},{"cards_removed":["Iron Wave"],"damage_healed":0,"gold_gain":0,"player_choice":"Removed Attack","damage_taken":0,"max_hp_gain":0,"max_hp_loss":0,"event_name":"Falling","floor":44,"gold_loss":0}],"is_beta":false,"boss_relics":[{"not_picked":["Busted Crown","Mark of Pain"],"picked":"Sozu"},{"not_picked":["Astrolabe","Empty Cage"],"picked":"Coffee Dripper"}],"items_purged_floors":[3,3,3,3,7,7,13,13,20,52],"is_endless":false,"potions_floor_spawned":[1,2,14,22,30,33,35,40,46],"killed_by":"Shield and Spear","ascension_level":0}}