{"host":"syozzdlzcqop4jia","time":1611690830,"event":{"mods":["BaseMod","Colored Map","Colored Powertips","Minty Spire (QoL Compilation)","Quick Restart"],"gold_per_floor":[116,135,153,165,165,200,219,252,252,264,264,264,339,372,372,477,477,491,491,446,446],"floor_reached":20,"language":"ENG","playtime":1413,"items_purged":[],"score":213,"play_id":"b0edc1e6-9fd0-43f9-891a-21cdf1220aa5","local_time":"20210126205350","is_ascension_mode":true,"campfire_choices":[{"data":"Searing Blow","floor":12,"key":"SMITH"},{"floor":15,"key":"REST"}],"circlet_count":0,"master_deck":["Strike_R","Strike_R","Strike_R","Strike_R","Strike_R","Defend_R","Defend_R","Defend_R","Defend_R","Bash","Inflame+1","Wild Strike","Flex","Anger","Searing Blow+1","Wild Strike","Immolate","Ghostly Armor","Pommel Strike","Berserk","Combust+1"],"relics":["Burning Blood","MealTicket","Calipers","Pear","Bird Faced Urn","Mark of Pain"],"acts_visited":["Exordium","TheCity"],"potions_floor_usage":[8,14,16],"damage_taken":[{"damage":6,"enemies":"Cultist","floor":1,"turns":4},{"damage":2,"enemies":"Small Slimes","floor":2,"turns":4},{"damage":10,"enemies":"2 Louse","floor":3,"turns":2},{"damage":16,"enemies":"2 Fungi Beasts","floor":4,"turns":4},{"damage":11,"enemies":"Gremlin Nob","floor":6,"turns":4},{"damage":8,"enemies":"Exordium Thugs","floor":7,"turns":4},{"damage":16,"enemies":"Lagavulin","floor":8,"turns":5},{"damage":0,"enemies":"3 Louse","floor":10,"turns":3},{"damage":22,"enemies":"Gremlin Nob","floor":14,"turns":4},{"damage":68,"enemies":"The Guardian","floor":16,"turns":8},{"damage":46,"enemies":"Shell Parasite","floor":18,"turns":6},{"damage":13,"enemies":"2 Thieves","floor":20,"turns":3}],"seed_played":"-8715372801909907697","potions_obtained":[{"floor":0,"key":"FairyPotion"},{"floor":0,"key":"Ancient Potion"},{"floor":0,"key":"Fire Potion"},{"floor":8,"key":"SteroidPotion"},{"floor":10,"key":"AttackPotion"},{"floor":14,"key":"FearPotion"},{"floor":16,"key":"BloodPotion"}],"is_trial":false,"path_per_floor":["M","M","M","M","?","E","M","E","T","M","$","R","?","E","R","B",null,"M","?","M"],"character_chosen":"IRONCLAD","items_purchased":[],"campfire_rested":1,"item_purchase_floors":[],"current_hp_per_floor":[80,80,76,66,66,61,59,49,59,65,80,80,69,53,80,38,90,52,82,71,71],"gold":446,"neow_bonus":"THREE_SMALL_POTIONS","is_daily":false,"chose_seed":false,"campfire_upgraded":1,"win_rate":0.0,"timestamp":1611690830,"path_taken":["M","M","M","M","?","E","M","E","T","M","$","R","?","E","R","BOSS","M","?","M"],"items_purchased_type":[],"build_version":"2020-12-22","purchased_purges":0,"victory":false,"max_hp_per_floor":[80,80,80,80,80,80,80,80,90,90,90,90,90,90,90,90,90,90,90,90,90],"card_choices":[{"not_picked":["Clothesline","Armaments"],"picked":"Inflame","floor":1},{"not_picked":["Body Slam","Armaments"],"picked":"Wild Strike","floor":2},{"not_picked":["Perfected Strike","Dark Embrace"],"picked":"Flex","floor":3},{"not_picked":["Fire Breathing","Rampage"],"picked":"Anger","floor":4},{"not_picked":["Sever Soul","Power Through"],"picked":"Searing Blow","floor":6},{"not_picked":["Combust","Blood for Blood"],"picked":"Wild Strike","floor":7},{"not_picked":["Iron Wave","Ghostly Armor"],"picked":"Immolate","floor":8},{"not_picked":["Whirlwind","Warcry"],"picked":"Ghostly Armor","floor":10},{"not_picked":["Rampage","Clash"],"picked":"Pommel Strike","floor":14},{"not_picked":["Brutality","Corruption"],"picked":"Berserk","floor":16},{"not_picked":["Body Slam+1","Iron Wave"],"picked":"Combust+1","floor":18}],"player_experience":396200,"relics_obtained":[{"floor":6,"key":"MealTicket"},{"floor":8,"key":"Calipers"},{"floor":9,"key":"Pear"},{"floor":14,"key":"Bird Faced Urn"}],"event_choices":[{"damage_healed":0,"gold_gain":0,"player_choice":"Grow","damage_taken":0,"max_hp_gain":0,"max_hp_loss":0,"event_name":"Living Wall","floor":5,"gold_loss":0,"cards_upgraded":["Inflame"]},{"damage_healed":0,"gold_gain":75,"player_choice":"Gather Gold","damage_taken":11,"max_hp_gain":0,"max_hp_loss":0,"event_name":"World of Goop","floor":13,"gold_loss":0},{"damage_healed":30,"gold_gain":0,"player_choice":"Heal","damage_taken":0,"max_hp_gain":0,"max_hp_loss":0,"event_name":"The Library","floor":19,"gold_loss":0}],"is_beta":false,"boss_relics":[{"not_picked":["Empty Cage","Runic Cube"],"picked":"Mark of Pain"}],"items_purged_floors":[],"is_endless":false,"potions_floor_spawned":[1,8,10,14,16],"killed_by":"2 Thieves","ascension_level":2}}