{"host":"kwnpvqmnt47pmyi1","time":1611701032,"event":{"mods":["AchievementEnabler","BaseMod","Bestiary","BetterRewards","Downfall","Hermit","Hubris","Marisa????????","Minty Spire (QoL Compilation)","Reliquary","Replay The Spire","Shade Mod","StSLib","The Hierophant","The Servant 0.9.4"],"gold_per_floor":[116,130,145,157,170,170,198,198,273,301,357,373,387,387,387,483,483,494,494,514,128,140,165,165,80,106,136,154,154,188,198,198,301,301,315,335,380,80,94,94,109,138,190,190,241,241,256,276,276,276,276,276,0,28,28,28],"floor_reached":55,"language":"ENG","playtime":7990,"items_purged":["Parasite"],"score":857,"play_id":"6588fa13-f9c3-40f1-9131-73c184508ec6","local_time":"20210126144352","is_ascension_mode":true,"campfire_choices":[{"data":"Body Slam","floor":8.0,"key":"SMITH"},{"data":"ReplayReversal","floor":15,"key":"SMITH"},{"data":"Iron Wave","floor":24,"key":"SMITH"},{"floor":29,"key":"RECALL"},{"floor":32,"key":"REST"},{"data":"Limit Break","floor":40,"key":"SMITH"},{"floor":44,"key":"REST"},{"data":"Iron Wave","floor":46,"key":"SMITH"},{"floor":49,"key":"REST"},{"data":"Iron Wave","floor":52,"key":"SMITH"}],"circlet_count":0,"master_deck":["Strike_R","Strike_R","Strike_R","Strike_R","Strike_R","Defend_R","Defend_R+1","Defend_R","Defend_R+1","Bash","Shrug It Off","Iron Wave+1","Iron Wave+1","Thunderclap","ReplayReversal+1","Cleave","Iron Wave+1","hubris:DuctTapeCard","Demon Form","Iron Wave+1","Body Slam+1","Perfected Strike","Limit Break+1","Armaments+1","Shrug It Off+1","Shrug It Off+1","Body Slam+1","Run Through+1","Seeing Red+1","Rage","hubris:ReadiedAction","ReplayTheSpireMod:Limb From Limb+1"],"relics":["Burning Blood","hubris:ToyBattleship","Replay:Bottled Snecko","Orichalcum","Strawberry","Replay:WaspNest","Painkiller Herb","hubris:DuctTape","Brimstone","hubris:ChampionShield","War Paint","Red Skull","Prayer Wheel","hubris:64BitClover","hubris:HollowSoul","Mango","King of Hearts","Sling","Kunai","CatCart","Bag of Preparation","reliquary:Tamtam","Replay:PocketPolymizer"],"acts_visited":["Exordium","TheCity","TheBeyond","TheEnding"],"potions_floor_usage":[12,18,22,33,33,36,45,50,54,55,55],"damage_taken":[{"damage":2.0,"enemies":"Jaw Worm","floor":1.0,"turns":4.0},{"damage":4.0,"enemies":"Cultist","floor":2.0,"turns":5.0},{"damage":0.0,"enemies":"Small Slimes","floor":3.0,"turns":3.0},{"damage":25.0,"enemies":"3 Louse","floor":4.0,"turns":8.0},{"damage":9.0,"enemies":"Blue Slaver","floor":5.0,"turns":5.0},{"damage":26.0,"enemies":"Gremlin Nob","floor":7.0,"turns":6.0},{"damage":18,"enemies":"3 Sentries","floor":10,"turns":8},{"damage":0,"enemies":"Gremlin Nob","floor":11,"turns":3},{"damage":6,"enemies":"Red Slaver","floor":12,"turns":4},{"damage":3,"enemies":"Exordium Thugs","floor":13,"turns":4},{"damage":39,"enemies":"Slime Boss","floor":16,"turns":14},{"damage":24,"enemies":"2 Thieves","floor":18,"turns":3},{"damage":0,"enemies":"3 Byrds","floor":20,"turns":5},{"damage":23,"enemies":"Shelled Parasite and Fungi","floor":22,"turns":3},{"damage":13,"enemies":"Replay:Snechameleon","floor":23,"turns":4},{"damage":44,"enemies":"Book of Stabbing","floor":27,"turns":4},{"damage":0,"enemies":"Sentry and Sphere","floor":28,"turns":3},{"damage":21,"enemies":"Replay:Snechameleon","floor":30,"turns":4},{"damage":0,"enemies":"Snecko","floor":31,"turns":2},{"damage":27,"enemies":"Automaton","floor":33,"turns":6},{"damage":6,"enemies":"3 Shapes","floor":35,"turns":5},{"damage":0,"enemies":"3 Darklings","floor":36,"turns":3},{"damage":27,"enemies":"2 Orb Walkers","floor":37,"turns":4},{"damage":46,"enemies":"Maw","floor":39,"turns":6},{"damage":16,"enemies":"Jaw Worm Horde","floor":41,"turns":3},{"damage":25,"enemies":"Nemesis","floor":42,"turns":5},{"damage":0,"enemies":"Orin","floor":45,"turns":5},{"damage":0,"enemies":"Transient","floor":47,"turns":5},{"damage":34,"enemies":"Writhing Mass","floor":48,"turns":4},{"damage":59,"enemies":"Time Eater","floor":50,"turns":5},{"damage":72,"enemies":"Shield and Spear","floor":54,"turns":6},{"damage":66,"enemies":"The Heart","floor":55,"turns":3}],"seed_played":"-4697121139848925988","potions_obtained":[{"floor":2.0,"key":"FearPotion"},{"floor":3.0,"key":"SneckoOil"},{"floor":4.0,"key":"Fire Potion"},{"floor":11,"key":"BloodPotion"},{"floor":12,"key":"Explosive Potion"},{"floor":27,"key":"CultistPotion"},{"floor":28,"key":"Strength Potion"},{"floor":33,"key":"DuplicationPotion"},{"floor":41,"key":"SpeedPotion"},{"floor":47,"key":"Strength Potion"},{"floor":54,"key":"BloodPotion"}],"is_trial":false,"path_per_floor":["M","M","M","M","M","?","E","R","T","E","?","M","M","T","R","B",null,"?","?","?","T","?","E","T","?","T","E","?","T","E","?","T","B",null,"?","?","?","T","?","T","?","E","T","T","?","T","?","?","T","B",null,"T","T","E","B"],"character_chosen":"IRONCLAD","items_purchased":["hubris:DuctTape","Brimstone","King of Hearts","Sling","reliquary:Tamtam","Adrenaline Potion"],"campfire_rested":3,"item_purchase_floors":[21,21,38,38,53,53],"current_hp_per_floor":[88,88,88,69,66,71,51,51,51,39,52,72,75,75,75,42,100,82,82,88,88,71,64,64,64,64,26,32,32,17,23,53,32,100,100,100,93,93,53,53,43,24,24,58,64,64,70,42,76,23,114,114,111,67,0,0],"gold":28,"neow_bonus":"TEN_PERCENT_HP_BONUS","is_daily":false,"chose_seed":false,"campfire_upgraded":6,"win_rate":0.0,"timestamp":1611701032,"path_taken":["M","M","M","M","M","?","E","R","T","E","?","M","?","?","R","BOSS","?","?","?","T","?","E","T","?","T","E","?","T","E","?","T","BOSS","?","?","?","T","?","T","?","E","T","T","?","T","?","?","T","BOSS","T","T","E","BOSS"],"items_purchased_type":["Relic","Relic","Relic","Relic","Relic","Potion"],"build_version":"2020-12-22","purchased_purges":1,"victory":false,"max_hp_per_floor":[88,88,88,88,88,93,93,93,93,93,100,100,100,100,100,100,100,100,100,100,100,100,100,100,100,100,100,100,100,100,100,100,100,100,100,100,114,114,114,114,114,114,114,114,114,114,114,114,114,114,114,114,111,111,111,111],"card_choices":[{"not_picked":["True Grit","Run Through"],"picked":"Shrug It Off","floor":1.0},{"not_picked":["ReplayTheSpireMod:Muscle Training","hubris:ReadiedAction","Run Through"],"picked":"SKIP","floor":2.0},{"not_picked":["Searing Blow","Carnage"],"picked":"Body Slam","floor":3.0},{"not_picked":["Clothesline","Battle Trance"],"picked":"Iron Wave","floor":4.0},{"not_picked":["Fiend Fire","Shrug It Off"],"picked":"Iron Wave","floor":5.0},{"not_picked":["Limit Break","Fire Breathing"],"picked":"Thunderclap","floor":7.0},{"not_picked":["Sever Soul","Thunderclap"],"picked":"ReplayReversal","floor":10},{"not_picked":["Headbutt","Perfected Strike"],"picked":"Metallicize","floor":11},{"not_picked":["Abandon","hubris:StunningStrike"],"picked":"Cleave","floor":12},{"not_picked":["Run Through","Cleave","Pommel Strike"],"picked":"SKIP","floor":13},{"not_picked":["ReplayTheSpireMod:Stacked","Havoc+1","ReplayTheSpireMod:Limb From Limb"],"picked":"SKIP","floor":18},{"not_picked":["Headbutt+1","Flex+1"],"picked":"Iron Wave","floor":20},{"not_picked":["Headbutt","hubris:ReadiedAction+1","Sever Soul+1"],"picked":"SKIP","floor":22},{"not_picked":["Abandon","hubris:CleavingFinish+1"],"picked":"Demon Form","floor":23},{"not_picked":["Run Through","Anger"],"picked":"Iron Wave+1","floor":27},{"not_picked":["Rampage","Dropkick"],"picked":"Body Slam+1","floor":28},{"not_picked":["Spot Weakness+1","Thunderclap","Sever Soul"],"picked":"SKIP","floor":28},{"not_picked":["Thunderclap","Burning Pact","Reckless Charge+1"],"picked":"SKIP","floor":30},{"not_picked":["True Grit+1","Feed"],"picked":"Perfected Strike","floor":31},{"not_picked":["Hemokinesis","True Grit","Clothesline"],"picked":"SKIP","floor":31},{"not_picked":["Immolate","Replay:Many Hands"],"picked":"Limit Break","floor":33},{"not_picked":["Spot Weakness+1","Entrench"],"picked":"Armaments+1","floor":35},{"not_picked":["Anger","Run Through"],"picked":"Shrug It Off+1","floor":35},{"not_picked":["Anger+1","Abandon"],"picked":"Shrug It Off+1","floor":36},{"not_picked":["Havoc+1","Sword Boomerang","Thunderclap"],"picked":"SKIP","floor":36},{"not_picked":["Armaments","Barricade"],"picked":"Body Slam+1","floor":37},{"not_picked":["Headbutt+1","Cleave"],"picked":"Run Through+1","floor":39},{"not_picked":["hubris:ReadiedAction+1","Armaments+1","Run Through"],"picked":"SKIP","floor":39},{"not_picked":["Sword Boomerang+1","Searing Blow"],"picked":"Seeing Red+1","floor":41},{"not_picked":["Pommel Strike+1","Headbutt+1","Power Through+1"],"picked":"SKIP","floor":41},{"not_picked":["Havoc","Inflame","Pommel Strike"],"picked":"SKIP","floor":42},{"not_picked":["Clothesline","Ghostly Armor"],"picked":"Rage","floor":47},{"not_picked":["Clash+1","Cleave+1","Brutality"],"picked":"SKIP","floor":47},{"not_picked":["Feel No Pain+1","Perfected Strike+1"],"picked":"hubris:ReadiedAction","floor":48},{"not_picked":["Clothesline","Ghostly Armor+1","Wild Strike+1"],"picked":"SKIP","floor":48},{"not_picked":["Cleave+1","Pommel Strike+1"],"picked":"ReplayTheSpireMod:Limb From Limb+1","floor":54}],"player_experience":267307,"relics_obtained":[{"floor":7.0,"key":"hubris:ToyBattleship"},{"floor":9,"key":"Replay:Bottled Snecko"},{"floor":10,"key":"Orichalcum"},{"floor":11,"key":"Strawberry"},{"floor":14,"key":"Replay:WaspNest"},{"floor":23,"key":"hubris:ChampionShield"},{"floor":26,"key":"Red Skull"},{"floor":27,"key":"Prayer Wheel"},{"floor":30,"key":"hubris:64BitClover"},{"floor":37,"key":"Mango"},{"floor":42,"key":"Kunai"},{"floor":45,"key":"CatCart"},{"floor":47,"key":"Bag of Preparation"},{"floor":54,"key":"Replay:PocketPolymizer"}],"event_choices":[{"damage_healed":0.0,"max_hp_gain":5.0,"max_hp_loss":0.0,"gold_gain":0.0,"event_name":"Big Fish","player_choice":"Donut","floor":6.0,"gold_loss":0.0,"damage_taken":0.0},{"damage_healed":0,"gold_gain":30,"player_choice":"Searched \u00272\u0027 times","damage_taken":0,"max_hp_gain":0,"max_hp_loss":0,"event_name":"Dead Adventurer","floor":11,"gold_loss":0},{"damage_healed":0,"gold_gain":0,"player_choice":"Obtained Relic","damage_taken":0,"relics_obtained":["War Paint"],"max_hp_gain":0,"max_hp_loss":0,"event_name":"Addict","floor":25,"gold_loss":85},{"damage_healed":0,"gold_gain":0,"player_choice":"Fight","damage_taken":0,"max_hp_gain":0,"max_hp_loss":0,"event_name":"Mysterious Sphere","floor":37,"gold_loss":0},{"damage_healed":0,"gold_gain":0,"player_choice":"Fight","damage_taken":0,"max_hp_gain":0,"max_hp_loss":0,"event_name":"OrinTheCat","floor":45,"gold_loss":0}],"is_beta":false,"boss_relics":[{"not_picked":["Sozu","hubris:CrackedHourglass"],"picked":"Painkiller Herb"},{"not_picked":["reliquary:WritOfMandamus","Replay:Wanted Poster"],"picked":"hubris:HollowSoul"}],"items_purged_floors":[53],"is_endless":false,"potions_floor_spawned":[2,3,4,11,12,27,28,30,31,33,41,47,54],"killed_by":"The Heart","ascension_level":1}}