{"host":"q9718omregw4er46","time":1611678772,"event":{"mods":["BaseMod","Bestiary","Colored Powertips","Custom Start","Highlight Path","Minty Spire (QoL Compilation)","Practice Mode","Quick Restart","Relic Stats"],"gold_per_floor":[20,20,34,34,34,34,34],"floor_reached":6,"language":"ENG","playtime":181,"items_purged":[],"score":68,"play_id":"fcc89218-728a-42b9-827b-b4f5345c7631","local_time":"20210126213252","is_ascension_mode":true,"campfire_choices":[],"circlet_count":0,"master_deck":["AscendersBane","Strike_P","Strike_P","Strike_P","Strike_P","Defend_P","Defend_P","Defend_P","Defend_P","Eruption","Vigilance","Scrawl","EmptyFist","Pain"],"relics":["PureWater","Golden Idol","WarpedTongs"],"acts_visited":["Exordium"],"potions_floor_usage":[6],"damage_taken":[{"damage":1,"enemies":"2 Louse","floor":1,"turns":4},{"damage":31,"enemies":"Jaw Worm","floor":3,"turns":4},{"damage":25,"enemies":"Lagavulin","floor":6,"turns":6}],"seed_played":"-3793441036053501925","potions_obtained":[{"floor":3,"key":"ColorlessPotion"}],"is_trial":false,"path_per_floor":["M","?","M","?","?","E"],"character_chosen":"WATCHER","items_purchased":[],"campfire_rested":0,"item_purchase_floors":[],"current_hp_per_floor":[60,60,29,29,29,4,4],"gold":34,"neow_bonus":"THREE_RARE_CARDS","is_daily":false,"chose_seed":false,"campfire_upgraded":0,"win_rate":0.0,"timestamp":1611678772,"path_taken":["M","?","M","?","?","E"],"items_purchased_type":[],"build_version":"2020-12-22","purchased_purges":0,"victory":false,"max_hp_per_floor":[68,62,62,62,62,62,62],"relic_stats":{"counters":[3,14],"Golden Idol":3,"obtain_stats":[{"Golden Idol":2,"PureWater":0,"WarpedTongs":5},{"Golden Idol":1,"PureWater":0,"WarpedTongs":2},{"Golden Idol":4,"PureWater":0,"WarpedTongs":8}],"WarpedTongs":[6]},"card_choices":[{"not_picked":["Omniscience","Brilliance"],"picked":"Scrawl","floor":0},{"not_picked":["Prostrate","InnerPeace"],"picked":"EmptyFist","floor":1},{"not_picked":["EmptyBody","Fasting2","Prostrate"],"picked":"SKIP","floor":3}],"player_experience":1263402,"relics_obtained":[],"event_choices":[{"damage_healed":0,"gold_gain":0,"player_choice":"Lose Max HP","damage_taken":0,"relics_obtained":["Golden Idol"],"max_hp_gain":0,"max_hp_loss":6,"event_name":"Golden Idol","floor":2,"gold_loss":0},{"damage_healed":0,"gold_gain":0,"player_choice":"Ignored","damage_taken":0,"max_hp_gain":0,"max_hp_loss":0,"event_name":"Liars Game","floor":4,"gold_loss":0},{"damage_healed":0,"gold_gain":0,"player_choice":"Rummage","damage_taken":0,"relics_obtained":["WarpedTongs"],"max_hp_gain":0,"max_hp_loss":0,"event_name":"Accursed Blacksmith","floor":5,"gold_loss":0,"cards_obtained":["Pain"]}],"is_beta":false,"boss_relics":[],"items_purged_floors":[],"is_endless":false,"potions_floor_spawned":[3],"killed_by":"Lagavulin","ascension_level":20}}