{"host":"1tl36azeqm6yhdgj","time":1611677258,"event":{"mods":["AchievementEnabler","BaseMod","Minty Spire (QoL Compilation)","StSLib","The IronCluck","everything is the same but u backflip on backflip"],"gold_per_floor":[368,368,27,45,61,91,91,116,164,66,83,111,111,121,121,198,248,263,276,276,276,276,311,311,54,54,74,100,100,125,143,143,217,217,237,289,312,330,330,330,330,330,330,357,357,17,51,70,70,70,70],"floor_reached":50,"language":"ENG","playtime":2057,"items_purged":["Writhe"],"score":1257,"play_id":"15e7c46f-79df-4691-b46e-af65008d1c3e","local_time":"20210126110738","is_ascension_mode":true,"campfire_choices":[{"data":"Apotheosis","floor":13.0,"key":"SMITH"},{"floor":15.0,"key":"REST"},{"floor":24.0,"key":"RECALL"},{"floor":29.0,"key":"REST"},{"floor":32.0,"key":"REST"},{"floor":40.0,"key":"DIG"},{"floor":42.0,"key":"DIG"},{"floor":49.0,"key":"REST"}],"circlet_count":0,"master_deck":["AscendersBane","Strike_R","Strike_R","Strike_R","Strike_R","Defend_R","Defend_R","Defend_R","Defend_R","Bash","Thunderclap","Apotheosis+1","Body Slam","Anger","Cleave","Infernal Blade","Shrug It Off","Swift Strike","Fire Breathing","Disarm","Immolate+1","Juggernaut","Clothesline","Flame Barrier","Panacea","Headbutt","Reaper","Exhume","Flex","Berserk","Feel No Pain","Doubt","Corruption","Rage"],"relics":["Burning Blood","HornCleat","Happy Flower","Oddly Smooth Stone","Ancient Tea Set","Odd Mushroom","Tiny House","Mercury Hourglass","PreservedInsect","Orichalcum","Bag of Preparation","Gambling Chip","Bag of Marbles","Black Star","Shovel","Juzu Bracelet","MealTicket","Potion Belt","StrikeDummy","InkBottle","FossilizedHelix","Regal Pillow","Pen Nib"],"acts_visited":["Exordium","TheCity","TheBeyond"],"potions_floor_usage":[50],"damage_taken":[{"damage":19.0,"enemies":"Jaw Worm","floor":1.0,"turns":4.0},{"damage":14.0,"enemies":"Small Slimes","floor":4.0,"turns":3.0},{"damage":4.0,"enemies":"2 Louse","floor":5.0,"turns":3.0},{"damage":0.0,"enemies":"Gremlin Nob","floor":6.0,"turns":3.0},{"damage":18.0,"enemies":"Lagavulin","floor":8.0,"turns":4.0},{"damage":0.0,"enemies":"2 Fungi Beasts","floor":11.0,"turns":3.0},{"damage":6.0,"enemies":"The Mushroom Lair","floor":12.0,"turns":4.0},{"damage":8.0,"enemies":"Exordium Thugs","floor":14.0,"turns":3.0},{"damage":14.0,"enemies":"Hexaghost","floor":16.0,"turns":7.0},{"damage":0.0,"enemies":"Chosen","floor":18.0,"turns":3.0},{"damage":10.0,"enemies":"2 Thieves","floor":19.0,"turns":2.0},{"damage":0.0,"enemies":"Gremlin Leader","floor":23.0,"turns":4.0},{"damage":0.0,"enemies":"3 Cultists","floor":27.0,"turns":3.0},{"damage":31.0,"enemies":"Slavers","floor":28.0,"turns":4.0},{"damage":32.0,"enemies":"Book of Stabbing","floor":30.0,"turns":5.0},{"damage":2.0,"enemies":"Snecko","floor":31.0,"turns":4.0},{"damage":71.0,"enemies":"Collector","floor":33.0,"turns":9.0},{"damage":13.0,"enemies":"3 Shapes","floor":35.0,"turns":6.0},{"damage":29.0,"enemies":"2 Orb Walkers","floor":36.0,"turns":4.0},{"damage":0.0,"enemies":"3 Darklings","floor":38.0,"turns":2.0},{"damage":0.0,"enemies":"Writhing Mass","floor":39.0,"turns":1.0},{"damage":64.0,"enemies":"Giant Head","floor":44.0,"turns":7.0},{"damage":19.0,"enemies":"Reptomancer","floor":47.0,"turns":5.0},{"damage":21.0,"enemies":"Maw","floor":48.0,"turns":8.0},{"damage":95,"enemies":"Time Eater","floor":50,"turns":7}],"seed_played":"2790816153143053299","potions_obtained":[{"floor":5.0,"key":"Swift Potion"},{"floor":6.0,"key":"Regen Potion"},{"floor":11.0,"key":"Explosive Potion"},{"floor":12.0,"key":"Explosive Potion"},{"floor":16.0,"key":"LiquidBronze"},{"floor":17.0,"key":"LiquidMemories"},{"floor":19.0,"key":"DistilledChaos"},{"floor":23.0,"key":"Regen Potion"},{"floor":28.0,"key":"Ancient Potion"},{"floor":30.0,"key":"BlessingOfTheForge"},{"floor":36.0,"key":"SmokeBomb"},{"floor":38.0,"key":"DistilledChaos"},{"floor":48.0,"key":"CultistPotion"}],"is_trial":false,"path_per_floor":["M","?","$","M","M","E","?","E","T","$","M","?","R","M","R","B",null,"M","M","?","?","?","E","R","$","T","M","E","R","E","M","R","B",null,"M","?","T","M","M","R","?","R","T","E","?","$","E","M","R","B"],"character_chosen":"IRONCLAD","items_purchased":["Apotheosis","Body Slam","Swift Strike","Orichalcum","Panacea","FossilizedHelix"],"campfire_rested":4,"item_purchase_floors":[3,3,10,25,25,46],"current_hp_per_floor":[55,37,37,29,31,37,37,37,37,37,43,43,43,41,63,55,75,80,76,53,53,53,59,59,59,59,65,40,65,43,59,84,20,69,70,47,47,54,60,60,60,60,60,14,85,85,72,57,85,0,0],"gold":70,"neow_bonus":"TWO_FIFTY_GOLD","is_daily":false,"chose_seed":false,"campfire_upgraded":1,"win_rate":0.0,"timestamp":1611677258,"path_taken":["M","?","$","M","M","E","?","E","T","$","M","?","R","M","R","BOSS","M","M","?","?","?","E","R","$","T","M","E","R","E","M","R","BOSS","M","?","?","M","M","R","?","R","T","E","?","$","E","M","R","BOSS"],"items_purchased_type":["Card","Card","Card","Relic","Card","Relic"],"build_version":"2020-12-22","purchased_purges":1,"victory":false,"max_hp_per_floor":[75,75,75,75,75,75,75,75,75,75,75,75,75,75,75,75,80,80,80,85,85,85,85,85,85,85,85,85,85,85,85,85,85,85,85,85,85,85,85,85,85,85,85,85,85,85,85,85,85,85,85],"card_choices":[{"not_picked":["True Grit","Clothesline"],"picked":"Thunderclap","floor":1.0},{"not_picked":["Twin Strike","Warcry"],"picked":"Anger","floor":4.0},{"not_picked":["Perfected Strike","Flex"],"picked":"Cleave","floor":5.0},{"not_picked":["Hemokinesis","Combust","Pummel"],"picked":"SKIP","floor":6.0},{"not_picked":["Anger","True Grit"],"picked":"Shrug It Off","floor":8.0},{"not_picked":["Rampage","Perfected Strike"],"picked":"Fire Breathing","floor":11.0},{"not_picked":["Anger","Bloodletting"],"picked":"Disarm","floor":12.0},{"not_picked":["Clash","Rage"],"picked":"Immolate","floor":14.0},{"not_picked":["Impervious","Offering"],"picked":"Juggernaut","floor":16.0},{"not_picked":["Havoc","Bloodletting"],"picked":"Clothesline","floor":17.0},{"not_picked":["Power Through+1","Carnage","Armaments"],"picked":"SKIP","floor":18.0},{"not_picked":["Clothesline","Brutality","Wild Strike"],"picked":"SKIP","floor":19.0},{"not_picked":["Clothesline","Brutality","Wild Strike"],"picked":"SKIP","floor":19.0},{"not_picked":["Cleave","Perfected Strike"],"picked":"Flame Barrier","floor":23.0},{"not_picked":["Rampage","Twin Strike"],"picked":"Headbutt","floor":27.0},{"not_picked":["Heavy Blade+1","Armaments"],"picked":"Reaper","floor":28.0},{"not_picked":["Power Through","Clash","Dual Wield"],"picked":"SKIP","floor":30.0},{"not_picked":["Wild Strike","Pummel","Sword Boomerang"],"picked":"SKIP","floor":31.0},{"not_picked":["Berserk","Juggernaut"],"picked":"Exhume","floor":33.0},{"not_picked":["Intimidate","Wild Strike"],"picked":"Flex","floor":35.0},{"not_picked":["Anger","Shrug It Off"],"picked":"Berserk","floor":36.0},{"not_picked":["Disarm","Flex"],"picked":"Feel No Pain","floor":38.0},{"not_picked":["Rampage","Wild Strike+1","Havoc"],"picked":"SKIP","floor":44.0},{"not_picked":["Clothesline","Iron Wave+1"],"picked":"Corruption","floor":47.0},{"not_picked":["Armaments","Thunderclap"],"picked":"Rage","floor":48.0}],"player_experience":2066092,"relics_obtained":[{"floor":6.0,"key":"Happy Flower"},{"floor":8.0,"key":"Oddly Smooth Stone"},{"floor":9.0,"key":"Ancient Tea Set"},{"floor":12.0,"key":"Odd Mushroom"},{"floor":23.0,"key":"PreservedInsect"},{"floor":26.0,"key":"Bag of Preparation"},{"floor":28.0,"key":"Gambling Chip"},{"floor":30.0,"key":"Bag of Marbles"},{"floor":36.0,"key":"Shovel"},{"floor":37.0,"key":"Juzu Bracelet"},{"floor":40.0,"key":"MealTicket"},{"floor":42.0,"key":"Potion Belt"},{"floor":44.0,"key":"StrikeDummy"},{"floor":44.0,"key":"InkBottle"},{"floor":47.0,"key":"Regal Pillow"},{"floor":47.0,"key":"Pen Nib"}],"event_choices":[{"damage_healed":0.0,"max_hp_gain":0.0,"max_hp_loss":0.0,"gold_gain":0.0,"event_name":"Scrap Ooze","player_choice":"Success","floor":2.0,"gold_loss":0.0,"damage_taken":18.0,"relics_obtained":["HornCleat"]},{"damage_healed":0.0,"max_hp_gain":0.0,"max_hp_loss":0.0,"gold_gain":0.0,"cards_transformed":["Strike_R"],"event_name":"Living Wall","player_choice":"Change","floor":7.0,"gold_loss":0.0,"damage_taken":0.0,"cards_obtained":["Infernal Blade"]},{"damage_healed":0.0,"max_hp_gain":0.0,"max_hp_loss":0.0,"gold_gain":0.0,"event_name":"Mushrooms","player_choice":"Fought Mushrooms","floor":12.0,"gold_loss":0.0,"damage_taken":0.0},{"damage_healed":0.0,"max_hp_gain":5.0,"max_hp_loss":0.0,"gold_gain":0.0,"event_name":"Forgotten Altar","player_choice":"Shed Blood","floor":20.0,"gold_loss":0.0,"damage_taken":28.0},{"damage_healed":0.0,"max_hp_gain":0.0,"max_hp_loss":0.0,"gold_gain":0.0,"event_name":"The Mausoleum","player_choice":"Opened","floor":21.0,"gold_loss":0.0,"damage_taken":0.0,"relics_obtained":["Mercury Hourglass"],"cards_obtained":["Writhe"]},{"cards_removed":["Writhe"],"damage_healed":0.0,"max_hp_gain":0.0,"max_hp_loss":0.0,"gold_gain":0.0,"event_name":"Back to Basics","player_choice":"Elegance","floor":22.0,"gold_loss":0.0,"damage_taken":0.0},{"damage_healed":0.0,"max_hp_gain":0.0,"max_hp_loss":0.0,"gold_gain":0.0,"event_name":"Mysterious Sphere","player_choice":"Fight","floor":36.0,"gold_loss":0.0,"damage_taken":0.0},{"damage_healed":0.0,"max_hp_gain":0.0,"max_hp_loss":0.0,"gold_gain":0.0,"event_name":"Tomb of Lord Red Mask","player_choice":"Ignored","floor":41.0,"gold_loss":0.0,"damage_taken":0.0},{"damage_healed":71.0,"max_hp_gain":0.0,"max_hp_loss":0.0,"gold_gain":0.0,"event_name":"MindBloom","player_choice":"Heal","floor":45.0,"gold_loss":0.0,"damage_taken":0.0,"cards_obtained":["Doubt"]}],"is_beta":false,"boss_relics":[{"not_picked":["Fusion Hammer","Empty Cage"],"picked":"Tiny House"},{"not_picked":["Astrolabe","SacredBark"],"picked":"Black Star"}],"items_purged_floors":[3],"is_endless":false,"potions_floor_spawned":[5,6,11,12,16,19,23,28,30,36,38,48],"killed_by":"Time Eater","ascension_level":20}}