{"host":"3c27c697js19kaoo","time":1611651079,"event":{"mods":["ATMod(°¢èªMod)","Aspiration","BaseMod","CapriCore","Dota2Spire","Hermit","Minty Spire (QoL Compilation)","Quick Restart","Replay The Spire","Spicy Shops","StSLib","The Alterego","The Cursed","The Marked","The Runesmith","The Servant 0.9.4","¡¾¹¦ÄÜMod¡¿»ìãçÖ®»·ÐÞ¸´²¹¶¡","¡¾ÒÅÎï¿¨ÅÆ¡¿REMEMod"],"gold_per_floor":[109,119,139,155,155,180,28,43,43,54,54,54,85,100,100,198,198,211,211,211,211,135,135,166,166,166,185,205,205,205,237,257,271,271,369,369,389,389,402,254,254,254,356,417,441,441,461,522,601,661,661,706],"floor_reached":53,"language":"ZHS","playtime":932,"items_purged":["Normality"],"score":1200,"play_id":"e618c324-7536-4f9d-9415-300721905605","local_time":"20210126165119","is_ascension_mode":true,"campfire_choices":[{"data":"Eruption","floor":12,"key":"SMITH"},{"floor":15,"key":"DIG"},{"data":"Omniscience","floor":23,"key":"SMITH"},{"data":"AT_KingSlayer","floor":25,"key":"SMITH"},{"data":"AT_KingSlayer","floor":34,"key":"SMITH"},{"data":"Tantrum","floor":42,"key":"SMITH"},{"data":"Alpha","floor":46,"key":"SMITH"},{"data":"DeusExMachina","floor":51,"key":"SMITH"}],"circlet_count":0,"master_deck":["Strike_P+1","Strike_P+1","Strike_P+1","Strike_P+1","Defend_P+1","Defend_P+1","Defend_P+1","Defend_P+1","Eruption+1","Vigilance","AT_KingSlayer+1","Blind","TalkToTheHand","AT_KingSlayer+1","Omniscience+1","Tantrum+1","Alpha+1","AT_EmpoweredMortalDraw","Adaptation+1","Omniscience+1","DeusExMachina+1"],"relics":["PureWater","REME_ComplimentaryCards","AT_ATBox","aspiration:DSix","DollysMirror","Replay:WaspNest","Ice Cream","Pondfish Scales","Replay:Mystery Machine","aspiration:PoetsPen_weak","Nilry\u0027s Codex","alterego_mod:SomeoneToFightFor","Cauldron","Dota2Spire:BladeMail","AT_ChloranthyRing","Vajra","AT_MortalBlade","ReplayTheSpireMod:Ring of Challenge","Orrery","REME_LimitBreaker","Oddly Smooth Stone","Bag of Preparation","Pear"],"acts_visited":["Exordium","TheCity","TheBeyond"],"potions_floor_usage":[3,6,43],"damage_taken":[{"damage":0,"enemies":"2 Louse","floor":1,"turns":3},{"damage":0,"enemies":"Cultist","floor":2,"turns":2},{"damage":0,"enemies":"Jaw Worm","floor":3,"turns":2},{"damage":0,"enemies":"Looter","floor":4,"turns":3},{"damage":11,"enemies":"Replay:BlueRogue","floor":6,"turns":4},{"damage":0,"enemies":"Large Slime","floor":8,"turns":2},{"damage":0,"enemies":"Blue Slaver","floor":10,"turns":1},{"damage":0,"enemies":"Gremlin Nob","floor":13,"turns":2},{"damage":0,"enemies":"Exordium Thugs","floor":14,"turns":3},{"damage":0,"enemies":"Slime Boss","floor":16,"turns":2},{"damage":15,"enemies":"2 Thieves","floor":18,"turns":2},{"damage":0,"enemies":"Gremlin Leader","floor":24,"turns":1},{"damage":0,"enemies":"Spheric Guardian","floor":27,"turns":1},{"damage":0,"enemies":"3 Cultists","floor":28,"turns":2},{"damage":0,"enemies":"Book of Stabbing","floor":31,"turns":1},{"damage":0,"enemies":"Snake Plant","floor":32,"turns":1},{"damage":0,"enemies":"Cultist and Chosen","floor":33,"turns":2},{"damage":0,"enemies":"Champ","floor":35,"turns":1},{"damage":0,"enemies":"Orb Walker","floor":37,"turns":2},{"damage":3,"enemies":"3 Shapes","floor":39,"turns":2},{"damage":0,"enemies":"Giant Head","floor":43,"turns":1},{"damage":0,"enemies":"Jaw Worm Horde","floor":44,"turns":1},{"damage":0,"enemies":"Transient","floor":47,"turns":1},{"damage":15,"enemies":"Sphere and 2 Shapes","floor":48,"turns":1},{"damage":0,"enemies":"Reptomancer","floor":49,"turns":1},{"damage":3,"enemies":"3 Darklings","floor":50,"turns":1},{"damage":0,"enemies":"Time Eater","floor":52,"turns":1}],"seed_played":"1932082387749380930","potions_obtained":[{"floor":2,"key":"ColorlessPotion"},{"floor":4,"key":"ColorlessPotion"},{"floor":8,"key":"Dexterity Potion"},{"floor":14,"key":"Regen Potion"},{"floor":18,"key":"REME_GoldPotion"},{"floor":44,"key":"Energy Potion"}],"is_trial":false,"path_per_floor":["M","M","M","M","?","E","$","M","T","M","?","R","E","M","R","B",null,"M","?","?","?","$","R","E","R","T","M","M","PTL","PTL","E","M","M","R","B",null,"M","?","M","$","?","R","E","M","T","R","M","M","E","M","R","B",null],"character_chosen":"WATCHER","items_purchased":["DollysMirror","Cauldron","Orrery"],"campfire_rested":0,"item_purchase_floors":[7,22,40],"current_hp_per_floor":[72,72,72,72,72,61,61,61,61,61,49,49,49,49,49,49,72,57,57,41,41,41,41,41,41,41,48,48,48,48,55,62,62,62,62,72,72,72,69,69,69,69,69,69,69,69,72,57,67,64,64,64],"gold":706,"neow_bonus":"THREE_CARDS","is_daily":false,"chose_seed":false,"campfire_upgraded":7,"win_rate":0.0,"timestamp":1611651079,"path_taken":["M","M","M","M","?","E","$","M","T","?","?","R","E","M","R","BOSS","M","?","?","?","?","R","E","R","T","M","M","PTL","PTL","E","M","?","R","BOSS","M","?","M","$","?","R","E","M","T","R","M","M","E","M","R","BOSS"],"items_purchased_type":["Relic","Relic","Relic"],"build_version":"2020-12-22","purchased_purges":1,"victory":true,"max_hp_per_floor":[72,72,72,72,72,72,72,72,72,72,72,72,72,72,72,72,72,72,72,72,72,72,72,72,72,72,72,72,72,72,72,72,72,72,72,72,72,72,72,72,72,72,72,72,72,72,72,72,82,82,82,82],"card_choices":[{"not_picked":["Replay:BluntJabs","MentalFortress"],"picked":"TalkToTheHand","floor":0},{"not_picked":["Prostrate","Conclude","BowlingBash"],"picked":"SKIP","floor":1},{"not_picked":["Consecrate","CutThroughFate","AT_ChampionStep"],"picked":"SKIP","floor":2},{"not_picked":["PathToVictory","WheelKick","FollowUp"],"picked":"SKIP","floor":3},{"not_picked":["CrushJoints","Meditate","Consecrate"],"picked":"SKIP","floor":4},{"not_picked":["EmptyFist","InnerPeace","Crescendo"],"picked":"SKIP","floor":6},{"not_picked":["EmptyMind","DeceiveReality","WindmillStrike"],"picked":"SKIP","floor":8},{"not_picked":["FlurryOfBlows","Replay:Anticipation","PathToVictory"],"picked":"SKIP","floor":10},{"not_picked":["JustLucky","SpiritShield","PathToVictory"],"picked":"SKIP","floor":13},{"not_picked":["REME_Repentance","Replay:Anticipation","Prostrate"],"picked":"SKIP","floor":14},{"not_picked":["Wish","MasterReality"],"picked":"Omniscience","floor":16},{"not_picked":["BowlingBash","TalkToTheHand+1","ClearTheMind+1"],"picked":"SKIP","floor":18},{"not_picked":["JustLucky","AT_RealColorLess","ThirdEye"],"picked":"SKIP","floor":24},{"not_picked":["Halt+1","FollowUp+1","Replay:BluntJabs"],"picked":"SKIP","floor":27},{"not_picked":["CutThroughFate+1","Vengeance","Protect"],"picked":"SKIP","floor":28},{"not_picked":["EmptyBody","Replay:AtTheReady+1","Protect"],"picked":"SKIP","floor":31},{"not_picked":["BattleHymn","REME_MusicOfDeath","EmptyFist"],"picked":"SKIP","floor":32},{"not_picked":["SashWhip","AT_OneInchPunch"],"picked":"Tantrum","floor":33},{"not_picked":["DevaForm","MasterReality"],"picked":"Alpha","floor":35},{"not_picked":["Evaluate+1","Conclude+1"],"picked":"Adaptation+1","floor":37},{"not_picked":["AT_RealFormLess+1","Replay:Battleflow","WheelKick"],"picked":"SKIP","floor":39},{"not_picked":["Alpha","Protect","Replay:ManipulateFuture"],"picked":"SKIP","floor":43},{"not_picked":["Replay:AtTheReady","Crescendo","BowlingBash"],"picked":"SKIP","floor":44},{"not_picked":["AT_ChampionStep+1","FollowUp+1","Prostrate+1"],"picked":"SKIP","floor":47},{"not_picked":["Halt","WheelKick"],"picked":"DeusExMachina","floor":48},{"not_picked":["REME_Repentance","MentalFortress","WindmillStrike+1"],"picked":"SKIP","floor":49},{"not_picked":["Replay:Cycle","EmptyBody+1","ThirdEye"],"picked":"SKIP","floor":50}],"player_experience":216489,"relics_obtained":[{"floor":6,"key":"aspiration:DSix"},{"floor":9,"key":"Replay:WaspNest"},{"floor":13,"key":"Pondfish Scales"},{"floor":15,"key":"Replay:Mystery Machine"},{"floor":20,"key":"Nilry\u0027s Codex"},{"floor":24,"key":"Dota2Spire:BladeMail"},{"floor":26,"key":"AT_ChloranthyRing"},{"floor":31,"key":"Vajra"},{"floor":38,"key":"ReplayTheSpireMod:Ring of Challenge"},{"floor":43,"key":"REME_LimitBreaker"},{"floor":45,"key":"Oddly Smooth Stone"},{"floor":49,"key":"Bag of Preparation"},{"floor":49,"key":"Pear"}],"event_choices":[{"damage_healed":0,"gold_gain":0,"player_choice":"Full Heal","damage_taken":0,"max_hp_gain":0,"max_hp_loss":0,"event_name":"Wheel of Change","floor":5,"gold_loss":0},{"damage_healed":0,"gold_gain":0,"player_choice":"Success","damage_taken":12,"relics_obtained":["Ice Cream"],"max_hp_gain":0,"max_hp_loss":0,"event_name":"Scrap Ooze","floor":11,"gold_loss":0},{"damage_healed":0,"gold_gain":0,"player_choice":"Simplicity","damage_taken":0,"max_hp_gain":0,"max_hp_loss":0,"event_name":"Back to Basics","floor":19,"gold_loss":0,"cards_upgraded":["Strike_P","Strike_P","Strike_P","Strike_P","Defend_P","Defend_P","Defend_P","Defend_P"]},{"damage_healed":0,"gold_gain":0,"player_choice":"Obtained Book","damage_taken":16,"max_hp_gain":0,"max_hp_loss":0,"event_name":"Cursed Tome","floor":20,"gold_loss":0},{"damage_healed":0,"gold_gain":0,"player_choice":"Choice 2","damage_taken":0,"relics_obtained":["alterego_mod:SomeoneToFightFor"],"max_hp_gain":0,"max_hp_loss":0,"event_name":"°®µÄÉñÊ¥»¨Ô°","floor":21,"gold_loss":0},{"damage_healed":0,"gold_gain":0,"player_choice":"Copied","damage_taken":0,"max_hp_gain":0,"max_hp_loss":0,"event_name":"Duplicator","floor":41,"gold_loss":0,"cards_obtained":["Omniscience"]}],"is_beta":false,"boss_relics":[{"not_picked":["SacredBark","Philosopher\u0027s Stone"],"picked":"aspiration:PoetsPen_weak"},{"not_picked":["Replay:Drink Me","Replay:Ancient Bell"],"picked":"AT_MortalBlade"}],"items_purged_floors":[40],"is_endless":false,"potions_floor_spawned":[2,4,8,14,18,31,39,44,48,50],"ascension_level":1}}