{"host":"ow66nzv2xecjoor3","time":1611643304,"event":{"mods":["BaseMod","Bestiary","Block Reminder","Colored Powertips","Curses Come First","Downfall","Highlight Path","Keyboard Shortcuts","Minty Spire (QoL Compilation)","Permanent Neow","Relic Stats","StSLib","UnlockEverythingMod"],"gold_per_floor":[99,118,118,137,192,192,192,192,192,192],"floor_reached":8,"language":"ENG","playtime":318,"items_purged":[],"score":51,"play_id":"fdb298dc-d4ce-4745-840c-b8299f483f8b","local_time":"20210126004144","is_ascension_mode":true,"campfire_choices":[{"floor":1,"key":"RECALL"}],"circlet_count":0,"master_deck":["sneckomod:Strike","sneckomod:Strike","sneckomod:Strike","sneckomod:Defend","sneckomod:Defend","sneckomod:Defend","sneckomod:TailWhip","sneckomod:SnekBite","sneckomod:Unknown","sneckomod:Unknown","Panacea","sneckomod:UnknownUncommonPower","sneckomod:UnknownVulnerable","sneckomod:UnknownRareAttack","sneckomod:SlitherStrike"],"relics":["sneckomod:SneckoSoul","Art of War","White Beast Statue"],"acts_visited":["Exordium"],"potions_floor_usage":[8],"damage_taken":[{"damage":0,"enemies":"Small Slimes","floor":2,"turns":3},{"damage":6,"enemies":"2 Louse","floor":4,"turns":2},{"damage":50,"enemies":"3 Sentries","floor":5,"turns":10},{"damage":0,"enemies":"Cultist","floor":6,"turns":1},{"damage":35,"enemies":"3 Sentries","floor":8,"turns":6}],"seed_played":"-3685898831268104665","potions_obtained":[{"floor":2,"key":"Fruit Juice"}],"is_trial":false,"path_per_floor":["R","M","?","M","?","M","T","E"],"character_chosen":"THE_SNECKO","items_purchased":[],"campfire_rested":0,"item_purchase_floors":[],"current_hp_per_floor":[90,90,90,84,34,34,34,4,4,4],"gold":192,"neow_bonus":"RANDOM_COLORLESS","is_daily":false,"chose_seed":false,"campfire_upgraded":0,"win_rate":0.0,"timestamp":1611643304,"path_taken":["R","M","?","M","?","M","T","E"],"items_purchased_type":[],"build_version":"2020-12-22","purchased_purges":0,"victory":false,"max_hp_per_floor":[90,90,90,90,90,90,90,95,95,95],"relic_stats":{"counters":[5,22],"Art of War":[0],"obtain_stats":[{"downfall:BrokenWingStatue":3,"Art of War":5,"sneckomod:SneckoSoul":0,"White Beast Statue":7},{"downfall:BrokenWingStatue":1,"Art of War":3,"sneckomod:SneckoSoul":0,"White Beast Statue":4},{"downfall:BrokenWingStatue":3,"Art of War":15,"sneckomod:SneckoSoul":0,"White Beast Statue":16}]},"card_choices":[{"not_picked":["Good Instincts","Flash of Steel"],"picked":"Panacea","floor":0},{"not_picked":["sneckomod:UnknownClassPURPLE","sneckomod:MixItUp"],"picked":"sneckomod:UnknownUncommonPower","floor":2},{"not_picked":["sneckomod:SoulRoll","sneckomod:UnknownClassBLUE"],"picked":"sneckomod:UnknownVulnerable","floor":4},{"not_picked":["sneckomod:RainOfDice","sneckomod:DiceCrush"],"picked":"sneckomod:UnknownRareAttack","floor":5},{"not_picked":["sneckomod:UnknownDraw","sneckomod:UnknownClassHEXA_GHOST_PURPLE"],"picked":"sneckomod:SlitherStrike","floor":6}],"player_experience":2833041,"relics_obtained":[{"floor":5,"key":"Art of War"},{"floor":7,"key":"White Beast Statue"}],"event_choices":[],"is_beta":false,"boss_relics":[],"items_purged_floors":[],"is_endless":false,"potions_floor_spawned":[2],"killed_by":"3 Sentries","ascension_level":3}}