{"host":"rqwnmhn71fwyjegj","time":1611670030,"event":{"mods":["AchievementEnabler","BaseMod","Minty Spire (QoL Compilation)"],"gold_per_floor":[117,77,95,112,132,132,163,163,163,163,163],"floor_reached":10,"language":"ENG","playtime":460,"items_purged":[],"score":92,"play_id":"0bbcbf55-3cdd-405d-9d15-c32372007a16","local_time":"20210126140710","is_ascension_mode":true,"campfire_choices":[{"data":"Poisoned Stab","floor":6,"key":"SMITH"}],"circlet_count":0,"master_deck":["Strike_G","Strike_G","Strike_G","Strike_G","Strike_G","Defend_G","Defend_G","Defend_G","Defend_G","Defend_G","Survivor","Neutralize","Poisoned Stab+1","Dash+1","Dagger Spray","Bane"],"relics":["Ring of the Snake","Potion Belt","Orichalcum"],"acts_visited":["Exordium"],"potions_floor_usage":[],"damage_taken":[{"damage":1,"enemies":"Small Slimes","floor":1,"turns":4},{"damage":4,"enemies":"Jaw Worm","floor":3,"turns":5},{"damage":0,"enemies":"2 Louse","floor":4,"turns":3},{"damage":14,"enemies":"Exordium Thugs","floor":5,"turns":5},{"damage":22,"enemies":"3 Sentries","floor":7,"turns":9},{"damage":42,"enemies":"Lagavulin","floor":10,"turns":8}],"seed_played":"2681277606038368732","potions_obtained":[{"floor":5,"key":"Explosive Potion"},{"floor":7,"key":"SmokeBomb"}],"is_trial":false,"path_per_floor":["M","$","M","M","M","R","E","?","T","E"],"character_chosen":"THE_SILENT","items_purchased":["Dash"],"campfire_rested":0,"item_purchase_floors":[2],"current_hp_per_floor":[69,69,65,65,51,51,29,29,29,0,0],"gold":163,"neow_bonus":"TEN_PERCENT_HP_BONUS","is_daily":false,"chose_seed":false,"campfire_upgraded":1,"win_rate":0.0,"timestamp":1611670030,"path_taken":["M","$","M","M","M","R","E","?","T","E"],"items_purchased_type":["Card"],"build_version":"2020-12-22","purchased_purges":0,"victory":false,"max_hp_per_floor":[77,77,77,77,77,77,77,77,77,77,77],"card_choices":[{"not_picked":["Flying Knee","Cloak And Dagger"],"picked":"Poisoned Stab","floor":1},{"not_picked":["Leg Sweep","Skewer","Cloak And Dagger"],"picked":"SKIP","floor":3},{"not_picked":["Sucker Punch","Outmaneuver"],"picked":"Dagger Spray","floor":4},{"not_picked":["Flying Knee","Underhanded Strike"],"picked":"Bane","floor":5},{"not_picked":["Outmaneuver","Finisher","PiercingWail"],"picked":"SKIP","floor":7}],"player_experience":332592,"relics_obtained":[{"floor":7,"key":"Potion Belt"},{"floor":9,"key":"Orichalcum"}],"event_choices":[{"damage_healed":0,"gold_gain":0,"player_choice":"Grow","damage_taken":0,"max_hp_gain":0,"max_hp_loss":0,"event_name":"Living Wall","floor":8,"gold_loss":0,"cards_upgraded":["Dash"]}],"is_beta":false,"boss_relics":[],"items_purged_floors":[],"is_endless":false,"potions_floor_spawned":[5,7],"killed_by":"Lagavulin","ascension_level":7}}