{"host":"test","time":1611677656,"event":{"mods":["BaseMod","Colored Map","Colored Powertips","Minty Spire (QoL Compilation)","Relic Stats","Slay the Relics Exporter","SpireBot","StSLib","ojb\u0027s Better Paths Mod","ojb\u0027s Info Mod"],"gold_per_floor":[111,186,186,196,213,213,247,247,247,263,295,295,328,55,55,128,128,148,148,167,13,28,57,57,90,163,38,72,92,118,135,135,214,214,230,242,202,34,46,46,78,78,130,130,145,69,104,118,118,118,118,118,118,15,41,41],"floor_reached":57,"language":"JPN","playtime":4416,"items_purged":["Strike_G","Strike_G","Strike_G"],"score":3166,"play_id":"496e71bd-8056-44db-bb13-e300d4da5927","local_time":"20210127011416","is_ascension_mode":true,"campfire_choices":[{"data":"Bouncing Flask","floor":6,"key":"SMITH"},{"data":"Predator","floor":8,"key":"SMITH"},{"floor":12,"key":"REST"},{"data":"Noxious Fumes","floor":15,"key":"SMITH"},{"data":"Corruption","floor":24,"key":"SMITH"},{"data":"Strike_G","floor":32,"key":"PURGE"},{"data":"Secret Weapon","floor":40,"key":"PURGE"},{"data":"Scrawl","floor":42,"key":"SMITH"},{"floor":44,"key":"RECALL"},{"data":"Defend_G","floor":49,"key":"PURGE"},{"data":"Defend_G","floor":53,"key":"PURGE"}],"circlet_count":0,"master_deck":["AscendersBane","Defend_G","Defend_G","Survivor","Neutralize","Predator+1","Bouncing Flask+1","Leg Sweep","Infinite Blades","Backflip","Noxious Fumes+1","Outmaneuver","Corruption+1","BootSequence","Conserve Battery","Prepared","WaveOfTheHand","EmptyMind","Prepared","Havoc","Scrawl+1","Discovery","Cloak And Dagger","Acrobatics+1","Apotheosis","Burning Pact","Calculated Gamble","Sentinel","Deep Breath","Recycle"],"relics":["Ring of the Serpent","Du-Vu Doll","Dead Branch","Tingsha","Bottled Flame","PrismaticShard","Happy Flower","Peace Pipe","Kunai","Calipers","Bronze Scales","Empty Cage","OrangePellets","Anchor","Strawberry","FossilizedHelix"],"acts_visited":["Exordium","TheCity","TheBeyond","TheEnding"],"potions_floor_usage":[7,56],"damage_taken":[{"damage":4,"enemies":"Cultist","floor":1,"turns":5},{"damage":1,"enemies":"Small Slimes","floor":4,"turns":4},{"damage":0,"enemies":"2 Louse","floor":5,"turns":2},{"damage":6,"enemies":"Lagavulin","floor":7,"turns":6},{"damage":4,"enemies":"Lots of Slimes","floor":10,"turns":4},{"damage":21,"enemies":"Gremlin Nob","floor":11,"turns":4},{"damage":18,"enemies":"3 Sentries","floor":13,"turns":6},{"damage":11,"enemies":"Hexaghost","floor":16,"turns":9},{"damage":8,"enemies":"2 Thieves","floor":18,"turns":4},{"damage":0,"enemies":"Chosen","floor":20,"turns":2},{"damage":6,"enemies":"Shelled Parasite and Fungi","floor":22,"turns":3},{"damage":0,"enemies":"Gremlin Leader","floor":23,"turns":5},{"damage":11,"enemies":"Slavers","floor":25,"turns":5},{"damage":3,"enemies":"Book of Stabbing","floor":28,"turns":4},{"damage":0,"enemies":"3 Cultists","floor":29,"turns":2},{"damage":0,"enemies":"Gremlin Leader","floor":30,"turns":4},{"damage":0,"enemies":"Snake Plant","floor":31,"turns":2},{"damage":10,"enemies":"Collector","floor":33,"turns":3},{"damage":0,"enemies":"3 Shapes","floor":35,"turns":3},{"damage":4,"enemies":"3 Darklings","floor":36,"turns":2},{"damage":0,"enemies":"Writhing Mass","floor":39,"turns":4},{"damage":0,"enemies":"Giant Head","floor":41,"turns":6},{"damage":0,"enemies":"Maw","floor":45,"turns":3},{"damage":0,"enemies":"Nemesis","floor":47,"turns":3},{"damage":0,"enemies":"3 Darklings","floor":48,"turns":2},{"damage":15,"enemies":"Time Eater","floor":50,"turns":6},{"damage":0,"enemies":"Donu and Deca","floor":51,"turns":2},{"damage":0,"enemies":"Shield and Spear","floor":55,"turns":3},{"damage":1,"enemies":"The Heart","floor":56,"turns":7}],"seed_played":"3155946731388590226","potions_obtained":[{"floor":5,"key":"LiquidMemories"},{"floor":11,"key":"FairyPotion"},{"floor":18,"key":"SteroidPotion"},{"floor":28,"key":"BlessingOfTheForge"},{"floor":36,"key":"PowerPotion"},{"floor":37,"key":"GhostInAJar"}],"is_trial":false,"path_per_floor":["M","?","?","M","M","R","E","R","T","M","E","R","E","$","R","B",null,"M","?","M","$","M","E","R","E","T","$","E","M","E","M","R","B",null,"M","M","?","$","M","R","E","R","T","R","M","$","E","M","R","B","B",null,"R","$","E","B",null],"character_chosen":"THE_SILENT","items_purchased":["PrismaticShard","Outmaneuver","Prepared","OrangePellets","Calculated Gamble","Deep Breath"],"campfire_rested":1,"item_purchase_floors":[14,14,21,38,46,54],"current_hp_per_floor":[55,44,44,43,43,43,37,37,37,33,12,30,12,12,12,1,45,37,37,37,37,31,31,31,20,20,20,17,17,17,17,17,7,47,47,43,43,43,43,43,43,43,43,43,43,43,50,50,50,35,35,59,59,59,59,58],"gold":41,"neow_bonus":"RANDOM_COLORLESS_2","is_daily":false,"chose_seed":true,"campfire_upgraded":5,"win_rate":0.0,"timestamp":1611677656,"path_taken":["M","?","?","M","?","R","E","R","T","M","E","R","E","$","R","BOSS","M","?","?","?","M","E","R","E","T","$","E","?","E","M","R","BOSS","M","M","?","?","?","R","E","R","T","R","M","$","E","?","R","BOSS","BOSS","R","$","E","BOSS"],"items_purchased_type":["Relic","Card","Card","Relic","Card","Card"],"build_version":"2020-12-18","purchased_purges":3,"victory":true,"max_hp_per_floor":[60,60,60,60,60,60,60,60,60,60,60,60,60,60,60,60,60,60,60,60,60,60,60,60,60,60,60,60,60,60,60,60,60,60,60,60,60,60,60,60,60,60,60,60,60,60,67,67,67,67,67,67,67,67,67,67],"relic_stats":{"Peace Pipe":4,"OrangePellets":[17],"Happy Flower":[20],"counters":[29,115],"Dead Branch":[725],"Bronze Scales":[217],"Tingsha":[729],"Kunai":[76],"obtain_stats":[{"Calipers":28,"Happy Flower":23,"Dead Branch":9,"Tingsha":11,"PrismaticShard":14,"Empty Cage":34,"Du-Vu Doll":7,"Peace Pipe":25,"OrangePellets":38,"Bottled Flame":13,"Anchor":41,"Bronze Scales":30,"Strawberry":47,"Kunai":26,"Ring of the Serpent":17,"FossilizedHelix":55,"Ring of the Snake":0},{"Calipers":14,"Happy Flower":12,"Dead Branch":4,"Tingsha":6,"PrismaticShard":7,"Empty Cage":18,"Du-Vu Doll":4,"Peace Pipe":13,"OrangePellets":20,"Bottled Flame":7,"Anchor":22,"Bronze Scales":16,"Strawberry":24,"Kunai":13,"Ring of the Serpent":8,"FossilizedHelix":28,"Ring of the Snake":0},{"Calipers":63,"Happy Flower":54,"Dead Branch":17,"Tingsha":25,"PrismaticShard":31,"Empty Cage":74,"Du-Vu Doll":17,"Peace Pipe":59,"OrangePellets":79,"Bottled Flame":31,"Anchor":89,"Bronze Scales":69,"Strawberry":95,"Kunai":59,"Ring of the Serpent":40,"FossilizedHelix":108,"Ring of the Snake":0}]},"card_choices":[{"not_picked":["Secret Technique","Thinking Ahead"],"picked":"Secret Weapon","floor":0},{"not_picked":["Prepared","Underhanded Strike"],"picked":"Predator","floor":1},{"not_picked":["Leg Sweep","Dagger Throw"],"picked":"Bouncing Flask","floor":4},{"not_picked":["Terror","Blade Dance"],"picked":"Leg Sweep","floor":5},{"not_picked":["Poisoned Stab","Deflect"],"picked":"Infinite Blades","floor":7},{"not_picked":["Underhanded Strike","Deadly Poison"],"picked":"Backflip","floor":10},{"not_picked":["Leg Sweep","Concentrate"],"picked":"Noxious Fumes","floor":11},{"not_picked":["Slice","Deflect","Terror"],"picked":"SKIP","floor":13},{"not_picked":["Creative AI","Apotheosis"],"picked":"Corruption","floor":16},{"not_picked":["Rage+1","Flex"],"picked":"BootSequence","floor":18},{"not_picked":["EmptyFist","Uppercut"],"picked":"Conserve Battery","floor":20},{"not_picked":["Lockon","Tactician"],"picked":"WaveOfTheHand","floor":22},{"not_picked":["Streamline","WheelKick","Halt"],"picked":"SKIP","floor":23},{"not_picked":["True Grit","Clothesline"],"picked":"EmptyMind","floor":25},{"not_picked":["Finisher","Transmutation","EmptyFist"],"picked":"SKIP","floor":28},{"not_picked":["Finisher","Transmutation","EmptyFist"],"picked":"SKIP","floor":28},{"not_picked":["Dodge and Roll","Sword Boomerang"],"picked":"Prepared","floor":29},{"not_picked":["Blizzard","Consecrate"],"picked":"Havoc","floor":30},{"not_picked":["Darkness","ClearTheMind","Tempest+1"],"picked":"SKIP","floor":31},{"not_picked":["Fission","ConjureBlade"],"picked":"Scrawl","floor":33},{"not_picked":["Streamline+1","EmptyBody"],"picked":"Discovery","floor":35},{"not_picked":["Spot Weakness","SandsOfTime"],"picked":"Cloak And Dagger","floor":36},{"not_picked":["Sucker Punch+1","Perfected Strike"],"picked":"Acrobatics+1","floor":39},{"not_picked":["Evaluate","Impatience"],"picked":"Apotheosis","floor":41},{"not_picked":["Acrobatics","Warcry"],"picked":"Burning Pact","floor":45},{"not_picked":["EmptyBody","Streamline","Expertise"],"picked":"SKIP","floor":47},{"not_picked":["FollowUp","Perfected Strike+1"],"picked":"Sentinel","floor":48},{"not_picked":["Noxious Fumes","All Out Attack"],"picked":"Recycle","floor":55}],"player_experience":1989988,"relics_obtained":[{"floor":7,"key":"Du-Vu Doll"},{"floor":9,"key":"Dead Branch"},{"floor":11,"key":"Tingsha"},{"floor":13,"key":"Bottled Flame"},{"floor":23,"key":"Happy Flower"},{"floor":25,"key":"Peace Pipe"},{"floor":26,"key":"Kunai"},{"floor":28,"key":"Calipers"},{"floor":30,"key":"Bronze Scales"},{"floor":41,"key":"Anchor"},{"floor":47,"key":"Strawberry"},{"floor":55,"key":"FossilizedHelix"}],"event_choices":[{"damage_healed":0,"gold_gain":75,"player_choice":"Gather Gold","damage_taken":11,"max_hp_gain":0,"max_hp_loss":0,"event_name":"World of Goop","floor":2,"gold_loss":0},{"damage_healed":0,"gold_gain":0,"player_choice":"0 cards matched","damage_taken":0,"max_hp_gain":0,"max_hp_loss":0,"event_name":"Match and Keep!","floor":3,"gold_loss":0,"cards_obtained":[]},{"damage_healed":0,"gold_gain":0,"player_choice":"0 cards matched","damage_taken":0,"max_hp_gain":0,"max_hp_loss":0,"event_name":"Match and Keep!","floor":19,"gold_loss":0,"cards_obtained":[]},{"damage_healed":0,"gold_gain":0,"player_choice":"Bought 3 Potions","damage_taken":0,"max_hp_gain":0,"max_hp_loss":0,"event_name":"The Woman in Blue","floor":37,"gold_loss":0}],"is_beta":true,"boss_relics":[{"not_picked":["SacredBark","Velvet Choker"],"picked":"Ring of the Serpent"},{"not_picked":["Busted Crown","Astrolabe"],"picked":"Empty Cage"}],"items_purged_floors":[14,21,27],"is_endless":false,"potions_floor_spawned":[5,11,18,25,28,29,36,39,45,47,55],"ascension_level":20}}