{"host":"Koishi","time":1611681183,"event":{"mods":["2.2 Compatiblity","AchievementEnabler","Act Like it!","BaseMod","Better Match","Better Note","Better Sensory Stone","Better Third Choice","Colored Powertips","Gensokyo","Hermit","Koishi","Lobotomy","LobotomyExtend","MarisaÅiñ∂âJÅ@ñÇóùçπÅj","Minty Spire (QoL Compilation)","Quick Restart","Rare Cards Sparkle","ReimuÅiîé??öÎÅj","Relic Filter Mod","Relic Stats","Spicy Shops","StSLib","The Construct","Åy?ï®?îvÅzREMEMod"],"gold_per_floor":[115,141,8,28,39,67,84,84,84,84,99,99,115,133,133,235,235,250,175,275,275,294,319,319,319,345,376,376,376,390,420,420,519,519,536,554,183,183,199,225,225,252,279,279,279,279,314,327,327,327],"floor_reached":51,"language":"ENG","playtime":2969,"items_purged":["Koishi:ConditionedTeleport+1"],"score":968,"play_id":"b3010396-41ec-4cb8-a625-c5e504eb9132","local_time":"20210126121303","is_ascension_mode":false,"campfire_choices":[{"data":"construct:BatteryCore","floor":8,"key":"SMITH"},{"data":"Koishi:GhostParty","floor":12,"key":"SMITH"},{"data":"Koishi:ReleaseOfTheId","floor":15,"key":"SMITH"},{"data":"Koishi:ConditionedTeleport","floor":24,"key":"SMITH"},{"data":"Koishi:Possession","floor":28,"key":"SMITH"},{"data":"Koishi:PerfectMindControl","floor":32,"key":"SMITH"},{"data":"Koishi:ConfinedInnocent","floor":41,"key":"SMITH"},{"data":"Metamorphosis","floor":44,"key":"SMITH"},{"data":"Koishi:MentalBreakdown","floor":46,"key":"SMITH"},{"data":"Koishi:UnseenTerror","floor":49,"key":"SMITH"}],"circlet_count":0,"master_deck":["Koishi:BasicStrike","Koishi:BasicStrike","Koishi:BasicDefend","Koishi:BasicDefend","Koishi:BasicDefend","Koishi:Provoke+1","Koishi:HauntingSlash","construct:BatteryCore+1","Koishi:Ego+1","Koishi:SubterraneanRose+1","Koishi:GhostParty+1","Koishi:Possession+1","LongBird","Koishi:IdleWhim","OSAHOGD","Koishi:FreudianInstinct","Koishi:ReleaseOfTheId+1","SingingMachine","Koishi:SilentAndRestless","GalaxyChild","Koishi:HeartfeltFancy","Koishi:FleetingPhantom+1","Koishi:StrangeCloudFist+1","REME_BodyOfCthun","WallGazer","Koishi:HeartAttack+1","Koishi:UnseenTerror+1","FieryBird","Koishi:SpiritedAway+1","Koishi:PerfectMindControl+1","QueenOfHatred","Koishi:VengefulSpirit+1","Koishi:ConfinedInnocent+1","Metamorphosis+1","Koishi:ReleaseOfTheId+1","Koishi:IdleWhim+1","REME_EyeOfCthun+1","Koishi:MentalBreakdown+1","Koishi:LastRemote+1"],"relics":["Koishi:ImaginaryFriend","REME_ComplimentaryCards","CogitoBucket","LetterFromLob","Omamori","Mercury Hourglass","Pear","AspirationHeart","Sozu","Calipers","TungstenRod","LuminousBracelet","Meat on the Bone","Boot","Bag of Marbles","Moonlight_r","Du-Vu Doll","REME_LowDesire","REME_HandOfSuture","Ancient Tea Set","AtMidnight","SkinProphecy","Koishi:AHoleWhereASisterShouldBe","Bronze Scales","Bottled Flame","Bottled Tornado","Juzu Bracelet","Gensokyo:TheCrow","Prayer Wheel"],"acts_visited":["Gensokyo:Gensokyo","Gensokyo:Gensokyoer","Gensokyo:Gensokyoest"],"potions_floor_usage":[20],"damage_taken":[{"damage":0,"enemies":"Gensokyo:Python","floor":1,"turns":3},{"damage":0,"enemies":"Gensokyo:3_Fairies","floor":4,"turns":5},{"damage":2,"enemies":"Gensokyo:Gryphon","floor":5,"turns":5},{"damage":10,"enemies":"Gensokyo:Cirno","floor":6,"turns":7},{"damage":1,"enemies":"Gensokyo:3_Kodama","floor":7,"turns":5},{"damage":1,"enemies":"Gensokyo:CorruptedTreant","floor":11,"turns":3},{"damage":6,"enemies":"Gensokyo:VengefulSpirit","floor":13,"turns":5},{"damage":13,"enemies":"Gensokyo:2_Rabbits","floor":14,"turns":4},{"damage":12,"enemies":"Gensokyo:Reimu","floor":16,"turns":9},{"damage":4,"enemies":"Gensokyo:AngelMirror","floor":18,"turns":3},{"damage":12,"enemies":"Gensokyo:AngelMirror","floor":20,"turns":6},{"damage":10,"enemies":"Gensokyo:2_Gloops","floor":22,"turns":7},{"damage":32,"enemies":"Gensokyo:Reisen","floor":23,"turns":7},{"damage":30,"enemies":"Gensokyo:Koishi","floor":27,"turns":5},{"damage":0,"enemies":"Gensokyo:Slime_Group","floor":29,"turns":1},{"damage":11,"enemies":"Gensokyo:Slime_Group","floor":30,"turns":3},{"damage":8,"enemies":"Gensokyo:Reisen","floor":31,"turns":7},{"damage":25,"enemies":"Gensokyo:Kaguya","floor":33,"turns":7},{"damage":23,"enemies":"Gensokyo:AncientGuardian","floor":35,"turns":4},{"damage":15,"enemies":"Gensokyo:3_Bats","floor":36,"turns":4},{"damage":3,"enemies":"Gensokyo:SeedOfUnknown","floor":39,"turns":2},{"damage":25,"enemies":"Gensokyo:Kasen","floor":40,"turns":7},{"damage":18,"enemies":"Gensokyo:Marisa","floor":42,"turns":6},{"damage":4,"enemies":"Gensokyo:Kasen","floor":47,"turns":4},{"damage":0,"enemies":"Gensokyo:4_Bats","floor":48,"turns":2},{"damage":1,"enemies":"Gensokyo:Yuyuko","floor":50,"turns":6}],"seed_played":"-3319788468358289851","potions_obtained":[{"floor":6,"key":"Swift Potion"},{"floor":7,"key":"Swift Potion"},{"floor":13,"key":"Regen Potion"}],"is_trial":false,"path_per_floor":["M","T","$","M","M","E","M","R","T","?","M","R","M","M","R","B",null,"M","?","?","?","M","E","R","?","T","E","R","M","M","E","R","B",null,"M","M","$","?","M","E","R","E","T","R","?","R","E","M","R","B",null],"character_chosen":"KOISHI","items_purchased":["Koishi:Ego","Koishi:SubterraneanRose","Koishi:AHoleWhereASisterShouldBe","Bronze Scales"],"campfire_rested":0,"item_purchase_floors":[3,3,37,37],"current_hp_per_floor":[60,60,60,60,60,50,49,49,59,59,69,69,66,54,54,45,80,76,76,65,65,72,53,53,61,61,56,56,26,28,33,33,30,47,26,28,28,28,34,29,29,34,34,34,34,34,40,36,36,36],"gold":327,"neow_bonus":"","is_daily":false,"chose_seed":false,"campfire_upgraded":10,"win_rate":0.0,"timestamp":1611681183,"path_taken":["M","?","?","M","M","E","?","R","T","?","M","R","M","?","R","BOSS","M","?","?","?","M","E","R","?","T","E","R","M","?","E","R","BOSS","M","M","$","?","M","E","R","E","T","R","?","R","E","M","R","BOSS"],"items_purchased_type":["Card","Card","Relic","Relic"],"build_version":"2020-12-18","purchased_purges":1,"victory":true,"max_hp_per_floor":[60,60,60,60,60,60,60,60,70,70,80,80,80,80,80,80,80,80,80,80,80,95,95,95,95,95,95,95,47,47,47,47,47,47,47,49,49,49,51,53,53,55,55,55,55,55,57,59,59,61],"relic_stats":{"Sozu":5,"counters":[30,133],"Bronze Scales":[51],"Prayer Wheel":1,"Juzu Bracelet":0,"Boot":[30],"obtain_stats":[{"Calipers":20,"LuminousBracelet":22,"Juzu Bracelet":43,"SkinProphecy":35,"Bottled Tornado":42,"Boot":26,"Ancient Tea Set":34,"Sozu":17,"Frozen Eye":27,"CogitoBucket":0,"Prayer Wheel":47,"Koishi:AHoleWhereASisterShouldBe":37,"REME_LowDesire":34,"Pear":9,"Gensokyo:TheCrow":45,"AspirationHeart":11,"Omamori":2,"Mercury Hourglass":6,"Du-Vu Doll":31,"Moonlight_r":29,"Bottled Flame":40,"Bronze Scales":37,"AtMidnight":35,"REME_HandOfSuture":34,"LetterFromLob":1,"Bag of Marbles":27,"TungstenRod":20,"Koishi:ImaginaryFriend":0,"REME_ComplimentaryCards":0,"Meat on the Bone":23},{"Calipers":12,"LuminousBracelet":14,"Juzu Bracelet":26,"SkinProphecy":22,"Bottled Tornado":26,"Boot":15,"Ancient Tea Set":20,"Sozu":10,"Frozen Eye":15,"CogitoBucket":0,"Prayer Wheel":27,"Koishi:AHoleWhereASisterShouldBe":23,"REME_LowDesire":20,"Pear":5,"Gensokyo:TheCrow":26,"AspirationHeart":7,"Omamori":1,"Mercury Hourglass":4,"Du-Vu Doll":19,"Moonlight_r":17,"Bottled Flame":25,"Bronze Scales":23,"AtMidnight":22,"REME_HandOfSuture":20,"LetterFromLob":1,"Bag of Marbles":16,"TungstenRod":12,"Koishi:ImaginaryFriend":0,"REME_ComplimentaryCards":0,"Meat on the Bone":15},{"Calipers":55,"LuminousBracelet":63,"Juzu Bracelet":116,"SkinProphecy":97,"Bottled Tornado":116,"Boot":70,"Ancient Tea Set":92,"Sozu":46,"Frozen Eye":70,"CogitoBucket":0,"Prayer Wheel":120,"Koishi:AHoleWhereASisterShouldBe":101,"REME_LowDesire":92,"Pear":24,"Gensokyo:TheCrow":116,"AspirationHeart":28,"Omamori":3,"Mercury Hourglass":20,"Du-Vu Doll":85,"Moonlight_r":76,"Bottled Flame":110,"Bronze Scales":101,"AtMidnight":97,"REME_HandOfSuture":92,"LetterFromLob":3,"Bag of Marbles":75,"TungstenRod":55,"Koishi:ImaginaryFriend":0,"REME_ComplimentaryCards":0,"Meat on the Bone":70}],"TungstenRod":101,"Mercury Hourglass":[691],"Meat on the Bone":60},"card_choices":[{"not_picked":["PunishingBird","MeatLantern","Mercenary"],"picked":"Singing Bowl","floor":1},{"not_picked":["Koishi:PhantomBarrier","Koishi:PhantomStrike","Koishi:JumpScare"],"picked":"SKIP","floor":1},{"not_picked":["Koishi:ReleaseOfTheId","Koishi:Jaunt"],"picked":"Koishi:GhostParty","floor":4},{"not_picked":["VoidDream","Porccubus","OSAHOGD"],"picked":"Singing Bowl","floor":4},{"not_picked":["Koishi:SpiritedAway","Koishi:DanmakuParanoia"],"picked":"Koishi:Possession","floor":5},{"not_picked":["QueenBee","Scorched","SpiderBud"],"picked":"Singing Bowl","floor":5},{"not_picked":["SpiderBud","LittlePrince","PunishingBird"],"picked":"Singing Bowl","floor":6},{"not_picked":["UniverseFragment","BeautyBeast"],"picked":"LongBird","floor":6},{"not_picked":["Koishi:FourthEye","Koishi:RacingHeart","Koishi:ApparitionsStalkTheNight"],"picked":"SKIP","floor":6},{"not_picked":["Koishi:UnconsciousUprising","Koishi:EmbryosDream"],"picked":"Koishi:IdleWhim","floor":7},{"not_picked":["LittlePrince","OSAHOGD","DespairKnight"],"picked":"Singing Bowl","floor":7},{"not_picked":["VoidDream","MHz","LittlePrince"],"picked":"Singing Bowl","floor":11},{"not_picked":["Rudolta","BlackSwan"],"picked":"OSAHOGD","floor":11},{"not_picked":["Koishi:SubconsciousSweep","Koishi:JumpScare"],"picked":"Koishi:ConditionedTeleport","floor":11},{"not_picked":["Koishi:ApparitionsStalkTheNight","Koishi:StingingMind"],"picked":"Koishi:FreudianInstinct","floor":13},{"not_picked":["BeautyBeast","Freischutz","MHz"],"picked":"Singing Bowl","floor":13},{"not_picked":["Koishi:FourthEye","Koishi:JumpScare"],"picked":"Koishi:ReleaseOfTheId","floor":14},{"not_picked":["MeatLantern","Scorched"],"picked":"SingingMachine","floor":14},{"not_picked":["Koishi:RollingInRichesHeart","Koishi:Ego"],"picked":"Koishi:SilentAndRestless","floor":16},{"not_picked":["BodiesMountain","Scorched","OldLady"],"picked":"Singing Bowl","floor":16},{"not_picked":["CrumblingArmor","UniverseFragment"],"picked":"GalaxyChild","floor":16},{"not_picked":["Koishi:ParalyzingFear","Koishi:BloodcurdlingScream"],"picked":"Koishi:HeartfeltFancy","floor":18},{"not_picked":["ShyLook","Wellcheers","Rudolta"],"picked":"Singing Bowl","floor":18},{"not_picked":["Koishi:EmbryosDream+1","Koishi:PhantomBarrier+1"],"picked":"Koishi:FleetingPhantom+1","floor":19},{"not_picked":["VoidDream","Wellcheers","CrumblingArmor"],"picked":"Singing Bowl","floor":20},{"not_picked":["Koishi:Jaunt+1","Koishi:PredatoryInstincts"],"picked":"Koishi:StrangeCloudFist+1","floor":20},{"not_picked":["Forethought","Swift Strike"],"picked":"REME_BodyOfCthun","floor":21},{"not_picked":["Laetitia","CherryBlossoms"],"picked":"WallGazer","floor":22},{"not_picked":["Koishi:FreudianInstinct","Koishi:FleetingPhantom"],"picked":"Koishi:HeartAttack+1","floor":22},{"not_picked":["Koishi:BloodcurdlingScream","Koishi:PhantomBarrier"],"picked":"Koishi:UnseenTerror","floor":23},{"not_picked":["CrumblingArmor","Yin"],"picked":"FieryBird","floor":23},{"not_picked":["Koishi:FleetingPhantom","Koishi:Prune+1"],"picked":"Koishi:SpiritedAway+1","floor":27},{"not_picked":["SpiderBud","CherryBlossoms","NakedNest"],"picked":"Singing Bowl","floor":27},{"not_picked":["Koishi:HeartfeltFancy","Koishi:EmbersOfLove"],"picked":"Koishi:PerfectMindControl","floor":30},{"not_picked":["NothingThere","BigBird"],"picked":"QueenOfHatred","floor":30},{"not_picked":["Koishi:StingingMind","Koishi:YoukaiPolygraph"],"picked":"Koishi:VengefulSpirit+1","floor":31},{"not_picked":["Murderer","NakedNest","LittlePrince"],"picked":"Singing Bowl","floor":31},{"not_picked":["Koishi:FormlessExistence","Koishi:MindStellarRelief"],"picked":"Koishi:ConfinedInnocent","floor":33},{"not_picked":["BigBird","Rudolta","Yin"],"picked":"Singing Bowl","floor":33},{"not_picked":["Koishi:BloodcurdlingScream","Koishi:ReflexRadar","Koishi:SpiritedAway+1"],"picked":"Metamorphosis","floor":35},{"not_picked":["ShyLook","MHz","CherryBlossoms"],"picked":"Singing Bowl","floor":35},{"not_picked":["Koishi:CatchAndRose+1","Koishi:DNAsFlaw","The Bomb"],"picked":"Koishi:ReleaseOfTheId+1","floor":36},{"not_picked":["Rudolta","LittleHelper","BigBadWolf"],"picked":"Singing Bowl","floor":36},{"not_picked":["Koishi:Catatonia+1","Koishi:HeartAttack+1","Koishi:Bloodlust+1"],"picked":"Koishi:IdleWhim+1","floor":38},{"not_picked":["The Bomb+1","Secret Technique+1","Transmutation+1"],"picked":"REME_EyeOfCthun+1","floor":38},{"not_picked":["FairyFestival","PlagueDoctor","Yin"],"picked":"Singing Bowl","floor":39},{"not_picked":["Koishi:SprinkleStarAndHeart+1","Koishi:UnconsciousUprising+1","Koishi:SubconsciousSweep+1","Bandage Up+1"],"picked":"SKIP","floor":39},{"not_picked":["Koishi:Jaunt+1","Koishi:StrangeCloudFist","REME_ProfessionalPlagiarism"],"picked":"Koishi:MentalBreakdown","floor":40},{"not_picked":["NothingThere","VoidDream","DespairKnight"],"picked":"Singing Bowl","floor":40},{"not_picked":["Yin","BigBird","GreedKing"],"picked":"Singing Bowl","floor":42},{"not_picked":["Koishi:BloodcurdlingScream+1","Koishi:Jaunt+1","Koishi:HeartfeltFancy+1","Impatience"],"picked":"SKIP","floor":42},{"not_picked":["WhitesApple","Alriune","MHz"],"picked":"Singing Bowl","floor":47},{"not_picked":["Koishi:RorschachInDanmaku","Koishi:HeartAttack+1","Koishi:ReleaseOfTheId+1","REME_AllRoundStrike"],"picked":"SKIP","floor":47},{"not_picked":["Koishi:UnansweredLove","Koishi:GhostParty","REME_BodyOfCthun"],"picked":"Koishi:LastRemote+1","floor":48},{"not_picked":["DespairKnight","DreamingCurrent","MeltingLove"],"picked":"Singing Bowl","floor":48},{"not_picked":["Koishi:StingingMind","Koishi:SubconsciousSweep","Koishi:Bloodlust","Apotheosis"],"picked":"SKIP","floor":48}],"player_experience":208950,"relics_obtained":[{"floor":1,"key":"LetterFromLob"},{"floor":2,"key":"Omamori"},{"floor":6,"key":"Mercury Hourglass"},{"floor":9,"key":"Pear"},{"floor":20,"key":"Calipers"},{"floor":20,"key":"TungstenRod"},{"floor":23,"key":"Meat on the Bone"},{"floor":26,"key":"Boot"},{"floor":27,"key":"Bag of Marbles"},{"floor":31,"key":"Du-Vu Doll"},{"floor":34,"key":"REME_HandOfSuture"},{"floor":34,"key":"Ancient Tea Set"},{"floor":35,"key":"AtMidnight"},{"floor":40,"key":"Bottled Flame"},{"floor":42,"key":"Bottled Tornado"},{"floor":43,"key":"Juzu Bracelet"},{"floor":47,"key":"Prayer Wheel"}],"event_choices":[{"damage_healed":0,"gold_gain":0,"player_choice":"2","damage_taken":0,"max_hp_gain":0,"max_hp_loss":0,"event_name":"betterMatch:BetterMatch","floor":19,"gold_loss":0,"cards_obtained":["betterMatch:CommonCard"]},{"damage_healed":0,"gold_gain":2,"player_choice":"1","damage_taken":0,"max_hp_gain":0,"max_hp_loss":0,"event_name":"betterStone:BetterStone","floor":21,"gold_loss":0},{"damage_healed":0,"gold_gain":0,"player_choice":"2","damage_taken":0,"max_hp_gain":0,"max_hp_loss":0,"event_name":"betterMatch:BetterMatch","floor":38,"gold_loss":0,"cards_obtained":["betterMatch:UncommonCard","betterMatch:ColorlessRareCard","betterMatch:CommonCard"]}],"is_beta":true,"boss_relics":[{"not_picked":["SlaversCollar","Black Star"],"picked":"Sozu"},{"not_picked":["Velvet Choker","Snecko Eye"],"picked":"REME_LowDesire"}],"items_purged_floors":[37],"is_endless":false,"potions_floor_spawned":[6,7,13,14,16,22,23,30,42,47,48],"ascension_level":0}}