{"host":"m4gb89kpcfic7v2a","time":1611685772,"event":{"mods":["BaseMod","BetterRewards","Minty Spire (QoL Compilation)","Replay The Spire","StSLib","The Animator"],"gold_per_floor":[113,132,143,143,178,178,178,178],"floor_reached":7,"language":"ENG","playtime":937,"items_purged":[],"score":45,"play_id":"a1641ca0-01cd-472e-b8e3-7ea57e3b3b49","local_time":"20210126112932","is_ascension_mode":true,"campfire_choices":[{"data":"animator:DolaSchwi","floor":6,"key":"SMITH"}],"circlet_count":0,"master_deck":["animator:Strike_NoGameNoLife","animator:Defend_NoGameNoLife","animator:Strike","animator:Strike","animator:Strike","animator:Defend","animator:Defend","animator:Defend","animator:DolaSchwi+1","animator:DolaCouronne","animator:DolaStephanie","animator:Tatsumaki","animator:DolaCouronne","animator:ChlammyZell"],"relics":["animator:LivingPicture","animator:TheMissingPiece","Golden Idol"],"acts_visited":["Exordium"],"potions_floor_usage":[],"damage_taken":[{"damage":7,"enemies":"2 Louse","floor":1,"turns":4},{"damage":6,"enemies":"Jaw Worm","floor":2,"turns":3},{"damage":10,"enemies":"Small Slimes","floor":3,"turns":4},{"damage":21,"enemies":"Exordium Thugs","floor":5,"turns":5},{"damage":9,"enemies":"3 Sentries","floor":7,"turns":1}],"seed_played":"-1157360068235680109","potions_obtained":[{"floor":2,"key":"Venom Potion"}],"is_trial":false,"path_per_floor":["M","M","M","?","M","R","E"],"character_chosen":"THE_ANIMATOR","items_purchased":["animator:DolaStephanie"],"campfire_rested":0,"item_purchase_floors":[0],"current_hp_per_floor":[59,53,43,27,6,6,0,0],"gold":178,"neow_bonus":"","is_daily":false,"chose_seed":false,"campfire_upgraded":1,"win_rate":0.0,"timestamp":1611685772,"path_taken":["M","M","M","?","M","R","E"],"items_purchased_type":["Card"],"build_version":"2020-12-22","purchased_purges":0,"victory":false,"max_hp_per_floor":[66,66,66,66,66,66,66,66],"card_choices":[{"not_picked":["animator:SilverFang","animator:DwarfShaman"],"picked":"animator:Tatsumaki","floor":1},{"not_picked":["animator:LeleiLaLalena","animator:YaoHaDucy","animator:DolaRiku"],"picked":"SKIP","floor":2},{"not_picked":["animator:ElricAlphonse","animator:Cocytus"],"picked":"animator:DolaCouronne","floor":3},{"not_picked":["animator:DolaCouronne","animator:Tet"],"picked":"animator:ChlammyZell","floor":5}],"player_experience":191690,"relics_obtained":[],"event_choices":[{"damage_healed":0,"gold_gain":0,"player_choice":"Take Damage","damage_taken":16,"relics_obtained":["Golden Idol"],"max_hp_gain":0,"max_hp_loss":0,"event_name":"Golden Idol","floor":4,"gold_loss":0}],"is_beta":false,"boss_relics":[],"items_purged_floors":[],"is_endless":false,"potions_floor_spawned":[2],"killed_by":"3 Sentries","ascension_level":1}}