{"host":"bxdue9bkfm2khp2x","time":1611643685,"event":{"mods":["ATMod(阿瑾Mod)","Arknights The Spire","Aspiration","BaseMod","Better Vampires","Challenge The Spire","Colored Map","Colored Powertips","Conspire","Decade(王小明)","Dota2Spire","Highlight Path","Minty Spire (QoL Compilation)","MostiFishMod","Remilia（蕾米莉亚）","Replay The Spire","RumiaBox-露米娅的神秘盒子","Ryuuou龙王","Spicy Shops","StSLib","Td1madao Mod","The Alterego","The Bug Knight","The Cursed","The Servant 0.9.4","WarShipGirlsR/战舰少女R mod","noobMod","【功能Mod】混沌之环修复补丁","【遗物卡牌】REMEMod","篝火指南"],"gold_per_floor":[117,136,136,136,148,148,166,195,221,221,171,189,89,100,100,176,176,189,160,160,110,126,126,126,126],"floor_reached":24,"language":"ZHS","playtime":3682,"items_purged":["alterego_mod:Strike","alterego_mod:Impale","alterego_mod:Defend","alterego_mod:Strike"],"score":396,"play_id":"7ed6b573-0980-4d14-a0c9-4f41af44babd","local_time":"20210126144805","is_ascension_mode":true,"campfire_choices":[{"data":"REME_MawOfCthun","floor":6.0,"key":"SMITH"},{"data":"alterego_mod:BrynhildrsRune","floor":10.0,"key":"SMITH"},{"data":"alterego_mod:MagicResistance","floor":15,"key":"SMITH"},{"data":"alterego_mod:Pet","floor":23,"key":"SMITH"}],"circlet_count":0,"master_deck":["AscendersBane","alterego_mod:Strike","alterego_mod:Strike","alterego_mod:Defend","alterego_mod:Defend","alterego_mod:BigMeatyClaws","alterego_mod:BrynhildrsRune+1","alterego_mod:MagicResistance+1","REME_MawOfCthun+1","alterego_mod:Pet+1","alterego_mod:Undulate","alterego_mod:VirginLaserPalladion"],"relics":["alterego_mod:MasochisticConstitution","DaveBox","REME_ComplimentaryCards","ice","AT_ATBox","RhineFirstAidKit","SynthV:TestCard","conspire:DeflatedDodgeball","Smiling Mask","AT_TrinityForce"],"acts_visited":["Exordium","TheCity"],"potions_floor_usage":[16,16,24,24],"damage_taken":[{"damage":0.0,"enemies":"conspire:RoseBush","floor":1.0,"turns":8.0},{"damage":5.0,"enemies":"Cultist","floor":2.0,"turns":5.0},{"damage":11.0,"enemies":"Jaw Worm","floor":5.0,"turns":8.0},{"damage":15.0,"enemies":"conspire:2 RoseBushes","floor":7.0,"turns":13.0},{"damage":19.0,"enemies":"Replay:BlueRogue","floor":8.0,"turns":15.0},{"damage":3.0,"enemies":"2 Fungi Beasts","floor":12.0,"turns":8.0},{"damage":14,"enemies":"Large Slime","floor":14,"turns":19},{"damage":16,"enemies":"Fading Forest","floor":16,"turns":13},{"damage":6,"enemies":"conspire:FuzzyDice","floor":18,"turns":10},{"damage":18,"enemies":"2 Thieves","floor":19,"turns":4},{"damage":16,"enemies":"conspire:HollyBat","floor":22,"turns":13},{"damage":47,"enemies":"Slavers","floor":24,"turns":6}],"seed_played":"2799686790112873675","potions_obtained":[{"floor":1.0,"key":"Strength Potion"},{"floor":2.0,"key":"Dota2Spire:Clarity"},{"floor":16,"key":"Elixir"},{"floor":19,"key":"Block Potion"}],"is_trial":false,"path_per_floor":["M","M","?","?","M","R","M","E","T","R","$","M","$","M","R","B",null,"M","M","?","$","M","R","E"],"character_chosen":"The_Alterego","items_purchased":[],"campfire_rested":0,"item_purchase_floors":[],"current_hp_per_floor":[65,61,61,57,47,47,47,69,69,69,69,70,70,64,64,72,72,73,56,71,71,63,63,16,16],"gold":126,"neow_bonus":"THREE_CARDS","is_daily":false,"chose_seed":false,"campfire_upgraded":4,"win_rate":0.0,"timestamp":1611643685,"path_taken":["M","M","?","?","?","R","M","E","T","R","?","M","$","M","R","BOSS","M","M","?","$","M","R","E"],"items_purchased_type":[],"build_version":"2020-12-22","purchased_purges":4,"victory":false,"max_hp_per_floor":[65,66,66,66,67,67,68,69,69,69,69,70,70,71,71,72,72,73,74,74,74,75,75,75,75],"card_choices":[{"not_picked":["alterego_mod:Mirror","alterego_mod:Schoolgirl"],"picked":"alterego_mod:MagicResistance","floor":0.0},{"not_picked":["alterego_mod:Jiggle","alterego_mod:Table"],"picked":"alterego_mod:Pet","floor":1.0},{"not_picked":["alterego_mod:Pet","alterego_mod:Collar","alterego_mod:MaintainEyeContact","alterego_mod:Bounce"],"picked":"alterego_mod:Undulate","floor":2.0},{"not_picked":["alterego_mod:SakuraPetals","alterego_mod:1TonWallop","alterego_mod:Cooking","alterego_mod:Belts","alterego_mod:Mirror"],"picked":"SKIP","floor":5.0},{"not_picked":["alterego_mod:SakuraLabyrinth","alterego_mod:Maid","alterego_mod:PresenceConcealment","alterego_mod:MagicResistance","alterego_mod:Collar"],"picked":"SKIP","floor":7.0},{"not_picked":["alterego_mod:BrynhildrRomantia","alterego_mod:Undulate","alterego_mod:Clones","alterego_mod:Valentines","alterego_mod:MagicResistance"],"picked":"SKIP","floor":8.0},{"not_picked":["alterego_mod:MagicResistance","alterego_mod:HighServant","alterego_mod:Bounce","alterego_mod:Skirt","alterego_mod:PresenceConcealment"],"picked":"SKIP","floor":12},{"not_picked":["alterego_mod:Complex","alterego_mod:Punishment","alterego_mod:Birthday","alterego_mod:Mirror","alterego_mod:BiFurious"],"picked":"SKIP","floor":14},{"not_picked":["alterego_mod:Antipathy","alterego_mod:Lift","alterego_mod:GIGAMILK","alterego_mod:Venus"],"picked":"alterego_mod:VirginLaserPalladion","floor":16},{"not_picked":["alterego_mod:Lingerie","alterego_mod:Jiggle+1","alterego_mod:BiFurious","alterego_mod:Swimsuit","alterego_mod:Table"],"picked":"SKIP","floor":18},{"not_picked":["alterego_mod:Mirror","alterego_mod:Cushion","alterego_mod:Punishment","alterego_mod:Skirt","alterego_mod:InsideBaseball"],"picked":"SKIP","floor":19},{"not_picked":["alterego_mod:Mirror","alterego_mod:Skirt","alterego_mod:GachaTicket","alterego_mod:PerceptionDisorder","alterego_mod:RidiculouslyBig"],"picked":"SKIP","floor":22}],"player_experience":1334494,"relics_obtained":[{"floor":1.0,"key":"SynthV:TestCard"},{"floor":8.0,"key":"conspire:DeflatedDodgeball"},{"floor":9.0,"key":"Smiling Mask"}],"event_choices":[{"damage_healed":0.0,"max_hp_gain":0.0,"max_hp_loss":0.0,"gold_gain":0.0,"event_name":"The Woman in Blue","player_choice":"Bought 0 Potions","floor":4.0,"gold_loss":0.0,"damage_taken":0.0},{"damage_healed":15,"gold_gain":0,"player_choice":"Heal","damage_taken":0,"max_hp_gain":0,"max_hp_loss":0,"event_name":"The Library","floor":20,"gold_loss":0}],"is_beta":false,"boss_relics":[{"not_picked":["aspiration:SecretTechniqueScroll","aspiration:RitualDagger"],"picked":"AT_TrinityForce"}],"items_purged_floors":[11,13,13,21],"is_endless":false,"potions_floor_spawned":[1,2,16,19],"killed_by":"Slavers","ascension_level":20}}