{"host":"rwmcmr2m88k7tuzm","time":1611694058,"event":{"mods":["BaseMod","BetterRewards","Conspire","Downfall","Hubris","Infinite Spire","Minty Spire (QoL Compilation)","Quick Restart","Replay The Spire","Shop Mod","StSLib","SuperFastMode"],"gold_per_floor":[114,132,143,157,84,84,94,94,145,145,145,145,163,178,178,275,275,293,293,293,293,313,341,358,358,358],"floor_reached":25,"language":"ENG","playtime":780,"items_purged":["Delirium"],"score":315,"play_id":"ea996e22-2ec1-412d-bfb6-67af8ede16c9","local_time":"20210126204738","is_ascension_mode":false,"campfire_choices":[{"floor":8,"key":"REST"},{"data":"Metamorphosis","floor":10,"key":"SMITH"},{"data":"Madness","floor":12,"key":"SMITH"},{"data":"Panacea","floor":15,"key":"SMITH"}],"circlet_count":0,"master_deck":["Strike_R","Strike_R","Strike_R","Strike_R","Defend_R","Defend_R","Defend_R","Defend_R","Bash","Metamorphosis+1","Madness+1","Panacea+1","Flex","Replay:Parry","Impervious","Slimebound:CheckThePlaybook","Iron Wave+1","Rampage","Cleave+1"],"relics":["Burning Blood","Mummified Hand","infinitespire:ShieldingShard","ReplayTheSpireMod:ShopPack","Bag of Preparation","Bag of Marbles","ReplayTheSpireMod:CursedCoin","Oddly Smooth Stone","hubris:Stopwatch","hubris:Icosahedron","ReplayTheSpireMod:TigerMarble"],"acts_visited":["Exordium","TheCity"],"potions_floor_usage":[13,16,16,22,23,25],"damage_taken":[{"damage":1,"enemies":"Cultist","floor":1,"turns":4},{"damage":4,"enemies":"2 Louse","floor":2,"turns":4},{"damage":12,"enemies":"Jaw Worm","floor":3,"turns":4},{"damage":6,"enemies":"3 Louse","floor":4,"turns":4},{"damage":7,"enemies":"Looter","floor":7,"turns":3},{"damage":0,"enemies":"Exordium Wildlife","floor":13,"turns":3},{"damage":3,"enemies":"2 Fungi Beasts","floor":14,"turns":2},{"damage":62,"enemies":"Fading Forest","floor":16,"turns":11},{"damage":12,"enemies":"3 Byrds","floor":18,"turns":6},{"damage":2,"enemies":"Shell Parasite","floor":22,"turns":3},{"damage":36,"enemies":"Book of Stabbing","floor":23,"turns":4},{"damage":21,"enemies":"3 Cultists","floor":24,"turns":6},{"damage":22,"enemies":"Nightmare","floor":25,"turns":3}],"seed_played":"8939218203781725117","potions_obtained":[{"floor":2,"key":"Adrenaline Potion"},{"floor":4,"key":"Swift Potion"},{"floor":13,"key":"Fruit Juice"},{"floor":14,"key":"SkillPotion"},{"floor":22,"key":"PowerPotion"},{"floor":24,"key":"SpeedPotion"}],"is_trial":false,"path_per_floor":["M","M","M","M","$","?","M","R","T","R","$","R","M","M","R","B",null,"M","?","?","?","M","E","M","NM"],"character_chosen":"IRONCLAD","items_purchased":["Mummified Hand","infinitespire:ShieldingShard","ReplayTheSpireMod:ShopPack","Bag of Preparation","Bag of Marbles","ReplayTheSpireMod:CursedCoin","Replay:Parry","AttackPotion"],"campfire_rested":1,"item_purchase_floors":[0,0,0,0,0,5,5,5],"current_hp_per_floor":[47,49,43,43,43,43,42,66,66,66,66,66,77,80,80,24,85,79,79,79,50,54,24,9,0,0],"gold":358,"neow_bonus":"","is_daily":false,"chose_seed":false,"campfire_upgraded":3,"win_rate":0.0,"timestamp":1611694058,"path_taken":["M","M","M","M","?","?","M","R","T","R","$","R","?","?","R","BOSS","M","?","?","?","M","E","M","NM"],"items_purchased_type":["Relic","Relic","Relic","Relic","Relic","Relic","Card","Potion"],"build_version":"2020-12-22","purchased_purges":1,"victory":false,"max_hp_per_floor":[80,80,80,80,80,80,80,80,80,80,80,80,85,85,85,85,85,85,85,85,85,85,85,85,85,85],"card_choices":[{"not_picked":["ReplayTheSpireMod:Necrogeddon","Midas Touch"],"picked":"Metamorphosis","floor":0},{"not_picked":["PanicButton","Midas Touch"],"picked":"Madness","floor":0},{"not_picked":["Discovery","ReplayTheSpireMod:Private Reserves"],"picked":"Panacea","floor":0},{"not_picked":["Clothesline","Combust"],"picked":"Flex","floor":1},{"not_picked":["Headbutt","Clash","Anger"],"picked":"SKIP","floor":2},{"not_picked":["Power Through","ReplayTheSpireMod:Strike From Hell","Pommel Strike"],"picked":"SKIP","floor":3},{"not_picked":["Evolve","Clash","Anger"],"picked":"SKIP","floor":4},{"not_picked":["ReplayReversal","True Grit"],"picked":"Impervious","floor":7},{"not_picked":["Replay:Undeath\u0027s Touch","Havoc","Pommel Strike"],"picked":"SKIP","floor":13},{"not_picked":["hubris:SharpeningStone","conspire:Purge","Iron Wave"],"picked":"SKIP","floor":14},{"not_picked":["Carnage","Iron Wave","Hemokinesis+1"],"picked":"SKIP","floor":18},{"not_picked":["Massacre+1","ReplayTheSpireMod:Strike From Hell"],"picked":"Iron Wave+1","floor":22},{"not_picked":["Wild Strike","Twin Strike"],"picked":"Rampage","floor":23},{"not_picked":["Iron Wave+1","ReplayTheSpireMod:LeadingStrike+1"],"picked":"Cleave+1","floor":24}],"player_experience":163031,"relics_obtained":[{"floor":9,"key":"Oddly Smooth Stone"},{"floor":23,"key":"ReplayTheSpireMod:TigerMarble"}],"event_choices":[{"cards_removed":["Strike_R"],"damage_healed":0,"gold_gain":0,"player_choice":"Purged","damage_taken":0,"max_hp_gain":0,"max_hp_loss":0,"event_name":"Purifier","floor":6,"gold_loss":0}],"is_beta":false,"boss_relics":[{"not_picked":["Ooze Armor","Astrolabe"],"picked":"hubris:Stopwatch"}],"items_purged_floors":[5],"is_endless":false,"potions_floor_spawned":[2,4,13,14,22,24],"killed_by":"Nightmare","ascension_level":0}}