{"host":"slngz8sobihb8iwl","time":1611631293,"event":{"mods":["2.2 Compatiblity","Act Like it!","BaseMod","Chen","Colored Powertips","Downfall","Elementarium","Gensokyo","GifTheSpireLib","Hallownest","Hermit","Marisa????????","Menagerie","Minty Spire (QoL Compilation)","Permanent Neow","Random Character Button","Rare Cards Sparkle","Relic Filter Mod","Robot Space Explorer","Spire Arcade","StSLib","SuperFastMode","Td1madao Mod","The Bug Knight","The Gatherer","The Hierophant","The Marked","The Runesmith","Unceasing Turn Reminder"],"gold_per_floor":[109,61,61,78,96,121,42,58,58,58,78,94,94,15,15,120,120,131,131,131,346,61,61,80,80,80,100,112,112,332,344,344,445,445,464,464,40,40,51,51,80,91,91,91,91,91,58,70,70,70],"floor_reached":51,"language":"ENG","playtime":4032,"items_purged":[],"score":679,"play_id":"bbe988fb-67a6-43a2-8b75-dde594304474","local_time":"20210125222132","is_ascension_mode":false,"campfire_choices":[{"data":"Chen:Frivolous","floor":10.0,"key":"SMITH"},{"data":"Chen:RapidfireEvasive","floor":13.0,"key":"SMITH"},{"floor":15.0,"key":"REST"},{"data":"Gensokyo:TekeTeke","floor":23.0,"key":"SMITH"},{"data":"Chen:MeditateFrenzy","floor":25.0,"key":"SMITH"},{"floor":32.0,"key":"REST"},{"data":"Chen:MeditateFrenzy","floor":40,"key":"SMITH"},{"floor":49,"key":"REST"}],"circlet_count":0,"master_deck":["Chen:Strike","Chen:Strike","Chen:Strike","Chen:Defend","Chen:Defend","Chen:Defend","Chen:Defend","Chen:PounceTurnTail","Chen:GlitterPoke","Chen:Stability","Chen:Mixup","Chen:Adaptability","Chen:Barrier","Chen:MeditateFrenzy+1","Chen:Adaptability","Chen:Frivolous+1","Chen:RapidfireEvasive+1","Chen:Sidestep","Chen:MeditateFrenzy+1","Chen:Gash","Chen:CatPunch","Chen:FollowUp","Gensokyo:TekeTeke+1","Chen:CatPunch","Chen:ResistTemptation+1","Chen:SelfControl","Chen:CatPunch","Chen:Stability","Chen:PhoenixEgg","Gensokyo:RainbowDanmaku+1","Chen:Sidestep+1","Chen:MeditateFrenzy","Chen:Mixup","Chen:Adaptability+1"],"relics":["Chen:Catnip","Runesmith:AutoHammer","Bronze Scales","Philosopher\u0027s Stone","Gensokyo:DirgeOfMelancholy","Gensokyo:RedStar","Gambling Chip","Matryoshka","HornCleat","SlaversCollar","White Beast Statue","HandDrill","TungstenRod","Centennial Puzzle","Toxic Egg 2"],"acts_visited":["Exordium","Gensokyo:Gensokyo","Gensokyo:Gensokyoer"],"potions_floor_usage":[38,41,42,48,50,50,50],"damage_taken":[{"damage":0.0,"enemies":"Gensokyo:Python","floor":1.0,"turns":3.0},{"damage":0.0,"enemies":"Gensokyo:2_Kodama","floor":4.0,"turns":4.0},{"damage":0.0,"enemies":"Gensokyo:Gryphon","floor":5.0,"turns":6.0},{"damage":19.0,"enemies":"Gensokyo:Aya","floor":6.0,"turns":6.0},{"damage":0.0,"enemies":"Gensokyo:Python_and_Kodama","floor":8.0,"turns":4.0},{"damage":0.0,"enemies":"Gensokyo:Gryphon_and_Rabbit","floor":11.0,"turns":6.0},{"damage":7.0,"enemies":"Gensokyo:3_Kodama","floor":12.0,"turns":6.0},{"damage":40.0,"enemies":"Gensokyo:Yukari","floor":16.0,"turns":14.0},{"damage":0.0,"enemies":"Gensokyo:Chomper","floor":18.0,"turns":6.0},{"damage":0.0,"enemies":"Gensokyo:2_Gloops","floor":21.0,"turns":6.0},{"damage":7.0,"enemies":"Gensokyo:Wraith","floor":24.0,"turns":6.0},{"damage":31.0,"enemies":"Gensokyo:Slime_Group","floor":27.0,"turns":4.0},{"damage":15.0,"enemies":"Gensokyo:Monolith_and_Dog","floor":28.0,"turns":6.0},{"damage":12.0,"enemies":"Gensokyo:Wraith","floor":30.0,"turns":4.0},{"damage":0.0,"enemies":"Gensokyo:Mirror_and_Dog","floor":31.0,"turns":6.0},{"damage":16.0,"enemies":"Gensokyo:Eiki","floor":33.0,"turns":14.0},{"damage":0,"enemies":"Gensokyo:AncientGuardian","floor":35,"turns":6},{"damage":12,"enemies":"Gensokyo:AncientGuardian","floor":38,"turns":8},{"damage":4,"enemies":"Gensokyo:3_Boulders","floor":39,"turns":6},{"damage":6,"enemies":"Gensokyo:Marisa","floor":41,"turns":6},{"damage":28,"enemies":"Gensokyo:4_Bats","floor":42,"turns":7},{"damage":2,"enemies":"Gensokyo:AtlasGolem","floor":48,"turns":4},{"damage":0,"enemies":"Gensokyo:Scarlet_Devils","floor":50,"turns":11}],"seed_played":"-5155001024451571793","potions_obtained":[{"floor":4.0,"key":"DistilledChaos"},{"floor":8.0,"key":"Fruit Juice"},{"floor":12.0,"key":"FearPotion"},{"floor":16.0,"key":"BlessingOfTheForge"},{"floor":18.0,"key":"Ancient Potion"},{"floor":33,"key":"Block Potion"},{"floor":39,"key":"DistilledChaos"},{"floor":41,"key":"Energy Potion"},{"floor":42,"key":"ColorlessPotion"},{"floor":48,"key":"LiquidBronze"}],"is_trial":false,"path_per_floor":["M","$","?","M","M","E","$","M","T","R","M","M","R","COS","R","B",null,"M","?","?","M","COS","R","M","R","T","M","M","?","M","M","R","B",null,"M","?","COS","?","M","R","E","M","T","?","?","?","$","M","R","B",null],"character_chosen":"CHEN","items_purchased":["Chen:Adaptability","Chen:Frivolous","Chen:Mixup"],"campfire_rested":3,"item_purchase_floors":[2,7,47],"current_hp_per_floor":[70,70,70,70,70,51,51,56,56,56,56,49,49,49,71,31,75,75,75,75,75,75,75,68,68,68,37,22,22,10,10,32,53,75,75,75,75,75,71,71,65,37,37,37,37,37,37,35,57,57],"gold":70,"neow_bonus":"ONE_RANDOM_RARE_CARD","is_daily":false,"chose_seed":false,"campfire_upgraded":5,"win_rate":0.0,"timestamp":1611631292,"path_taken":["M","?","?","M","M","E","$","M","T","R","M","M","R","COS","R","BOSS","M","?","?","M","COS","R","M","R","T","M","M","?","?","M","R","BOSS","BOSS","M","?","COS","?","M","R","E","?","T","?","?","?","$","?","R","BOSS"],"items_purchased_type":["Card","Card","Card"],"build_version":"2020-12-22","purchased_purges":0,"victory":true,"max_hp_per_floor":[70,70,70,70,70,70,70,75,75,75,75,75,75,75,75,75,75,75,75,75,75,75,75,75,75,75,75,75,75,75,75,75,75,75,75,75,75,75,75,75,75,75,75,75,75,75,75,75,75,75],"card_choices":[{"not_picked":["Chen:Panic","Chen:UnstableBoundary"],"picked":"Chen:Mixup","floor":1.0},{"not_picked":["Chen:Shot","Chen:RecklessLeap"],"picked":"Chen:Barrier","floor":3.0},{"not_picked":["Chen:Spray","Chen:Exploit"],"picked":"Chen:MeditateFrenzy","floor":4.0},{"not_picked":["Chen:Instinct","Chen:Assault"],"picked":"Chen:Adaptability","floor":5.0},{"not_picked":["Chen:TauntHiss","Chen:UnstableBoundary","Chen:Catseye"],"picked":"SKIP","floor":6.0},{"not_picked":["Chen:Deceitful","Chen:Barrier"],"picked":"Chen:RapidfireEvasive","floor":8.0},{"not_picked":["Chen:PentagramFlight","Chen:SurpriseAttack"],"picked":"Chen:Sidestep","floor":11.0},{"not_picked":["Chen:Lacerate","Chen:TauntHiss"],"picked":"Chen:MeditateFrenzy","floor":12.0},{"not_picked":["Chen:Shapeshift","Chen:FinalSpellCard"],"picked":"Chen:Gash","floor":16.0},{"not_picked":["Chen:Panic","Chen:Sneak+1"],"picked":"Chen:CatPunch","floor":18.0},{"not_picked":["Chen:MisdirectSwipe","Chen:Shot"],"picked":"Chen:FollowUp","floor":21.0},{"not_picked":["Chen:Sweep","Chen:SelfConfidence"],"picked":"Chen:CatPunch","floor":24.0},{"not_picked":["Chen:Panic","Chen:Assault"],"picked":"Chen:ResistTemptation+1","floor":27.0},{"not_picked":["Chen:SelfConfidence+1","Chen:Deceitful"],"picked":"Chen:SelfControl","floor":28.0},{"not_picked":["Chen:Shot+1","Chen:Sweep"],"picked":"Chen:CatPunch","floor":30.0},{"not_picked":["Chen:Sneak","Chen:Shot"],"picked":"Chen:Stability","floor":31.0},{"not_picked":["Chen:Kimontonkou","Chen:Clarity"],"picked":"Chen:PhoenixEgg","floor":33},{"not_picked":["Chen:Frivolous","Chen:Tear","Chen:SelfConfidence"],"picked":"SKIP","floor":35},{"not_picked":["Gensokyo:Dawn+1","Gensokyo:RisingWorld+1"],"picked":"Gensokyo:RainbowDanmaku+1","floor":38},{"not_picked":["Chen:Barrier","Chen:Tear+1"],"picked":"Chen:Sidestep+1","floor":39},{"not_picked":["Chen:Panic+1","Chen:Unpredictable"],"picked":"Chen:MeditateFrenzy","floor":41},{"not_picked":["Chen:Tear","Chen:Sweep","Chen:Spray"],"picked":"SKIP","floor":42},{"not_picked":["Chen:Unpredictable+1","Chen:Shot+1"],"picked":"Chen:Adaptability+1","floor":48}],"player_experience":424885,"relics_obtained":[{"floor":6.0,"key":"Runesmith:AutoHammer"},{"floor":9.0,"key":"Bronze Scales"},{"floor":26.0,"key":"Matryoshka"},{"floor":41,"key":"TungstenRod"},{"floor":43,"key":"Centennial Puzzle"},{"floor":43,"key":"Toxic Egg 2"}],"event_choices":[],"is_beta":false,"boss_relics":[{"not_picked":["Busted Crown","Fusion Hammer"],"picked":"Philosopher\u0027s Stone"},{"not_picked":["Pandora\u0027s Box","Velvet Choker"],"picked":"SlaversCollar"}],"items_purged_floors":[],"is_endless":false,"potions_floor_spawned":[4,8,12,16,18,24,27,33,39,41,42,48],"ascension_level":0}}