{"host":"i0avyit1s6jb1siw","time":1611679394,"event":{"mods":["BaseMod","DeckTracker","Dota2Spire","Highlight Path","Minty Spire (QoL Compilation)","Quick Restart","StSLib","SuperFastMode"],"gold_per_floor":[115,190,210,210,210,210,224,224,224],"floor_reached":8,"language":"ENG","playtime":152,"items_purged":[],"score":92,"play_id":"ad9c3c40-6798-4fed-8ea8-3e28e0c674bd","local_time":"20210126174314","is_ascension_mode":true,"campfire_choices":[{"data":"Blood for Blood","floor":6,"key":"SMITH"}],"circlet_count":0,"master_deck":["AscendersBane","Strike_R","Strike_R","Strike_R","Strike_R","Defend_R","Defend_R","Defend_R","Defend_R","Bash","Blood for Blood+1","Shockwave","Disarm"],"relics":["Burning Blood","Gambling Chip"],"acts_visited":["Exordium"],"potions_floor_usage":[8],"damage_taken":[{"damage":7,"enemies":"Small Slimes","floor":1,"turns":3},{"damage":3,"enemies":"2 Louse","floor":3,"turns":4},{"damage":4,"enemies":"Jaw Worm","floor":7,"turns":3},{"damage":62,"enemies":"3 Sentries","floor":8,"turns":9}],"seed_played":"-228077695410549154","potions_obtained":[{"floor":3,"key":"FearPotion"},{"floor":7,"key":"AttackPotion"}],"is_trial":false,"path_per_floor":["M","?","M","?","?","R","M","E"],"character_chosen":"IRONCLAD","items_purchased":[],"campfire_rested":0,"item_purchase_floors":[],"current_hp_per_floor":[67,56,59,64,57,57,59,0,0],"gold":224,"neow_bonus":"ONE_RARE_RELIC","is_daily":false,"chose_seed":false,"campfire_upgraded":1,"win_rate":0.0,"timestamp":1611679394,"path_taken":["M","?","M","?","?","R","M","E"],"items_purchased_type":[],"build_version":"2020-12-22","purchased_purges":0,"victory":false,"max_hp_per_floor":[68,68,68,73,73,73,73,73,73],"card_choices":[{"not_picked":["True Grit","Iron Wave"],"picked":"Blood for Blood","floor":1},{"not_picked":["Sentinel","Flex"],"picked":"Shockwave","floor":3},{"not_picked":["Infernal Blade","Flex"],"picked":"Disarm","floor":7}],"player_experience":2352254,"relics_obtained":[],"event_choices":[{"damage_healed":0,"gold_gain":75,"player_choice":"Gather Gold","damage_taken":11,"max_hp_gain":0,"max_hp_loss":0,"event_name":"World of Goop","floor":2,"gold_loss":0},{"damage_healed":0,"gold_gain":0,"player_choice":"Donut","damage_taken":0,"max_hp_gain":5,"max_hp_loss":0,"event_name":"Big Fish","floor":4,"gold_loss":0},{"cards_removed":["Strike_R"],"damage_healed":0,"gold_gain":0,"player_choice":"Card Removal","damage_taken":7,"max_hp_gain":0,"max_hp_loss":0,"event_name":"Golden Wing","floor":5,"gold_loss":0}],"is_beta":false,"boss_relics":[],"items_purged_floors":[],"is_endless":false,"potions_floor_spawned":[3,7],"killed_by":"3 Sentries","ascension_level":20}}