{"host":"bwf6jt0gyax88i3l","time":1611639068,"event":{"mods":["AchievementEnabler","BaseMod","Colored Map","Colored Powertips","Downfall","Duelist Mod","Highlight Path","Hubris","Infinite Spire","Jorbs\u0027s Wanderer Trilogy","Koishi","Lobotomy","Minty Spire (QoL Compilation)","Quick Restart","Shop Mod","StSLib","Td1madao Mod","The Disciple"],"gold_per_floor":[109,109,109,119,119,119,119,154,154,154,172,172,207,221,221,318,318,336,352,352,366,382,414,428,443,467,467,566,584,123,123,123],"floor_reached":31,"language":"ENG","playtime":2105,"items_purged":["Cold Snap+1"],"score":267,"play_id":"50cb0cd4-a273-45de-88dd-e0225ed7853f","local_time":"20210125213108","is_ascension_mode":false,"campfire_choices":[{"data":"Chaos","floor":6,"key":"SMITH"},{"data":"Dualcast","floor":12,"key":"SMITH"},{"floor":15,"key":"REST"},{"floor":27,"key":"REST"}],"circlet_count":0,"master_deck":["Strike_B","Strike_B","Strike_B","Strike_B","Defend_B","Defend_B","Defend_B","Defend_B","Zap","Dualcast+1","Chaos+1","Conserve Battery","Lockon+1","hubris:Ukulele+1","Tempest","Electrodynamics","hubris:SpecializedCircuitry","Loop"],"relics":["Cracked Core","Strawberry","Calipers","hubris:CrystalStatue","Busted Crown","Matryoshka","Eternal Feather","Whetstone","Orichalcum","Bag of Preparation"],"acts_visited":["Exordium","TheCity"],"potions_floor_usage":[14,14,19,19,24,31],"damage_taken":[{"damage":7,"enemies":"2 Louse","floor":1,"turns":2},{"damage":5,"enemies":"Small Slimes","floor":4,"turns":5},{"damage":13,"enemies":"Gremlin Nob","floor":8,"turns":3},{"damage":0,"enemies":"Cultist","floor":11,"turns":3},{"damage":40,"enemies":"3 Sentries","floor":13,"turns":9},{"damage":0,"enemies":"Blue Slaver","floor":14,"turns":2},{"damage":2,"enemies":"Slime Boss","floor":16,"turns":5},{"damage":0,"enemies":"Spheric Guardian","floor":18,"turns":3},{"damage":5,"enemies":"Shell Parasite","floor":19,"turns":2},{"damage":8,"enemies":"Snake Plant","floor":21,"turns":3},{"damage":0,"enemies":"3 Cultists","floor":22,"turns":2},{"damage":20,"enemies":"theDuelist:KaibaA2","floor":23,"turns":3},{"damage":23,"enemies":"Shelled Parasite and Fungi","floor":24,"turns":6},{"damage":7,"enemies":"Centurion and Healer","floor":25,"turns":5},{"damage":15,"enemies":"Cultist and Chosen","floor":29,"turns":4},{"damage":38,"enemies":"Nightmare","floor":31,"turns":5}],"seed_played":"6461756888880236076","potions_obtained":[{"floor":3,"key":"Regen Potion"},{"floor":3,"key":"PotionOfCapacity"},{"floor":3,"key":"SteroidPotion"},{"floor":16,"key":"SteroidPotion"},{"floor":18,"key":"Guardian:BlockOnCardUsePotion"},{"floor":22,"key":"bronze:BurnAndBuffPotion"},{"floor":23,"key":"EssenceOfSteel"}],"is_trial":false,"path_per_floor":["M","?","?","M","?","R","?","E","T","?","M","R","E","M","R","B",null,"M","M","?","M","M","E","M","M","T","R","?","M","$","NM"],"character_chosen":"DEFECT","items_purchased":["Loop","Orichalcum","Bag of Preparation"],"campfire_rested":2,"item_purchase_floors":[30,30,30],"current_hp_per_floor":[68,68,68,63,63,63,63,57,57,57,57,57,17,17,41,39,82,82,77,77,69,69,49,26,19,19,52,52,37,37,0,0],"gold":123,"neow_bonus":"THREE_CARDS","is_daily":false,"chose_seed":false,"campfire_upgraded":2,"win_rate":0.0,"timestamp":1611639068,"path_taken":["M","?","?","?","?","R","?","E","T","?","?","R","E","M","R","BOSS","M","M","?","M","M","E","M","M","T","R","?","M","$","NM"],"items_purchased_type":["Card","Relic","Relic"],"build_version":"2020-12-22","purchased_purges":1,"victory":false,"max_hp_per_floor":[75,75,75,75,75,75,75,82,82,82,82,82,82,82,82,82,82,82,82,82,82,82,82,82,82,82,82,82,82,82,82,82],"card_choices":[{"not_picked":["Beam Cell","Redo"],"picked":"Chaos","floor":0},{"not_picked":["Ball Lightning","Compile Driver"],"picked":"Conserve Battery","floor":1},{"not_picked":["Rip and Tear","Cold Snap"],"picked":"Lockon","floor":4},{"not_picked":["hubris:DoWhile","Heatsinks","Barrage"],"picked":"SKIP","floor":8},{"not_picked":["Stack","Aggregate"],"picked":"hubris:Ukulele","floor":11},{"not_picked":["Sweeping Beam","Gash","Hello World"],"picked":"SKIP","floor":13},{"not_picked":["Hologram","Stack"],"picked":"Tempest","floor":14},{"not_picked":["Amplify","hubris:Prefetch"],"picked":"Electrodynamics","floor":16},{"not_picked":["Hologram+1"],"picked":"SKIP","floor":18},{"not_picked":["Stack"],"picked":"SKIP","floor":19},{"not_picked":["Tempest"],"picked":"SKIP","floor":21},{"not_picked":["Conserve Battery"],"picked":"SKIP","floor":22},{"not_picked":["Go for the Eyes+1"],"picked":"SKIP","floor":23},{"not_picked":[],"picked":"Cold Snap","floor":24},{"not_picked":[],"picked":"hubris:SpecializedCircuitry","floor":25},{"not_picked":["Cold Snap"],"picked":"SKIP","floor":29}],"player_experience":43934,"relics_obtained":[{"floor":8,"key":"Strawberry"},{"floor":9,"key":"Calipers"},{"floor":13,"key":"hubris:CrystalStatue"},{"floor":23,"key":"Matryoshka"},{"floor":26,"key":"Eternal Feather"},{"floor":26,"key":"Whetstone"}],"event_choices":[{"damage_healed":0,"gold_gain":0,"player_choice":"Leave","damage_taken":0,"max_hp_gain":0,"max_hp_loss":0,"event_name":"The Cleric","floor":2,"gold_loss":0},{"damage_healed":0,"gold_gain":0,"player_choice":"Got Potions","damage_taken":0,"max_hp_gain":0,"max_hp_loss":0,"event_name":"Lab","floor":3,"gold_loss":0},{"damage_healed":0,"gold_gain":0,"player_choice":"Ignored","damage_taken":0,"max_hp_gain":0,"max_hp_loss":0,"event_name":"Liars Game","floor":5,"gold_loss":0},{"damage_healed":0,"gold_gain":0,"player_choice":"Grow","damage_taken":0,"max_hp_gain":0,"max_hp_loss":0,"event_name":"Living Wall","floor":7,"gold_loss":0,"cards_upgraded":["Lockon"]},{"damage_healed":0,"gold_gain":0,"player_choice":"Bought 0 Potions","damage_taken":0,"max_hp_gain":0,"max_hp_loss":0,"event_name":"The Woman in Blue","floor":10,"gold_loss":0},{"damage_healed":0,"gold_gain":0,"player_choice":"Ignored","damage_taken":0,"max_hp_gain":0,"max_hp_loss":0,"event_name":"Beggar","floor":20,"gold_loss":0},{"damage_healed":0,"gold_gain":99,"player_choice":"Stole From Cult","damage_taken":0,"max_hp_gain":0,"max_hp_loss":0,"event_name":"Nest","floor":28,"gold_loss":0}],"is_beta":false,"boss_relics":[{"not_picked":["hubris:GrandSneckoEye","SlaversCollar"],"picked":"Busted Crown"}],"items_purged_floors":[30],"is_endless":false,"potions_floor_spawned":[8,11,16,18,22,23],"killed_by":"Nightmare","ascension_level":0}}