{"host":"3qsmo3lm67voi999","time":1611680339,"event":{"mods":["BaseMod","Minty Spire (QoL Compilation)"],"gold_per_floor":[113,130,147,160,85,85,110,122,148,148,123,135,135,165,165,239,239,256,266,279,298,298,298],"floor_reached":22,"language":"ENG","playtime":792,"items_purged":["Strike_R"],"score":374,"play_id":"32519566-22ef-4249-a2f1-b111b9ff64ef","local_time":"20210126175859","is_ascension_mode":true,"campfire_choices":[{"data":"Uppercut","floor":6,"key":"SMITH"},{"floor":10,"key":"REST"},{"floor":15,"key":"REST"}],"circlet_count":0,"master_deck":["AscendersBane","Strike_R","Strike_R","Defend_R","Defend_R","Defend_R","Bash","Feel No Pain+1","Infernal Blade+1","Barricade+1","Uppercut+1","Dropkick","Ghostly Armor","Ghostly Armor","Armaments","Whirlwind","Inflame+1","Bash","Pummel","Feed","Immolate","Inflame+1","Battle Trance","Clothesline"],"relics":["Astrolabe","Frozen Egg 2","Centennial Puzzle","Nunchaku","Mark of Pain"],"acts_visited":["Exordium","TheCity"],"potions_floor_usage":[7,14,16,18,22],"damage_taken":[{"damage":0,"enemies":"Cultist","floor":1,"turns":3},{"damage":12,"enemies":"Jaw Worm","floor":2,"turns":2},{"damage":7,"enemies":"2 Louse","floor":3,"turns":2},{"damage":12,"enemies":"2 Fungi Beasts","floor":4,"turns":3},{"damage":7,"enemies":"Gremlin Nob","floor":7,"turns":4},{"damage":4,"enemies":"Looter","floor":8,"turns":4},{"damage":10,"enemies":"Exordium Thugs","floor":11,"turns":4},{"damage":0,"enemies":"3 Louse","floor":12,"turns":2},{"damage":11,"enemies":"Lagavulin","floor":14,"turns":4},{"damage":28,"enemies":"Hexaghost","floor":16,"turns":9},{"damage":15,"enemies":"Shell Parasite","floor":18,"turns":2},{"damage":22,"enemies":"3 Byrds","floor":19,"turns":5},{"damage":8,"enemies":"Snecko","floor":20,"turns":5},{"damage":10,"enemies":"Centurion and Healer","floor":21,"turns":5},{"damage":11,"enemies":"Snake Plant","floor":22,"turns":1}],"seed_played":"8829777531552804065","potions_obtained":[{"floor":1,"key":"BlessingOfTheForge"},{"floor":3,"key":"EssenceOfSteel"},{"floor":8,"key":"BlessingOfTheForge"},{"floor":16,"key":"Strength Potion"},{"floor":20,"key":"DistilledChaos"}],"is_trial":false,"path_per_floor":["M","M","M","M","$","R","E","M","T","R","M","M","?","E","R","B",null,"M","M","M","M","M"],"character_chosen":"IRONCLAD","items_purchased":[],"campfire_rested":2,"item_purchase_floors":[],"current_hp_per_floor":[68,56,49,37,37,37,30,26,26,48,38,38,38,27,49,21,62,47,28,20,10,0,0],"gold":298,"neow_bonus":"BOSS_RELIC","is_daily":false,"chose_seed":false,"campfire_upgraded":1,"win_rate":0.0,"timestamp":1611680339,"path_taken":["M","M","M","M","?","R","E","M","T","R","M","?","?","E","R","BOSS","M","M","M","M","M"],"items_purchased_type":[],"build_version":"2020-12-22","purchased_purges":1,"victory":false,"max_hp_per_floor":[75,75,75,75,75,75,75,75,75,75,75,75,75,75,75,75,75,75,78,78,78,78,78],"card_choices":[{"not_picked":["Pommel Strike","Searing Blow"],"picked":"Uppercut","floor":1},{"not_picked":["Combust","Sentinel","Clash"],"picked":"SKIP","floor":2},{"not_picked":["Hemokinesis","Warcry"],"picked":"Dropkick","floor":3},{"not_picked":["Perfected Strike","Second Wind"],"picked":"Ghostly Armor","floor":4},{"not_picked":["Heavy Blade","Havoc"],"picked":"Ghostly Armor","floor":7},{"not_picked":["Anger","Juggernaut+1"],"picked":"Armaments","floor":8},{"not_picked":["Battle Trance","Flex"],"picked":"Whirlwind","floor":11},{"not_picked":["Perfected Strike","Pommel Strike"],"picked":"Inflame+1","floor":12},{"not_picked":["Sword Boomerang","Heavy Blade"],"picked":"Feed","floor":14},{"not_picked":["Fiend Fire","Limit Break"],"picked":"Immolate","floor":16},{"not_picked":["Combust+1","Pommel Strike"],"picked":"Inflame+1","floor":18},{"not_picked":["Twin Strike","Heavy Blade"],"picked":"Battle Trance","floor":19},{"not_picked":["Thunderclap","Body Slam"],"picked":"Clothesline","floor":20},{"not_picked":["Reckless Charge","Pummel","Clash"],"picked":"SKIP","floor":21}],"player_experience":350952,"relics_obtained":[{"floor":7,"key":"Frozen Egg 2"},{"floor":9,"key":"Centennial Puzzle"},{"floor":14,"key":"Nunchaku"}],"event_choices":[{"damage_healed":0,"gold_gain":0,"player_choice":"2 cards matched","damage_taken":0,"max_hp_gain":0,"max_hp_loss":0,"event_name":"Match and Keep!","floor":13,"gold_loss":0,"cards_obtained":["Bash","Pummel"]}],"is_beta":false,"boss_relics":[{"not_picked":["Ectoplasm","Philosopher\u0027s Stone"],"picked":"Mark of Pain"}],"items_purged_floors":[5],"is_endless":false,"potions_floor_spawned":[1,3,4,8,16,20],"killed_by":"Snake Plant","ascension_level":17}}