{"host":"v79nb9qnzs8cga96","time":1611649778,"event":{"mods":["Aspiration","BaseMod","Better Note","Block Reminder","GifTheSpireLib","Minty Spire (QoL Compilation)","Quarter Circle Forward PUNCH!","SacredBarkPlus","Small Relic Pack","StSLib","Stuff the Spire","The Necromancer","The Poker Player","The Spell Scribe"],"gold_per_floor":[110,110,110,125,138,138,138],"floor_reached":6,"language":"ENG","playtime":523,"items_purged":[],"score":38,"play_id":"913cdd0a-3162-4937-a2e0-b049fc3713d0","local_time":"20210126102938","is_ascension_mode":true,"campfire_choices":[],"circlet_count":0,"master_deck":["theScribe:LightningStrike","theScribe:LightningStrike","theScribe:StarterDefend","theScribe:StarterDefend","theScribe:StarterDefend","theScribe:IcyDefend","theScribe:IcyDefend","theScribe:StarterModifier","theScribe:GlaciesSpellstone","theScribe:Split"],"relics":["theScribe:StarterRelic1","GremlinMask"],"acts_visited":[],"potions_floor_usage":[],"damage_taken":[{"damage":1,"enemies":"Jaw Worm","floor":1,"turns":4},{"damage":0,"enemies":"2 Louse","floor":4,"turns":2},{"damage":10,"enemies":"Cultist","floor":5,"turns":6}],"seed_played":"7398998635334735720","potions_obtained":[{"floor":1,"key":"GamblersBrew"},{"floor":4,"key":"Dexterity Potion"},{"floor":5,"key":"BlessingOfTheForge"}],"is_trial":false,"path_per_floor":["M","?","?","M","M","E"],"character_chosen":"THE_SCRIBE","items_purchased":[],"campfire_rested":0,"item_purchase_floors":[],"current_hp_per_floor":[74,67,67,67,57,10,10],"gold":138,"neow_bonus":"TRANSFORM_CARD","is_daily":false,"chose_seed":false,"campfire_upgraded":0,"win_rate":0.0,"timestamp":1611649778,"path_taken":["M","?","?","M","?","E"],"items_purchased_type":[],"build_version":"2020-12-22","purchased_purges":0,"victory":false,"max_hp_per_floor":[75,75,75,75,75,75,75],"card_choices":[{"not_picked":["theScribe:ScrollOfShadows","theScribe:BluntWeapons","theScribe:MagicMissiles"],"picked":"SKIP","floor":1},{"not_picked":["theScribe:SacrificeRitual","theScribe:RecklessResponse"],"picked":"theScribe:Split","floor":4},{"not_picked":["theScribe:ArcaneArcing","theScribe:MagicMissiles","theScribe:ArcaneBarrier"],"picked":"SKIP","floor":5},{"not_picked":["theScribe:ArcaneArcing","theScribe:MagicMissiles","theScribe:ArcaneBarrier"],"picked":"SKIP","floor":5}],"player_experience":377762,"relics_obtained":[],"event_choices":[{"cards_removed":["theScribe:StarterAttack"],"damage_healed":0,"gold_gain":0,"player_choice":"Card Removal","damage_taken":7,"max_hp_gain":0,"max_hp_loss":0,"event_name":"Golden Wing","floor":2,"gold_loss":0},{"damage_healed":0,"gold_gain":0,"player_choice":"Trade","damage_taken":0,"relics_obtained":["GremlinMask"],"max_hp_gain":0,"max_hp_loss":0,"event_name":"FaceTrader","floor":3,"gold_loss":0}],"is_beta":false,"boss_relics":[],"items_purged_floors":[],"is_endless":false,"potions_floor_spawned":[1,4,5],"killed_by":"3 Sentries","ascension_level":1}}