{"host":"gy6agq70t5jd8xfl","time":1611691802,"event":{"mods":["Aspiration","BaseMod","BetterRewards","Block Reminder","Colored Map","Colored Powertips","Conspire","Downfall","Energized Spire","Friendly Minions","GifTheSpireLib","Halation","Hermit","Hubris","Infinite Spire","Mad Scientist","Marked Mod","Minty Spire (QoL Compilation)","Permanent Neow","Quick Restart","Relic Stats","Replay The Spire","Robot Space Explorer","Shop Mod","Spicy Shops","StSLib","Stuff the Spire","The Animator","The Cursed","The Disciple","The Servant 0.9.4"],"gold_per_floor":[114,114,134,145,145,145,145,172,172,182,182,182,182,210,222,330,292,314,346,27,27,27,27,27,27,77,109,109,143,143,176,176,271,271,284,284,300,300,325,325,325,325,393,393,443,2,2,12,12,108,108,117,117,146,146,168,194,194,194,242,254,29,58,84,35,35,123,123,131,131,152,12,12,39,29,29,29],"floor_reached":75,"language":"ENG","playtime":4247,"items_purged":["bronze:Strike"],"score":1574,"play_id":"0d8c031a-6620-476c-aa17-1cf152aa9957","local_time":"20210126151002","daily_mods":["Specialized","Heirloom","Flight","DeadlyEvents"],"is_ascension_mode":false,"campfire_choices":[{"floor":6,"key":"DIG"},{"floor":7,"key":"DIG"},{"floor":11,"key":"REST"},{"floor":12,"key":"DIG"},{"floor":13,"key":"DIG"},{"floor":15,"key":"DIG"},{"floor":23,"key":"DIG"},{"floor":24,"key":"DIG"},{"floor":25,"key":"DIG"},{"floor":28,"key":"DIG"},{"floor":30,"key":"DIG"},{"floor":32,"key":"DIG"},{"floor":40,"key":"DIG"},{"floor":41,"key":"DIG"},{"floor":42,"key":"DIG"},{"floor":44,"key":"DIG"},{"floor":47,"key":"DIG"},{"floor":49,"key":"DIG"},{"floor":58,"key":"DIG"},{"floor":59,"key":"DIG"},{"floor":66,"key":"DIG"}],"circlet_count":0,"master_deck":["bronze:Defend+1","bronze:Defend","bronze:Defend+1","bronze:Defend","bronze:Replicate","bronze:Goto+1","bronze:BronzeOrb","bronze:BronzeOrb","bronze:BronzeOrb","bronze:BronzeOrb","bronze:BronzeOrb","bronze:ChosenStrike","bronze:Boost","bronze:Boost","bronze:Iterate","bronze:Virus","bronze:Strike","bronze:WhirlingStrike","bronze:DelayedGuard","bronze:Branch","bronze:Branch","bronze:Mutator","bronze:Boost","bronze:OilSpill","bronze:HardenedForm","bronze:Break","bronze:BuggyMess","bronze:Philosophize","bronze:MaxOutput","hubris:DuctTapeCard","bronze:ItsAFeature","bronze:Mutator","bronze:Fortify","bronze:SpaghettiCode","bronze:MaxOutput+1","bronze:Repair","bronze:Iterate","bronze:BronzeArmor","bronze:ClassDefault+1","bronze:SpaghettiCode"],"relics":["bronze:BronzeCore","Shovel","halation:AfternoonTea","conspire:DeflatedDodgeball","Vajra","Chameleon Ring","Blue Doll","halation:PrussianBluePaint","energizedSpire:HugeHouse","MerchantsRug","Durian","Shuriken","halation:EternalFortune","Gambling Chip","Replay:Ringing Soul","hubris:Metronome","aspiration:Lifesprig","Dream Catcher","hubris:BundleOfHerbs","Bag of Marbles","Eternal Feather","Omamori","conspire:DecoderRing","Strawberry","hubris:ScarierMask","Ring of Fury","hubris:BottledRain","Pondfish Scales","ReplayTheSpireMod:Lightbulb","White Beast Statue","Bronze Scales","infinitespire:Lychee Nut","hubris:DisguiseKit","Unceasing Top","MealTicket","StuffTheSpire:Experiment12","Black Star","Singing Bowl","Toy Ornithopter","conspire:Flyswatter","Kunai","hubris:OldNail","halation:SelfBoilingWater","hubris:DuctTape","StuffTheSpire:EmeraldSignet","Replay:Mystery Machine","PreservedInsect","conspire:InfiniteJournal","Bag of Preparation","conspire:Boomerang","infinitespire:Golems Mask","hubris:Zylophone","Nunchaku","Frozen Eye","bronze:DecasWashers","Replay:Drink Me","Gremlin Food","halation:PromiseList","MutagenicStrength","aspiration:TomeofQuesting","Regal Pillow"],"acts_visited":["Exordium","TheCity","TheBeyond","Exordium","TheCity"],"potions_floor_usage":[16],"damage_taken":[{"damage":5,"enemies":"Cultist","floor":1,"turns":4},{"damage":0,"enemies":"Jaw Worm","floor":3,"turns":2},{"damage":0,"enemies":"2 Louse","floor":4,"turns":3},{"damage":47,"enemies":"Lagavulin","floor":8,"turns":8},{"damage":0,"enemies":"Gremlin Gang","floor":10,"turns":5},{"damage":16,"enemies":"Gremlin Nob","floor":14,"turns":3},{"damage":29,"enemies":"Slime Boss","floor":16,"turns":10},{"damage":2,"enemies":"2 Thieves","floor":18,"turns":3},{"damage":0,"enemies":"Chosen","floor":19,"turns":3},{"damage":0,"enemies":"Slavers","floor":27,"turns":3},{"damage":0,"enemies":"Replay:Snechameleon","floor":29,"turns":1},{"damage":0,"enemies":"Nightmare","floor":31,"turns":1},{"damage":6,"enemies":"conspire:MysteriousRune","floor":33,"turns":3},{"damage":0,"enemies":"Orb Walker","floor":35,"turns":1},{"damage":0,"enemies":"3 Darklings","floor":37,"turns":1},{"damage":0,"enemies":"Nemesis","floor":39,"turns":1},{"damage":0,"enemies":"Mind Bloom Boss Battle","floor":45,"turns":2},{"damage":0,"enemies":"4 Shapes","floor":48,"turns":2},{"damage":39,"enemies":"Donu and Deca","floor":50,"turns":7},{"damage":0,"enemies":"Cultist","floor":52,"turns":1},{"damage":0,"enemies":"Gremlin Nob","floor":54,"turns":1},{"damage":0,"enemies":"Lagavulin","floor":56,"turns":1},{"damage":0,"enemies":"Gremlin Nob","floor":57,"turns":2},{"damage":0,"enemies":"Jaw Worm","floor":61,"turns":1},{"damage":0,"enemies":"Lagavulin","floor":63,"turns":1},{"damage":0,"enemies":"3 Sentries","floor":64,"turns":1},{"damage":0,"enemies":"Slime Boss","floor":67,"turns":3},{"damage":0,"enemies":"Chosen","floor":69,"turns":2},{"damage":2,"enemies":"Book of Stabbing","floor":71,"turns":2},{"damage":0,"enemies":"Slavers","floor":74,"turns":2},{"damage":105,"enemies":"Nightmare","floor":75,"turns":4}],"seed_played":"-6752178923547656291","potions_obtained":[{"floor":3,"key":"AttackPotion"},{"floor":10,"key":"Weak Potion"},{"floor":16,"key":"GamblersBrew"},{"floor":18,"key":"sneckomod:MuddlingPotion"},{"floor":29,"key":"Languid Potion"},{"floor":39,"key":"Regen Potion"},{"floor":45,"key":"ColorlessPotion"},{"floor":48,"key":"hexamod:SoulburnPotion"},{"floor":50,"key":"Regen Potion"},{"floor":52,"key":"FearPotion"},{"floor":54,"key":"hexamod:SoulburnPotion"},{"floor":63,"key":"champ:CounterPotion"},{"floor":64,"key":"champ:CounterPotion"}],"is_trial":true,"path_per_floor":["M","?","M","M","?","R","R","E","T","M","R","R","R","E","R","B",null,"M","M","$","?","T","R","R","R","T","E","R","E","R","NM","R","B",null,"M","?","M","?","E","R","R","R","T","R","?","$","R","M","R","B",null,"M","?","E","?","E","E","R","R","T","M","$","E","E","$","R","B",null,"M","?","E","$","?","E","NM"],"character_chosen":"THE_AUTOMATON","items_purchased":["MerchantsRug","Durian","Adrenaline Potion","FearPotion","Shuriken","hubris:DisguiseKit","Unceasing Top","conspire:InfiniteJournal","Bag of Preparation","halation:Diary","Frozen Eye","bronze:ClassDefault+1"],"campfire_rested":1,"item_purchase_floors":[20,20,20,20,20,46,46,62,62,62,65,72],"current_hp_per_floor":[65,65,65,65,65,65,65,18,18,18,39,39,39,32,32,3,65,63,63,68,71,71,71,71,71,71,77,77,80,82,82,89,86,92,92,92,95,75,78,96,98,98,98,98,73,73,73,76,76,41,79,82,82,85,85,88,93,93,93,93,96,96,99,102,102,102,105,79,82,85,86,91,91,97,0,0,0],"gold":29,"neow_bonus":"","is_daily":false,"chose_seed":false,"campfire_upgraded":0,"win_rate":0.0,"timestamp":1611691802,"path_taken":["M","?","?","M","?","R","R","E","T","M","R","R","R","?","R","BOSS","M","?","$","?","?","R","R","R","T","?","R","?","R","NM","R","BOSS","M","?","M","?","?","R","R","R","T","R","?","$","R","?","R","BOSS","M","?","?","?","?","E","R","R","T","?","?","?","E","$","R","BOSS","M","?","?","$","?","E","NM"],"items_purchased_type":["Relic","Relic","Potion","Potion","Relic","Relic","Relic","Relic","Relic","Relic","Relic","Card"],"build_version":"2020-12-22","purchased_purges":1,"victory":false,"max_hp_per_floor":[70,70,70,70,70,70,70,70,70,70,70,70,70,70,70,70,65,65,65,70,73,73,73,73,73,73,79,79,82,82,82,89,92,92,92,92,95,95,98,98,98,98,98,98,73,73,73,76,76,79,79,82,82,85,85,88,93,93,93,93,96,96,99,102,102,102,105,79,82,85,88,91,91,97,97,97,97],"relic_stats":{"Regal Pillow":0,"Singing Bowl":2,"counters":[31,84],"Eternal Feather":22,"PreservedInsect":322,"Bag of Preparation":[14],"Dream Catcher":0,"Nunchaku":[2],"Shovel":20,"Shuriken":[28],"Gambling Chip":[26],"Bronze Scales":[48],"MealTicket":2,"Black Star":7,"Kunai":[7],"obtain_stats":[{"Replay:Accelerometer":42,"Vajra":8,"Replay:Ringing Soul":23,"halation:PrussianBluePaint":15,"conspire:DecoderRing":31,"Strawberry":32,"MealTicket":47,"infinitespire:Golems Mask":63,"halation:PromiseList":71,"Kunai":56,"MerchantsRug":20,"hubris:DuctTape":57,"Eternal Feather":29,"conspire:Boomerang":63,"War Paint":12,"hubris:Zylophone":64,"Shuriken":20,"infinitespire:Lychee Nut":45,"Bronze Scales":44,"MutagenicStrength":73,"Black Star":51,"Unceasing Top":46,"conspire:Flyswatter":54,"halation:Diary":62,"hubris:Metronome":24,"aspiration:Lifesprig":25,"Regal Pillow":74,"bronze:BronzeCore":0,"Singing Bowl":53,"Blue Doll":13,"aspiration:TomeofQuesting":74,"StuffTheSpire:EmeraldSignet":58,"Bag of Preparation":62,"Replay:Mystery Machine":59,"conspire:InfiniteJournal":62,"StuffTheSpire:Experiment12":49,"Frozen Eye":65,"Dream Catcher":26,"Nunchaku":64,"Shovel":0,"Chameleon Ring":9,"Gambling Chip":22,"hubris:ScarierMask":34,"energizedSpire:HugeHouse":17,"Replay:Drink Me":68,"Gremlin Food":71,"hubris:DisguiseKit":46,"bronze:DecasWashers":66,"PreservedInsect":60,"Omamori":30,"MawBank":14,"halation:SelfBoilingWater":57,"White Beast Statue":43,"Pondfish Scales":40,"halation:EternalFortune":21,"Ring of Fury":36,"hubris:BundleOfHerbs":27,"Durian":20,"Bag of Marbles":28,"halation:AfternoonTea":6,"conspire:DeflatedDodgeball":7,"ReplayTheSpireMod:Lightbulb":41,"Toy Ornithopter":54,"hubris:OldNail":56,"hubris:BottledRain":39},{"Replay:Accelerometer":16,"Vajra":4,"Replay:Ringing Soul":9,"halation:PrussianBluePaint":6,"conspire:DecoderRing":12,"Strawberry":12,"MealTicket":17,"infinitespire:Golems Mask":25,"halation:PromiseList":29,"Kunai":22,"MerchantsRug":9,"hubris:DuctTape":23,"Eternal Feather":11,"conspire:Boomerang":25,"War Paint":5,"hubris:Zylophone":26,"Shuriken":9,"infinitespire:Lychee Nut":17,"Bronze Scales":16,"MutagenicStrength":29,"Black Star":19,"Unceasing Top":17,"conspire:Flyswatter":21,"halation:Diary":24,"hubris:Metronome":9,"aspiration:Lifesprig":9,"Regal Pillow":30,"bronze:BronzeCore":0,"Singing Bowl":20,"Blue Doll":5,"aspiration:TomeofQuesting":30,"StuffTheSpire:EmeraldSignet":23,"Bag of Preparation":24,"Replay:Mystery Machine":23,"conspire:InfiniteJournal":24,"StuffTheSpire:Experiment12":18,"Frozen Eye":26,"Dream Catcher":9,"Nunchaku":26,"Shovel":0,"Chameleon Ring":4,"Gambling Chip":9,"hubris:ScarierMask":13,"energizedSpire:HugeHouse":7,"Replay:Drink Me":27,"Gremlin Food":29,"hubris:DisguiseKit":17,"bronze:DecasWashers":26,"PreservedInsect":23,"Omamori":11,"MawBank":6,"halation:SelfBoilingWater":23,"White Beast Statue":16,"Pondfish Scales":16,"halation:EternalFortune":9,"Ring of Fury":14,"hubris:BundleOfHerbs":10,"Durian":9,"Bag of Marbles":10,"halation:AfternoonTea":3,"conspire:DeflatedDodgeball":3,"ReplayTheSpireMod:Lightbulb":16,"Toy Ornithopter":21,"hubris:OldNail":22,"hubris:BottledRain":16},{"Replay:Accelerometer":52,"Vajra":17,"Replay:Ringing Soul":41,"halation:PrussianBluePaint":25,"conspire:DecoderRing":46,"Strawberry":46,"MealTicket":54,"infinitespire:Golems Mask":70,"halation:PromiseList":78,"Kunai":66,"MerchantsRug":41,"hubris:DuctTape":68,"Eternal Feather":45,"conspire:Boomerang":70,"War Paint":22,"hubris:Zylophone":71,"Shuriken":41,"infinitespire:Lychee Nut":54,"Bronze Scales":52,"MutagenicStrength":78,"Black Star":63,"Unceasing Top":54,"conspire:Flyswatter":65,"halation:Diary":69,"hubris:Metronome":41,"aspiration:Lifesprig":41,"Regal Pillow":80,"bronze:BronzeCore":0,"Singing Bowl":64,"Blue Doll":22,"aspiration:TomeofQuesting":80,"StuffTheSpire:EmeraldSignet":68,"Bag of Preparation":69,"Replay:Mystery Machine":68,"conspire:InfiniteJournal":69,"StuffTheSpire:Experiment12":56,"Frozen Eye":71,"Dream Catcher":41,"Nunchaku":71,"Shovel":0,"Chameleon Ring":17,"Gambling Chip":41,"hubris:ScarierMask":49,"energizedSpire:HugeHouse":35,"Replay:Drink Me":74,"Gremlin Food":78,"hubris:DisguiseKit":54,"bronze:DecasWashers":71,"PreservedInsect":68,"Omamori":45,"MawBank":25,"halation:SelfBoilingWater":68,"White Beast Statue":52,"Pondfish Scales":52,"halation:EternalFortune":41,"Ring of Fury":50,"hubris:BundleOfHerbs":44,"Durian":41,"Bag of Marbles":44,"halation:AfternoonTea":9,"conspire:DeflatedDodgeball":9,"ReplayTheSpireMod:Lightbulb":52,"Toy Ornithopter":65,"hubris:OldNail":66,"hubris:BottledRain":52}],"Unceasing Top":[0],"Toy Ornithopter":0},"card_choices":[{"not_picked":["bronze:BitShift","bronze:BugBarrage"],"picked":"bronze:Iterate","floor":1},{"not_picked":["bronze:BuggyMess","bronze:MaxOutput"],"picked":"bronze:ChosenStrike","floor":3},{"not_picked":["bronze:WildBeam","bronze:Frontload"],"picked":"bronze:Boost","floor":4},{"not_picked":["bronze:FineTuning","bronze:ItsAFeature"],"picked":"bronze:Boost","floor":8},{"not_picked":["bronze:FindAndReplace","bronze:Overheat"],"picked":"bronze:ClassDefault","floor":10},{"not_picked":["bronze:Deprecate","bronze:FollowUp"],"picked":"bronze:Iterate","floor":14},{"not_picked":["bronze:HyperBeam","bronze:FindAndReplace"],"picked":"bronze:Virus","floor":16},{"not_picked":["bronze:OilSpill+1","bronze:BronzeOrb"],"picked":"bronze:DelayedGuard","floor":18},{"not_picked":["bronze:BugBarrage","bronze:WildBeam+1"],"picked":"bronze:Branch","floor":19},{"not_picked":["bronze:Return","bronze:CutThrough"],"picked":"bronze:Iterate+1","floor":27},{"not_picked":["bronze:Overheat","bronze:FindAndReplace"],"picked":"bronze:Branch","floor":29},{"not_picked":["bronze:WildBeam","bronze:DelayedSlice","bronze:NullPointer"],"picked":"SKIP","floor":31},{"not_picked":["bronze:Verify","bronze:Break"],"picked":"bronze:Mutator","floor":33},{"not_picked":["bronze:Frontload+1","bronze:CloningBeam","bronze:DarkDash"],"picked":"SKIP","floor":35},{"not_picked":["bronze:FineTuning","bronze:MaxOutput+1"],"picked":"bronze:Boost","floor":37},{"not_picked":["bronze:FollowUp","bronze:Shield"],"picked":"bronze:OilSpill","floor":39},{"not_picked":["bronze:Shield","bronze:ForceShield","Steam Power"],"picked":"bronze:HardenedForm","floor":48},{"not_picked":["bronze:HyperBeam","bronze:SpaghettiCode","Amplify"],"picked":"bronze:Break","floor":50},{"not_picked":["bronze:Safeguard","bronze:Return","Tempest"],"picked":"bronze:BuggyMess","floor":52},{"not_picked":["bronze:CutThrough","bronze:Separator","Conserve Battery"],"picked":"bronze:Philosophize","floor":54},{"not_picked":["bronze:DarkDash","bronze:Turbo","StuffTheSpire:LoadUp"],"picked":"bronze:MaxOutput","floor":56},{"not_picked":["bronze:FollowUp","bronze:Backtrace","bronze:Separator","Conserve Battery"],"picked":"Singing Bowl","floor":57},{"not_picked":["bronze:DelayedSlice","bronze:BugBarrage","Compile Driver"],"picked":"bronze:ItsAFeature","floor":61},{"not_picked":["bronze:HyperBeam","bronze:DelayedSlice","Compile Driver"],"picked":"bronze:Mutator","floor":63},{"not_picked":["bronze:ForceShield","bronze:Invalidate","Leap"],"picked":"bronze:Fortify","floor":64},{"not_picked":["bronze:ThunderWave","bronze:Break","StuffTheSpire:Purify"],"picked":"bronze:SpaghettiCode","floor":67},{"not_picked":["bronze:ItsAFeature","bronze:WhirlingStrike","Panic Button"],"picked":"bronze:MaxOutput+1","floor":69},{"not_picked":["bronze:Turbo+1","bronze:CloningBeam","Chaos"],"picked":"bronze:BronzeArmor","floor":71},{"not_picked":["bronze:MaxOutput","bronze:Shield","Time Bomb"],"picked":"bronze:SpaghettiCode","floor":74}],"player_experience":609058,"relics_obtained":[{"floor":6,"key":"halation:AfternoonTea"},{"floor":7,"key":"conspire:DeflatedDodgeball"},{"floor":8,"key":"Vajra"},{"floor":9,"key":"Chameleon Ring"},{"floor":12,"key":"War Paint"},{"floor":13,"key":"Blue Doll"},{"floor":14,"key":"MawBank"},{"floor":15,"key":"halation:PrussianBluePaint"},{"floor":22,"key":"Gambling Chip"},{"floor":23,"key":"Replay:Ringing Soul"},{"floor":24,"key":"hubris:Metronome"},{"floor":25,"key":"aspiration:Lifesprig"},{"floor":26,"key":"Dream Catcher"},{"floor":27,"key":"halation:EternalFortune"},{"floor":27,"key":"hubris:BundleOfHerbs"},{"floor":28,"key":"Bag of Marbles"},{"floor":29,"key":"Eternal Feather"},{"floor":30,"key":"Omamori"},{"floor":31,"key":"conspire:DecoderRing"},{"floor":32,"key":"Strawberry"},{"floor":36,"key":"Ring of Fury"},{"floor":39,"key":"hubris:BottledRain"},{"floor":40,"key":"Pondfish Scales"},{"floor":41,"key":"ReplayTheSpireMod:Lightbulb"},{"floor":42,"key":"Replay:Accelerometer"},{"floor":43,"key":"White Beast Statue"},{"floor":44,"key":"Bronze Scales"},{"floor":45,"key":"infinitespire:Lychee Nut"},{"floor":47,"key":"MealTicket"},{"floor":49,"key":"StuffTheSpire:Experiment12"},{"floor":54,"key":"Toy Ornithopter"},{"floor":54,"key":"conspire:Flyswatter"},{"floor":56,"key":"Kunai"},{"floor":56,"key":"hubris:OldNail"},{"floor":57,"key":"halation:SelfBoilingWater"},{"floor":57,"key":"hubris:DuctTape"},{"floor":58,"key":"StuffTheSpire:EmeraldSignet"},{"floor":59,"key":"Replay:Mystery Machine"},{"floor":60,"key":"PreservedInsect"},{"floor":63,"key":"conspire:Boomerang"},{"floor":63,"key":"infinitespire:Golems Mask"},{"floor":64,"key":"hubris:Zylophone"},{"floor":64,"key":"Nunchaku"},{"floor":66,"key":"bronze:DecasWashers"},{"floor":71,"key":"Gremlin Food"},{"floor":71,"key":"halation:PromiseList"},{"floor":74,"key":"halation:EternalFortune"},{"floor":74,"key":"aspiration:TomeofQuesting"},{"floor":74,"key":"Regal Pillow"}],"event_choices":[{"damage_healed":0,"gold_gain":0,"player_choice":"Ignored","damage_taken":0,"max_hp_gain":0,"max_hp_loss":0,"event_name":"NoteForYourself","floor":2,"gold_loss":0},{"damage_healed":0,"gold_gain":0,"player_choice":"Fight","damage_taken":0,"max_hp_gain":0,"max_hp_loss":0,"event_name":"MindBloom","floor":45,"gold_loss":0},{"damage_healed":0,"gold_gain":0,"player_choice":"Gave Potion","damage_taken":0,"relics_obtained":["Singing Bowl"],"max_hp_gain":0,"max_hp_loss":0,"event_name":"WeMeetAgain","floor":53,"gold_loss":0},{"damage_healed":0,"gold_gain":0,"player_choice":"Ignored","damage_taken":0,"max_hp_gain":0,"max_hp_loss":0,"event_name":"NoteForYourself","floor":55,"gold_loss":0},{"damage_healed":0,"gold_gain":0,"player_choice":"2 cards matched","damage_taken":0,"max_hp_gain":0,"max_hp_loss":0,"event_name":"Match and Keep!","floor":70,"gold_loss":0,"cards_obtained":["bronze:Repair","bronze:Iterate"]},{"damage_healed":0,"gold_gain":0,"player_choice":"Inject Mutagens","damage_taken":0,"relics_obtained":["MutagenicStrength"],"max_hp_gain":0,"max_hp_loss":0,"event_name":"Drug Dealer","floor":73,"gold_loss":0}],"is_beta":false,"boss_relics":[{"not_picked":["energizedSpire:DeadBattery","conspire:RoyalGoblet"],"picked":"energizedSpire:HugeHouse"},{"not_picked":["Busted Crown","Runic Pyramid"],"picked":"hubris:ScarierMask"},{"not_picked":["conspire:RunicOctahedron","energizedSpire:StickyHand"],"picked":"Black Star"},{"not_picked":["Runic Dome","aspiration:FutureDiary"],"picked":"Replay:Drink Me"}],"items_purged_floors":[72],"is_endless":true,"potions_floor_spawned":[3,10,16,18,29,39,45,48,50,52,54,56,57,61,63,64,67,69,71,74],"killed_by":"Nightmare","ascension_level":0}}