{"host":"gltm229u6j2oow3a","time":1611650560,"event":{"mods":["BaseMod","Colored Powertips","Minty Spire (QoL Compilation)","[IsaacMod]ÒÔÈö¼âËþ"],"gold_per_floor":[118,130,130,143,143,182,182,226,250,299,333,114,14,37,37,217,217,285,285,306,331,69,144,144],"floor_reached":23,"language":"ZHS","playtime":645,"items_purged":["Strike_R","Strike_R"],"score":260,"play_id":"fccab599-71bf-46a7-89a3-b8222f9d0822","local_time":"20210126164240","is_ascension_mode":true,"campfire_choices":[{"data":"Pommel Strike","floor":7,"key":"SMITH"},{"data":"Entrench","floor":15,"key":"SMITH"}],"circlet_count":0,"master_deck":["Strike_R","Strike_R","Defend_R","Defend_R","Defend_R","Defend_R","Bash","BettingIsNotGood+1","Offering+1","Pommel Strike+1","Sword Boomerang","Flame Barrier","Entrench+1","Clash","BettingIsNotGood+1","Barricade","Thunderclap+1","Shame"],"relics":["Burning Blood","HushsDoor","Leech","NeowsBlessing","Golden Idol","Bronze Scales","War Paint","Art of War","Pen Nib","Bag of Preparation","DollysMirror","Empty Cage","SatanicBible","GnawedLeaf"],"acts_visited":["Exordium","TheCity"],"potions_floor_usage":[2,21],"damage_taken":[{"damage":0,"enemies":"2 Louse","floor":1,"turns":1},{"damage":0,"enemies":"Small Slimes","floor":2,"turns":1},{"damage":0,"enemies":"Jaw Worm","floor":4,"turns":1},{"damage":32,"enemies":"Lagavulin","floor":6,"turns":4},{"damage":6,"enemies":"Gremlin Nob","floor":8,"turns":3},{"damage":0,"enemies":"2 Fungi Beasts","floor":10,"turns":2},{"damage":0,"enemies":"3 Sentries","floor":11,"turns":2},{"damage":6,"enemies":"Exordium Wildlife","floor":14,"turns":1},{"damage":40,"enemies":"Hexaghost","floor":16,"turns":7},{"damage":13,"enemies":"Chosen","floor":18,"turns":6},{"damage":28,"enemies":"2 Thieves","floor":20,"turns":2},{"damage":42,"enemies":"Snecko","floor":21,"turns":5},{"damage":70,"enemies":"Slavers","floor":23,"turns":3}],"seed_played":"-1547624506620070542","potions_obtained":[{"floor":2,"key":"Fruit Juice"},{"floor":6,"key":"Strength Potion"},{"floor":14,"key":"BloodPotion"},{"floor":21,"key":"FearPotion"}],"is_trial":false,"path_per_floor":["M","M","?","M","?","E","R","E","T","M","E","$","$","M","R","B",null,"M","?","M","M","$","E"],"character_chosen":"IRONCLAD","items_purchased":["DollysMirror","GnawedLeaf"],"campfire_rested":0,"item_purchase_floors":[12,22],"current_hp_per_floor":[80,85,64,76,51,34,34,37,37,45,53,53,53,54,54,36,85,85,85,63,58,58,0,0],"gold":144,"neow_bonus":"THREE_ENEMY_KILL","is_daily":false,"chose_seed":false,"campfire_upgraded":2,"win_rate":0.0,"timestamp":1611650560,"path_taken":["M","M","?","M","?","E","R","E","T","M","E","?","$","M","R","BOSS","M","?","M","M","$","E"],"items_purchased_type":["Relic","Relic"],"build_version":"2020-12-22","purchased_purges":2,"victory":false,"max_hp_per_floor":[80,85,85,85,85,85,85,85,85,85,85,85,85,85,85,85,85,85,85,85,85,85,85,85],"card_choices":[{"not_picked":[],"picked":"BettingIsNotGood","floor":0},{"not_picked":["Twin Strike","Warcry"],"picked":"Offering","floor":1},{"not_picked":["Fire Breathing","Thunderclap"],"picked":"Clash","floor":2},{"not_picked":["Disarm","Heavy Blade"],"picked":"Pommel Strike","floor":4},{"not_picked":["Heavy Blade","Intimidate"],"picked":"Sword Boomerang","floor":6},{"not_picked":["Hemokinesis","Intimidate"],"picked":"Flame Barrier","floor":8},{"not_picked":["Warcry","Rampage"],"picked":"Entrench","floor":10},{"not_picked":["Entrench","Demon Form"],"picked":"Clash","floor":11},{"not_picked":["Dual Wield","Heavy Blade","Wild Strike"],"picked":"SKIP","floor":14},{"not_picked":["Juggernaut","Limit Break"],"picked":"Barricade","floor":16},{"not_picked":["Twin Strike+1","Battle Trance"],"picked":"Thunderclap+1","floor":18},{"not_picked":["Sword Boomerang","Power Through","Blood for Blood"],"picked":"SKIP","floor":20},{"not_picked":["Pummel","Havoc","Cleave"],"picked":"SKIP","floor":21}],"player_experience":98541,"relics_obtained":[{"floor":6,"key":"War Paint"},{"floor":8,"key":"Art of War"},{"floor":9,"key":"Pen Nib"},{"floor":11,"key":"Bag of Preparation"}],"event_choices":[{"damage_healed":0,"gold_gain":0,"player_choice":"Take Damage","damage_taken":21,"relics_obtained":["Golden Idol"],"max_hp_gain":0,"max_hp_loss":0,"event_name":"Golden Idol","floor":3,"gold_loss":0},{"damage_healed":0,"gold_gain":0,"player_choice":"Success","damage_taken":25,"relics_obtained":["Bronze Scales"],"max_hp_gain":0,"max_hp_loss":0,"event_name":"Scrap Ooze","floor":5,"gold_loss":0},{"damage_healed":0,"gold_gain":0,"player_choice":"Stole Relic","damage_taken":0,"relics_obtained":["SatanicBible"],"max_hp_gain":0,"max_hp_loss":0,"event_name":"Addict","floor":19,"gold_loss":0,"cards_obtained":["Shame"]}],"is_beta":false,"boss_relics":[{"not_picked":["Cursed Key","Runic Cube"],"picked":"Empty Cage"},{"not_picked":[]}],"items_purged_floors":[12,13],"is_endless":false,"potions_floor_spawned":[2,6,14,21],"killed_by":"Slavers","ascension_level":2}}