{"host":"e52c7hvho6xny3hd","time":1611665168,"event":{"mods":["AchievementEnabler","BaseMod","Colored Map","DeckTracker","Minty Spire (QoL Compilation)","Permanent Neow","StSLib"],"gold_per_floor":[116,133,147,127,144,144,162,162,162,162,191,191,209,239,239,312,312,327,327,11,24,24,24,53,53,80,80,97,108,158,168,168,245,245,255,54,67,78,78,78,97,97,97],"floor_reached":42,"language":"KOR","playtime":2067,"items_purged":["Strike_R"],"score":989,"play_id":"35e129f1-197b-463d-85c0-d737cebe3ef5","local_time":"20210126214608","is_ascension_mode":true,"campfire_choices":[{"data":"Body Slam","floor":6.0,"key":"SMITH"},{"data":"Barricade","floor":8.0,"key":"SMITH"},{"data":"Armaments","floor":10.0,"key":"SMITH"},{"floor":15.0,"key":"REST"},{"floor":23.0,"key":"REST"},{"data":"True Grit","floor":25.0,"key":"SMITH"},{"data":"Metallicize","floor":27.0,"key":"SMITH"},{"floor":32,"key":"REST"},{"floor":40,"key":"REST"}],"circlet_count":0,"master_deck":["AscendersBane","Strike_R","Strike_R","Strike_R","Defend_R","Defend_R","Defend_R","Defend_R","Barricade+1","Armaments+1","Body Slam+1","Clothesline","Uppercut","Metallicize+1","Iron Wave","Intimidate","Headbutt","True Grit+1","Juggernaut","CurseOfTheBell","Metallicize","Iron Wave","Intimidate","Feel No Pain","Disarm","Battle Trance","Iron Wave","Second Wind","Parasite","True Grit+1"],"relics":["Burning Blood","Charon\u0027s Ashes","Blue Candle","Incense Burner","Calling Bell","Oddly Smooth Stone","Sundial","Turnip","TheAbacus","Darkstone Periapt","Akabeko","Runic Cube","Lee\u0027s Waffle"],"acts_visited":["Exordium","TheCity","TheBeyond"],"potions_floor_usage":[38],"damage_taken":[{"damage":17.0,"enemies":"Cultist","floor":1.0,"turns":5.0},{"damage":0.0,"enemies":"2 Louse","floor":2.0,"turns":5.0},{"damage":9.0,"enemies":"Jaw Worm","floor":3.0,"turns":4.0},{"damage":4.0,"enemies":"Exordium Thugs","floor":4.0,"turns":4.0},{"damage":16.0,"enemies":"Looter","floor":5.0,"turns":4.0},{"damage":8.0,"enemies":"Blue Slaver","floor":7.0,"turns":4.0},{"damage":3.0,"enemies":"Lagavulin","floor":11.0,"turns":9.0},{"damage":7.0,"enemies":"Large Slime","floor":13.0,"turns":6.0},{"damage":31.0,"enemies":"Gremlin Nob","floor":14.0,"turns":5.0},{"damage":0.0,"enemies":"Slime Boss","floor":16.0,"turns":9.0},{"damage":15.0,"enemies":"3 Byrds","floor":18.0,"turns":6.0},{"damage":16.0,"enemies":"2 Thieves","floor":21.0,"turns":5.0},{"damage":27.0,"enemies":"Gremlin Leader","floor":24.0,"turns":10.0},{"damage":31.0,"enemies":"Cultist and Chosen","floor":28.0,"turns":7.0},{"damage":0.0,"enemies":"Snake Plant","floor":29.0,"turns":5.0},{"damage":9,"enemies":"Chosen and Byrds","floor":31,"turns":7},{"damage":3,"enemies":"Champ","floor":33,"turns":11},{"damage":63,"enemies":"3 Darklings","floor":35,"turns":8},{"damage":6,"enemies":"3 Shapes","floor":37,"turns":6},{"damage":76,"enemies":"Transient","floor":38,"turns":6},{"damage":20,"enemies":"Writhing Mass","floor":41,"turns":8},{"damage":14,"enemies":"Spire Growth","floor":42,"turns":6}],"seed_played":"-4252341875218590590","potions_obtained":[{"floor":1.0,"key":"SneckoOil"},{"floor":5.0,"key":"HeartOfIron"},{"floor":11.0,"key":"GamblersBrew"},{"floor":14.0,"key":"Ancient Potion"},{"floor":28.0,"key":"Weak Potion"},{"floor":37,"key":"Strength Potion"},{"floor":41,"key":"PowerPotion"}],"is_trial":false,"path_per_floor":["M","M","M","M","M","R","M","R","T","R","E","?","M","E","R","B",null,"M","?","$","M","?","R","E","R","T","R","M","M","?","M","R","B",null,"M","$","M","M","?","R","M","M"],"character_chosen":"IRONCLAD","items_purchased":["Metallicize","TheAbacus","Lee\u0027s Waffle","Iron Wave"],"campfire_rested":4,"item_purchase_floors":[20,20,36,36],"current_hp_per_floor":[57,63,60,62,52,52,50,50,50,50,53,53,52,27,49,55,70,61,40,40,30,30,54,33,33,33,33,8,14,14,11,35,38,70,13,87,87,17,17,43,35,21,21],"gold":97,"neow_bonus":"ONE_RANDOM_RARE_CARD","is_daily":false,"chose_seed":false,"campfire_upgraded":5,"win_rate":0.0,"timestamp":1611665168,"path_taken":["M","?","M","M","M","R","M","R","T","R","E","?","?","E","R","BOSS","M","?","$","M","?","R","E","R","T","R","M","?","?","M","R","BOSS","M","$","M","M","?","R","M","M"],"items_purchased_type":["Card","Relic","Relic","Card"],"build_version":"2020-12-22","purchased_purges":1,"victory":false,"max_hp_per_floor":[75,75,75,75,75,75,75,75,75,75,75,75,75,75,75,75,75,75,80,80,80,80,80,80,80,80,80,80,80,80,80,80,80,80,80,87,87,87,87,87,93,93,93],"card_choices":[{"not_picked":["Sword Boomerang","Bloodletting"],"picked":"Armaments","floor":1.0},{"not_picked":["Perfected Strike","Reckless Charge"],"picked":"Body Slam","floor":2.0},{"not_picked":["Thunderclap","Searing Blow"],"picked":"Clothesline","floor":3.0},{"not_picked":["Perfected Strike","Inflame"],"picked":"Uppercut","floor":4.0},{"not_picked":["Armaments","Shrug It Off"],"picked":"Metallicize","floor":5.0},{"not_picked":["Armaments","Body Slam"],"picked":"Iron Wave","floor":7.0},{"not_picked":["Body Slam","Sword Boomerang"],"picked":"Intimidate","floor":11.0},{"not_picked":["Corruption","Rampage"],"picked":"Headbutt","floor":13.0},{"not_picked":["Clash","Body Slam"],"picked":"True Grit","floor":14.0},{"not_picked":["Reaper","Corruption"],"picked":"Juggernaut","floor":16.0},{"not_picked":["Cleave","Wild Strike","Heavy Blade"],"picked":"SKIP","floor":18.0},{"not_picked":["Twin Strike","Reckless Charge"],"picked":"Iron Wave","floor":21.0},{"not_picked":["Clash","Thunderclap"],"picked":"Intimidate","floor":24.0},{"not_picked":["Body Slam","Anger"],"picked":"Feel No Pain","floor":28.0},{"not_picked":["Body Slam","Sword Boomerang","Flex"],"picked":"SKIP","floor":29.0},{"not_picked":["Whirlwind","Flex"],"picked":"Disarm","floor":31},{"not_picked":["Burning Pact+1","Wild Strike+1"],"picked":"Battle Trance","floor":35},{"not_picked":["Thunderclap","Sever Soul+1","Sword Boomerang"],"picked":"SKIP","floor":37},{"not_picked":["Bloodletting","True Grit"],"picked":"Second Wind","floor":38},{"not_picked":["Clothesline","Pommel Strike+1"],"picked":"True Grit+1","floor":41}],"player_experience":693986,"relics_obtained":[{"floor":9.0,"key":"Charon\u0027s Ashes"},{"floor":11.0,"key":"Blue Candle"},{"floor":14.0,"key":"Incense Burner"},{"floor":17.0,"key":"Oddly Smooth Stone"},{"floor":17.0,"key":"Sundial"},{"floor":17.0,"key":"Turnip"},{"floor":24.0,"key":"Darkstone Periapt"},{"floor":26.0,"key":"Akabeko"}],"event_choices":[{"cards_removed":["Strike_R"],"damage_healed":0.0,"max_hp_gain":0.0,"max_hp_loss":0.0,"gold_gain":0.0,"event_name":"Purifier","player_choice":"Purged","floor":12.0,"gold_loss":0.0,"damage_taken":0.0},{"damage_healed":0.0,"max_hp_gain":5.0,"max_hp_loss":0.0,"gold_gain":0.0,"event_name":"Forgotten Altar","player_choice":"Shed Blood","floor":19.0,"gold_loss":0.0,"damage_taken":26.0},{"cards_removed":["Bash"],"damage_healed":0.0,"max_hp_gain":0.0,"max_hp_loss":0.0,"gold_gain":0.0,"event_name":"Bonfire Elementals","player_choice":"Offered Basic","floor":22.0,"gold_loss":0.0,"damage_taken":0.0},{"damage_healed":0.0,"max_hp_gain":0.0,"max_hp_loss":0.0,"gold_gain":50.0,"event_name":"Nest","player_choice":"Stole From Cult","floor":30.0,"gold_loss":0.0,"damage_taken":0.0},{"damage_healed":0,"gold_gain":0,"player_choice":"Ignored","damage_taken":0,"max_hp_gain":0,"max_hp_loss":0,"event_name":"Mysterious Sphere","floor":39,"gold_loss":0}],"is_beta":false,"boss_relics":[{"not_picked":["SacredBark","Runic Dome"],"picked":"Calling Bell"},{"not_picked":["Coffee Dripper","Black Star"],"picked":"Runic Cube"}],"items_purged_floors":[20],"is_endless":false,"potions_floor_spawned":[1,5,11,14,28,33,37,41],"killed_by":"Spire Growth","ascension_level":19}}