{"host":"u7lm8z2rvb4dg2oo","time":1611641116,"event":{"mods":["AchievementEnabler","BaseMod","Bestiary","Block Reminder","Colored Map","Colored Powertips","Curses Come First","DeckTracker","Googly Eyes","Highlight Path","Minty Spire (QoL Compilation)","Quick Restart","StSLib"],"gold_per_floor":[110,129,56,56,73,73,98,110,110,130,147,147,147,172,172,277,277,293,310,329,329,329,355,7,7,7],"floor_reached":25,"language":"ENG","playtime":1819,"items_purged":["Riddle With Holes"],"score":412,"play_id":"658acfd0-ff36-46fd-a6b2-f7e9fd63be54","local_time":"20210126010516","is_ascension_mode":true,"campfire_choices":[{"data":"Footwork","floor":6.0,"key":"SMITH"},{"floor":13.0,"key":"REST"},{"data":"Skewer","floor":15.0,"key":"SMITH"}],"circlet_count":0,"master_deck":["AscendersBane","Survivor","Neutralize","Skewer+1","Deadly Poison","Footwork","Dagger Spray","Tools of the Trade","Footwork+1","Backflip","Caltrops","Blur","Cloak And Dagger","Adrenaline","Cloak And Dagger","After Image","Caltrops","Malaise","Night Terror","Envenom","Die Die Die","Crippling Poison","Bouncing Flask","Blade Dance","Blade Dance","Ghostly","Ghostly","Ghostly","Ghostly","Ghostly","Blur","Finisher"],"relics":["Ring of the Snake","Anchor","Potion Belt","Eternal Feather","Pandora\u0027s Box","Happy Flower","Sling"],"acts_visited":["Exordium","TheCity"],"potions_floor_usage":[],"damage_taken":[{"damage":0.0,"enemies":"Small Slimes","floor":1.0,"turns":3.0},{"damage":0.0,"enemies":"Cultist","floor":2.0,"turns":3.0},{"damage":2.0,"enemies":"Jaw Worm","floor":5.0,"turns":5.0},{"damage":30.0,"enemies":"Gremlin Nob","floor":7.0,"turns":6.0},{"damage":3.0,"enemies":"Gremlin Gang","floor":8.0,"turns":4.0},{"damage":3.0,"enemies":"Blue Slaver","floor":10.0,"turns":6.0},{"damage":1.0,"enemies":"2 Fungi Beasts","floor":11.0,"turns":4.0},{"damage":0.0,"enemies":"3 Sentries","floor":14.0,"turns":8.0},{"damage":16.0,"enemies":"The Guardian","floor":16.0,"turns":14.0},{"damage":0.0,"enemies":"Spheric Guardian","floor":18.0,"turns":7.0},{"damage":0.0,"enemies":"3 Byrds","floor":19.0,"turns":4.0},{"damage":9.0,"enemies":"Snake Plant","floor":20.0,"turns":5.0},{"damage":27.0,"enemies":"Slavers","floor":23.0,"turns":9.0},{"damage":14,"enemies":"Gremlin Leader","floor":25,"turns":2}],"seed_played":"6147730511534303042","potions_obtained":[{"floor":1.0,"key":"BlessingOfTheForge"},{"floor":8.0,"key":"CultistPotion"},{"floor":10.0,"key":"Regen Potion"},{"floor":14.0,"key":"Strength Potion"},{"floor":16.0,"key":"Swift Potion"},{"floor":18.0,"key":"PowerPotion"},{"floor":20.0,"key":"ColorlessPotion"}],"is_trial":false,"path_per_floor":["M","M","$","?","M","R","E","M","T","M","M","?","R","E","R","B",null,"M","M","M","?","?","E","$","E"],"character_chosen":"THE_SILENT","items_purchased":["Footwork","Blur","Sling","Finisher"],"campfire_rested":1,"item_purchase_floors":[3,24,24,24],"current_hp_per_floor":[70,70,70,70,68,68,38,35,35,32,31,31,54,69,77,61,73,73,73,64,38,38,11,11,0,0],"gold":7,"neow_bonus":"TEN_PERCENT_HP_BONUS","is_daily":false,"chose_seed":false,"campfire_upgraded":2,"win_rate":0.0,"timestamp":1611641116,"path_taken":["M","M","$","?","M","R","E","M","T","M","?","?","R","E","R","BOSS","M","M","?","?","?","E","$","E"],"items_purchased_type":["Card","Card","Relic","Card"],"build_version":"2020-12-22","purchased_purges":1,"victory":false,"max_hp_per_floor":[77,77,77,77,77,77,77,77,77,77,77,77,77,77,77,77,77,77,77,77,38,38,38,38,38,38],"card_choices":[{"not_picked":["All Out Attack","Dagger Throw"],"picked":"Skewer","floor":1.0},{"not_picked":["Accuracy","Dodge and Roll"],"picked":"Deadly Poison","floor":2.0},{"not_picked":["Deadly Poison","Finisher"],"picked":"Footwork","floor":5.0},{"not_picked":["Dagger Throw","Acrobatics","Quick Slash"],"picked":"SKIP","floor":7.0},{"not_picked":["Outmaneuver","Dodge and Roll"],"picked":"Backflip","floor":8.0},{"not_picked":["Acrobatics","Calculated Gamble"],"picked":"Caltrops","floor":10.0},{"not_picked":["Bouncing Flask","Concentrate"],"picked":"Blur","floor":11.0},{"not_picked":["Escape Plan","Outmaneuver"],"picked":"Cloak And Dagger","floor":14.0},{"not_picked":["Grand Finale","Wraith Form v2"],"picked":"Adrenaline","floor":16.0},{"not_picked":["Underhanded Strike","Deadly Poison"],"picked":"Bouncing Flask","floor":18.0},{"not_picked":["Backflip+1","Crippling Poison"],"picked":"Blade Dance","floor":19.0},{"not_picked":["Outmaneuver+1","Concentrate+1"],"picked":"Blade Dance","floor":20.0},{"not_picked":["Sucker Punch+1","Flechettes","Unload"],"picked":"SKIP","floor":23.0}],"player_experience":1032354,"relics_obtained":[{"floor":7.0,"key":"Anchor"},{"floor":9.0,"key":"Potion Belt"},{"floor":14.0,"key":"Eternal Feather"},{"floor":23.0,"key":"Happy Flower"}],"event_choices":[{"damage_healed":0.0,"max_hp_gain":0.0,"max_hp_loss":0.0,"gold_gain":0.0,"event_name":"Match and Keep!","player_choice":"2 cards matched","floor":4.0,"gold_loss":0.0,"damage_taken":0.0,"cards_obtained":["Dagger Spray","Tools of the Trade"]},{"cards_removed":["Strike_G"],"damage_healed":0.0,"max_hp_gain":0.0,"max_hp_loss":0.0,"gold_gain":0.0,"event_name":"Purifier","player_choice":"Purged","floor":12.0,"gold_loss":0.0,"damage_taken":0.0},{"damage_healed":0.0,"max_hp_gain":0.0,"max_hp_loss":39.0,"gold_gain":0.0,"event_name":"Ghosts","player_choice":"Became a Ghost","floor":21.0,"gold_loss":0.0,"damage_taken":0.0,"cards_obtained":["Ghostly","Ghostly","Ghostly","Ghostly","Ghostly"]},{"damage_healed":0.0,"max_hp_gain":0.0,"max_hp_loss":0.0,"gold_gain":0.0,"event_name":"Vampires","player_choice":"Ignored","floor":22.0,"gold_loss":0.0,"damage_taken":0.0}],"is_beta":false,"boss_relics":[{"not_picked":["HoveringKite","Empty Cage"],"picked":"Pandora\u0027s Box"}],"items_purged_floors":[24],"is_endless":false,"potions_floor_spawned":[1,8,10,14,16,18,20],"killed_by":"Gremlin Leader","ascension_level":10}}