{"host":"ujyomg7d1f18u2we","time":1611704392,"event":{"mods":["AchievementEnabler","AlwaysNeverKeys","Aspiration","BaseMod","Colored Map","DeckTracker","Gremlin Skip","Highlight Path","Hubris","Minty Spire (QoL Compilation)","Quick Restart","Random Character Button","StSLib"],"gold_per_floor":[115,115,131,131,131,163,16,16,16,16,34,34,67,78,78,176,176,187,201,201,201,201,201,201,201,225,237,252,148,148,168,168,266,266,276,276,276,290,136,136,154,154,154,54,54,70,81,81,81,81,81],"floor_reached":50,"language":"ENG","playtime":1182,"items_purged":["Defend_G","Defend_G"],"score":473,"play_id":"d0d36ce8-3d70-40b7-a6a4-7ecd48463f57","local_time":"20210126203952","is_ascension_mode":false,"campfire_choices":[{"data":"Neutralize","floor":8,"key":"SMITH"},{"data":"Cloak And Dagger","floor":12,"key":"SMITH"},{"data":"Cloak And Dagger","floor":15,"key":"SMITH"},{"data":"Blur","floor":23,"key":"SMITH"},{"data":"Consecrate","floor":25,"key":"SMITH"},{"floor":32,"key":"REST"},{"data":"Accuracy","floor":40,"key":"SMITH"},{"data":"Accuracy","floor":42,"key":"SMITH"},{"data":"Survivor","floor":45,"key":"SMITH"},{"floor":49,"key":"REST"}],"circlet_count":0,"master_deck":["Defend_G","Defend_G","Defend_G","Survivor+1","Neutralize+1","Cloak And Dagger+1","Backstab","Cloak And Dagger+1","Cloak And Dagger+1","Die Die Die","Blur+1","Consecrate+1","Bite","Bite","Bite","Bite","Blade Dance+1","Accuracy+1","Accuracy+1","hubris:Sniper+1","Bandage Up+1"],"relics":["Ring of the Snake","aspiration:Nostalgia","Cracked Core","Toy Ornithopter","hubris:OldNail","HoveringKite","MutagenicStrength","Bronze Scales","aspiration:RitualStick","hubris:Stopwatch","Toxic Egg 2","hubris:DeckOfHolding"],"acts_visited":["Exordium","TheCity","TheBeyond"],"potions_floor_usage":[16,16,19,33,33,33,33,35,50,50,50],"damage_taken":[{"damage":0,"enemies":"Jaw Worm","floor":1,"turns":3},{"damage":0,"enemies":"2 Louse","floor":3,"turns":2},{"damage":5,"enemies":"3 Sentries","floor":6,"turns":11},{"damage":0,"enemies":"Small Slimes","floor":11,"turns":2},{"damage":14,"enemies":"Lagavulin","floor":13,"turns":9},{"damage":2,"enemies":"Exordium Wildlife","floor":14,"turns":3},{"damage":10,"enemies":"Hexaghost","floor":16,"turns":13},{"damage":8,"enemies":"Shell Parasite","floor":18,"turns":7},{"damage":4,"enemies":"2 Thieves","floor":19,"turns":4},{"damage":9,"enemies":"Snecko","floor":27,"turns":5},{"damage":5,"enemies":"Shelled Parasite and Fungi","floor":28,"turns":2},{"damage":16,"enemies":"Snake Plant","floor":31,"turns":4},{"damage":27,"enemies":"Collector","floor":33,"turns":6},{"damage":8,"enemies":"3 Darklings","floor":35,"turns":4},{"damage":0,"enemies":"Orb Walker","floor":38,"turns":2},{"damage":13,"enemies":"4 Shapes","floor":41,"turns":4},{"damage":5,"enemies":"3 Darklings","floor":46,"turns":3},{"damage":21,"enemies":"Transient","floor":47,"turns":5},{"damage":97,"enemies":"Time Eater","floor":50,"turns":9}],"seed_played":"-2543654240058960142","potions_obtained":[{"floor":3,"key":"Block Potion"},{"floor":13,"key":"GamblersBrew"},{"floor":16,"key":"Fire Potion"},{"floor":18,"key":"FairyPotion"},{"floor":19,"key":"Strength Potion"},{"floor":28,"key":"Dexterity Potion"},{"floor":35,"key":"Weak Potion"},{"floor":41,"key":"Block Potion"}],"is_trial":false,"path_per_floor":["M","?","M","$","?","E","$","R","T","$","M","R","E","M","R","B",null,"M","M","?","$","?","R","?","R","T","M","M","$","?","M","R","B",null,"M","?","$","M","$","R","M","R","T","$","R","M","M","?","R","B"],"character_chosen":"THE_SILENT","items_purchased":["Blood Vial","EntropicBrew","Accuracy"],"campfire_rested":2,"item_purchase_floors":[7,29,39],"current_hp_per_floor":[70,70,70,70,70,65,65,65,65,65,67,67,55,55,55,57,70,62,65,65,65,65,65,65,65,65,62,59,59,45,35,56,45,70,62,62,62,66,66,66,55,55,55,55,55,54,43,43,64,0,0],"gold":81,"neow_bonus":"NOSTALGIA","is_daily":false,"chose_seed":false,"campfire_upgraded":8,"win_rate":0.0,"timestamp":1611704392,"path_taken":["M","?","M","?","?","E","$","R","T","?","?","R","E","M","R","BOSS","M","M","?","$","?","R","?","R","T","?","M","$","?","M","R","BOSS","M","?","$","M","$","R","?","R","T","?","R","M","M","?","R","BOSS"],"items_purchased_type":["Relic","Potion","Card"],"build_version":"2020-12-22","purchased_purges":2,"victory":false,"max_hp_per_floor":[70,70,70,70,70,70,70,70,70,70,70,70,70,70,70,70,70,70,70,70,70,70,70,70,70,70,70,70,70,70,70,70,70,70,70,70,70,70,70,70,70,70,70,70,70,70,70,70,70,70,70],"card_choices":[{"not_picked":["Endless Agony","Deflect"],"picked":"Cloak And Dagger","floor":1},{"not_picked":["Sucker Punch","Poisoned Stab","Well Laid Plans"],"picked":"SKIP","floor":3},{"not_picked":["Dash","Calculated Gamble"],"picked":"Backstab","floor":6},{"not_picked":["Grand Finale","Dodge and Roll"],"picked":"Cloak And Dagger","floor":11},{"not_picked":["Die Die Die","Expertise"],"picked":"Cloak And Dagger","floor":13},{"not_picked":["Masterful Stab","Quick Slash","Tactician"],"picked":"SKIP","floor":14},{"not_picked":["Corpse Explosion","Adrenaline"],"picked":"Die Die Die","floor":16},{"not_picked":["Catalyst","Footwork"],"picked":"Blur","floor":18},{"not_picked":["Dagger Throw","Deadly Poison+1","PiercingWail"],"picked":"SKIP","floor":19},{"not_picked":["Bane","Deflect+1"],"picked":"Blade Dance+1","floor":27},{"not_picked":["Caltrops","Dash","Deadly Poison"],"picked":"SKIP","floor":28},{"not_picked":["Poisoned Stab","Outmaneuver"],"picked":"Accuracy","floor":31},{"not_picked":["Blade Dance","Bane","Cloak And Dagger"],"picked":"SKIP","floor":35},{"not_picked":["Dash+1","Poisoned Stab+1","hubris:SlightOfHand+1"],"picked":"SKIP","floor":38},{"not_picked":["Dagger Throw+1","Outmaneuver+1","Acrobatics+1"],"picked":"SKIP","floor":41},{"not_picked":["Dash+1","Crippling Poison+1","Prepared+1"],"picked":"SKIP","floor":46},{"not_picked":["Poisoned Stab","PiercingWail+1"],"picked":"hubris:Sniper+1","floor":47},{"not_picked":["Mind Blast","Blind+1"],"picked":"Bandage Up+1","floor":48}],"player_experience":1574630,"relics_obtained":[{"floor":9,"key":"Toy Ornithopter"},{"floor":13,"key":"hubris:OldNail"},{"floor":26,"key":"Bronze Scales"},{"floor":43,"key":"hubris:DeckOfHolding"}],"event_choices":[{"damage_healed":0,"gold_gain":0,"player_choice":"Leave","damage_taken":0,"max_hp_gain":0,"max_hp_loss":0,"event_name":"The Cleric","floor":5,"gold_loss":0},{"damage_healed":0,"gold_gain":0,"player_choice":"Inject Mutagens","damage_taken":0,"relics_obtained":["MutagenicStrength"],"max_hp_gain":0,"max_hp_loss":0,"event_name":"Drug Dealer","floor":20,"gold_loss":0},{"damage_healed":0,"gold_gain":0,"player_choice":"Read","damage_taken":0,"max_hp_gain":0,"max_hp_loss":0,"event_name":"The Library","floor":22,"gold_loss":0,"cards_obtained":["Consecrate"]},{"damage_healed":0,"gold_gain":0,"player_choice":"Became a vampire (Vial)","damage_taken":0,"max_hp_gain":0,"max_hp_loss":0,"event_name":"Vampires","floor":24,"relics_lost":["Blood Vial"],"gold_loss":0,"cards_obtained":["Bite","Bite","Bite","Bite","Bite"]},{"cards_removed":["Bite"],"damage_healed":0,"gold_gain":0,"player_choice":"Gave Card","damage_taken":0,"relics_obtained":["Toxic Egg 2"],"max_hp_gain":0,"max_hp_loss":0,"event_name":"WeMeetAgain","floor":36,"gold_loss":0},{"damage_healed":0,"gold_gain":0,"player_choice":"Memory 1","damage_taken":0,"max_hp_gain":0,"max_hp_loss":0,"event_name":"SensoryStone","floor":48,"gold_loss":0}],"is_beta":false,"boss_relics":[{"not_picked":["Philosopher\u0027s Stone","Ectoplasm"],"picked":"HoveringKite"},{"not_picked":["aspiration:BursterCore","aspiration:SecretTechniqueScroll"],"picked":"hubris:Stopwatch"}],"items_purged_floors":[39,44],"is_endless":false,"potions_floor_spawned":[3,11,13,16,18,19,28,35,41,47],"killed_by":"Time Eater","ascension_level":0}}