{"host":"u5p72gjg7qm9i6r4","time":1611635106,"event":{"mods":["AchievementEnabler","BaseMod","Curses Come First","Highlight Path","Minty Spire (QoL Compilation)","Rare Cards Sparkle","StSLib"],"gold_per_floor":[111,128,143,160,160,195,195,220,293,308,308,320,320,345,345,448,448,466,485,502,513,525,525,525],"floor_reached":23,"language":"ENG","playtime":1564,"items_purged":[],"score":260,"play_id":"bdd5badf-fd8a-4d3a-b648-c8afb378f713","local_time":"20210125222506","is_ascension_mode":true,"campfire_choices":[{"data":"Zap","floor":7,"key":"SMITH"},{"floor":11,"key":"REST"},{"floor":15,"key":"REST"}],"circlet_count":0,"master_deck":["Strike_B","Strike_B","Strike_B","Defend_B+1","Defend_B","Defend_B","Defend_B","Zap+1","Dualcast","Cold Snap","Compile Driver","Echo Form","Reinforced Body+1","Turbo","Hyperbeam+1","Static Discharge+1","Capacitor+1","Aggregate","Electrodynamics+1","Ball Lightning","Sweeping Beam","Conserve Battery","Self Repair+1","Echo Form+1"],"relics":["Cracked Core","War Paint","WingedGreaves","Frozen Egg 2","MealTicket","Cursed Key"],"acts_visited":["Exordium","TheCity"],"potions_floor_usage":[14,19,20,21,23],"damage_taken":[{"damage":8.0,"enemies":"Small Slimes","floor":1.0,"turns":3.0},{"damage":0.0,"enemies":"Cultist","floor":2.0,"turns":3.0},{"damage":2.0,"enemies":"Jaw Worm","floor":3.0,"turns":3.0},{"damage":12.0,"enemies":"Looter","floor":4.0,"turns":3.0},{"damage":10,"enemies":"Lagavulin","floor":6,"turns":7},{"damage":20,"enemies":"3 Sentries","floor":8,"turns":10},{"damage":0,"enemies":"Exordium Wildlife","floor":10,"turns":1},{"damage":3,"enemies":"3 Louse","floor":12,"turns":2},{"damage":5,"enemies":"Gremlin Nob","floor":14,"turns":5},{"damage":36,"enemies":"Slime Boss","floor":16,"turns":6},{"damage":20,"enemies":"2 Thieves","floor":18,"turns":4},{"damage":12,"enemies":"Spheric Guardian","floor":19,"turns":3},{"damage":30,"enemies":"Centurion and Healer","floor":20,"turns":4},{"damage":17,"enemies":"Snake Plant","floor":21,"turns":4},{"damage":13,"enemies":"Chosen and Byrds","floor":22,"turns":4},{"damage":42,"enemies":"Book of Stabbing","floor":23,"turns":4}],"seed_played":"-2138721619725524204","potions_obtained":[{"floor":4.0,"key":"FairyPotion"},{"floor":6,"key":"Energy Potion"},{"floor":8,"key":"SneckoOil"},{"floor":10,"key":"Block Potion"},{"floor":14,"key":"Dexterity Potion"},{"floor":19,"key":"Fruit Juice"},{"floor":20,"key":"GamblersBrew"}],"is_trial":false,"path_per_floor":["M","M","M","M","?","E","R","E","T","M","R","M","?","E","R","B",null,"M","M","M","M","M","E"],"character_chosen":"DEFECT","items_purchased":[],"campfire_rested":2,"item_purchase_floors":[],"current_hp_per_floor":[74,74,72,60,53,43,43,23,23,23,47,44,44,39,63,27,82,62,50,25,8,36,0,0],"gold":525,"neow_bonus":"TEN_PERCENT_HP_BONUS","is_daily":false,"chose_seed":false,"campfire_upgraded":1,"win_rate":0.0,"timestamp":1611635106,"path_taken":["M","M","M","M","?","E","R","E","T","M","R","M","?","E","R","BOSS","M","?","?","M","M","E"],"items_purchased_type":[],"build_version":"2020-12-22","purchased_purges":0,"victory":false,"max_hp_per_floor":[82,82,82,82,82,82,82,82,82,82,82,82,82,82,82,82,82,82,82,87,87,87,87,87],"card_choices":[{"not_picked":["Stack","Steam"],"picked":"Cold Snap","floor":1.0},{"not_picked":["Redo","Darkness"],"picked":"Compile Driver","floor":2.0},{"not_picked":["Compile Driver","Rebound"],"picked":"Echo Form","floor":3.0},{"not_picked":["Hello World","Coolheaded"],"picked":"Reinforced Body","floor":4.0},{"not_picked":["Redo","Compile Driver"],"picked":"Turbo","floor":6},{"not_picked":["Turbo","Doom and Gloom"],"picked":"Hyperbeam","floor":8},{"not_picked":["Turbo","Steam Power"],"picked":"Static Discharge+1","floor":10},{"not_picked":["Tempest","Reprogram"],"picked":"Capacitor+1","floor":12},{"not_picked":["Coolheaded","Beam Cell"],"picked":"Aggregate","floor":14},{"not_picked":["Rainbow","Amplify"],"picked":"Electrodynamics+1","floor":16},{"not_picked":["Turbo","Gash"],"picked":"Ball Lightning","floor":18},{"not_picked":["Compile Driver","Gash"],"picked":"Sweeping Beam","floor":19},{"not_picked":["Reinforced Body","Rebound"],"picked":"Conserve Battery","floor":20},{"not_picked":["Double Energy","Beam Cell"],"picked":"Self Repair+1","floor":21},{"not_picked":["Leap","Redo+1"],"picked":"Echo Form+1","floor":22}],"player_experience":141509,"relics_obtained":[{"floor":6,"key":"War Paint"},{"floor":8,"key":"WingedGreaves"},{"floor":9,"key":"Frozen Egg 2"},{"floor":14,"key":"MealTicket"}],"event_choices":[{"cards_removed":["Strike_B"],"damage_healed":0.0,"max_hp_gain":0.0,"max_hp_loss":0.0,"gold_gain":0.0,"event_name":"Golden Wing","player_choice":"Card Removal","floor":5.0,"gold_loss":0.0,"damage_taken":7.0},{"damage_healed":0,"gold_gain":0,"player_choice":"Upgraded","damage_taken":0,"max_hp_gain":0,"max_hp_loss":0,"event_name":"Upgrade Shrine","floor":13,"gold_loss":0,"cards_upgraded":["Hyperbeam"]}],"is_beta":false,"boss_relics":[{"not_picked":["Nuclear Battery","SacredBark"],"picked":"Cursed Key"}],"items_purged_floors":[],"is_endless":false,"potions_floor_spawned":[4,6,8,10,14,19,20],"killed_by":"Book of Stabbing","ascension_level":4}}