{"host":"zi0yzizape2oq5m9","time":1611657247,"event":{"mods":["Act Like it!","Arknights The Spire","BaseMod","Colored Powertips","Decade(王小明)","Friendly Minions","Gensokyo","Minty Spire (QoL Compilation)","StSLib","WarShipGirlsR/战舰少女R mod"],"gold_per_floor":[117,127,127,144,4,29,48,48,48,68,84,84,99,113,113,213,213,229,246,256,266,276,310,329,329,329,209,134,151,151,221,221,318,318,338,42,42,53,64,90,90,90,90],"floor_reached":42,"language":"ZHS","playtime":4141,"items_purged":["rmod:defend"],"score":481,"play_id":"18e2bc4d-dcd8-4824-9080-63d94dad8dd1","local_time":"20210126183407","is_ascension_mode":false,"campfire_choices":[{"floor":8,"key":"DIG"},{"floor":15,"key":"DIG"},{"floor":25,"key":"REST"},{"floor":30,"key":"REST"},{"floor":32,"key":"DIG"},{"floor":41,"key":"DIG"}],"circlet_count":0,"master_deck":["rmod:strick","rmod:strick+1","rmod:strick","rmod:strick+1","rmod:defend","rmod:defend","rmod:defend","rmod:basicallowance","rmod:maingunfire","rmod:fuelsupply","rmod:fuelsupply+1","rmod:expedition","rmod:overbreakdown+1","rmod:fuelsupply+1","rmod:guardianhero+1","rmod:unsinkable+1","rmod:expeditionaryescort","rmod:windflower+1","rmod:circuitoustactics+1","rmod:luckystar+1","rmod:lastglory+1","Gensokyo:SevenSchoolMysteries","rmod:fuelsupply+1","rmod:ammunitionsupply+1","rmod:abidefaith"],"relics":["rmod:firstchargereward","NeowsBlessing","Gambling Chip","Shovel","Matryoshka","Centennial Puzzle","Toxic Egg 2","rmod:equipmentrecovery","Black Star","Blood Vial","Molten Egg 2","Pen Nib","Shuriken","Gensokyo:MaskOfHope","Darkstone Periapt","Oddly Smooth Stone","Fusion Hammer","Boot","Girya","Bag of Preparation","InkBottle","Whetstone"],"acts_visited":["Gensokyo:Gensokyo","Gensokyo:Gensokyoer","Gensokyo:Gensokyoest"],"potions_floor_usage":[16,16,23,39,42],"damage_taken":[{"damage":0,"enemies":"Gensokyo:3_Fairies","floor":1,"turns":1},{"damage":0,"enemies":"Gensokyo:2_Kodama","floor":2,"turns":1},{"damage":0,"enemies":"Gensokyo:Gryphon","floor":4,"turns":1},{"damage":41,"enemies":"Gensokyo:Cirno","floor":6,"turns":8},{"damage":0,"enemies":"Gensokyo:LivingMonolith","floor":7,"turns":4},{"damage":0,"enemies":"Gensokyo:2_Rabbits","floor":10,"turns":5},{"damage":8,"enemies":"Gensokyo:CorruptedTreant","floor":11,"turns":5},{"damage":4,"enemies":"Gensokyo:3_Kodama","floor":13,"turns":6},{"damage":3,"enemies":"Gensokyo:Gryphon_and_Rabbit","floor":14,"turns":6},{"damage":26,"enemies":"Gensokyo:Reimu","floor":16,"turns":21},{"damage":10,"enemies":"Gensokyo:AngelMirror","floor":18,"turns":5},{"damage":25,"enemies":"Gensokyo:3_Dogs","floor":19,"turns":10},{"damage":0,"enemies":"Gensokyo:Slime_Group","floor":20,"turns":10},{"damage":4,"enemies":"Gensokyo:Wraith","floor":21,"turns":9},{"damage":0,"enemies":"Gensokyo:Swordslinger","floor":22,"turns":10},{"damage":3,"enemies":"Gensokyo:Tenshi","floor":23,"turns":10},{"damage":31,"enemies":"Gensokyo:Monolith_and_Dog","floor":24,"turns":7},{"damage":6,"enemies":"Gensokyo:Chomper_and_Gloop","floor":29,"turns":8},{"damage":18,"enemies":"Gensokyo:Kaguya","floor":33,"turns":18},{"damage":0,"enemies":"Gensokyo:AncientGuardian","floor":35,"turns":3},{"damage":8,"enemies":"Gensokyo:3_Bats","floor":38,"turns":3},{"damage":0,"enemies":"Gensokyo:Rafflesia","floor":39,"turns":6},{"damage":6,"enemies":"Gensokyo:Doremy","floor":40,"turns":6},{"damage":70,"enemies":"Gensokyo:Kasen","floor":42,"turns":5}],"seed_played":"7256763310505199081","potions_obtained":[{"floor":2,"key":"PowerPotion"},{"floor":7,"key":"LiquidMemories"},{"floor":10,"key":"Weak Potion"},{"floor":13,"key":"EssenceOfSteel"},{"floor":18,"key":"GamblersBrew"},{"floor":22,"key":"Energy Potion"},{"floor":23,"key":"AttackPotion"}],"is_trial":false,"path_per_floor":["M","M","?","M","?","E","M","R","T","M","M","?","M","M","R","B",null,"M","M","M","M","M","E","M","R","T","?","$","M","R","T","R","B",null,"M","COS","?","M","M","E","R","E"],"character_chosen":"PRAEFECT","items_purchased":[],"campfire_rested":2,"item_purchase_floors":[],"current_hp_per_floor":[75,75,75,75,75,34,34,34,34,34,26,49,45,42,42,16,75,65,40,40,36,36,33,4,26,26,26,26,22,44,44,44,28,75,75,75,75,67,69,65,65,0,0],"gold":90,"neow_bonus":"THREE_ENEMY_KILL","is_daily":false,"chose_seed":false,"campfire_upgraded":0,"win_rate":0.0,"timestamp":1611657247,"path_taken":["M","M","?","M","?","E","M","R","T","?","?","?","?","M","R","BOSS","M","M","M","M","M","E","M","R","T","?","$","M","R","?","R","BOSS","M","COS","?","?","M","E","R","E"],"items_purchased_type":[],"build_version":"2020-12-22","purchased_purges":1,"victory":false,"max_hp_per_floor":[75,75,75,75,75,75,75,75,75,75,75,75,75,75,75,75,75,75,75,75,75,75,75,75,75,75,75,75,75,75,75,75,75,75,75,75,75,75,75,75,75,75,75],"card_choices":[{"not_picked":["rmod:aviationdawn","rmod:ammunitionsupply"],"picked":"rmod:fuelsupply","floor":1},{"not_picked":["rmod:punchline","rmod:combined","rmod:rockthrower"],"picked":"SKIP","floor":2},{"not_picked":["rmod:fletcherpendant","rmod:capitalist"],"picked":"rmod:expedition","floor":4},{"not_picked":["rmod:fuelsupply","rmod:bulid","rmod:highspeedshooting"],"picked":"SKIP","floor":6},{"not_picked":["rmod:ring","rmod:overbreakdown","rmod:combined"],"picked":"SKIP","floor":7},{"not_picked":["rmod:wasp","rmod:intelligenceanalysis"],"picked":"rmod:overbreakdown+1","floor":10},{"not_picked":["rmod:tearstotiara","rmod:intelligenceanalysis"],"picked":"rmod:fuelsupply+1","floor":11},{"not_picked":["rmod:concentratefire","rmod:aviationdawn+1","rmod:salvage"],"picked":"SKIP","floor":13},{"not_picked":["rmod:fletcherpendant","rmod:wasp"],"picked":"rmod:guardianhero+1","floor":14},{"not_picked":["rmod:highspeedmaneuver+1","rmod:expeditionaryescort"],"picked":"rmod:ridicule+1","floor":16},{"not_picked":["rmod:victimresponsibility+1","rmod:firesupport"],"picked":"rmod:unsinkable+1","floor":18},{"not_picked":["rmod:overbreakdown+1","rmod:victimresponsibility+1"],"picked":"rmod:expeditionaryescort","floor":19},{"not_picked":["rmod:luckystar","rmod:supportescort+1"],"picked":"rmod:windflower+1","floor":20},{"not_picked":["rmod:aviationdawn+1","rmod:combined","rmod:heivgo+1"],"picked":"SKIP","floor":21},{"not_picked":["rmod:rockthrower+1","rmod:supportaircraftcarrier+1"],"picked":"rmod:circuitoustactics+1","floor":22},{"not_picked":["rmod:fletcherpendant+1","rmod:highspeedshooting+1"],"picked":"rmod:luckystar+1","floor":23},{"not_picked":["rmod:unsinkable+1","rmod:ammunitionsupply+1","rmod:fletcherpendant+1"],"picked":"SKIP","floor":24},{"not_picked":["rmod:auspiciousomen+1","rmod:chargemoney","rmod:steelsupply+1"],"picked":"SKIP","floor":29},{"not_picked":["rmod:acesubmarine+1","rmod:ridicule+1"],"picked":"rmod:lastglory+1","floor":33},{"not_picked":["rmod:garrisonisland+1","rmod:smokecover+1","rmod:expedition"],"picked":"SKIP","floor":35},{"not_picked":["rmod:rockthrower+1","rmod:intelligenceanalysis+1"],"picked":"rmod:fuelsupply+1","floor":38},{"not_picked":["rmod:supportescort+1","rmod:steelsupply+1"],"picked":"rmod:ammunitionsupply+1","floor":39},{"not_picked":["rmod:garrisonisland+1","rmod:lonelyqueen+1"],"picked":"rmod:abidefaith","floor":40}],"player_experience":31908,"relics_obtained":[{"floor":6,"key":"Shovel"},{"floor":8,"key":"Matryoshka"},{"floor":9,"key":"Centennial Puzzle"},{"floor":9,"key":"Toxic Egg 2"},{"floor":15,"key":"rmod:equipmentrecovery"},{"floor":23,"key":"Blood Vial"},{"floor":23,"key":"Molten Egg 2"},{"floor":26,"key":"Pen Nib"},{"floor":26,"key":"Shuriken"},{"floor":31,"key":"Darkstone Periapt"},{"floor":32,"key":"Oddly Smooth Stone"},{"floor":40,"key":"Bag of Preparation"},{"floor":40,"key":"InkBottle"},{"floor":41,"key":"Whetstone"}],"event_choices":[],"is_beta":false,"boss_relics":[{"not_picked":["Astrolabe","Snecko Eye"],"picked":"Black Star"},{"not_picked":["Runic Pyramid","Cursed Key"],"picked":"Fusion Hammer"}],"items_purged_floors":[28],"is_endless":false,"potions_floor_spawned":[2,7,10,13,14,18,22,23,29,38],"killed_by":"Gensokyo:Kasen","ascension_level":0}}