{"host":"ddnlm33rmqyizb8g","time":1611704547,"event":{"mods":["BaseMod","Colored Map","Colored Powertips","Minty Spire (QoL Compilation)"],"gold_per_floor":[114,130,142,317,317,317,342,118,164,164,191,210,129,149,149,245,245,211,211,231,331,331,331],"floor_reached":22,"language":"ENG","playtime":1255,"items_purged":[],"score":194,"play_id":"287792d1-8801-48ac-8c95-f686b0c7baa1","local_time":"20210126184227","is_ascension_mode":false,"campfire_choices":[{"floor":6,"key":"RECALL"},{"floor":10,"key":"REST"},{"floor":15,"key":"REST"}],"circlet_count":0,"master_deck":["Strike_R","Strike_R","Strike_R","Strike_R","Strike_R","Defend_R","Defend_R","Defend_R","Defend_R","Bash+1","Rampage","Dark Embrace","Pummel","Infernal Blade","Metallicize","Havoc","Feel No Pain","Metallicize","Berserk"],"relics":["Burning Blood","FaceOfCleric","Potion Belt","Orichalcum","Dream Catcher","Pocketwatch","SlaversCollar"],"acts_visited":["Exordium","TheCity"],"potions_floor_usage":[7],"damage_taken":[{"damage":1,"enemies":"Cultist","floor":1,"turns":3},{"damage":4,"enemies":"2 Louse","floor":2,"turns":3},{"damage":0,"enemies":"Small Slimes","floor":3,"turns":4},{"damage":74,"enemies":"3 Sentries","floor":7,"turns":13},{"damage":24,"enemies":"Gremlin Nob","floor":11,"turns":5},{"damage":11,"enemies":"Blue Slaver","floor":12,"turns":4},{"damage":2,"enemies":"Gremlin Gang","floor":14,"turns":6},{"damage":34,"enemies":"Slime Boss","floor":16,"turns":17},{"damage":41,"enemies":"2 Thieves","floor":18,"turns":5},{"damage":8,"enemies":"Spheric Guardian","floor":20,"turns":4},{"damage":61,"enemies":"Centurion and Healer","floor":22,"turns":9}],"seed_played":"-7378435077559098710","potions_obtained":[{"floor":3,"key":"SkillPotion"},{"floor":7,"key":"AttackPotion"},{"floor":12,"key":"Swift Potion"},{"floor":18,"key":"Fire Potion"}],"is_trial":false,"path_per_floor":["M","M","M","?","?","R","E","$","T","R","E","M","$","M","R","B",null,"M","?","M","?","M"],"character_chosen":"IRONCLAD","items_purchased":["Infernal Blade","Orichalcum","Feel No Pain"],"campfire_rested":2,"item_purchase_floors":[8,8,13],"current_hp_per_floor":[80,80,80,80,80,80,13,13,13,37,20,16,16,21,46,19,85,51,51,50,50,0,0],"gold":331,"neow_bonus":"UPGRADE_CARD","is_daily":false,"chose_seed":false,"campfire_upgraded":0,"win_rate":0.0,"timestamp":1611704547,"path_taken":["M","?","M","?","?","R","E","$","T","R","E","?","?","M","R","BOSS","M","?","?","?","?"],"items_purchased_type":["Card","Relic","Card"],"build_version":"2020-12-22","purchased_purges":0,"victory":false,"max_hp_per_floor":[80,80,80,80,80,80,81,81,81,81,82,83,83,84,84,85,85,86,86,87,87,87,87],"card_choices":[{"not_picked":["Sword Boomerang","Pommel Strike"],"picked":"Rampage","floor":1},{"not_picked":["Sever Soul","Cleave"],"picked":"Dark Embrace","floor":2},{"not_picked":["Reckless Charge","Headbutt"],"picked":"Pummel","floor":3},{"not_picked":["Heavy Blade","Clash","Shockwave"],"picked":"SKIP","floor":7},{"not_picked":["Rampage","Armaments"],"picked":"Metallicize","floor":11},{"not_picked":["Sentinel","Thunderclap"],"picked":"Havoc","floor":12},{"not_picked":["Pummel","Shrug It Off"],"picked":"Metallicize","floor":14},{"not_picked":["Shrug It Off","Sentinel"],"picked":"Berserk","floor":15},{"not_picked":["Anger","Clash","Flex"],"picked":"SKIP","floor":18},{"not_picked":["Disarm","Perfected Strike","Headbutt"],"picked":"SKIP","floor":20}],"player_experience":138644,"relics_obtained":[{"floor":7,"key":"Potion Belt"},{"floor":9,"key":"Dream Catcher"},{"floor":11,"key":"Pocketwatch"}],"event_choices":[{"damage_healed":0,"gold_gain":175,"player_choice":"AGREE","damage_taken":0,"max_hp_gain":0,"max_hp_loss":0,"event_name":"Liars Game","floor":4,"gold_loss":0,"cards_obtained":["Doubt"]},{"damage_healed":0,"gold_gain":0,"player_choice":"Trade","damage_taken":0,"relics_obtained":["FaceOfCleric"],"max_hp_gain":0,"max_hp_loss":0,"event_name":"FaceTrader","floor":5,"gold_loss":0},{"cards_removed":["Doubt"],"damage_healed":0,"gold_gain":0,"player_choice":"Removed Curses","damage_taken":0,"max_hp_gain":0,"max_hp_loss":0,"event_name":"Fountain of Cleansing","floor":19,"gold_loss":0},{"damage_healed":0,"gold_gain":100,"player_choice":"Pray","damage_taken":0,"max_hp_gain":0,"max_hp_loss":0,"event_name":"Golden Shrine","floor":21,"gold_loss":0}],"is_beta":false,"boss_relics":[{"not_picked":["Black Blood","Runic Cube"],"picked":"SlaversCollar"}],"items_purged_floors":[],"is_endless":false,"potions_floor_spawned":[3,7,12,18],"killed_by":"Centurion and Healer","ascension_level":0}}