{"host":"7eytxr1oawi6r5nr","time":1611694165,"event":{"mods":["BaseMod","Better Third Choice","Curses Come First","Dark Map","Hermit","Hubris","Ironclad Rager","Jorbs\u0027s Wanderer Trilogy","Minty Spire (QoL Compilation)","Permanent Neow","Quick Restart","Rare Cards Sparkle","Reliquary","Replay The Spire","Robot Space Explorer","StSLib","The Cursed","The Disciple","The Dragon Tamer","The Forsaken","The Marked","The Mystic","The Runesmith","UnlockEverythingMod","Wide Potions"],"gold_per_floor":[110,120,139,67,83,114,114,129,129,147,222,234,234,250,250,349,349,336,336,336,355,424,424,459,459,459,459,459,472,274,284,284,284,284],"floor_reached":33,"language":"ENG","playtime":2165,"items_purged":["ReplayTheSpireMod:Splinters"],"score":375,"play_id":"846c8023-d8be-4346-89be-e13d8d3fd93c","local_time":"20210126204925","is_ascension_mode":true,"campfire_choices":[{"data":"Feed","floor":7,"key":"SMITH"},{"data":"Spot Weakness","floor":13,"key":"SMITH"},{"data":"Corruption","floor":15,"key":"SMITH"},{"data":"Heavy Blade","floor":23,"key":"SMITH"},{"floor":25,"key":"REST"},{"data":"Uppercut","floor":27,"key":"SMITH"},{"data":"Demon Form","floor":27,"key":"SMITH"},{"floor":32,"key":"REST"}],"circlet_count":0,"master_deck":["Strike_R","Strike_R","Strike_R","Strike_R","Strike_R","Defend_R","Defend_R","Defend_R","Defend_R","Bash","Feed+1","Hemokinesis","Wild Strike","Metallicize","Shrug It Off","Clothesline","Spot Weakness+1","Ghostly Armor","Corruption+1","Shrug It Off","Demon Form+1","Heavy Blade+1","Battle Trance+1","Uppercut+1","Intimidate","Flex","Fire Breathing","Sword Boomerang"],"relics":["Black Blood","Replay:Towering Pillar of Hats","Bronze Scales","Boot","Replay:Arrowhead","BargainBundle"],"acts_visited":["Exordium","TheCity"],"potions_floor_usage":[6,16,24,28,31,33,33],"damage_taken":[{"damage":3,"enemies":"2 Louse","floor":1,"turns":2},{"damage":11,"enemies":"Jaw Worm","floor":2,"turns":5},{"damage":8,"enemies":"Cultist","floor":3,"turns":3},{"damage":18,"enemies":"Blue Slaver","floor":5,"turns":6},{"damage":36,"enemies":"Lagavulin","floor":6,"turns":9},{"damage":5,"enemies":"Exordium Wildlife","floor":8,"turns":5},{"damage":17,"enemies":"Large Slime","floor":10,"turns":6},{"damage":2,"enemies":"3 Louse","floor":12,"turns":3},{"damage":8,"enemies":"2 Fungi Beasts","floor":14,"turns":2},{"damage":27,"enemies":"Slime Boss","floor":16,"turns":7},{"damage":33,"enemies":"2 Thieves","floor":18,"turns":5},{"damage":10,"enemies":"Chosen","floor":21,"turns":6},{"damage":101,"enemies":"Gremlin Leader","floor":24,"turns":8},{"damage":38,"enemies":"3 Cultists","floor":28,"turns":5},{"damage":25,"enemies":"Centurion and Healer","floor":29,"turns":8},{"damage":11,"enemies":"Snake Plant","floor":31,"turns":4},{"damage":77,"enemies":"Collector","floor":33,"turns":6}],"seed_played":"8662553220838749351","potions_obtained":[{"floor":1,"key":"SpeedPotion"},{"floor":5,"key":"Reflective Coating"},{"floor":8,"key":"AttackPotion"},{"floor":10,"key":"FearPotion"},{"floor":14,"key":"Fire Potion"},{"floor":18,"key":"SmokeBomb"},{"floor":22,"key":"Milkshake"},{"floor":22,"key":"FairyPotion"}],"is_trial":false,"path_per_floor":["M","M","M","$","M","E","R","M","T","M","?","M","R","M","R","B",null,"M","?","?","M","?","R","E","R","T","R","M","M","$","M","R","B"],"character_chosen":"IRONCLAD","items_purchased":["Metallicize","BargainBundle","Flex","Energy Potion","SkillPotion","SpeedPotion","Fire Breathing"],"campfire_rested":2,"item_purchase_floors":[4,30,30,30,30,30,30],"current_hp_per_floor":[83,81,82,82,73,46,46,51,51,44,33,41,41,43,43,26,115,94,94,70,76,76,76,31,68,68,68,42,33,33,38,77,0,0],"gold":284,"neow_bonus":"ONE_RANDOM_RARE_CARD","is_daily":false,"chose_seed":false,"campfire_upgraded":6,"win_rate":0.0,"timestamp":1611694165,"path_taken":["M","M","M","$","M","E","R","M","T","M","?","M","R","M","R","BOSS","M","?","?","M","?","R","E","R","T","R","M","M","$","M","R","BOSS"],"items_purchased_type":["Card","Relic","Card","Potion","Potion","Potion","Card"],"build_version":"2020-12-22","purchased_purges":1,"victory":false,"max_hp_per_floor":[83,86,89,89,92,95,95,99,99,103,103,107,107,111,111,115,115,115,115,120,124,124,124,124,124,124,124,124,128,128,132,132,132,132],"card_choices":[{"not_picked":["Iron Wave","Body Slam"],"picked":"Hemokinesis","floor":1},{"not_picked":["Fire Breathing","Burning Pact"],"picked":"Wild Strike","floor":2},{"not_picked":["Wild Strike","ReplayTheSpireMod:Limb From Limb","Armaments"],"picked":"SKIP","floor":3},{"not_picked":["ReplayTheSpireMod:Strike From Hell","Rampage"],"picked":"Shrug It Off","floor":5},{"not_picked":["Anger","Headbutt"],"picked":"Clothesline","floor":6},{"not_picked":["Headbutt","Dark Embrace"],"picked":"Spot Weakness","floor":8},{"not_picked":["Headbutt","Run Through"],"picked":"Ghostly Armor","floor":10},{"not_picked":["Dual Wield","True Grit"],"picked":"Corruption","floor":12},{"not_picked":["Pommel Strike","Iron Wave"],"picked":"Shrug It Off","floor":14},{"not_picked":["Berserk","Eclipse"],"picked":"Demon Form","floor":16},{"not_picked":["Flex","Clash"],"picked":"Heavy Blade","floor":18},{"not_picked":["Body Slam","Headbutt"],"picked":"Battle Trance+1","floor":21},{"not_picked":["Heavy Blade","hubris:CleavingFinish"],"picked":"Uppercut","floor":24},{"not_picked":["Pummel+1","Heavy Blade"],"picked":"Intimidate","floor":29},{"not_picked":["Armaments","Barricade"],"picked":"Sword Boomerang","floor":31}],"player_experience":140235,"relics_obtained":[{"floor":6,"key":"Replay:Towering Pillar of Hats"},{"floor":9,"key":"Bronze Scales"},{"floor":22,"key":"Boot"},{"floor":24,"key":"Replay:Arrowhead"}],"event_choices":[{"damage_healed":0,"gold_gain":75,"player_choice":"Gold","damage_taken":11,"max_hp_gain":0,"max_hp_loss":0,"event_name":"betterThird:BetterGoop","floor":11,"gold_loss":0},{"damage_healed":0,"gold_gain":0,"player_choice":"Shed Blood","damage_taken":29,"max_hp_gain":5,"max_hp_loss":0,"event_name":"Forgotten Altar","floor":20,"gold_loss":0}],"is_beta":false,"boss_relics":[{"not_picked":["Ooze Armor","ReplayTheSpireMod:DimensionalGlitch"],"picked":"Black Blood"}],"items_purged_floors":[30],"is_endless":false,"potions_floor_spawned":[1,5,8,10,14,18,28],"killed_by":"Collector","ascension_level":4}}