{"host":"uvmuduost5bzvojs","time":1611629873,"event":{"mods":["Aspiration","Bard","BaseMod","Better Match","Block Reminder","Conspire","Hermit","Highlight Path","Hubris","Infinite Spire","Jorbs\u0027s Wanderer Trilogy","Mad Scientist","Marisa????????","Mimic Mod","Minty Spire (QoL Compilation)","Potionbrewer","Replay The Spire","Robot Space Explorer","StSLib","The Blackbeard","The Construct","The Cursed","The Disciple","The Hayseed","The Hierophant","The Juggle","The Jungle","The Poker Player","The Runesmith","The Servant 0.9.4","The Spell Scribe","The Valiant","TheBandit"],"gold_per_floor":[114,114,114,37,37,37,63,77,104,104,104,122,122,122,122,122],"floor_reached":14,"language":"ENG","playtime":493,"items_purged":["ReplayTheSpireMod:Echoes of Time"],"score":111,"play_id":"2bd25c69-5be2-417a-9e56-5011c5483a8c","local_time":"20210125215753","is_ascension_mode":false,"metric_token":2130,"campfire_choices":[{"data":"PokerPlayerMod:ClubShade","floor":6,"key":"SMITH"},{"data":"infinitespire:Collect","floor":10,"key":"SMITH"}],"circlet_count":0,"master_deck":["PokerPlayerMod:Diamond1","PokerPlayerMod:Diamond2","PokerPlayerMod:Diamond3","PokerPlayerMod:Diamond4","PokerPlayerMod:Diamond5","PokerPlayerMod:Spade1","PokerPlayerMod:Spade2","PokerPlayerMod:Spade3","PokerPlayerMod:Spade4","PokerPlayerMod:Club1","PokerPlayerMod:Club2","PokerPlayerMod:Heart2","PokerPlayerMod:TrumpStrike","PokerPlayerMod:BadJoker","PokerPlayerMod:Mulligan","PokerPlayerMod:ClubShade+1","PokerPlayerMod:Club2","PokerPlayerMod:Club3","PokerPlayerMod:Club4","PokerPlayerMod:Club5","PokerPlayerMod:Club6","infinitespire:Collect+1","PokerPlayerMod:DamnStraight+1","PokerPlayerMod:Diamond1","PokerPlayerMod:Club7","PokerPlayerMod:ClubsClub"],"relics":["PokerPlayerMod:DeckCase","NeowsBlessing","Mercury Hourglass","Potion Belt","hubris:KleinBottle"],"acts_visited":["Exordium"],"potions_floor_usage":[],"damage_taken":[{"damage":0,"enemies":"Small Slimes","floor":1,"turns":1},{"damage":0,"enemies":"3 Sentries","floor":7,"turns":1},{"damage":0,"enemies":"2 Louse","floor":8,"turns":1},{"damage":11,"enemies":"Jaw Worm","floor":12,"turns":3},{"damage":8,"enemies":"Gremlin Nob","floor":14,"turns":2}],"seed_played":"-2680776754326931751","potions_obtained":[{"floor":7,"key":"Reflective Coating"}],"is_trial":false,"path_per_floor":["M","?","?","$","?","R","E","M","T","R","$","M","?","E"],"character_chosen":"THE_POKER_PLAYER","items_purchased":["PokerPlayerMod:DamnStraight","hubris:KleinBottle"],"campfire_rested":0,"item_purchase_floors":[4,11],"current_hp_per_floor":[52,52,39,39,39,39,41,41,41,41,17,6,6,0,0,0],"gold":122,"neow_bonus":"THREE_ENEMY_KILL","is_daily":false,"chose_seed":false,"campfire_upgraded":2,"win_rate":0.0,"timestamp":1611629873,"path_taken":["M","?","?","$","?","R","E","M","T","R","?","M","?","E"],"items_purchased_type":["Card","Relic"],"build_version":"2020-12-22","purchased_purges":1,"victory":false,"max_hp_per_floor":[52,52,52,52,52,52,52,52,52,52,52,52,52,52,52,52],"card_choices":[{"not_picked":["PokerPlayerMod:Trickery","PokerPlayerMod:HotShotCut"],"picked":"PokerPlayerMod:ClubShade","floor":1},{"not_picked":["infinitespire:UltimateForm","infinitespire:Menacing"],"picked":"infinitespire:Collect","floor":3},{"not_picked":["PokerPlayerMod:Spade3","PokerPlayerMod:CardPrinter"],"picked":"PokerPlayerMod:Diamond1","floor":7},{"not_picked":["PokerPlayerMod:HotShotCut","PokerPlayerMod:Harden"],"picked":"PokerPlayerMod:Club7","floor":8},{"not_picked":["hubris:Rewind","infinitespire:SevenWalls"],"picked":"ReplayTheSpireMod:Echoes of Time","floor":11},{"not_picked":["PokerPlayerMod:Heart6","PokerPlayerMod:Spade10+"],"picked":"PokerPlayerMod:ClubsClub","floor":12}],"player_experience":1810051,"relics_obtained":[{"floor":7,"key":"Mercury Hourglass"},{"floor":9,"key":"Potion Belt"}],"event_choices":[{"damage_healed":0,"gold_gain":0,"player_choice":"Jackpot","damage_taken":0,"max_hp_gain":0,"max_hp_loss":0,"event_name":"PokerPlayerMod:ExordiumClub","floor":2,"gold_loss":0,"cards_obtained":["PokerPlayerMod:Club2","PokerPlayerMod:Club3","PokerPlayerMod:Club4","PokerPlayerMod:Club5","PokerPlayerMod:Club6"]},{"damage_healed":0,"gold_gain":0,"player_choice":"Jackpot","damage_taken":0,"max_hp_gain":0,"max_hp_loss":0,"event_name":"PokerPlayerMod:ExordiumClub","floor":2,"gold_loss":0,"cards_obtained":["PokerPlayerMod:Club2","PokerPlayerMod:Club3","PokerPlayerMod:Club4","PokerPlayerMod:Club5","PokerPlayerMod:Club6"]},{"damage_healed":0,"gold_gain":0,"player_choice":"Jackpot","damage_taken":0,"max_hp_gain":0,"max_hp_loss":0,"event_name":"PokerPlayerMod:ExordiumClub","floor":2,"gold_loss":0,"cards_obtained":["PokerPlayerMod:Club2","PokerPlayerMod:Club3","PokerPlayerMod:Club4","PokerPlayerMod:Club5","PokerPlayerMod:Club6"]},{"damage_healed":0,"gold_gain":0,"player_choice":"Jackpot","damage_taken":0,"max_hp_gain":0,"max_hp_loss":0,"event_name":"PokerPlayerMod:ExordiumClub","floor":2,"gold_loss":0,"cards_obtained":["PokerPlayerMod:Club2","PokerPlayerMod:Club3","PokerPlayerMod:Club4","PokerPlayerMod:Club5","PokerPlayerMod:Club6"]},{"damage_healed":0,"gold_gain":0,"player_choice":"Jackpot","damage_taken":0,"max_hp_gain":0,"max_hp_loss":0,"event_name":"PokerPlayerMod:ExordiumClub","floor":2,"gold_loss":0,"cards_obtained":["PokerPlayerMod:Club2","PokerPlayerMod:Club3","PokerPlayerMod:Club4","PokerPlayerMod:Club5","PokerPlayerMod:Club6"]}],"is_beta":false,"boss_relics":[],"items_purged_floors":[11],"is_endless":false,"potions_floor_spawned":[7],"killed_by":"Gremlin Nob","ascension_level":0}}