{"host":"Mute","time":1611663174,"event":{"mods":["BaseMod","Colored Map","Downfall","Minty Spire (QoL Compilation)","StSLib"],"gold_per_floor":[99,119,138,138,152,169,193,203,203,222,248,263,263,124,142,247,247,247,347,358,443,456,471,522,179,179,193,193,218,243,276,295,295,295,295],"floor_reached":33,"language":"ENG","playtime":2202,"items_purged":["bronze:Defend","bronze:Defend"],"score":311,"play_id":"ccf2f60f-8b2d-465c-8f47-ccfc1d32294d","local_time":"20210126071254","is_ascension_mode":false,"campfire_choices":[{"data":"bronze:Replicate","floor":1,"key":"SMITH"},{"data":"bronze:Branch","floor":9,"key":"SMITH"},{"data":"bronze:Turbo","floor":13,"key":"SMITH"},{"data":"bronze:Optimize","floor":18,"key":"SMITH"},{"data":"bronze:Iterate","floor":26,"key":"SMITH"},{"data":"bronze:FollowUp","floor":28,"key":"SMITH"}],"circlet_count":0,"master_deck":["bronze:Strike","bronze:Strike","bronze:Strike","bronze:Defend","bronze:Defend","bronze:Replicate+1","bronze:Goto","bronze:Branch+1","bronze:ChosenStrike","bronze:Separator","bronze:Turbo+1","bronze:FindAndReplace","bronze:Flail","bronze:Iterate+1","bronze:Optimize+1","bronze:Branch","bronze:Virus","CurseOfTheBell","bronze:ForLoop+1","bronze:FollowUp+1","bronze:Format"],"relics":["bronze:BronzeCore","Pen Nib","Boot","Calling Bell","Nunchaku","Letter Opener","WingedGreaves","Bronze Scales","Anchor","HornCleat","Frozen Egg 2","Oddly Smooth Stone"],"acts_visited":["Exordium","TheCity"],"potions_floor_usage":[],"damage_taken":[{"damage":0,"enemies":"Small Slimes","floor":2,"turns":3},{"damage":0,"enemies":"Cultist","floor":3,"turns":3},{"damage":1,"enemies":"Jaw Worm","floor":5,"turns":3},{"damage":8,"enemies":"Lots of Slimes","floor":6,"turns":5},{"damage":0,"enemies":"Large Slime","floor":8,"turns":3},{"damage":0,"enemies":"3 Louse","floor":10,"turns":2},{"damage":8,"enemies":"Lagavulin","floor":11,"turns":4},{"damage":1,"enemies":"Exordium Wildlife","floor":12,"turns":2},{"damage":0,"enemies":"downfall:FleeingMerchant","floor":14,"turns":4},{"damage":7,"enemies":"Blue Slaver","floor":15,"turns":2},{"damage":40,"enemies":"DF_ARCHETYPE_STREAMLINE","floor":16,"turns":7},{"damage":0,"enemies":"Spheric Guardian","floor":20,"turns":3},{"damage":0,"enemies":"Shell Parasite","floor":22,"turns":1},{"damage":2,"enemies":"Sentry and Sphere","floor":23,"turns":3},{"damage":7,"enemies":"downfall:FleeingMerchant","floor":25,"turns":4},{"damage":0,"enemies":"Centurion and Healer","floor":27,"turns":2},{"damage":18,"enemies":"Gremlin Leader","floor":29,"turns":4},{"damage":2,"enemies":"Book of Stabbing","floor":30,"turns":3},{"damage":22,"enemies":"Slavers","floor":31,"turns":3},{"damage":0,"enemies":"Snake Plant","floor":32,"turns":2},{"damage":13,"enemies":"IC_MUSHROOM_ARCHETYPE","floor":33,"turns":1}],"seed_played":"-8144426595275856014","potions_obtained":[{"floor":6,"key":"champ:CounterPotion"},{"floor":10,"key":"Dexterity Potion"},{"floor":12,"key":"bronze:BurnAndBuffPotion"},{"floor":15,"key":"CultistPotion"}],"is_trial":false,"path_per_floor":["R","M","M","?","M","M","T","M","R","M","E","M","R","$","M","B",null,"R","?","M","?","M","M","T","$","R","M","R","E","E","E","M","B"],"character_chosen":"THE_AUTOMATON","items_purchased":["bronze:Branch","bronze:FollowUp","Anchor"],"campfire_rested":0,"item_purchase_floors":[14,25,25],"current_hp_per_floor":[70,70,70,70,69,61,61,61,61,61,53,52,52,52,45,5,70,70,70,70,56,56,54,54,47,47,47,47,29,27,5,5,0,0,0],"gold":295,"neow_bonus":"REMOVE_CARD","is_daily":false,"chose_seed":false,"campfire_upgraded":6,"win_rate":0.0,"timestamp":1611663174,"path_taken":["R","M","M","?","M","?","T","M","R","M","E","M","R","$","M","BOSS","R","?","?","?","M","M","T","$","R","M","R","E","E","E","M","BOSS"],"items_purchased_type":["Card","Card","Relic"],"build_version":"2020-12-18","purchased_purges":2,"victory":false,"max_hp_per_floor":[70,70,70,70,70,70,70,70,70,70,70,70,70,70,70,70,70,70,70,70,70,70,70,70,70,70,70,70,70,70,70,70,70,70,70],"card_choices":[{"not_picked":["bronze:Invalidate","bronze:DigitalCarnage"],"picked":"bronze:Branch","floor":2},{"not_picked":["bronze:BronzeOrb","bronze:Backtrace"],"picked":"bronze:ChosenStrike","floor":3},{"not_picked":["bronze:Deprecate","bronze:Frontload"],"picked":"bronze:Separator","floor":5},{"not_picked":["bronze:BronzeOrb","bronze:FineTuning","bronze:Deprecate"],"picked":"SKIP","floor":6},{"not_picked":["bronze:DelayedSlice","bronze:FineTuning"],"picked":"bronze:Turbo","floor":8},{"not_picked":["bronze:Turbo","bronze:Constructor"],"picked":"bronze:FindAndReplace","floor":10},{"not_picked":["bronze:Turbo","bronze:DelayedGuard"],"picked":"bronze:Flail","floor":11},{"not_picked":["bronze:Shield","bronze:WildBeam"],"picked":"bronze:Iterate","floor":12},{"not_picked":["bronze:WildBeam","bronze:CutThrough"],"picked":"bronze:Optimize","floor":14},{"not_picked":["bronze:Constructor","bronze:Frontload","bronze:Repulsor"],"picked":"SKIP","floor":15},{"not_picked":["bronze:ShipIt","bronze:SpaghettiCode"],"picked":"bronze:Virus","floor":16},{"not_picked":["bronze:Backtrace","bronze:Deprecate"],"picked":"bronze:ForLoop+1","floor":20},{"not_picked":["bronze:Turbo+1","bronze:Philosophize","bronze:BronzeArmor"],"picked":"SKIP","floor":22},{"not_picked":["bronze:WhirlingStrike","bronze:FineTuning","bronze:DelayedSlice"],"picked":"SKIP","floor":23},{"not_picked":["bronze:NullPointer","bronze:BugBarrage","bronze:Philosophize+1"],"picked":"SKIP","floor":25},{"not_picked":["bronze:Break","bronze:DelayedGuard","bronze:CloningBeam"],"picked":"SKIP","floor":27},{"not_picked":["bronze:BitShift","bronze:Constructor+1","bronze:NullPointer+1"],"picked":"SKIP","floor":29},{"not_picked":["bronze:DarkDash","bronze:BugBarrage+1","bronze:Repair"],"picked":"SKIP","floor":30},{"not_picked":["bronze:Overload","bronze:CutThrough"],"picked":"bronze:Format","floor":31},{"not_picked":["bronze:DelayedSlice","bronze:Overheat+1","bronze:Repulsor+1"],"picked":"SKIP","floor":32}],"player_experience":454607,"relics_obtained":[{"floor":7,"key":"Pen Nib"},{"floor":11,"key":"Boot"},{"floor":17,"key":"Nunchaku"},{"floor":17,"key":"Letter Opener"},{"floor":17,"key":"WingedGreaves"},{"floor":24,"key":"Bronze Scales"},{"floor":29,"key":"HornCleat"},{"floor":30,"key":"Frozen Egg 2"},{"floor":31,"key":"Oddly Smooth Stone"}],"event_choices":[{"damage_healed":0,"gold_gain":0,"player_choice":"Ignored","damage_taken":0,"max_hp_gain":0,"max_hp_loss":0,"event_name":"NoteForYourself","floor":4,"gold_loss":0}],"is_beta":true,"boss_relics":[{"not_picked":["Sozu","Empty Cage"],"picked":"Calling Bell"}],"items_purged_floors":[14,25],"is_endless":false,"potions_floor_spawned":[6,10,12,15,16,23,27,30,31],"killed_by":"IC_MUSHROOM_ARCHETYPE","ascension_level":0}}