{"host":"eny0bxnatoru6fum","time":1611629661,"event":{"mods":["A Magickal Journey","AYAYA","AchievementEnabler","AlwaysNeverKeys","Aspiration","BaseMod","Beaked The Cultist","Better Note","BetterRewards","Colored Map","Colored Powertips","Conspire","DeckTracker","Duelist Mod","Energized Spire","Glutton Mod","Halation","Hubris","Infinite Spire","Jedi Mod","Lobotomy","LobotomyExtend","Marisa????????","Minty Spire (QoL Compilation)","Relic Sorter","Replay The Spire","Shop Mod","Spicy Shops","Spikes Relics","StSLib","Synergy Search","The Alterego","The Animator","The Blue Laboratory","The Bug Knight","The Cursed","The Hierophant","The Jungle","The Problem Sleuth","The Runesmith","The Sage","The Servant 0.9.4","The Spell Scribe","Waifu the Spire"],"gold_per_floor":[117,117,192,48,63,77,112,112,136,136,169,179,199,228,228,228,228],"floor_reached":16,"language":"ENG","playtime":2856,"items_purged":[],"score":145,"play_id":"9efa4b94-3760-4fc1-ae3b-c02d3b3ccb91","local_time":"20210125205421","is_ascension_mode":false,"campfire_choices":[{"floor":8,"key":"RECALL"},{"data":"alterego_mod:RidiculouslyBig","floor":10,"key":"SMITH"},{"data":"alterego_mod:Stockings","floor":15,"key":"SMITH"}],"circlet_count":0,"master_deck":["alterego_mod:Strike","alterego_mod:Strike","alterego_mod:Strike","alterego_mod:Strike","alterego_mod:Defend","alterego_mod:Defend","alterego_mod:Defend+1","alterego_mod:Defend","alterego_mod:Impale","alterego_mod:BigMeatyClaws","alterego_mod:BrynhildrsRune","alterego_mod:Stockings+1","alterego_mod:Support","alterego_mod:Support","alterego_mod:RidiculouslyBig+1","alterego_mod:RidiculouslyBig","alterego_mod:DiscoLights","alterego_mod:Valentines","alterego_mod:Maid"],"relics":["alterego_mod:MasochisticConstitution","LetterFromLob","hubris:Towel","MealTicket","Omamori","Juzu Bracelet","RoseTintedShades","aspiration:TomeofQuesting"],"acts_visited":["Exordium"],"potions_floor_usage":[14,16],"damage_taken":[{"damage":5,"enemies":"Cultist","floor":1,"turns":5},{"damage":0,"enemies":"conspire:RoseBush","floor":5,"turns":5},{"damage":11,"enemies":"Small Slimes","floor":6,"turns":6},{"damage":12,"enemies":"HollowMod:MossKnight","floor":7,"turns":8},{"damage":8,"enemies":"3 Sentries","floor":11,"turns":20},{"damage":10,"enemies":"Gremlin Gang","floor":12,"turns":11},{"damage":3,"enemies":"Exordium Wildlife","floor":13,"turns":11},{"damage":0,"enemies":"Lagavulin","floor":14,"turns":11},{"damage":76,"enemies":"Hexaghost","floor":16,"turns":15}],"seed_played":"4460251575157218436","potions_obtained":[{"floor":5,"key":"blueLaboratory:HummingbirdPotion"},{"floor":13,"key":"blueLaboratory:ArtificerPotion"},{"floor":14,"key":"SkillPotion"}],"is_trial":false,"path_per_floor":["M","?","?","$","M","M","E","R","T","R","E","M","M","E","R","B"],"character_chosen":"The_Alterego","items_purchased":["MealTicket"],"campfire_rested":0,"item_purchase_floors":[4],"current_hp_per_floor":[66,66,55,55,62,59,55,55,55,55,69,75,76,76,76,0,0],"gold":228,"neow_bonus":"RANDOM_EVENT","is_daily":false,"chose_seed":false,"campfire_upgraded":2,"win_rate":0.0,"timestamp":1611629661,"path_taken":["M","?","?","$","M","M","E","R","T","R","E","M","M","E","R","BOSS"],"items_purchased_type":["Relic"],"build_version":"2020-12-22","purchased_purges":0,"victory":false,"max_hp_per_floor":[71,71,71,71,71,72,73,73,73,73,74,75,76,76,76,76,76],"card_choices":[{"not_picked":["alterego_mod:HighServant","alterego_mod:Exercise"],"picked":"alterego_mod:Stockings","floor":1},{"not_picked":["alterego_mod:Punishment","alterego_mod:1TonWallop"],"picked":"alterego_mod:Support","floor":5},{"not_picked":["alterego_mod:HighServant","alterego_mod:Stockings"],"picked":"alterego_mod:Support","floor":6},{"not_picked":["alterego_mod:BiFurious","alterego_mod:BeGentle"],"picked":"alterego_mod:RidiculouslyBig","floor":7},{"not_picked":["alterego_mod:BiFurious","alterego_mod:Bounce"],"picked":"alterego_mod:RidiculouslyBig","floor":11},{"not_picked":["alterego_mod:Skirt","alterego_mod:Rip"],"picked":"alterego_mod:DiscoLights","floor":12},{"not_picked":["alterego_mod:Stockings","alterego_mod:Rip"],"picked":"alterego_mod:Valentines","floor":13},{"not_picked":["alterego_mod:Rip","alterego_mod:Cooking"],"picked":"alterego_mod:Maid","floor":14}],"player_experience":587153,"relics_obtained":[{"floor":1,"key":"LetterFromLob"},{"floor":7,"key":"Omamori"},{"floor":9,"key":"Juzu Bracelet"},{"floor":11,"key":"RoseTintedShades"},{"floor":14,"key":"aspiration:TomeofQuesting"}],"event_choices":[{"damage_healed":0,"gold_gain":75,"player_choice":"Gather Gold","damage_taken":11,"max_hp_gain":0,"max_hp_loss":0,"event_name":"World of Goop","floor":3,"gold_loss":0}],"is_beta":false,"boss_relics":[],"items_purged_floors":[],"is_endless":false,"potions_floor_spawned":[5,13,14],"killed_by":"Hexaghost","ascension_level":0}}