{"host":"3y2rtlgteqp2nuo3","time":1611652755,"event":{"mods":["2.2 Compatiblity","AchievementEnabler","BaseMod","Colored Map","DeckTracker","Highlight Path","Keyboard Shortcuts","Minty Spire (QoL Compilation)","Permanent Neow","Quick Restart","StSLib","SuperFastMode","everything is the same but u backflip on backflip"],"gold_per_floor":[118,135,155,80,5,5,15,15,91,91,104,126,142,142,142,217,217,235,155,155,171,16,43,318,337,405,93,111,111,111],"floor_reached":29,"language":"KOR","playtime":725,"items_purged":["Strike_G","Strike_G","Regret"],"score":423,"play_id":"949fa171-c8bd-4e47-8702-3dad0e79f849","local_time":"20210126181915","is_ascension_mode":true,"campfire_choices":[{"data":"Deadly Poison","floor":6.0,"key":"SMITH"},{"data":"Quick Slash","floor":8.0,"key":"SMITH"},{"data":"Neutralize","floor":10.0,"key":"SMITH"},{"floor":15.0,"key":"REST"}],"circlet_count":0,"master_deck":["AscendersBane","Strike_G+1","Defend_G+1","Defend_G+1","Defend_G+1","Defend_G+1","Survivor","Neutralize+1","Deadly Poison+1","Quick Slash+1","Sucker Punch","Footwork","Poisoned Stab","Bane","Glass Knife","Dodge and Roll+1","Outmaneuver+1","Eviscerate","Crippling Poison+1","Deep Breath","Deadly Poison+1"],"relics":["Ring of the Serpent","The Courier","Odd Mushroom","Oddly Smooth Stone","Medical Kit","Nunchaku","Meat on the Bone","War Paint"],"acts_visited":["Exordium","TheCity"],"potions_floor_usage":[18,28],"damage_taken":[{"damage":3.0,"enemies":"Small Slimes","floor":1.0,"turns":6.0},{"damage":1.0,"enemies":"2 Louse","floor":2.0,"turns":3.0},{"damage":0.0,"enemies":"Cultist","floor":3.0,"turns":4.0},{"damage":3.0,"enemies":"Looter","floor":7.0,"turns":3.0},{"damage":1.0,"enemies":"3 Louse","floor":11.0,"turns":4.0},{"damage":20.0,"enemies":"The Mushroom Lair","floor":12.0,"turns":4.0},{"damage":5.0,"enemies":"Large Slime","floor":13.0,"turns":6.0},{"damage":14.0,"enemies":"The Guardian","floor":16.0,"turns":10.0},{"damage":5,"enemies":"2 Thieves","floor":18,"turns":5},{"damage":0,"enemies":"Chosen","floor":21,"turns":4},{"damage":1,"enemies":"Book of Stabbing","floor":23,"turns":8},{"damage":6,"enemies":"Snecko","floor":25,"turns":5},{"damage":4,"enemies":"Shelled Parasite and Fungi","floor":28,"turns":5},{"damage":38,"enemies":"Slavers","floor":29,"turns":2}],"seed_played":"3626185374722873342","potions_obtained":[{"floor":1.0,"key":"GamblersBrew"},{"floor":3.0,"key":"Block Potion"},{"floor":18,"key":"EssenceOfSteel"}],"is_trial":false,"path_per_floor":["M","M","M","$","?","R","M","R","T","R","M","?","M","?","R","B",null,"M","$","?","M","$","E","?","M","T","$","M","E"],"character_chosen":"THE_SILENT","items_purchased":["Medical Kit","Outmaneuver","War Paint","Deep Breath"],"campfire_rested":1,"item_purchase_floors":[22,22,27,27],"current_hp_per_floor":[56,55,55,55,55,55,52,52,52,52,51,31,26,8,26,12,48,43,43,43,43,43,42,42,36,36,36,32,0,0],"gold":111,"neow_bonus":"REMOVE_TWO","is_daily":false,"chose_seed":false,"campfire_upgraded":3,"win_rate":0.0,"timestamp":1611652755,"path_taken":["M","M","M","$","?","R","M","R","T","R","M","?","M","?","R","BOSS","M","$","?","M","$","E","?","M","T","$","?","E"],"items_purchased_type":["Relic","Card","Relic","Card"],"build_version":"2020-12-22","purchased_purges":3,"victory":false,"max_hp_per_floor":[60,60,60,60,60,60,60,60,60,60,60,60,60,60,60,60,60,60,60,60,60,60,60,60,60,60,60,60,60,60],"card_choices":[{"not_picked":["Footwork","Underhanded Strike"],"picked":"Deadly Poison","floor":1.0},{"not_picked":["Deflect","Cloak And Dagger"],"picked":"Quick Slash","floor":2.0},{"not_picked":["Deflect","Envenom"],"picked":"Sucker Punch","floor":3.0},{"not_picked":["Slice","Flying Knee","Cloak And Dagger"],"picked":"SKIP","floor":7.0},{"not_picked":["Skewer","Flechettes"],"picked":"Footwork","floor":11.0},{"not_picked":["Sucker Punch","Reflex"],"picked":"Poisoned Stab","floor":12.0},{"not_picked":["Sucker Punch","Dodge and Roll"],"picked":"Bane","floor":13.0},{"not_picked":["After Image","Phantasmal Killer"],"picked":"Glass Knife","floor":16.0},{"not_picked":["Expertise","Flying Knee","Sucker Punch"],"picked":"SKIP","floor":18},{"not_picked":["Quick Slash","Masterful Stab"],"picked":"Dodge and Roll+1","floor":21},{"not_picked":["Bullet Time","Sucker Punch"],"picked":"Eviscerate","floor":23},{"not_picked":["Deflect","Bane"],"picked":"Crippling Poison","floor":25},{"not_picked":["Slice","Acrobatics"],"picked":"Deadly Poison+1","floor":28}],"player_experience":721916,"relics_obtained":[{"floor":9.0,"key":"The Courier"},{"floor":12.0,"key":"Odd Mushroom"},{"floor":23,"key":"Nunchaku"},{"floor":26,"key":"Meat on the Bone"}],"event_choices":[{"cards_removed":["Strike_G"],"damage_healed":0.0,"max_hp_gain":0.0,"max_hp_loss":0.0,"gold_gain":0.0,"event_name":"The Cleric","player_choice":"Card Removal","floor":5.0,"gold_loss":75.0,"damage_taken":0.0},{"damage_healed":0.0,"max_hp_gain":0.0,"max_hp_loss":0.0,"gold_gain":0.0,"event_name":"Mushrooms","player_choice":"Fought Mushrooms","floor":12.0,"gold_loss":0.0,"damage_taken":0.0},{"damage_healed":0.0,"max_hp_gain":0.0,"max_hp_loss":0.0,"gold_gain":0.0,"event_name":"Scrap Ooze","player_choice":"Success","floor":14.0,"gold_loss":0.0,"damage_taken":18.0,"relics_obtained":["Oddly Smooth Stone"]},{"damage_healed":0,"gold_gain":0,"player_choice":"Simplicity","damage_taken":0,"max_hp_gain":0,"max_hp_loss":0,"event_name":"Back to Basics","floor":20,"gold_loss":0,"cards_upgraded":["Strike_G","Defend_G","Defend_G","Defend_G","Defend_G"]},{"damage_healed":0,"gold_gain":275,"player_choice":"Desecrate","damage_taken":0,"max_hp_gain":0,"max_hp_loss":0,"event_name":"Golden Shrine","floor":24,"gold_loss":0,"cards_obtained":["Regret"]}],"is_beta":false,"boss_relics":[{"not_picked":["Busted Crown","Black Star"],"picked":"Ring of the Serpent"}],"items_purged_floors":[4,19,27],"is_endless":false,"potions_floor_spawned":[1,3,7,11,16,18,21],"killed_by":"Slavers","ascension_level":16}}