{"host":"s2ap0bnrs90y0f0j","time":1611623452,"event":{"mods":["BaseMod","Minty Spire (QoL Compilation)","StSLib","TheBandit"],"gold_per_floor":[117,137,17,17,17,17,17,92,92,103,103,28,48,78,78,173,173,189,20,20,20,20,20,34,62,137,156,156,156,156,175,175,272,272,289,334,334,334,334,334],"floor_reached":38,"language":"ENG","playtime":2100,"items_purged":["wariomod:Strike","wariomod:Defend"],"score":490,"play_id":"10e76b9b-4e7b-4e1a-b5b0-b544ae988036","local_time":"20210125201052","is_ascension_mode":true,"campfire_choices":[{"data":"wariomod:RacingSpeed","floor":6.0,"key":"SMITH"},{"data":"wariomod:Step","floor":11.0,"key":"SMITH"},{"data":"wariomod:Hopshield","floor":15.0,"key":"SMITH"},{"floor":23.0,"key":"RECALL"},{"floor":30.0,"key":"REST"},{"floor":32.0,"key":"REST"}],"circlet_count":0,"master_deck":["wariomod:Strike","wariomod:Strike","wariomod:Defend","wariomod:Step+1","wariomod:Leap","wariomod:Hopshield+1","wariomod:RacingSpeed+1","wariomod:BodyBlock","wariomod:DoubleDash","wariomod:OctoJump","wariomod:RacingSpeed","wariomod:Leapslam","wariomod:Game+1","wariomod:Enshrine","Decay"],"relics":["Empty Cage","InkBottle","Nunchaku","Fusion Hammer","Toy Ornithopter","wariomod:AngryHat","Ginger","Philosopher\u0027s Stone","Gambling Chip"],"acts_visited":["Exordium","TheCity","TheBeyond"],"potions_floor_usage":[38],"damage_taken":[{"damage":12.0,"enemies":"Jaw Worm","floor":1.0,"turns":3.0},{"damage":0.0,"enemies":"Cultist","floor":2.0,"turns":5.0},{"damage":0.0,"enemies":"2 Louse","floor":10.0,"turns":2.0},{"damage":0.0,"enemies":"Lots of Slimes","floor":13.0,"turns":2.0},{"damage":12.0,"enemies":"Gremlin Nob","floor":14.0,"turns":4.0},{"damage":29.0,"enemies":"Hexaghost","floor":16.0,"turns":9.0},{"damage":0.0,"enemies":"Chosen","floor":18.0,"turns":4.0},{"damage":8.0,"enemies":"2 Thieves","floor":24.0,"turns":3.0},{"damage":58.0,"enemies":"Gremlin Leader","floor":25.0,"turns":8.0},{"damage":0.0,"enemies":"Centurion and Healer","floor":27.0,"turns":6.0},{"damage":0.0,"enemies":"Slavers","floor":29.0,"turns":1.0},{"damage":0.0,"enemies":"Snecko","floor":31.0,"turns":5.0},{"damage":41.0,"enemies":"Collector","floor":33.0,"turns":7.0},{"damage":12.0,"enemies":"Orb Walker","floor":35.0,"turns":3.0},{"damage":71.0,"enemies":"2 Orb Walkers","floor":36.0,"turns":6.0},{"damage":22,"enemies":"3 Darklings","floor":38,"turns":3}],"seed_played":"-1585137954653647983","potions_obtained":[{"floor":2.0,"key":"GamblersBrew"},{"floor":13.0,"key":"SmokeBomb"},{"floor":14.0,"key":"ColorlessPotion"},{"floor":18.0,"key":"Regen Potion"},{"floor":27.0,"key":"SneckoOil"},{"floor":33.0,"key":"GamblersBrew"}],"is_trial":false,"path_per_floor":["M","M","$","?","$","R","$","?","T","M","R","$","M","E","R","B",null,"M","$","$","?","$","R","M","E","T","M","T","E","R","M","R","B",null,"M","?","?","M"],"character_chosen":"THE_BANDIT","items_purchased":["wariomod:RacingSpeed","wariomod:BodyBlock","wariomod:OctoJump"],"campfire_rested":2,"item_purchase_floors":[3,3,19],"current_hp_per_floor":[68,68,68,68,68,68,68,60,60,60,60,60,60,48,48,19,80,80,80,80,65,65,65,57,4,4,4,4,9,34,34,59,18,85,73,12,12,0,0,0],"gold":334,"neow_bonus":"BOSS_RELIC","is_daily":false,"chose_seed":false,"campfire_upgraded":3,"win_rate":0.0,"timestamp":1611623452,"path_taken":["M","M","$","?","?","R","$","?","T","?","R","?","M","E","R","BOSS","M","?","$","?","$","R","M","E","T","M","?","E","R","?","R","BOSS","M","?","?","M"],"items_purchased_type":["Card","Card","Card"],"build_version":"2020-12-22","purchased_purges":2,"victory":false,"max_hp_per_floor":[80,80,80,80,80,80,80,80,80,80,80,80,80,80,80,80,80,80,80,80,85,85,85,85,85,85,85,85,85,85,85,85,85,85,85,85,85,85,85,85],"card_choices":[{"not_picked":["wariomod:Goblast","wariomod:TheGrandJourney"],"picked":"wariomod:Hopshield","floor":1.0},{"not_picked":["wariomod:SpaceSwap","wariomod:Immortalize","wariomod:BumRush"],"picked":"SKIP","floor":2.0},{"not_picked":["wariomod:SelfImprison","wariomod:BoomBoom"],"picked":"wariomod:DoubleDash","floor":10.0},{"not_picked":["wariomod:BumRush","wariomod:BlastDash","wariomod:HappyHop"],"picked":"SKIP","floor":13.0},{"not_picked":["wariomod:SpikeSlash","wariomod:FabulousPrizes","wariomod:AwfulLook"],"picked":"SKIP","floor":14.0},{"not_picked":["wariomod:BodyBlock","wariomod:AwfulLook","wariomod:ChargeForth"],"picked":"SKIP","floor":18.0},{"not_picked":["wariomod:Hopshield","wariomod:AwfulLook"],"picked":"wariomod:RacingSpeed","floor":24.0},{"not_picked":["wariomod:Bomblaster","wariomod:FabulousPrizes"],"picked":"wariomod:Leapslam","floor":25.0},{"not_picked":["wariomod:AwfulLook+1","wariomod:ChargeForth"],"picked":"wariomod:Game+1","floor":27.0},{"not_picked":["wariomod:Bombshield","wariomod:Boomsmack","wariomod:BoomBoom"],"picked":"SKIP","floor":31.0},{"not_picked":["wariomod:Sidestep","wariomod:MassiveParty"],"picked":"wariomod:Enshrine","floor":33.0},{"not_picked":["wariomod:BodyBlock","wariomod:BigUpgrade","wariomod:SmallSprint"],"picked":"SKIP","floor":35.0}],"player_experience":522771,"relics_obtained":[{"floor":9.0,"key":"InkBottle"},{"floor":14.0,"key":"Nunchaku"},{"floor":25.0,"key":"Toy Ornithopter"},{"floor":26.0,"key":"wariomod:AngryHat"},{"floor":28.0,"key":"Ginger"},{"floor":36.0,"key":"Gambling Chip"}],"event_choices":[{"cards_removed":["wariomod:Defend"],"damage_healed":0.0,"max_hp_gain":0.0,"max_hp_loss":0.0,"gold_gain":0.0,"event_name":"Purifier","player_choice":"Purged","floor":4.0,"gold_loss":0.0,"damage_taken":0.0},{"damage_healed":0.0,"max_hp_gain":0.0,"max_hp_loss":0.0,"gold_gain":75.0,"event_name":"FaceTrader","player_choice":"Touch","floor":8.0,"gold_loss":0.0,"damage_taken":8.0},{"damage_healed":0.0,"max_hp_gain":5.0,"max_hp_loss":0.0,"gold_gain":0.0,"event_name":"Forgotten Altar","player_choice":"Shed Blood","floor":21.0,"gold_loss":0.0,"damage_taken":20.0},{"damage_healed":0.0,"max_hp_gain":0.0,"max_hp_loss":0.0,"gold_gain":0.0,"event_name":"Mysterious Sphere","player_choice":"Fight","floor":36.0,"gold_loss":0.0,"damage_taken":0.0},{"damage_healed":0.0,"max_hp_gain":0.0,"max_hp_loss":0.0,"gold_gain":0.0,"event_name":"Wheel of Change","player_choice":"Cursed","floor":37.0,"gold_loss":0.0,"damage_taken":0.0,"cards_obtained":["Decay"]}],"is_beta":false,"boss_relics":[{"not_picked":["wariomod:DoomHat","Velvet Choker"],"picked":"Fusion Hammer"},{"not_picked":["Sozu","Runic Pyramid"],"picked":"Philosopher\u0027s Stone"}],"items_purged_floors":[12,19],"is_endless":false,"potions_floor_spawned":[2,13,14,18,27,33,35],"killed_by":"3 Darklings","ascension_level":4}}