{"host":"urvvf8749ekcxo1a","time":1611638504,"event":{"mods":["AchievementEnabler","AlwaysNeverKeys","BaseMod","Better Altar","Better Sensory Stone","Better-Laid Plans","BetterRewards","Colored Powertips","Displayed Cursed Tome","Emptier Cage","Evolution","Gold Saver","Grow up Mod","Minty Spire (QoL Compilation)","Quick Restart","Rare Cards Sparkle","Relic Filter","Relic Stats","Reliquary","StSLib","SuperFastMode","The Animator","The Cursed","The Hierophant","The Servant 0.9.4","Wide Potions"],"gold_per_floor":[1623,1634,1049,1065,1240,1240,1260,1289,1289,1289,798,854,707,736,736,834,884,856,856,461,447,144,144,138,138,162,182,197,202,202,205,205,253,253,262,231,231,281,296,231,227,185,185],"floor_reached":42,"language":"ENG","playtime":1021,"items_purged":[],"score":609,"play_id":"0f1f2e1c-01da-4260-9f37-704f46b56833","local_time":"20210126002144","is_ascension_mode":false,"campfire_choices":[{"data":"hierophant:ChurchCoffers","floor":6,"key":"SMITH"},{"data":"hierophant:TollTheBells","floor":15,"key":"SMITH"},{"data":"hierophant:Invocation","floor":23,"key":"SMITH"},{"data":"hierophant:Martyrdom","floor":25,"key":"SMITH"},{"data":"hierophant:ThreeLashes","floor":32,"key":"SMITH"}],"circlet_count":0,"master_deck":["hierophant:Zeal","hierophant:Zeal","hierophant:Strike_Hierophant","hierophant:Strike_Hierophant","hierophant:Punish+1","hierophant:Defend_Hierophant","hierophant:Defend_Hierophant","hierophant:Defend_Hierophant","hierophant:Defend_Hierophant+1","hierophant:ChurchCoffers+1","Regret","hierophant:FieryStrike","hierophant:Martyrdom+1","hierophant:FlamingChariot+1","hierophant:FieryStrike","hierophant:Sermon","Doubt","hierophant:TollTheBells+1","Regret","Sadistic Nature","hierophant:Invocation+1","hierophant:Smite","hierophant:Bribe+1","hierophant:ThreeLashes+1","hierophant:DisplayOfPower","hierophant:AuricBeam+1","hierophant:FieryStrike","hierophant:WrathOfGod","hierophant:HolyVerse+1","hierophant:Prophecy","Parasite","hierophant:PassingBell+1","hierophant:Community"],"relics":["hierophant:PropheticMaskRelic","EVO:Axolotl","Calipers","Vajra","Thread and Needle","Happy Flower","Mercury Hourglass","reliquary:PorcupineQuills","reliquary:RoseTintedGlasses","Strange Spoon","reliquary:PrincelyHelmet","reliquary:BrokenClock","Odd Mushroom","Tiny House","FaceOfCleric","FaceOfCleric","Chemical X","Potion Belt","Membership Card","Bronze Scales","reliquary:SharkskinSheath","Smiling Mask","reliquary:Buckler","Cursed Key","Bird Faced Urn","Bag of Preparation"],"acts_visited":["Exordium","TheCity","TheBeyond"],"potions_floor_usage":[8,14,18,42],"damage_taken":[{"damage":16,"enemies":"Cultist","floor":1,"turns":3},{"damage":15,"enemies":"Jaw Worm","floor":2,"turns":3},{"damage":2,"enemies":"2 Louse","floor":4,"turns":2},{"damage":9,"enemies":"Looter","floor":7,"turns":3},{"damage":0,"enemies":"Lagavulin","floor":8,"turns":1},{"damage":25,"enemies":"Gremlin Nob","floor":12,"turns":4},{"damage":0,"enemies":"The Mushroom Lair","floor":14,"turns":3},{"damage":74,"enemies":"The Guardian","floor":16,"turns":10},{"damage":6,"enemies":"3 Byrds","floor":18,"turns":1},{"damage":18,"enemies":"Shell Parasite","floor":21,"turns":5},{"damage":29,"enemies":"Gremlin Leader","floor":24,"turns":6},{"damage":28,"enemies":"Slavers","floor":27,"turns":4},{"damage":2,"enemies":"Cultist and Chosen","floor":28,"turns":5},{"damage":12,"enemies":"Book of Stabbing","floor":29,"turns":5},{"damage":0,"enemies":"Snake Plant","floor":31,"turns":2},{"damage":107,"enemies":"Automaton","floor":33,"turns":8},{"damage":36,"enemies":"3 Darklings","floor":35,"turns":3},{"damage":10,"enemies":"3 Shapes","floor":36,"turns":2},{"damage":2,"enemies":"Mind Bloom Boss Battle","floor":38,"turns":3},{"damage":6,"enemies":"Writhing Mass","floor":39,"turns":5},{"damage":78,"enemies":"Nemesis","floor":40,"turns":5},{"damage":15,"enemies":"Spire Growth","floor":41,"turns":3},{"damage":397,"enemies":"Giant Head","floor":42,"turns":5}],"seed_played":"-2508261012465834580","potions_obtained":[{"floor":1,"key":"SmokeBomb"},{"floor":8,"key":"SkillPotion"},{"floor":12,"key":"BlessingOfTheForge"},{"floor":17,"key":"Swift Potion"},{"floor":18,"key":"Weak Potion"},{"floor":28,"key":"Ancient Potion"},{"floor":33,"key":"Strength Potion"},{"floor":38,"key":"EntropicBrew"}],"is_trial":false,"path_per_floor":["M","M","$","M","?","R","M","E","T","?","$","?","$","?","R","B",null,"M","?","$","M","$","R","E","R","T","E","M","E","?","M","R","B",null,"M","M","$","?","M","E","M","E"],"character_chosen":"HIEROPHANT","items_purchased":["hierophant:Martyrdom","hierophant:FlamingChariot","hierophant:FieryStrike","Vajra","Thread and Needle","reliquary:RoseTintedGlasses","Sadistic Nature","Strange Spoon","reliquary:BrokenClock","reliquary:SculptingSteel","Chemical X","Potion Belt","Membership Card"],"campfire_rested":0,"item_purchase_floors":[3,3,3,3,3,11,11,11,13,20,20,22,22],"current_hp_per_floor":[79,74,84,92,102,112,113,123,133,143,153,138,148,158,168,104,260,264,274,284,278,288,298,281,291,301,285,295,295,305,317,327,232,444,420,422,432,442,452,390,389,0,0],"gold":185,"neow_bonus":"ONE_RARE_RELIC","is_daily":false,"chose_seed":false,"campfire_upgraded":5,"win_rate":0.0,"timestamp":1611638504,"path_taken":["M","?","$","M","?","R","?","E","T","?","$","?","$","?","R","BOSS","M","?","$","M","$","R","E","R","T","E","?","E","?","M","R","BOSS","M","M","$","?","M","E","M","E"],"items_purchased_type":["Card","Card","Card","Relic","Relic","Relic","Card","Relic","Relic","Relic","Relic","Relic","Relic"],"build_version":"2020-12-22","purchased_purges":0,"victory":false,"max_hp_per_floor":[95,105,115,125,135,145,155,165,175,185,195,205,215,225,235,245,260,270,280,290,302,312,322,334,344,354,366,378,390,400,412,422,434,444,456,468,478,490,502,514,526,526,526],"relic_stats":{"Strange Spoon":[3],"Happy Flower":[26],"FaceOfCleric":26,"counters":[23,90],"Bronze Scales":[173],"Bird Faced Urn":[14],"Bag of Preparation":[4],"Chemical X":[4],"Smiling Mask":0,"Cursed Key":0,"obtain_stats":[{"Calipers":0,"Tiny House":17,"reliquary:PrincelyHelmet":12,"hierophant:PropheticMaskRelic":0,"Vajra":3,"Bag of Preparation":40,"EVO:Axolotl":0,"Smiling Mask":27,"Cursed Key":34,"FaceOfCleric":19,"reliquary:Buckler":29,"reliquary:RoseTintedGlasses":11,"Chemical X":20,"reliquary:SharkskinSheath":26,"Potion Belt":22,"Happy Flower":8,"Thread and Needle":3,"Odd Mushroom":14,"Mercury Hourglass":9,"Strange Spoon":11,"reliquary:PorcupineQuills":10,"Bronze Scales":24,"Bird Faced Urn":38,"reliquary:SculptingSteel":20,"reliquary:BrokenClock":13,"Membership Card":22},{"Calipers":0,"Tiny House":8,"reliquary:PrincelyHelmet":5,"hierophant:PropheticMaskRelic":0,"Vajra":2,"Bag of Preparation":21,"EVO:Axolotl":0,"Smiling Mask":12,"Cursed Key":16,"FaceOfCleric":9,"reliquary:Buckler":14,"reliquary:RoseTintedGlasses":5,"Chemical X":9,"reliquary:SharkskinSheath":11,"Potion Belt":10,"Happy Flower":5,"Thread and Needle":2,"Odd Mushroom":7,"Mercury Hourglass":5,"Strange Spoon":5,"reliquary:PorcupineQuills":5,"Bronze Scales":11,"Bird Faced Urn":19,"reliquary:SculptingSteel":9,"reliquary:BrokenClock":6,"Membership Card":10},{"Calipers":0,"Tiny House":29,"reliquary:PrincelyHelmet":12,"hierophant:PropheticMaskRelic":0,"Vajra":6,"Bag of Preparation":82,"EVO:Axolotl":0,"Smiling Mask":45,"Cursed Key":64,"FaceOfCleric":30,"reliquary:Buckler":54,"reliquary:RoseTintedGlasses":12,"Chemical X":30,"reliquary:SharkskinSheath":41,"Potion Belt":35,"Happy Flower":12,"Thread and Needle":6,"Odd Mushroom":19,"Mercury Hourglass":12,"Strange Spoon":12,"reliquary:PorcupineQuills":12,"Bronze Scales":41,"Bird Faced Urn":72,"reliquary:SculptingSteel":30,"reliquary:BrokenClock":16,"Membership Card":35}],"Mercury Hourglass":[333]},"card_choices":[{"not_picked":["hierophant:Remorse","hierophant:Sermon","hierophant:Empathy"],"picked":"SKIP","floor":1},{"not_picked":["hierophant:DisplayOfPower","hierophant:OrnateJavelin"],"picked":"hierophant:FieryStrike","floor":2},{"not_picked":["hierophant:AuricShield","hierophant:FlamingChariot"],"picked":"hierophant:Sermon","floor":4},{"not_picked":["hierophant:Blessing","hierophant:MorningPrayer"],"picked":"hierophant:TollTheBells","floor":7},{"not_picked":["hierophant:HolyVerse","hierophant:MorningPrayer","hierophant:Purify"],"picked":"SKIP","floor":8},{"not_picked":["hierophant:Batter","hierophant:Determination"],"picked":"hierophant:Invocation","floor":16},{"not_picked":["hierophant:Embezzle","hierophant:Upheaval"],"picked":"hierophant:Smite","floor":17},{"not_picked":["hierophant:PristineSoul","hierophant:Refuge"],"picked":"hierophant:Bribe+1","floor":18},{"not_picked":["hierophant:Encroach","hierophant:SecretStash","hierophant:HammerAndAnvil"],"picked":"SKIP","floor":21},{"not_picked":["hierophant:Refuge+1","hierophant:RustyCrate"],"picked":"hierophant:ThreeLashes","floor":24},{"not_picked":["hierophant:Doomsaying","hierophant:Remorse"],"picked":"hierophant:DisplayOfPower","floor":27},{"not_picked":["hierophant:RecallFunds+1","hierophant:MintersHammer"],"picked":"hierophant:AuricBeam+1","floor":28},{"not_picked":["hierophant:Purify","hierophant:DisplayOfPower+1"],"picked":"hierophant:FieryStrike","floor":29},{"not_picked":["hierophant:Mercenaries","hierophant:MirrorShield+1","hierophant:DisplayOfPower"],"picked":"SKIP","floor":31},{"not_picked":["hierophant:Batter","hierophant:Generosity"],"picked":"hierophant:WrathOfGod","floor":33},{"not_picked":["hierophant:HammerAndAnvil","hierophant:Mercenaries","hierophant:ThreeLashes"],"picked":"SKIP","floor":35},{"not_picked":["hierophant:Bribe","hierophant:Purify"],"picked":"hierophant:HolyVerse+1","floor":36},{"not_picked":["hierophant:OrnateJavelin+1","hierophant:ThreeLashes"],"picked":"hierophant:Prophecy","floor":38},{"not_picked":["hierophant:Prophecy","hierophant:Sermon"],"picked":"hierophant:PassingBell+1","floor":39},{"not_picked":["hierophant:Purify","hierophant:RepressedViolence"],"picked":"hierophant:Community","floor":40},{"not_picked":["hierophant:Remorse","hierophant:FlamingChariot+1","hierophant:Community"],"picked":"SKIP","floor":41}],"player_experience":168622,"relics_obtained":[{"floor":8,"key":"Happy Flower"},{"floor":9,"key":"Mercury Hourglass"},{"floor":14,"key":"Odd Mushroom"},{"floor":24,"key":"Bronze Scales"},{"floor":26,"key":"reliquary:SharkskinSheath"},{"floor":27,"key":"Smiling Mask"},{"floor":29,"key":"reliquary:Buckler"},{"floor":38,"key":"Bird Faced Urn"},{"floor":40,"key":"Bag of Preparation"}],"event_choices":[{"damage_healed":0,"gold_gain":175,"player_choice":"AGREE","damage_taken":0,"max_hp_gain":0,"max_hp_loss":0,"event_name":"Liars Game","floor":5,"gold_loss":0,"cards_obtained":["Doubt"]},{"damage_healed":0,"gold_gain":0,"player_choice":"Box","damage_taken":0,"relics_obtained":["reliquary:PorcupineQuills"],"max_hp_gain":0,"max_hp_loss":0,"event_name":"Big Fish","floor":10,"gold_loss":0,"cards_obtained":["Regret"]},{"damage_healed":0,"gold_gain":30,"player_choice":"Searched \u00273\u0027 times","damage_taken":0,"relics_obtained":["reliquary:PrincelyHelmet"],"max_hp_gain":0,"max_hp_loss":0,"event_name":"Dead Adventurer","floor":12,"gold_loss":0},{"damage_healed":0,"gold_gain":0,"player_choice":"Fought Mushrooms","damage_taken":0,"max_hp_gain":0,"max_hp_loss":0,"event_name":"Mushrooms","floor":14,"gold_loss":0},{"damage_healed":0,"gold_gain":0,"player_choice":"Trade","damage_taken":0,"relics_obtained":["FaceOfCleric"],"max_hp_gain":0,"max_hp_loss":0,"event_name":"FaceTrader","floor":19,"gold_loss":0},{"damage_healed":0,"gold_gain":0,"player_choice":"Ignored","damage_taken":0,"max_hp_gain":0,"max_hp_loss":0,"event_name":"Vampires","floor":30,"gold_loss":0},{"damage_healed":0,"gold_gain":0,"player_choice":"Fight","damage_taken":0,"max_hp_gain":0,"max_hp_loss":0,"event_name":"MindBloom","floor":38,"gold_loss":0}],"is_beta":false,"boss_relics":[{"not_picked":["Runic Dome","Sozu"],"picked":"Tiny House"},{"not_picked":["reliquary:KinkedSpring","Velvet Choker"],"picked":"Cursed Key"}],"items_purged_floors":[],"is_endless":false,"potions_floor_spawned":[1,2,8,12,18,28,33,35,38],"killed_by":"Giant Head","ascension_level":0}}