{"host":"syozzdlzcqop4jia","time":1611703319,"event":{"mods":["BaseMod","Colored Map","Colored Powertips","Minty Spire (QoL Compilation)","Quick Restart"],"gold_per_floor":[115,129,144,164,264,283,318,60,87,97,109,140,87,98,98,201,201,218,218,232,250,267,267,292,292,292,312,312,312,312],"floor_reached":29,"language":"ENG","playtime":1864,"items_purged":["Defend_R"],"score":287,"play_id":"8f685165-a096-4e26-b6d1-38a730b2f8ae","local_time":"20210127002159","is_ascension_mode":true,"campfire_choices":[{"floor":15,"key":"REST"},{"floor":23,"key":"REST"},{"data":"Ghostly Armor","floor":25,"key":"SMITH"},{"data":"Intimidate","floor":28,"key":"SMITH"}],"circlet_count":0,"master_deck":["Strike_R","Strike_R","Strike_R","Defend_R","Defend_R","Bash","Pommel Strike","Rampage","Anger","Iron Wave","Carnage","Clothesline","Inflame","Ghostly Armor+1","Flame Barrier","Anger","Immolate","Shrug It Off","Clothesline","Reaper","Feel No Pain+1","Perfected Strike+1","Flame Barrier","Rage+1","Flame Barrier","Ghostly Armor","Anger","Intimidate+1"],"relics":["Burning Blood","Bronze Scales","Pantograph","Boot","Akabeko","Orichalcum","Astrolabe","Bottled Lightning","Vajra"],"acts_visited":["Exordium","TheCity"],"potions_floor_usage":[4,4,22,24,27],"damage_taken":[{"damage":6,"enemies":"Jaw Worm","floor":1,"turns":4},{"damage":1,"enemies":"Cultist","floor":2,"turns":3},{"damage":7,"enemies":"2 Louse","floor":3,"turns":3},{"damage":7,"enemies":"Lots of Slimes","floor":4,"turns":3},{"damage":6,"enemies":"2 Fungi Beasts","floor":6,"turns":3},{"damage":17,"enemies":"3 Sentries","floor":7,"turns":7},{"damage":26,"enemies":"Exordium Thugs","floor":10,"turns":5},{"damage":10,"enemies":"Lots of Slimes","floor":11,"turns":3},{"damage":4,"enemies":"Gremlin Nob","floor":12,"turns":3},{"damage":3,"enemies":"2 Fungi Beasts","floor":14,"turns":3},{"damage":29,"enemies":"Hexaghost","floor":16,"turns":9},{"damage":0,"enemies":"3 Byrds","floor":18,"turns":3},{"damage":14,"enemies":"Shell Parasite","floor":20,"turns":5},{"damage":32,"enemies":"3 Cultists","floor":21,"turns":5},{"damage":27,"enemies":"Centurion and Healer","floor":22,"turns":6},{"damage":24,"enemies":"Slavers","floor":24,"turns":3},{"damage":28,"enemies":"Snecko","floor":27,"turns":6},{"damage":7,"enemies":"Sentry and Sphere","floor":29,"turns":3}],"seed_played":"5161808915331212637","potions_obtained":[{"floor":1,"key":"SteroidPotion"},{"floor":2,"key":"Block Potion"},{"floor":4,"key":"EssenceOfSteel"},{"floor":6,"key":"Strength Potion"},{"floor":11,"key":"Ancient Potion"},{"floor":20,"key":"Explosive Potion"},{"floor":24,"key":"FearPotion"},{"floor":27,"key":"BloodPotion"}],"is_trial":false,"path_per_floor":["M","M","M","M","?","M","E","$","T","M","M","E","?","M","R","B",null,"M","?","M","M","M","R","E","R","T","M","R","M"],"character_chosen":"IRONCLAD","items_purchased":["Inflame","Ghostly Armor","Flame Barrier"],"campfire_rested":2,"item_purchase_floors":[8,8,8],"current_hp_per_floor":[80,80,79,78,78,78,67,67,67,47,43,45,45,48,72,57,80,80,80,72,58,47,71,53,53,53,44,44,50,50],"gold":312,"neow_bonus":"RANDOM_COMMON_RELIC","is_daily":false,"chose_seed":false,"campfire_upgraded":2,"win_rate":0.0,"timestamp":1611703319,"path_taken":["M","M","M","M","?","?","E","$","T","M","M","E","?","?","R","BOSS","M","?","?","M","M","R","E","R","T","?","R","M"],"items_purchased_type":["Card","Card","Card"],"build_version":"2020-12-22","purchased_purges":1,"victory":false,"max_hp_per_floor":[80,80,80,80,80,80,80,80,80,80,80,80,80,80,80,80,80,80,80,80,80,80,80,80,80,80,80,80,80,80],"card_choices":[{"not_picked":["Pummel","Twin Strike"],"picked":"Pommel Strike","floor":1},{"not_picked":["Sentinel","Blood for Blood"],"picked":"Rampage","floor":2},{"not_picked":["True Grit","Clash"],"picked":"Anger","floor":3},{"not_picked":["Power Through","Blood for Blood"],"picked":"Iron Wave","floor":4},{"not_picked":["Flex","Feel No Pain"],"picked":"Carnage","floor":6},{"not_picked":["Entrench","Perfected Strike"],"picked":"Clothesline","floor":7},{"not_picked":["Heavy Blade","Havoc"],"picked":"Anger","floor":10},{"not_picked":["Feel No Pain","Iron Wave"],"picked":"Immolate","floor":11},{"not_picked":["True Grit","Disarm"],"picked":"Shrug It Off","floor":12},{"not_picked":["Whirlwind","Evolve"],"picked":"Clothesline","floor":14},{"not_picked":["Corruption","Barricade"],"picked":"Reaper","floor":16},{"not_picked":["Warcry","Clothesline"],"picked":"Flame Barrier","floor":18},{"not_picked":["Infernal Blade","Clothesline+1"],"picked":"Rage+1","floor":20},{"not_picked":["Cleave","Burning Pact+1"],"picked":"Flame Barrier","floor":21},{"not_picked":["Spot Weakness","Sword Boomerang"],"picked":"Ghostly Armor","floor":22},{"not_picked":["True Grit+1","Clothesline"],"picked":"Anger","floor":24},{"not_picked":["Whirlwind","Twin Strike"],"picked":"Intimidate","floor":27}],"player_experience":396200,"relics_obtained":[{"floor":7,"key":"Pantograph"},{"floor":9,"key":"Boot"},{"floor":12,"key":"Akabeko"},{"floor":24,"key":"Bottled Lightning"},{"floor":26,"key":"Vajra"}],"event_choices":[{"damage_healed":0,"gold_gain":100,"player_choice":"Pray","damage_taken":0,"max_hp_gain":0,"max_hp_loss":0,"event_name":"Golden Shrine","floor":5,"gold_loss":0},{"damage_healed":0,"gold_gain":0,"player_choice":"Paid Gold","damage_taken":0,"relics_obtained":["Orichalcum"],"max_hp_gain":0,"max_hp_loss":0,"event_name":"WeMeetAgain","floor":13,"gold_loss":53},{"cards_removed":["Corruption"],"damage_healed":0,"gold_gain":0,"player_choice":"Purged","damage_taken":0,"max_hp_gain":0,"max_hp_loss":0,"event_name":"Purifier","floor":19,"gold_loss":0}],"is_beta":false,"boss_relics":[{"not_picked":["Calling Bell","Busted Crown"],"picked":"Astrolabe"}],"items_purged_floors":[8],"is_endless":false,"potions_floor_spawned":[1,2,4,6,11,14,18,20,24,27],"killed_by":"Sentry and Sphere","ascension_level":2}}