{"host":"684z1xpuwaoqmmh1","time":1611662129,"event":{"mods":["BaseMod","Downfall","Hermit","Jorbs\u0027s Wanderer Trilogy","Marisa????????","Minty Spire (QoL Compilation)","Robot Space Explorer","Shade Mod","StSLib","The Bug Knight","The Cursed","The Dragon Tamer","The Hayseed","The Hierophant","The Marked","The Mystic","The Runesmith","The Senshi"],"gold_per_floor":[111,111,131,149,166,191,191,217,297,313,343,354,370,384,384,481,481,495,420,519,182,282,313,313,323,350,377,387,387,387,421,421,519,519,534,545,369,417,417,450,450,477,489,527,539,568,580,892,904,916,928,940,481,507,507,507],"floor_reached":55,"language":"ENG","playtime":2566,"items_purged":["theMarked:Strike","Shame","downfall:Haunted"],"score":1230,"play_id":"67793cfc-94dd-4c14-85f3-1c826448e914","local_time":"20210126135529","is_ascension_mode":true,"campfire_choices":[{"floor":7.0,"key":"REST"},{"data":"theMarked:ThrowWeapon","floor":15.0,"key":"SMITH"},{"floor":24,"key":"REST"},{"data":"theMarked:TakeOffHeels","floor":30,"key":"SMITH"},{"floor":32,"key":"REST"},{"floor":41,"key":"RECALL"},{"data":"theMarked:TakeOffHeels","floor":45,"key":"SMITH"},{"data":"theMarked:StartUp","floor":47,"key":"SMITH"},{"data":"theMarked:Standoff","floor":49,"key":"SMITH"},{"data":"theMarked:Challenge","floor":52,"key":"SMITH"}],"circlet_count":0,"master_deck":["theMarked:Strike+1","theMarked:Strike+1","theMarked:Strike+1","theMarked:Defend+1","theMarked:Defend+1","theMarked:Defend+1","theMarked:Defend+1","theMarked:SoldierOfQuellstein+1","theMarked:BanishingWave+1","theMarked:Overcharge","theMarked:ContemptForTheProud","theMarked:WardOff","theMarked:ThrowWeapon+1","theMarked:Heritage","theMarked:Standoff+1","theMarked:MuscleMemory","theMarked:Determination","theMarked:BanishingStrike","theMarked:TwofoldDefense","theMarked:BindingBlade","theMarked:SelfDefenseTraining+1","theMarked:Challenge+1","theMarked:StartUp+1","theMarked:TakeCover+1","theMarked:TakeOffHeels+1","theMarked:ComboAttacks+1","theMarked:TakeOffHeels+1","theMarked:Levitate","theMarked:RepellingDischarge+1","theMarked:Indomitable+1","theMarked:DispelDoubt","theMarked:Memento","theMarked:TakeOffHeels+1","theMarked:RogueSparks+1","theMarked:RogueSparks+1"],"relics":["theMarked:ArtifactOfAir","Dream Catcher","Ice Cream","Bronze Scales","Cursed Key","Membership Card","Happy Flower","Nunchaku","Orichalcum","PreservedInsect","Ancient Tea Set","Philosopher\u0027s Stone","Singing Bowl","CatCart","Akabeko","MawBank","HollowMod:StagPassRelic","Letter Opener","Lee\u0027s Waffle","Du-Vu Doll","Blood Vial","Toy Ornithopter"],"acts_visited":["Exordium","TheCity","TheBeyond","TheEnding"],"potions_floor_usage":[23,33,38,38,40,54,55],"damage_taken":[{"damage":0.0,"enemies":"Cultist","floor":1.0,"turns":3.0},{"damage":2.0,"enemies":"Jaw Worm","floor":3.0,"turns":3.0},{"damage":0.0,"enemies":"2 Louse","floor":4.0,"turns":2.0},{"damage":1.0,"enemies":"Looter","floor":5.0,"turns":3.0},{"damage":0.0,"enemies":"HollowMod:MossKnight","floor":6.0,"turns":4.0},{"damage":27.0,"enemies":"Gremlin Nob","floor":8.0,"turns":4.0},{"damage":0.0,"enemies":"Exordium Wildlife","floor":10.0,"turns":3.0},{"damage":5.0,"enemies":"3 Sentries","floor":11.0,"turns":6.0},{"damage":1.0,"enemies":"Looter","floor":12.0,"turns":2.0},{"damage":1.0,"enemies":"3 Louse","floor":13.0,"turns":3.0},{"damage":0.0,"enemies":"Red Slaver","floor":14.0,"turns":3.0},{"damage":0.0,"enemies":"Slime Boss","floor":16.0,"turns":3.0},{"damage":18.0,"enemies":"2 Thieves","floor":18.0,"turns":3.0},{"damage":6,"enemies":"Slavers","floor":23,"turns":6},{"damage":0,"enemies":"Chosen","floor":25,"turns":3},{"damage":11,"enemies":"HollowMod:Nosk","floor":27,"turns":5},{"damage":0,"enemies":"Snecko","floor":28,"turns":4},{"damage":23,"enemies":"Slavers","floor":31,"turns":3},{"damage":28,"enemies":"Champ","floor":33,"turns":7},{"damage":6,"enemies":"Orb Walker","floor":35,"turns":3},{"damage":15,"enemies":"3 Darklings","floor":36,"turns":5},{"damage":4,"enemies":"Orin","floor":38,"turns":6},{"damage":1,"enemies":"Giant Head","floor":40,"turns":5},{"damage":0,"enemies":"Reptomancer","floor":42,"turns":2},{"damage":0,"enemies":"Nemesis","floor":44,"turns":5},{"damage":4,"enemies":"Maw","floor":46,"turns":5},{"damage":20,"enemies":"Time Eater","floor":50,"turns":8},{"damage":49,"enemies":"Shield and Spear","floor":54,"turns":4},{"damage":118,"enemies":"The Heart","floor":55,"turns":6}],"seed_played":"-8216930751467685296","potions_obtained":[{"floor":3.0,"key":"FearPotion"},{"floor":5.0,"key":"theMarked:SummonPotion"},{"floor":10.0,"key":"Energy Potion"},{"floor":13.0,"key":"Explosive Potion"},{"floor":14.0,"key":"theMarked:ChargePotion"},{"floor":18.0,"key":"Guardian:BlockOnCardUsePotion"},{"floor":27,"key":"champ:CounterPotion"},{"floor":33,"key":"Weak Potion"},{"floor":36,"key":"FearPotion"},{"floor":38,"key":"Swift Potion"},{"floor":42,"key":"ColorlessPotion"},{"floor":46,"key":"hexamod:SoulburnPotion"},{"floor":54,"key":"Weak Potion"}],"is_trial":false,"path_per_floor":["M","?","M","M","M","E","R","E","T","M","E","M","M","M","R","B",null,"M","?","?","$","?","E","R","M","T","E","M","?","R","E","R","B",null,"M","M","$","?","?","E","R","E","T","E","R","M","R","?","R","B",null,"R","$","E","B"],"character_chosen":"THE_DEFAULT","items_purchased":["Membership Card","Happy Flower","theMarked:Challenge","Singing Bowl","Lee\u0027s Waffle","theMarked:TakeOffHeels","Du-Vu Doll","Blood Vial","theMarked:RogueSparks"],"campfire_rested":3,"item_purchase_floors":[21,21,21,37,53,53,53,53,53],"current_hp_per_floor":[63,49,47,47,46,46,67,40,40,40,35,34,33,33,33,33,61,43,43,43,43,43,37,58,58,58,47,47,47,47,24,45,17,57,51,36,36,34,63,62,62,62,62,64,64,62,62,62,62,42,61,61,74,25,0,0],"gold":507,"neow_bonus":"UPGRADE_CARD","is_daily":false,"chose_seed":false,"campfire_upgraded":6,"win_rate":0.0,"timestamp":1611662129,"path_taken":["M","?","M","M","M","E","R","E","T","M","E","M","M","M","R","BOSS","M","?","?","$","?","E","R","?","T","E","M","?","R","E","R","BOSS","M","M","$","?","?","E","R","E","T","E","R","M","R","?","R","BOSS","R","$","E","BOSS"],"items_purchased_type":["Relic","Relic","Card","Relic","Relic","Card","Relic","Relic","Card"],"build_version":"2020-12-22","purchased_purges":3,"victory":false,"max_hp_per_floor":[70,70,70,70,70,70,70,70,70,70,70,70,70,70,70,70,70,70,70,70,70,70,70,70,70,70,70,70,70,70,70,70,70,70,70,70,70,72,63,63,63,63,63,65,65,67,67,67,67,67,67,67,74,74,74,74],"card_choices":[{"not_picked":["theMarked:TwofoldDefense","theMarked:ChainLightning"],"picked":"theMarked:BanishingWave","floor":1.0},{"not_picked":["theMarked:TheMission","theMarked:Frustration"],"picked":"theMarked:Overcharge","floor":3.0},{"not_picked":["theMarked:Aftermath","theMarked:Improvise"],"picked":"theMarked:ContemptForTheProud","floor":4.0},{"not_picked":["theMarked:Memento","theMarked:BanishingStrike"],"picked":"theMarked:WardOff","floor":5.0},{"not_picked":["theMarked:TwofoldDefense","theMarked:Improvise"],"picked":"theMarked:ThrowWeapon","floor":6.0},{"not_picked":["theMarked:ComboAttacks","theMarked:SelfDefenseTraining"],"picked":"theMarked:Heritage","floor":7.0},{"not_picked":["theMarked:TwofoldDefense","theMarked:TakeCover"],"picked":"theMarked:Standoff","floor":8.0},{"not_picked":["theMarked:WardOff","theMarked:OneWithTheBlade"],"picked":"theMarked:MuscleMemory","floor":10.0},{"not_picked":["theMarked:Overcharge","theMarked:Improvise"],"picked":"theMarked:Determination","floor":11.0},{"not_picked":["theMarked:Determination","theMarked:ResourceFulStrike"],"picked":"theMarked:BanishingStrike","floor":12.0},{"not_picked":["theMarked:KeepCalmAndFight","theMarked:EnhanceMovement"],"picked":"theMarked:TwofoldDefense","floor":13.0},{"not_picked":["theMarked:Frustration","theMarked:TwofoldDefense","theMarked:Improvise"],"picked":"SKIP","floor":14.0},{"not_picked":["theMarked:EternalStudent","theMarked:Challenge"],"picked":"theMarked:BindingBlade","floor":16.0},{"not_picked":["theMarked:WardOff+1","theMarked:Frustration"],"picked":"theMarked:SelfDefenseTraining+1","floor":18.0},{"not_picked":["theMarked:RogueSparks","theMarked:Parkour"],"picked":"theMarked:StartUp","floor":23},{"not_picked":["theMarked:TunnelVision","theMarked:WastefulAttack"],"picked":"theMarked:TakeCover+1","floor":25},{"not_picked":["theMarked:Frustration","theMarked:Maelstrom"],"picked":"theMarked:TakeOffHeels","floor":27},{"not_picked":["theMarked:Parkour","theMarked:Frustration","theMarked:SwordAndMagic+1"],"picked":"SKIP","floor":28},{"not_picked":["theMarked:Aftermath+1","theMarked:Frustration+1"],"picked":"theMarked:ComboAttacks+1","floor":31},{"not_picked":["theMarked:SwordAndMagic+1","theMarked:Seal"],"picked":"theMarked:TakeOffHeels","floor":32},{"not_picked":["theMarked:Snap","theMarked:Challenge"],"picked":"theMarked:Levitate","floor":33},{"not_picked":["theMarked:TakeCover","theMarked:Polarize"],"picked":"theMarked:RepellingDischarge+1","floor":35},{"not_picked":["theMarked:SwordAndMagic","theMarked:ContemptForTheProud"],"picked":"theMarked:Indomitable+1","floor":36},{"not_picked":["theMarked:Aftermath","theMarked:Parkour","theMarked:EmpowerWeapon+1"],"picked":"Singing Bowl","floor":38},{"not_picked":["theMarked:WastefulAttack","theMarked:WardOff+1"],"picked":"theMarked:DispelDoubt","floor":40},{"not_picked":["theMarked:TakeCover","theMarked:BanishingStrike+1"],"picked":"theMarked:Memento","floor":42},{"not_picked":["theMarked:Memento","theMarked:Static+1","theMarked:ElectricStrings"],"picked":"Singing Bowl","floor":44},{"not_picked":["theMarked:LightningStrikesTwice+1","theMarked:WardOff","theMarked:GodGivenPower"],"picked":"Singing Bowl","floor":46},{"not_picked":["theMarked:TakeCover","theMarked:PowerFlow+1"],"picked":"theMarked:RogueSparks+1","floor":54}],"player_experience":2951715,"relics_obtained":[{"floor":6.0,"key":"Dream Catcher"},{"floor":8.0,"key":"Ice Cream"},{"floor":11.0,"key":"Bronze Scales"},{"floor":23,"key":"Nunchaku"},{"floor":26,"key":"Orichalcum"},{"floor":27,"key":"PreservedInsect"},{"floor":31,"key":"Ancient Tea Set"},{"floor":38,"key":"CatCart"},{"floor":40,"key":"Akabeko"},{"floor":42,"key":"MawBank"},{"floor":43,"key":"HollowMod:StagPassRelic"},{"floor":44,"key":"Letter Opener"},{"floor":54,"key":"Toy Ornithopter"}],"event_choices":[{"damage_healed":0.0,"max_hp_gain":0.0,"max_hp_loss":0.0,"gold_gain":0.0,"event_name":"Shining Light","player_choice":"Entered Light","floor":2.0,"gold_loss":0.0,"damage_taken":14.0,"cards_upgraded":["theMarked:Strike","theMarked:BanishingWave"]},{"cards_removed":["theMarked:Strike"],"damage_healed":0.0,"max_hp_gain":0.0,"max_hp_loss":0.0,"gold_gain":0.0,"event_name":"Beggar","player_choice":"Gave Gold","floor":19.0,"gold_loss":75.0,"damage_taken":0.0},{"damage_healed":0.0,"max_hp_gain":0.0,"max_hp_loss":0.0,"gold_gain":99.0,"event_name":"Nest","player_choice":"Stole From Cult","floor":20.0,"gold_loss":0.0,"damage_taken":0.0},{"damage_healed":0.0,"max_hp_gain":0.0,"max_hp_loss":0.0,"gold_gain":100.0,"event_name":"Golden Shrine","player_choice":"Pray","floor":22.0,"gold_loss":0.0,"damage_taken":0.0},{"damage_healed":0,"gold_gain":0,"player_choice":"Simplicity","damage_taken":0,"max_hp_gain":0,"max_hp_loss":0,"event_name":"Back to Basics","floor":29,"gold_loss":0,"cards_upgraded":["theMarked:Strike","theMarked:Strike","theMarked:Defend","theMarked:Defend","theMarked:Defend","theMarked:Defend"]},{"damage_healed":0,"gold_gain":0,"player_choice":"Fight","damage_taken":0,"max_hp_gain":0,"max_hp_loss":0,"event_name":"OrinTheCat","floor":38,"gold_loss":0},{"damage_healed":63,"gold_gain":0,"player_choice":"Heal","damage_taken":0,"max_hp_gain":0,"max_hp_loss":9,"event_name":"The Moai Head","floor":39,"gold_loss":0},{"damage_healed":0,"gold_gain":300,"player_choice":"Gold","damage_taken":0,"max_hp_gain":0,"max_hp_loss":0,"event_name":"Wheel of Change","floor":48,"gold_loss":0}],"is_beta":false,"boss_relics":[{"not_picked":["SacredBark","Pandora\u0027s Box"],"picked":"Cursed Key"},{"not_picked":["Astrolabe","Empty Cage"],"picked":"Philosopher\u0027s Stone"}],"items_purged_floors":[21,37,53],"is_endless":false,"potions_floor_spawned":[3,5,10,13,14,18,27,33,36,38,42,46,54],"killed_by":"The Heart","ascension_level":6}}