{"host":"8efry9zhj4tjp5kw","time":1611686420,"event":{"mods":["Act Like it!","Aspiration","Bard","BaseMod","Beaked The Cultist","Colored Map","Colored Powertips","Conspire","Downfall","Glutton Mod","Halation","Hallownest","Hermit","Highlight Path","Hubris","Infinite Spire","Jedi Mod","Jorbs\u0027s Wanderer Trilogy","Koishi","Mad Scientist","Marisa????????","Mimic Mod","Minty Spire (QoL Compilation)","Reworked Bosses","Shop Mod","StSLib","The Administrix","The Construct","The Disciple","The Jungle","The Mystic","The Necromancer","The Servant 0.9.4","Unceasing Turn Reminder"],"gold_per_floor":[99,119,130,140,50,50,50,77,87,119,119,119,135,151,170,270,270,270,290,305,305,305,305],"floor_reached":21,"language":"ENG","playtime":1804,"items_purged":["bronze:Strike"],"score":241,"play_id":"60bed4c9-8fbd-4cb0-b315-0b617bc488ee","local_time":"20210126194020","is_ascension_mode":true,"campfire_choices":[{"data":"bronze:Goto","floor":1.0,"key":"SMITH"},{"data":"bronze:Repair","floor":12.0,"key":"SMITH"},{"data":"bronze:Philosophize","floor":18,"key":"SMITH"}],"circlet_count":0,"master_deck":["bronze:Strike","bronze:Strike","bronze:Defend","bronze:Defend","bronze:Defend","bronze:Defend","bronze:Replicate","bronze:Goto+1","bronze:MaxOutput","bronze:Repair+1","bronze:OilSpill","bronze:BronzeOrb","bronze:Spike","bronze:BugBarrage","bronze:Separator","bronze:OilSpill","bronze:Branch","bronze:ItsAFeature","bronze:Philosophize+1","bronze:Verify","bronze:FineTuning"],"relics":["bronze:BronzeCore","conspire:DecoderRing","Omamori","Torii","construct:ClawGrip"],"acts_visited":["Exordium","TheCity"],"potions_floor_usage":[],"damage_taken":[{"damage":1.0,"enemies":"2 Louse","floor":2.0,"turns":3.0},{"damage":2.0,"enemies":"Jaw Worm","floor":3.0,"turns":3.0},{"damage":1.0,"enemies":"Cultist","floor":4.0,"turns":4.0},{"damage":0.0,"enemies":"downfall:FleeingMerchant","floor":5.0,"turns":4.0},{"damage":4.0,"enemies":"downfall:FleeingMerchant","floor":6.0,"turns":5.0},{"damage":37.0,"enemies":"3 Sentries","floor":8.0,"turns":9.0},{"damage":6.0,"enemies":"Lots of Slimes","floor":9.0,"turns":3.0},{"damage":2.0,"enemies":"Gremlin Nob","floor":10.0,"turns":3.0},{"damage":0.0,"enemies":"Blue Slaver","floor":13.0,"turns":3.0},{"damage":0.0,"enemies":"Large Slime","floor":14.0,"turns":2.0},{"damage":0.0,"enemies":"3 Louse","floor":15.0,"turns":2.0},{"damage":45.0,"enemies":"DF_ARCHETYPE_STREAMLINE","floor":16.0,"turns":9.0},{"damage":40,"enemies":"conspire:FuzzyDice","floor":19,"turns":6},{"damage":24,"enemies":"Shell Parasite","floor":20,"turns":4},{"damage":26,"enemies":"3 Cultists","floor":21,"turns":3}],"seed_played":"-7517370698741442190","potions_obtained":[{"floor":2.0,"key":"jedi:wingpotion"},{"floor":6.0,"key":"SkillPotion"},{"floor":8.0,"key":"SkillPotion"},{"floor":10.0,"key":"ColorlessPotion"},{"floor":15.0,"key":"infinitespire:BlackPotion"},{"floor":20,"key":"Fire Potion"}],"is_trial":false,"path_per_floor":["R","M","M","M","$","?","T","E","M","E","?","R","M","M","M","B",null,"R","M","M","M"],"character_chosen":"THE_AUTOMATON","items_purchased":[],"campfire_rested":0,"item_purchase_floors":[],"current_hp_per_floor":[70,69,67,69,69,66,66,33,27,32,39,39,49,49,49,14,56,56,26,12,0,0,0],"gold":305,"neow_bonus":"REMOVE_CARD","is_daily":false,"chose_seed":false,"campfire_upgraded":3,"win_rate":0.0,"timestamp":1611686420,"path_taken":["R","M","M","M","$","?","T","E","M","E","?","R","M","?","M","BOSS","R","M","?","M"],"items_purchased_type":[],"build_version":"2020-12-22","purchased_purges":1,"victory":false,"max_hp_per_floor":[70,70,70,70,70,70,70,70,70,70,70,70,70,70,70,70,70,70,70,70,70,70,70],"card_choices":[{"not_picked":["bronze:BugBarrage","bronze:DelayedGuard"],"picked":"bronze:MaxOutput","floor":2.0},{"not_picked":["bronze:Frontload","bronze:Shield"],"picked":"bronze:Repair","floor":3.0},{"not_picked":["bronze:BronzeOrb","bronze:CloningBeam"],"picked":"bronze:OilSpill","floor":4.0},{"not_picked":["bronze:Flail","bronze:FineTuning"],"picked":"bronze:BronzeOrb","floor":5.0},{"not_picked":[],"picked":"bronze:Spike","floor":6.0},{"not_picked":["bronze:WhirlingStrike","bronze:DelayedGuard"],"picked":"bronze:BugBarrage","floor":6.0},{"not_picked":["bronze:DarkDash","bronze:Repair"],"picked":"bronze:Separator","floor":8.0},{"not_picked":["bronze:DarkDash","bronze:BitShift"],"picked":"bronze:OilSpill","floor":9.0},{"not_picked":["bronze:WildBeam","bronze:Backtrace"],"picked":"bronze:Branch","floor":10.0},{"not_picked":["bronze:Overheat","bronze:BronzeOrb"],"picked":"bronze:ItsAFeature","floor":13.0},{"not_picked":["bronze:Branch","bronze:BugBarrage"],"picked":"bronze:Philosophize","floor":14.0},{"not_picked":["bronze:Deprecate","bronze:Constructor","bronze:ItsAFeature"],"picked":"SKIP","floor":15.0},{"not_picked":["bronze:AlphaBuild","bronze:ThunderWave"],"picked":"bronze:Verify","floor":16.0},{"not_picked":["bronze:OilSpill","bronze:WildBeam","bronze:CutThrough+1"],"picked":"SKIP","floor":19},{"not_picked":["bronze:OilSpill+1","bronze:Deprecate"],"picked":"bronze:FineTuning","floor":20}],"player_experience":1119435,"relics_obtained":[{"floor":7.0,"key":"conspire:DecoderRing"},{"floor":8.0,"key":"Omamori"},{"floor":10.0,"key":"Torii"}],"event_choices":[],"is_beta":false,"boss_relics":[{"not_picked":["aspiration:RunicSpoon","SacredBark"],"picked":"construct:ClawGrip"}],"items_purged_floors":[5],"is_endless":false,"potions_floor_spawned":[2,6,8,10,15,20],"killed_by":"3 Cultists","ascension_level":5}}