{"host":"0hb9w7uizu7y13wj","time":1611691924,"event":{"mods":["Act Like it!","Aspiration","BaseMod","BetterRewards","Colored Map","Conspire","Downfall","Energized Spire","FTL Soundtrack","Friendly Minions","Halation","Hubris","Infinite Spire","Minty Spire (QoL Compilation)","Quick Restart","Replay The Spire","StSLib","Synergy Search","The Hierophant","The Jungle","The Poker Player","Trackpad","everything is the same but u backflip on backflip"],"gold_per_floor":[110,9,9,29,66,109,109,122,147,147,147],"floor_reached":10,"language":"ENG","playtime":189,"items_purged":[],"score":132,"play_id":"f3cea961-09dd-4dcf-abc2-5b0355b8f02f","local_time":"20210126201204","is_ascension_mode":true,"campfire_choices":[{"data":"Bash","floor":7,"key":"SMITH"}],"circlet_count":0,"master_deck":["AscendersBane","Strike_R","Strike_R","Strike_R","Strike_R","Strike_R","Defend_R","Defend_R","Defend_R","Defend_R","Bash+1","ReplayTheSpireMod:Private Reserves","hubris:StunningStrike","ReplayTheSpireMod:Limb From Limb"],"relics":["Burning Blood","NeowsBlessing","CeramicFish","hubris:FunFungus","aspiration:HiddenCompartment","trackpad:Mousetrap"],"acts_visited":["Exordium"],"potions_floor_usage":[10],"damage_taken":[{"damage":0,"enemies":"2 Louse","floor":1,"turns":1},{"damage":0,"enemies":"Cultist","floor":4,"turns":1},{"damage":0,"enemies":"conspire:MimicChest","floor":5,"turns":1},{"damage":64,"enemies":"Lagavulin","floor":6,"turns":9},{"damage":7,"enemies":"Jaw Worm","floor":8,"turns":3},{"damage":13,"enemies":"3 Sentries","floor":10,"turns":4}],"seed_played":"-6227487508870620027","potions_obtained":[{"floor":8,"key":"Dexterity Potion"}],"is_trial":false,"path_per_floor":["M","$","?","M","?","E","R","M","T","E"],"character_chosen":"IRONCLAD","items_purchased":["ReplayTheSpireMod:Private Reserves"],"campfire_rested":0,"item_purchase_floors":[2],"current_hp_per_floor":[74,74,74,75,75,17,17,16,16,3,3],"gold":147,"neow_bonus":"THREE_ENEMY_KILL","is_daily":false,"chose_seed":false,"campfire_upgraded":1,"win_rate":0.0,"timestamp":1611691924,"path_taken":["M","$","?","?","?","E","R","?","T","E"],"items_purchased_type":["Card"],"build_version":"2020-12-22","purchased_purges":0,"victory":false,"max_hp_per_floor":[75,75,75,75,75,75,75,75,75,75,75],"card_choices":[{"not_picked":["Shockwave","Battle Trance"],"picked":"Ghostly Armor","floor":1},{"not_picked":["Clash","Armaments","Body Slam"],"picked":"SKIP","floor":4},{"not_picked":["Havoc","ReplayTheSpireMod:Stacked"],"picked":"hubris:StunningStrike","floor":5},{"not_picked":["hubris:ReadiedAction","Flex"],"picked":"ReplayTheSpireMod:Limb From Limb","floor":6},{"not_picked":["Iron Wave","Armaments","Sword Boomerang"],"picked":"SKIP","floor":8}],"player_experience":946130,"relics_obtained":[{"floor":5,"key":"hubris:FunFungus"},{"floor":6,"key":"aspiration:HiddenCompartment"},{"floor":9,"key":"trackpad:Mousetrap"}],"event_choices":[{"cards_removed":["Ghostly Armor"],"damage_healed":0,"gold_gain":0,"player_choice":"Gave Card","damage_taken":0,"relics_obtained":["CeramicFish"],"max_hp_gain":0,"max_hp_loss":0,"event_name":"WeMeetAgain","floor":3,"gold_loss":0}],"is_beta":false,"boss_relics":[],"items_purged_floors":[],"is_endless":false,"potions_floor_spawned":[8],"killed_by":"3 Sentries","ascension_level":20}}