{"host":"gsgpu9obojnqwpp0","time":1611628328,"event":{"mods":["2.2 Compatiblity","AchievementEnabler","Alarm Clock","BaseMod","Bestiary","Block Reminder","Dark Map","DeckTracker","Highlight Path","Minty Spire (QoL Compilation)","Permanent Neow","Quick Restart","Relic Stats","Slay-I","SuperFastMode","Uncapped","Unknown Chances","slay the spire mod where everything is the same but ironclad has a cowboy hat"],"gold_per_floor":[114,129,144,144,159,189,189,219,219,219,20,35,35,50,50,150,150,165,165,180,195,7,7,7,37,37,37,37,52,82,97,97,197,197,212,212,227,242,12,42,30,30,30,45,45,60,60,90,90,90,90],"floor_reached":50,"language":"ENG","playtime":1623,"items_purged":["Bludgeon"],"score":679,"play_id":"aef9f05d-05bf-4608-ba3d-722e5a99b780","local_time":"20210125213208","daily_mods":["SealedDeck","Flight","Night Terrors"],"is_ascension_mode":false,"campfire_choices":[{"data":"Fire Breathing","floor":7,"key":"SMITH"},{"data":"Wild Strike","floor":10,"key":"SMITH"},{"data":"Iron Wave","floor":15,"key":"SMITH"},{"floor":23,"key":"REST"},{"floor":32,"key":"REST"},{"floor":49,"key":"REST"}],"circlet_count":0,"master_deck":["Intimidate","Iron Wave+1","Entrench","Body Slam+1","Armaments","Armaments","Wild Strike+1","Wild Strike+1","Whirlwind+1","Fire Breathing+1","Flame Barrier","Warcry","Power Through","Shrug It Off","Barricade","Body Slam+1","Fire Breathing+1","Reckless Charge+1","Juggernaut","Inflame+1","Immolate","Fire Breathing+1","Intimidate","Armaments","Impatience","Shrug It Off+1","Immolate","Havoc+1"],"relics":["Burning Blood","Mango","Nunchaku","Ornamental Fan","Whetstone","Fusion Hammer","Membership Card","Pen Nib","Regal Pillow","MutagenicStrength","Lantern","Philosopher\u0027s Stone","DollysMirror","Oddly Smooth Stone","Bottled Tornado","Letter Opener","Incense Burner"],"acts_visited":["Exordium","TheCity","TheBeyond"],"potions_floor_usage":[12,14,14,25,36,40,44,48],"damage_taken":[{"damage":13,"enemies":"Jaw Worm","floor":1,"turns":4},{"damage":0,"enemies":"Cultist","floor":2,"turns":3},{"damage":0,"enemies":"2 Louse","floor":3,"turns":3},{"damage":2,"enemies":"Blue Slaver","floor":5,"turns":4},{"damage":6,"enemies":"3 Sentries","floor":6,"turns":5},{"damage":21,"enemies":"Lagavulin","floor":8,"turns":7},{"damage":13,"enemies":"2 Fungi Beasts","floor":12,"turns":3},{"damage":0,"enemies":"3 Louse","floor":14,"turns":1},{"damage":0,"enemies":"Slime Boss","floor":16,"turns":6},{"damage":0,"enemies":"3 Byrds","floor":18,"turns":4},{"damage":8,"enemies":"Shell Parasite","floor":20,"turns":5},{"damage":17,"enemies":"Centurion and Healer","floor":21,"turns":6},{"damage":40,"enemies":"Slavers","floor":25,"turns":6},{"damage":3,"enemies":"Snake Plant","floor":29,"turns":3},{"damage":0,"enemies":"Gremlin Leader","floor":30,"turns":5},{"damage":0,"enemies":"3 Cultists","floor":31,"turns":3},{"damage":0,"enemies":"Automaton","floor":33,"turns":6},{"damage":0,"enemies":"3 Shapes","floor":35,"turns":1},{"damage":0,"enemies":"3 Darklings","floor":36,"turns":1},{"damage":0,"enemies":"Sphere and 2 Shapes","floor":37,"turns":2},{"damage":8,"enemies":"Spire Growth","floor":38,"turns":4},{"damage":17,"enemies":"Reptomancer","floor":40,"turns":6},{"damage":24,"enemies":"3 Darklings","floor":44,"turns":3},{"damage":4,"enemies":"Writhing Mass","floor":46,"turns":6},{"damage":22,"enemies":"Nemesis","floor":48,"turns":5},{"damage":83,"enemies":"Donu and Deca","floor":50,"turns":5}],"seed_played":"-4735054310349275430","potions_obtained":[{"floor":3,"key":"ColorlessPotion"},{"floor":6,"key":"SteroidPotion"},{"floor":12,"key":"EntropicBrew"},{"floor":18,"key":"LiquidMemories"},{"floor":25,"key":"SteroidPotion"},{"floor":31,"key":"ColorlessPotion"},{"floor":33,"key":"SmokeBomb"},{"floor":38,"key":"BlessingOfTheForge"},{"floor":44,"key":"Fruit Juice"}],"is_trial":false,"path_per_floor":["M","M","M","?","M","E","R","E","T","R","$","M","$","M","R","B",null,"M","?","M","M","$","R","$","E","T","?","?","M","E","M","R","B",null,"M","M","M","M","$","E","$","?","T","M","?","M","$","E","R","B"],"character_chosen":"IRONCLAD","items_purchased":["Whetstone","Shrug It Off","Membership Card","Immolate","DollysMirror","Oddly Smooth Stone","Armaments"],"campfire_rested":3,"item_purchase_floors":[11,11,22,39,39,39,41],"current_hp_per_floor":[73,79,80,80,80,94,94,79,79,79,79,72,72,78,78,84,94,94,94,92,81,81,89,89,55,55,55,55,58,64,70,84,84,84,84,84,84,82,82,71,71,71,71,58,58,60,60,44,80,0,0],"gold":90,"neow_bonus":"","is_daily":true,"chose_seed":false,"campfire_upgraded":3,"win_rate":0.0,"timestamp":1611628328,"path_taken":["M","M","M","?","M","E","R","E","T","R","$","M","$","?","R","BOSS","M","?","?","M","$","R","$","E","T","?","?","M","E","M","R","BOSS","M","M","M","M","$","E","$","?","T","M","?","M","$","E","R","BOSS"],"items_purchased_type":["Relic","Card","Relic","Card","Relic","Relic","Card"],"build_version":"2020-12-22","purchased_purges":1,"victory":false,"max_hp_per_floor":[80,80,80,80,80,94,94,94,94,94,94,94,94,94,94,94,94,94,94,94,94,94,89,89,89,89,89,89,89,89,89,84,84,84,84,84,84,84,84,84,84,84,84,89,85,85,85,85,80,80,80],"relic_stats":{"Nunchaku":[10],"Regal Pillow":0,"counters":[26,107],"Ornamental Fan":[44],"Pen Nib":[7],"Whetstone":["Body Slam","Wild Strike"],"Letter Opener":[29],"obtain_stats":[{"Regal Pillow":26,"Lantern":30,"Oddly Smooth Stone":39,"Mango":6,"Pen Nib":25,"Incense Burner":48,"Whetstone":11,"Letter Opener":43,"Bottled Tornado":40,"Burning Blood":0,"Nunchaku":8,"Ornamental Fan":9,"DollysMirror":39,"MutagenicStrength":27,"Philosopher\u0027s Stone":34,"Fusion Hammer":17,"Membership Card":22},{"Regal Pillow":13,"Lantern":15,"Oddly Smooth Stone":21,"Mango":5,"Pen Nib":13,"Incense Burner":25,"Whetstone":6,"Letter Opener":22,"Bottled Tornado":22,"Burning Blood":0,"Nunchaku":6,"Ornamental Fan":6,"DollysMirror":21,"MutagenicStrength":13,"Philosopher\u0027s Stone":17,"Fusion Hammer":9,"Membership Card":12},{"Regal Pillow":57,"Lantern":65,"Oddly Smooth Stone":82,"Mango":19,"Pen Nib":57,"Incense Burner":102,"Whetstone":26,"Letter Opener":88,"Bottled Tornado":88,"Burning Blood":0,"Nunchaku":26,"Ornamental Fan":26,"DollysMirror":82,"MutagenicStrength":57,"Philosopher\u0027s Stone":74,"Fusion Hammer":36,"Membership Card":51}],"Burning Blood":111},"card_choices":[{"not_picked":["Rupture","Cleave","Anger"],"picked":"SKIP","floor":1},{"not_picked":["Rampage","Bloodletting"],"picked":"Flame Barrier","floor":2},{"not_picked":["Havoc","Disarm"],"picked":"Warcry","floor":3},{"not_picked":["Rupture","Heavy Blade","Seeing Red"],"picked":"SKIP","floor":5},{"not_picked":["Thunderclap","Flame Barrier","Twin Strike"],"picked":"SKIP","floor":6},{"not_picked":["Perfected Strike","Bludgeon"],"picked":"Power Through","floor":8},{"not_picked":["Wild Strike","Perfected Strike","Clothesline"],"picked":"SKIP","floor":12},{"not_picked":["Dark Embrace","Perfected Strike","Wild Strike"],"picked":"SKIP","floor":14},{"not_picked":["Offering","Juggernaut"],"picked":"Barricade","floor":16},{"not_picked":["Flex+1","Thunderclap"],"picked":"Body Slam+1","floor":18},{"not_picked":["Heavy Blade","Shrug It Off"],"picked":"Fire Breathing+1","floor":20},{"not_picked":["Thunderclap","Armaments","Clash"],"picked":"SKIP","floor":21},{"not_picked":["Dual Wield","Brutality","Twin Strike"],"picked":"SKIP","floor":25},{"not_picked":["Cleave","Havoc","Thunderclap"],"picked":"SKIP","floor":29},{"not_picked":["Clash","Warcry","Dropkick+1"],"picked":"SKIP","floor":30},{"not_picked":["Pummel+1","Wild Strike+1"],"picked":"Reckless Charge+1","floor":31},{"not_picked":["Barricade","Bludgeon"],"picked":"Juggernaut","floor":33},{"not_picked":["True Grit","Perfected Strike","Thunderclap+1"],"picked":"SKIP","floor":35},{"not_picked":["Anger","Spot Weakness+1"],"picked":"Inflame+1","floor":37},{"not_picked":["Armaments","Hemokinesis","Iron Wave"],"picked":"SKIP","floor":38},{"not_picked":["Intimidate","Cleave","Rupture"],"picked":"SKIP","floor":40},{"not_picked":["Cleave","Rupture"],"picked":"Intimidate","floor":40},{"not_picked":["Panacea","Mind Blast"],"picked":"Impatience","floor":42},{"not_picked":["Thunderclap","Rupture+1"],"picked":"Shrug It Off+1","floor":44},{"not_picked":["Rampage+1","Hemokinesis"],"picked":"Immolate","floor":46},{"not_picked":["Thunderclap+1","Anger"],"picked":"Havoc+1","floor":48}],"player_experience":274331,"relics_obtained":[{"floor":6,"key":"Mango"},{"floor":8,"key":"Nunchaku"},{"floor":9,"key":"Ornamental Fan"},{"floor":25,"key":"Pen Nib"},{"floor":26,"key":"Regal Pillow"},{"floor":30,"key":"Lantern"},{"floor":40,"key":"Bottled Tornado"},{"floor":43,"key":"Letter Opener"},{"floor":48,"key":"Incense Burner"}],"event_choices":[{"damage_healed":0,"gold_gain":0,"player_choice":"Forge","damage_taken":0,"max_hp_gain":0,"max_hp_loss":0,"event_name":"Accursed Blacksmith","floor":4,"gold_loss":0,"cards_upgraded":["Whirlwind"]},{"damage_healed":0,"gold_gain":0,"player_choice":"1 cards matched","damage_taken":0,"max_hp_gain":0,"max_hp_loss":0,"event_name":"Match and Keep!","floor":19,"gold_loss":0,"cards_obtained":["Bludgeon"]},{"damage_healed":0,"gold_gain":0,"player_choice":"Inject Mutagens","damage_taken":0,"relics_obtained":["MutagenicStrength"],"max_hp_gain":0,"max_hp_loss":0,"event_name":"Drug Dealer","floor":27,"gold_loss":0},{"damage_healed":0,"gold_gain":0,"player_choice":"Ignored","damage_taken":0,"max_hp_gain":0,"max_hp_loss":0,"event_name":"Ghosts","floor":28,"gold_loss":0},{"damage_healed":0,"gold_gain":0,"player_choice":"Memory 1","damage_taken":0,"max_hp_gain":0,"max_hp_loss":0,"event_name":"SensoryStone","floor":42,"gold_loss":0},{"damage_healed":0,"gold_gain":0,"player_choice":"Max HP","damage_taken":0,"max_hp_gain":0,"max_hp_loss":4,"event_name":"Winding Halls","floor":45,"gold_loss":0}],"is_beta":false,"boss_relics":[{"not_picked":["SlaversCollar","Astrolabe"],"picked":"Fusion Hammer"},{"not_picked":["Black Blood","SacredBark"],"picked":"Philosopher\u0027s Stone"}],"items_purged_floors":[22],"is_endless":false,"potions_floor_spawned":[3,6,12,14,18,25,31,33,35,38,44],"killed_by":"Donu and Deca","ascension_level":0}}