{"host":"8a72fthmlk1o8pdb","time":1611697638,"event":{"mods":["AchievementEnabler","BaseMod","Colored Map","Colored Powertips","Downfall","Duelist Mod","GifTheSpireLib","Googly Eyes","Hermit","Jorbs\u0027s Wanderer Trilogy","Minty Spire (QoL Compilation)","Rare Cards Sparkle","StSLib","The Construct","The Cursed","The Disciple","The Hierophant","The Necromancer","The Poker Player"],"gold_per_floor":[138,138,138,154,177,211,211],"floor_reached":6,"language":"ENG","playtime":5372,"items_purged":[],"score":46,"play_id":"bb09d7a1-793b-4183-8e3b-8548cb9ee06f","local_time":"20210126134718","is_ascension_mode":false,"campfire_choices":[],"circlet_count":0,"master_deck":["theDuelist:BeaverWarrior","theDuelist:BeaverWarrior","theDuelist:CastleWalls","theDuelist:CastleWalls","theDuelist:FinalFlame","theDuelist:GiantSoldier","theDuelist:GiantSoldier","theDuelist:ScrapFactory","theDuelist:Sparks","theDuelist:Sparks","theDuelist:FuryFire","theDuelist:VampireCurse","theDuelist:BigFire","theDuelist:RainbowNeos"],"relics":["theDuelist:MillenniumPuzzle","theDuelist:CardPoolRelic","theDuelist:CardPoolBasicRelic","theDuelist:BoosterPackPoolRelic","theDuelist:CardPoolAddRelic","theDuelist:CardPoolMinusRelic","theDuelist:CardPoolSaveRelic","theDuelist:CardPoolOptionsRelic","NeowsBlessing","theDuelist:MillenniumNecklace","Golden Idol","theDuelist:DuelistUrn"],"acts_visited":["Exordium"],"potions_floor_usage":[6],"damage_taken":[{"damage":0,"enemies":"Small Slimes","floor":1,"turns":1},{"damage":0,"enemies":"Jaw Worm","floor":4,"turns":1},{"damage":0,"enemies":"2 Louse","floor":5,"turns":1},{"damage":14,"enemies":"Lagavulin","floor":6,"turns":8}],"seed_played":"-2438731084400324665","potions_obtained":[{"floor":4,"key":"AttackPotion"},{"floor":4,"key":"ColorlessPotion"},{"floor":5,"key":"FocusPotion"},{"floor":6,"key":"theDuelist:WhiteBottle"}],"is_trial":false,"path_per_floor":["M","?","?","M","M","E"],"character_chosen":"THE_DUELIST","items_purchased":[],"campfire_rested":0,"item_purchase_floors":[],"current_hp_per_floor":[80,80,74,74,74,60,60],"gold":211,"neow_bonus":"THREE_ENEMY_KILL","is_daily":false,"chose_seed":false,"campfire_upgraded":0,"win_rate":0.0,"timestamp":1611697638,"path_taken":["M","?","?","M","M","E"],"items_purchased_type":[],"build_version":"2020-12-22","purchased_purges":0,"victory":false,"max_hp_per_floor":[80,80,74,74,74,74,74],"card_choices":[{"not_picked":["theDuelist:FeatherPho","theDuelist:EarthEffigy","theDuelist:Wiseman","theDuelist:RockSunrise"],"picked":"theDuelist:FuryFire","floor":1},{"not_picked":["theDuelist:MeteorDestruction","theDuelist:CoreBlaster","theDuelist:CombinationAttack","theDuelist:AncientGearFist"],"picked":"theDuelist:BigFire","floor":4},{"not_picked":["theDuelist:CombinationAttack","theDuelist:OnslaughtFireKings","theDuelist:MeteorDestruction","theDuelist:SilverApples"],"picked":"theDuelist:RainbowNeos","floor":5},{"not_picked":["theDuelist:MeteorDestruction","theDuelist:BigFire","theDuelist:StarBlast","theDuelist:FusionWeapon","theDuelist:BerserkerCrush"],"picked":"SKIP","floor":6}],"player_experience":8711,"relics_obtained":[{"floor":6,"key":"theDuelist:DuelistUrn"}],"event_choices":[{"damage_healed":0,"gold_gain":0,"player_choice":"Took item - Received: Millennium Necklace","duelist":true,"damage_taken":0,"max_hp_gain":0,"max_hp_loss":0,"event_name":"Millennium Items","floor":2,"gold_loss":0},{"damage_healed":0,"gold_gain":0,"player_choice":"Lose Max HP","damage_taken":0,"relics_obtained":["Golden Idol"],"max_hp_gain":0,"max_hp_loss":6,"event_name":"Golden Idol","floor":3,"gold_loss":0}],"is_beta":false,"boss_relics":[],"items_purged_floors":[],"is_endless":false,"potions_floor_spawned":[4],"killed_by":"Lagavulin","ascension_level":0}}