{"host":"agbyy69nq62afhwx","time":1611694925,"event":{"mods":["BaseMod","Colored Map","DeckTracker","Highlight Path","Keyboard Shortcuts","Minty Spire (QoL Compilation)","Quick Restart","StSLib","SuperFastMode","everything is the same but u backflip on backflip"],"gold_per_floor":[116,41,57,69,84,84,112,131,158,172,152,152,71,83,83,155,155,166,185,146,160,9,9,38,54,54,54,72,72,172,16,16,88,88,98,98,98,112,41,66,66,66,66],"floor_reached":42,"language":"KOR","playtime":1306,"items_purged":[],"score":828,"play_id":"da6905cc-9bbd-4c22-8982-2a7a06302162","local_time":"20210127060205","is_ascension_mode":true,"campfire_choices":[{"data":"Eruption","floor":6.0,"key":"SMITH"},{"floor":12.0,"key":"REST"},{"floor":15.0,"key":"REST"},{"floor":23.0,"key":"REST"},{"floor":27.0,"key":"REST"},{"data":"Ghostly","floor":32.0,"key":"SMITH"},{"floor":41.0,"key":"REST"}],"circlet_count":0,"master_deck":["AscendersBane","Strike_P","Strike_P","Strike_P","Defend_P","Defend_P","Defend_P","Eruption+1","Vigilance","Consecrate","Indignation","MentalFortress","ClearTheMind","Evaluate","Adaptation","Prostrate","Vault","Wallop+1","MentalFortress","WindmillStrike","Prostrate","Ghostly+1","Ghostly","Ghostly","Scrawl","TalkToTheHand","EmptyMind+1"],"relics":["SlaversCollar","Orichalcum","Bronze Scales","Sozu","Anchor","Omamori","Sundial","CloakClasp","Frozen Egg 2","Strawberry","Cursed Key","Smiling Mask"],"acts_visited":["Exordium","TheCity","TheBeyond"],"potions_floor_usage":[],"damage_taken":[{"damage":2.0,"enemies":"Jaw Worm","floor":1.0,"turns":3.0},{"damage":10.0,"enemies":"Small Slimes","floor":3.0,"turns":5.0},{"damage":2.0,"enemies":"Cultist","floor":4.0,"turns":3.0},{"damage":17.0,"enemies":"2 Fungi Beasts","floor":5.0,"turns":4.0},{"damage":20.0,"enemies":"Gremlin Nob","floor":7.0,"turns":4.0},{"damage":9.0,"enemies":"Blue Slaver","floor":8.0,"turns":6.0},{"damage":13.0,"enemies":"Large Slime","floor":10.0,"turns":4.0},{"damage":21.0,"enemies":"3 Louse","floor":14.0,"turns":5.0},{"damage":6.0,"enemies":"Slime Boss","floor":16.0,"turns":8.0},{"damage":4.0,"enemies":"Shell Parasite","floor":18.0,"turns":6.0},{"damage":21.0,"enemies":"2 Thieves","floor":19.0,"turns":5.0},{"damage":11.0,"enemies":"Chosen and Byrds","floor":21.0,"turns":7.0},{"damage":28.0,"enemies":"Slavers","floor":24.0,"turns":7.0},{"damage":4.0,"enemies":"Snake Plant","floor":25.0,"turns":5.0},{"damage":5.0,"enemies":"3 Cultists","floor":28.0,"turns":5.0},{"damage":4.0,"enemies":"Colosseum Slavers","floor":30.0,"turns":7.0},{"damage":5.0,"enemies":"Colosseum Nobs","floor":30.0,"turns":6.0},{"damage":10.0,"enemies":"Collector","floor":33.0,"turns":14.0},{"damage":0.0,"enemies":"Orb Walker","floor":35.0,"turns":5.0},{"damage":20.0,"enemies":"3 Darklings","floor":38.0,"turns":6.0},{"damage":5.0,"enemies":"Giant Head","floor":40.0,"turns":9.0},{"damage":22,"enemies":"Jaw Worm Horde","floor":42,"turns":3}],"seed_played":"-8294716098690666087","potions_obtained":[{"floor":3.0,"key":"Regen Potion"},{"floor":4.0,"key":"Swift Potion"},{"floor":8.0,"key":"FearPotion"},{"floor":11.0,"key":"GamblersBrew"}],"is_trial":false,"path_per_floor":["M","?","M","M","M","R","E","M","T","M","?","R","$","M","R","B",null,"M","M","$","M","$","R","E","M","T","R","M","?","?","$","R","B",null,"M","?","?","M","$","E","R","M"],"character_chosen":"WATCHER","items_purchased":["Adaptation","MentalFortress","Anchor","Strawberry","TalkToTheHand"],"campfire_rested":5,"item_purchase_floors":[13,20,22,31,39],"current_hp_per_floor":[59,59,49,47,30,30,10,16,16,3,3,23,23,2,22,16,55,51,30,30,19,19,39,11,7,7,27,22,22,13,20,20,10,33,33,33,33,13,13,8,20,0,0],"gold":66,"neow_bonus":"BOSS_RELIC","is_daily":false,"chose_seed":false,"campfire_upgraded":2,"win_rate":0.0,"timestamp":1611694925,"path_taken":["M","?","M","M","M","R","E","M","T","M","?","R","$","M","R","BOSS","M","?","$","M","$","R","E","M","T","R","M","?","?","?","R","BOSS","M","?","?","M","$","E","R","M"],"items_purchased_type":["Card","Card","Relic","Relic","Card"],"build_version":"2020-12-22","purchased_purges":0,"victory":false,"max_hp_per_floor":[68,68,68,68,68,68,68,68,68,68,68,68,68,68,68,68,68,68,68,68,68,68,68,68,68,68,68,68,34,34,41,41,41,41,41,41,41,41,41,41,41,41,41],"card_choices":[{"not_picked":["ThirdEye","FlurryOfBlows"],"picked":"Consecrate","floor":1.0},{"not_picked":["ThirdEye","FlyingSleeves"],"picked":"Indignation","floor":3.0},{"not_picked":["Protect","ThirdEye"],"picked":"MentalFortress","floor":4.0},{"not_picked":["Crescendo","DeceiveReality","Consecrate"],"picked":"SKIP","floor":5.0},{"not_picked":["BowlingBash","Nirvana"],"picked":"ClearTheMind","floor":7.0},{"not_picked":["Sanctity","ThirdEye","ClearTheMind"],"picked":"SKIP","floor":8.0},{"not_picked":["ThirdEye","SignatureMove"],"picked":"Evaluate","floor":10.0},{"not_picked":["DeceiveReality","Sanctity"],"picked":"Prostrate","floor":14.0},{"not_picked":["DeusExMachina","Ragnarok"],"picked":"Vault","floor":16.0},{"not_picked":["Protect","Nirvana"],"picked":"Wallop+1","floor":18.0},{"not_picked":["ClearTheMind","Crescendo","FlyingSleeves"],"picked":"SKIP","floor":19.0},{"not_picked":["Crescendo","FlurryOfBlows"],"picked":"WindmillStrike","floor":21.0},{"not_picked":["Prostrate","Vengeance","Adaptation"],"picked":"SKIP","floor":24.0},{"not_picked":["Indignation","CrushJoints+1","ReachHeaven"],"picked":"SKIP","floor":25.0},{"not_picked":["Crescendo","ClearTheMind"],"picked":"Prostrate","floor":28.0},{"not_picked":["SpiritShield","Devotion+1"],"picked":"Scrawl","floor":33.0},{"not_picked":["Evaluate","Study+1","MentalFortress+1"],"picked":"SKIP","floor":35.0},{"not_picked":["PathToVictory","FlyingSleeves","ReachHeaven"],"picked":"SKIP","floor":38.0},{"not_picked":["Weave+1","WaveOfTheHand"],"picked":"EmptyMind+1","floor":40.0}],"player_experience":482968,"relics_obtained":[{"floor":7.0,"key":"Orichalcum"},{"floor":9.0,"key":"Bronze Scales"},{"floor":24.0,"key":"Omamori"},{"floor":26.0,"key":"Sundial"},{"floor":30.0,"key":"CloakClasp"},{"floor":30.0,"key":"Frozen Egg 2"},{"floor":40.0,"key":"Smiling Mask"}],"event_choices":[{"cards_removed":["Strike_P"],"damage_healed":0.0,"max_hp_gain":0.0,"max_hp_loss":0.0,"gold_gain":0.0,"event_name":"The Cleric","player_choice":"Card Removal","floor":2.0,"gold_loss":75.0,"damage_taken":0.0},{"damage_healed":0.0,"max_hp_gain":0.0,"max_hp_loss":0.0,"gold_gain":0.0,"event_name":"The Woman in Blue","player_choice":"Bought 1 Potion","floor":11.0,"gold_loss":0.0,"damage_taken":0.0},{"damage_healed":0.0,"max_hp_gain":0.0,"max_hp_loss":34.0,"gold_gain":0.0,"event_name":"Ghosts","player_choice":"Became a Ghost","floor":29.0,"gold_loss":0.0,"damage_taken":0.0,"cards_obtained":["Ghostly","Ghostly","Ghostly"]},{"damage_healed":0.0,"max_hp_gain":0.0,"max_hp_loss":0.0,"gold_gain":0.0,"event_name":"Colosseum","player_choice":"Fight","floor":30.0,"gold_loss":0.0,"damage_taken":0.0},{"damage_healed":0.0,"max_hp_gain":0.0,"max_hp_loss":0.0,"gold_gain":0.0,"event_name":"Colosseum","player_choice":"Fought Nobs","floor":30.0,"gold_loss":0.0,"damage_taken":0.0},{"cards_removed":["Defend_P"],"damage_healed":0.0,"max_hp_gain":0.0,"max_hp_loss":0.0,"gold_gain":0.0,"event_name":"Falling","player_choice":"Removed Skill","floor":36.0,"gold_loss":0.0,"damage_taken":0.0},{"damage_healed":0.0,"max_hp_gain":0.0,"max_hp_loss":0.0,"gold_gain":0.0,"event_name":"Tomb of Lord Red Mask","player_choice":"Ignored","floor":37.0,"gold_loss":0.0,"damage_taken":0.0}],"is_beta":false,"boss_relics":[{"not_picked":["Coffee Dripper","Black Star"],"picked":"Sozu"},{"not_picked":["Velvet Choker","Philosopher\u0027s Stone"],"picked":"Cursed Key"}],"items_purged_floors":[],"is_endless":false,"potions_floor_spawned":[3,4,8,19,21,25,30],"killed_by":"Jaw Worm Horde","ascension_level":15}}