{"host":"42xf941fomyavgzy","time":1611671609,"event":{"mods":["Act Like it!","BaseMod","Colored Map","KinomotoSakuraMod(–Ø”V–{?)","Minty Spire (QoL Compilation)","Shop Mod","StSLib","SuperFastMode","The Cursed"],"gold_per_floor":[117,132,132,152,162,162,174,209,209,241,241,266,266,277,277,376,376,394,5,20,33,7,7,19,47,70,105,122,122,197,212,212,212,212],"floor_reached":33,"language":"JPN","playtime":2013,"items_purged":["Strike_R"],"score":417,"play_id":"af8f1adc-d9bc-4e0f-97e7-bb2b9f7f03ed","local_time":"20210126233329","is_ascension_mode":true,"campfire_choices":[{"data":"Bash","floor":6,"key":"SMITH"},{"data":"Power Through","floor":11,"key":"SMITH"},{"data":"Limit Break","floor":13,"key":"SMITH"},{"data":"Inflame","floor":15,"key":"SMITH"},{"data":"True Grit","floor":23,"key":"SMITH"},{"data":"Heavy Blade","floor":32,"key":"SMITH"}],"circlet_count":0,"master_deck":["Strike_R","Strike_R","Defend_R","Defend_R","Defend_R","Defend_R","Bash+1","Dramatic Entrance","Clothesline","Power Through+1","Spot Weakness","Bloodletting","Reckless Charge","Inflame+1","Limit Break+1","Thunderclap","Evolve","Reaper","Shrug It Off","Double Tap","Heavy Blade+1","Headbutt","True Grit+1","Disarm","Burning Pact","Power Through+1","Warcry","Impervious","Corruption","Shockwave+1"],"relics":["Burning Blood","Lantern","Shuriken","Ornamental Fan","Mercury Hourglass","Mark of Pain","Bag of Preparation","Vajra","Tiny Chest","Matryoshka"],"acts_visited":["Exordium","TheCity"],"potions_floor_usage":[7,8,16,21,24,25,33],"damage_taken":[{"damage":1,"enemies":"Cultist","floor":1,"turns":3},{"damage":7,"enemies":"Small Slimes","floor":2,"turns":3},{"damage":1,"enemies":"2 Louse","floor":4,"turns":2},{"damage":1,"enemies":"Red Slaver","floor":5,"turns":3},{"damage":12,"enemies":"Gremlin Gang","floor":7,"turns":3},{"damage":18,"enemies":"Lagavulin","floor":8,"turns":5},{"damage":23,"enemies":"Gremlin Nob","floor":10,"turns":5},{"damage":15,"enemies":"3 Sentries","floor":12,"turns":5},{"damage":3,"enemies":"Looter","floor":14,"turns":3},{"damage":32,"enemies":"Hexaghost","floor":16,"turns":8},{"damage":3,"enemies":"Chosen","floor":18,"turns":2},{"damage":18,"enemies":"Shell Parasite","floor":20,"turns":5},{"damage":5,"enemies":"Snake Plant","floor":21,"turns":4},{"damage":27,"enemies":"3 Cultists","floor":24,"turns":6},{"damage":25,"enemies":"Slavers","floor":25,"turns":5},{"damage":16,"enemies":"Book of Stabbing","floor":27,"turns":5},{"damage":3,"enemies":"Centurion and Healer","floor":28,"turns":4},{"damage":13,"enemies":"Sentry and Sphere","floor":31,"turns":5},{"damage":103,"enemies":"Champ","floor":33,"turns":12}],"seed_played":"3140463303734726002","potions_obtained":[{"floor":1,"key":"LiquidBronze"},{"floor":2,"key":"Fire Potion"},{"floor":3,"key":"FairyPotion"},{"floor":10,"key":"Weak Potion"},{"floor":16,"key":"SkillPotion"},{"floor":18,"key":"EssenceOfSteel"},{"floor":21,"key":"Weak Potion"},{"floor":27,"key":"PowerPotion"}],"is_trial":false,"path_per_floor":["M","M","?","M","M","R","M","E","T","E","R","E","R","M","R","B",null,"M","$","M","M","$","R","M","E","T","E","M","?","?","M","R","B"],"character_chosen":"IRONCLAD","items_purchased":["Double Tap","Bag of Preparation","True Grit"],"campfire_rested":0,"item_purchase_floors":[19,19,22],"current_hp_per_floor":[77,76,76,80,80,80,74,62,62,45,45,36,36,39,39,13,63,66,66,54,55,55,55,52,43,43,48,71,71,63,59,59,0,0],"gold":212,"neow_bonus":"RANDOM_COLORLESS","is_daily":false,"chose_seed":false,"campfire_upgraded":6,"win_rate":0.0,"timestamp":1611671609,"path_taken":["M","M","?","?","M","R","?","E","T","E","R","E","R","M","R","BOSS","M","$","M","M","$","R","M","E","T","E","M","?","?","?","R","BOSS"],"items_purchased_type":["Card","Relic","Card"],"build_version":"2020-12-22","purchased_purges":1,"victory":false,"max_hp_per_floor":[80,80,80,80,80,80,80,80,80,80,80,80,80,80,80,80,80,80,80,80,80,80,80,80,80,80,80,80,80,80,80,80,80,80],"card_choices":[{"not_picked":["Finesse","Blind"],"picked":"Dramatic Entrance","floor":0},{"not_picked":["Intimidate","Clash"],"picked":"Clothesline","floor":1},{"not_picked":["Rupture","Headbutt"],"picked":"Power Through","floor":2},{"not_picked":["Sentinel","Shrug It Off"],"picked":"Spot Weakness","floor":4},{"not_picked":["Wild Strike","Intimidate"],"picked":"Bloodletting","floor":5},{"not_picked":["Wild Strike","Headbutt"],"picked":"Reckless Charge","floor":7},{"not_picked":["Rampage","Twin Strike"],"picked":"Inflame","floor":8},{"not_picked":["True Grit","Power Through"],"picked":"Limit Break","floor":10},{"not_picked":["Pommel Strike","Burning Pact"],"picked":"Thunderclap","floor":12},{"not_picked":["Wild Strike","Rupture"],"picked":"Evolve","floor":14},{"not_picked":["Impervious","Juggernaut"],"picked":"Reaper","floor":16},{"not_picked":["Armaments+1","Body Slam"],"picked":"Shrug It Off","floor":18},{"not_picked":["Cleave+1","Perfected Strike"],"picked":"Heavy Blade","floor":20},{"not_picked":["Clash","Wild Strike+1"],"picked":"Headbutt","floor":21},{"not_picked":["Iron Wave","Double Tap"],"picked":"Disarm","floor":24},{"not_picked":["Havoc","Evolve"],"picked":"Burning Pact","floor":25},{"not_picked":["Armaments","Headbutt"],"picked":"Power Through+1","floor":27},{"not_picked":["Pommel Strike","Wild Strike"],"picked":"Warcry","floor":28},{"not_picked":["Dark Embrace","True Grit"],"picked":"Shockwave+1","floor":31}],"player_experience":430024,"relics_obtained":[{"floor":8,"key":"Lantern"},{"floor":9,"key":"Shuriken"},{"floor":10,"key":"Ornamental Fan"},{"floor":12,"key":"Mercury Hourglass"},{"floor":25,"key":"Vajra"},{"floor":26,"key":"Tiny Chest"},{"floor":27,"key":"Matryoshka"}],"event_choices":[{"damage_healed":0,"gold_gain":0,"player_choice":"Got Potions","damage_taken":0,"max_hp_gain":0,"max_hp_loss":0,"event_name":"Lab","floor":3,"gold_loss":0},{"damage_healed":0,"gold_gain":0,"cards_transformed":["Strike_R","Strike_R"],"player_choice":"Became Test Subject","damage_taken":0,"max_hp_gain":0,"max_hp_loss":0,"event_name":"Drug Dealer","floor":29,"gold_loss":0,"cards_obtained":["Impervious","Corruption"]},{"damage_healed":0,"gold_gain":75,"player_choice":"Touch","damage_taken":8,"max_hp_gain":0,"max_hp_loss":0,"event_name":"FaceTrader","floor":30,"gold_loss":0}],"is_beta":false,"boss_relics":[{"not_picked":["Black Blood","Runic Pyramid"],"picked":"Mark of Pain"}],"items_purged_floors":[19],"is_endless":false,"potions_floor_spawned":[1,2,10,16,18,21,27],"killed_by":"Champ","ascension_level":7}}