{"host":"v9gdkr2q6c652mzl","time":1611652098,"event":{"mods":["2.2 Compatiblity","Act Like it!","Always Whale","BaseMod","Better Altar","Better Match","Better Note","Better Sensory Stone","Better Skull","Better Third Choice","Better Vampires","CapriCore","Card Filter","Challenge The Spire","Colored Map","Colored Powertips","Conspire","Displayed Cursed Tome","Ekko","Friendly Minions","GifTheSpireLib","Hermit","Hubris","Infinite Spire","Koishi","Marisa????????","Minty Spire (QoL Compilation)","Permanent Neow","Potion Indicator Mod","Practice Mode","Quick Restart","RNG Fix","Random Character Button","Rare Cards Sparkle","Relic Filter","Relic Sorter","Relic Stats","Replay The Spire","SCP261 Mod","Shop Mod","StSLib","Td1madao Mod","The Mystic","Thieving Mod","Uncapped","Unknown Chances"],"gold_per_floor":[661,661,688,719,750,750,513,513,544,576,576,576],"floor_reached":11,"language":"ENG","playtime":760,"items_purged":[],"score":158,"play_id":"c8910966-813f-49b9-b44c-d956ffa1f978","local_time":"20210126120818","daily_mods":["challengethespire:Silver Difficulty","challengethespire:Elite Rush","Uncertain Future"],"is_ascension_mode":true,"campfire_choices":[{"floor":8,"key":"REST"},{"data":"Three Hit","floor":8,"key":"SMITH"}],"circlet_count":0,"master_deck":["AscendersBane","Strike_C","Strike_C","Strike_C","Strike_C","Defend_C","Defend_C","Defend_C","Defend_C","Knight Kick","Chip","Here Defend Chip","Three Hit+1","Bursts+1","Im Angry+1","Gravity Defend","Preloading+1","Here Defend Chip+1","Chip Synthesis+1","Moon Tear+1"],"relics":["Apod","Black Star","Sling","PreservedInsect","Golden Egg","infinitespire:Magic Flask","hubris:DisguiseKit","hubris:CrystalStatue","Eternal Feather","hubris:DeckOfHolding","Art of War","Sozu","PreservedInsect","Peace Pipe","Replay:Mystery Machine","Mirror","conspire:TopHat"],"acts_visited":["Exordium"],"potions_floor_usage":[11],"damage_taken":[{"damage":10,"enemies":"Gremlin Nob","floor":3,"turns":3},{"damage":25,"enemies":"3 Sentries","floor":4,"turns":7},{"damage":7,"enemies":"Lagavulin","floor":5,"turns":4},{"damage":8,"enemies":"Book of Stabbing","floor":9,"turns":6},{"damage":41,"enemies":"Slavers","floor":10,"turns":7},{"damage":6,"enemies":"Gremlin Leader","floor":11,"turns":2}],"seed_played":"-6098015347976089179","potions_obtained":[{"floor":3,"key":"Energy Potion"}],"is_trial":true,"path_per_floor":["$","$","E","E","E","T","$","R","E","E","E"],"character_chosen":"TD1MADAO_CLASS","items_purchased":["Here Defend Chip","Three Hit","Golden Egg","Preloading","Here Defend Chip","PreservedInsect"],"campfire_rested":1,"item_purchase_floors":[1,1,1,7,7,7],"current_hp_per_floor":[63,63,53,28,21,21,21,51,43,2,0,0],"gold":576,"neow_bonus":"","is_daily":false,"chose_seed":false,"campfire_upgraded":1,"win_rate":0.0,"timestamp":1611652098,"path_taken":["$","$","E","E","E","T","$","R","E","E","E"],"items_purchased_type":["Card","Card","Relic","Card","Card","Relic"],"build_version":"2020-12-22","purchased_purges":0,"victory":false,"max_hp_per_floor":[70,70,70,70,70,70,70,70,70,70,70,70],"relic_stats":{"Sozu":0,"Peace Pipe":0,"counters":[6,29],"Eternal Feather":9,"PreservedInsect":215,"Black Star":5,"Art of War":[3],"obtain_stats":[{"Golden Egg":1,"hubris:DisguiseKit":3,"hubris:CrystalStatue":4,"Eternal Feather":4,"PreservedInsect":0,"infinitespire:Magic Flask":3,"Replay:Mystery Machine":9,"Sling":0,"conspire:TopHat":10,"Sozu":6,"Peace Pipe":9,"hubris:DeckOfHolding":5,"Black Star":0,"Art of War":5,"Apod":0,"Mirror":10},{"Golden Egg":0,"hubris:DisguiseKit":1,"hubris:CrystalStatue":2,"Eternal Feather":2,"PreservedInsect":0,"infinitespire:Magic Flask":1,"Replay:Mystery Machine":4,"Sling":0,"conspire:TopHat":5,"Sozu":3,"Peace Pipe":4,"hubris:DeckOfHolding":3,"Black Star":0,"Art of War":3,"Apod":0,"Mirror":5},{"Golden Egg":0,"hubris:DisguiseKit":3,"hubris:CrystalStatue":10,"Eternal Feather":10,"PreservedInsect":0,"infinitespire:Magic Flask":3,"Replay:Mystery Machine":20,"Sling":0,"conspire:TopHat":27,"Sozu":14,"Peace Pipe":20,"hubris:DeckOfHolding":14,"Black Star":0,"Art of War":14,"Apod":0,"Mirror":27}]},"card_choices":[],"player_experience":556720,"relics_obtained":[{"floor":3,"key":"infinitespire:Magic Flask"},{"floor":3,"key":"hubris:DisguiseKit"},{"floor":4,"key":"hubris:CrystalStatue"},{"floor":4,"key":"Eternal Feather"},{"floor":5,"key":"hubris:DeckOfHolding"},{"floor":5,"key":"Art of War"},{"floor":9,"key":"Peace Pipe"},{"floor":9,"key":"Replay:Mystery Machine"},{"floor":10,"key":"Mirror"},{"floor":10,"key":"conspire:TopHat"}],"event_choices":[],"is_beta":false,"boss_relics":[{"not_picked":["hubris:ScarierMask","Cursed Key"],"picked":"Sozu"}],"items_purged_floors":[],"is_endless":false,"potions_floor_spawned":[3],"killed_by":"Gremlin Leader","ascension_level":10}}