{"host":"qbvxbacgnxuisbbe","time":1611702269,"event":{"mods":["Alarm Clock","BaseMod","Humility","Minty Spire (QoL Compilation)","StSLib"],"gold_per_floor":[109,109,34,48,94,120,137,137,160,160,160,181,15,15,15],"floor_reached":14,"language":"ENG","playtime":453,"items_purged":["Defend_P"],"score":176,"play_id":"8e47ad72-ab80-4c35-9915-5f5b0278f456","local_time":"20210126230429","is_ascension_mode":true,"campfire_choices":[{"data":"Halt","floor":8.0,"key":"SMITH"},{"floor":10.0,"key":"REST"}],"circlet_count":0,"master_deck":["AscendersBane","Strike_P","Strike_P","Strike_P","Defend_P","Defend_P","Defend_P","Eruption","Vigilance","CutThroughFate","Halt+1","Tantrum","Vengeance","EmptyFist","WaveOfTheHand","Adaptation"],"relics":["PureWater","Yang","Blood Vial","Anchor","Smiling Mask","Golden Idol"],"acts_visited":["Exordium"],"potions_floor_usage":[12],"damage_taken":[{"damage":7.0,"enemies":"Cultist","floor":1.0,"turns":3.0},{"damage":21.0,"enemies":"2 Louse","floor":4.0,"turns":3.0},{"damage":30.0,"enemies":"Gremlin Nob","floor":6.0,"turns":3.0},{"damage":0.0,"enemies":"Jaw Worm","floor":7.0,"turns":2.0},{"damage":14,"enemies":"Lots of Slimes","floor":12,"turns":6},{"damage":13,"enemies":"3 Sentries","floor":14,"turns":3}],"seed_played":"-4069769535590384764","potions_obtained":[{"floor":4.0,"key":"SneckoOil"},{"floor":7.0,"key":"GamblersBrew"}],"is_trial":false,"path_per_floor":["M","T","?","M","T","E","M","R","T","R","?","M","$","E"],"character_chosen":"WATCHER","items_purchased":["WaveOfTheHand","Adaptation"],"campfire_rested":1,"item_purchase_floors":[13,13],"current_hp_per_floor":[60,60,60,39,39,11,13,13,13,35,35,23,23,12,12],"gold":15,"neow_bonus":"TEN_PERCENT_HP_BONUS","is_daily":false,"chose_seed":false,"campfire_upgraded":1,"win_rate":0.0,"timestamp":1611702269,"path_taken":["M","?","?","M","?","E","?","R","T","R","?","M","?","E"],"items_purchased_type":["Card","Card"],"build_version":"2020-12-22","purchased_purges":1,"victory":false,"max_hp_per_floor":[74,74,74,74,74,74,74,74,74,74,67,67,67,67,67],"card_choices":[{"not_picked":["FollowUp","FlurryOfBlows"],"picked":"CutThroughFate","floor":1.0},{"not_picked":["EmptyFist","CutThroughFate"],"picked":"Halt","floor":4.0},{"not_picked":["Consecrate","Crescendo"],"picked":"Tantrum","floor":6.0},{"not_picked":["EmptyFist","Crescendo"],"picked":"Vengeance","floor":7.0},{"not_picked":["Protect","CrushJoints"],"picked":"EmptyFist","floor":12}],"player_experience":143658,"relics_obtained":[{"floor":2.0,"key":"Yang"},{"floor":5.0,"key":"Blood Vial"},{"floor":6.0,"key":"Anchor"},{"floor":9.0,"key":"Smiling Mask"}],"event_choices":[{"cards_removed":["Strike_P"],"damage_healed":0.0,"max_hp_gain":0.0,"max_hp_loss":0.0,"gold_gain":0.0,"event_name":"The Cleric","player_choice":"Card Removal","floor":3.0,"gold_loss":75.0,"damage_taken":0.0},{"damage_healed":0.0,"max_hp_gain":0.0,"max_hp_loss":7.0,"gold_gain":0.0,"event_name":"Golden Idol","player_choice":"Lose Max HP","floor":11.0,"gold_loss":0.0,"damage_taken":0.0,"relics_obtained":["Golden Idol"]}],"is_beta":false,"boss_relics":[],"items_purged_floors":[13],"is_endless":false,"potions_floor_spawned":[4,7],"killed_by":"3 Sentries","ascension_level":20,"is_humility":true}}