{"host":"1qhzi8r9ejho5yph","time":1611693701,"event":{"mods":["AchievementEnabler","BaseMod","Colored Map","Colored Powertips","Highlight Path","Minty Spire (QoL Compilation)","Permanent Neow","Quick Restart","Random Character Button","StSLib","SuperFastMode"],"gold_per_floor":[116,136,136,61,61,61,73,73,73,73,90,165,165,179,179,179,179],"floor_reached":16,"language":"ENG","playtime":257,"items_purged":["Defend_R"],"score":90,"play_id":"86a76e21-214f-464b-baae-912ba54a8ed4","local_time":"20210127044141","is_ascension_mode":false,"campfire_choices":[{"data":"Pommel Strike","floor":6,"key":"SMITH"},{"data":"Pommel Strike","floor":8,"key":"SMITH"},{"data":"Pommel Strike","floor":10,"key":"SMITH"},{"data":"Bash","floor":13,"key":"SMITH"},{"data":"Flex","floor":15,"key":"SMITH"}],"circlet_count":0,"master_deck":["Strike_R","Strike_R+1","Strike_R","Strike_R+1","Strike_R","Defend_R","Defend_R","Bash+1","Pommel Strike+1","Pommel Strike+1","Pommel Strike+1","Spot Weakness","Evolve","Flex+1"],"relics":["Burning Blood"],"acts_visited":["Exordium"],"potions_floor_usage":[16,16],"damage_taken":[{"damage":0,"enemies":"Small Slimes","floor":1,"turns":4},{"damage":1,"enemies":"Jaw Worm","floor":2,"turns":3},{"damage":1,"enemies":"2 Louse","floor":7,"turns":2},{"damage":11,"enemies":"Red Slaver","floor":11,"turns":4},{"damage":6,"enemies":"Exordium Thugs","floor":14,"turns":3},{"damage":49,"enemies":"Hexaghost","floor":16,"turns":7}],"seed_played":"1097170061526707081","potions_obtained":[{"floor":2,"key":"LiquidBronze"},{"floor":7,"key":"GamblersBrew"},{"floor":14,"key":"PowerPotion"}],"is_trial":false,"path_per_floor":["M","M","?","$","?","R","M","R","T","R","M","?","R","M","R","B"],"character_chosen":"IRONCLAD","items_purchased":[],"campfire_rested":0,"item_purchase_floors":[],"current_hp_per_floor":[80,80,64,64,57,57,62,62,62,62,57,49,49,49,49,0,0],"gold":179,"neow_bonus":"THREE_CARDS","is_daily":false,"chose_seed":false,"campfire_upgraded":5,"win_rate":0.0,"timestamp":1611693701,"path_taken":["M","M","?","$","?","R","M","R","T","R","M","?","R","M","R","BOSS"],"items_purchased_type":[],"build_version":"2020-12-22","purchased_purges":1,"victory":false,"max_hp_per_floor":[80,80,80,80,80,80,80,80,80,80,80,80,80,80,80,80,80],"card_choices":[{"not_picked":["Twin Strike","Feel No Pain"],"picked":"Pommel Strike","floor":0},{"not_picked":["Headbutt","Twin Strike"],"picked":"Pommel Strike","floor":1},{"not_picked":["Armaments","Havoc"],"picked":"Pommel Strike","floor":2},{"not_picked":["Armaments","True Grit"],"picked":"Spot Weakness","floor":7},{"not_picked":["Thunderclap","Havoc"],"picked":"Evolve","floor":11},{"not_picked":["Sever Soul","Body Slam"],"picked":"Flex","floor":14}],"player_experience":336197,"relics_obtained":[],"event_choices":[{"damage_healed":0,"gold_gain":0,"player_choice":"Entered Light","damage_taken":16,"max_hp_gain":0,"max_hp_loss":0,"event_name":"Shining Light","floor":3,"gold_loss":0,"cards_upgraded":["Strike_R","Strike_R"]},{"cards_removed":["Defend_R"],"damage_healed":0,"gold_gain":0,"player_choice":"Card Removal","damage_taken":7,"max_hp_gain":0,"max_hp_loss":0,"event_name":"Golden Wing","floor":5,"gold_loss":0},{"damage_healed":0,"gold_gain":75,"player_choice":"Touch","damage_taken":8,"max_hp_gain":0,"max_hp_loss":0,"event_name":"FaceTrader","floor":12,"gold_loss":0}],"is_beta":false,"boss_relics":[],"items_purged_floors":[4],"is_endless":false,"potions_floor_spawned":[2,7,14],"killed_by":"Hexaghost","ascension_level":0}}