{"host":"iphsb0ccnjx0pfn6","time":1611642560,"event":{"mods":["2.2 Compatiblity","AchievementEnabler","BaseMod","Colored Map","DeckTracker","Keyboard Shortcuts","Minty Spire (QoL Compilation)","Permanent Neow","Quick Restart","Relic Stats","StSLib","SuperFastMode","Uncapped","everything is the same but u backflip on backflip"],"gold_per_floor":[18,37,51,71,71,71,105,105,130,130,130,130],"floor_reached":11,"language":"KOR","playtime":204,"items_purged":[],"score":146,"play_id":"163c1897-5830-44ef-a1dc-aa1fccc22b58","local_time":"20210126152920","is_ascension_mode":true,"campfire_choices":[{"data":"Eviscerate","floor":6,"key":"SMITH"},{"floor":8,"key":"REST"}],"circlet_count":0,"master_deck":["AscendersBane","Strike_G","Strike_G","Strike_G","Defend_G","Defend_G","Defend_G","Defend_G","Defend_G","Survivor","Neutralize","Die Die Die","Eviscerate+1","Dash","Night Terror"],"relics":["Ring of the Snake","Potion Belt","Boot"],"acts_visited":["Exordium"],"potions_floor_usage":[7,11],"damage_taken":[{"damage":1,"enemies":"Cultist","floor":1,"turns":4},{"damage":4,"enemies":"Small Slimes","floor":2,"turns":4},{"damage":0,"enemies":"Jaw Worm","floor":3,"turns":3},{"damage":6,"enemies":"Red Slaver","floor":4,"turns":3},{"damage":33,"enemies":"3 Sentries","floor":7,"turns":11},{"damage":30,"enemies":"Gremlin Nob","floor":11,"turns":3}],"seed_played":"4112303996874523823","potions_obtained":[{"floor":1,"key":"Dexterity Potion"},{"floor":2,"key":"ColorlessPotion"},{"floor":3,"key":"CunningPotion"}],"is_trial":false,"path_per_floor":["M","M","M","M","?","R","E","R","T","?","E"],"character_chosen":"THE_SILENT","items_purchased":[],"campfire_rested":1,"item_purchase_floors":[],"current_hp_per_floor":[58,54,54,48,41,41,8,27,27,27,0,0],"gold":130,"neow_bonus":"THREE_RARE_CARDS","is_daily":false,"chose_seed":false,"campfire_upgraded":1,"win_rate":0.0,"timestamp":1611642560,"path_taken":["M","M","M","?","?","R","E","R","T","?","E"],"items_purchased_type":[],"build_version":"2020-12-22","purchased_purges":0,"victory":false,"max_hp_per_floor":[66,66,66,66,66,66,66,66,66,66,66,66],"relic_stats":{"counters":[6,28],"Boot":[2],"obtain_stats":[{"Potion Belt":7,"Boot":9,"Ring of the Snake":0},{"Potion Belt":5,"Boot":5,"Ring of the Snake":0},{"Potion Belt":25,"Boot":25,"Ring of the Snake":0}],"Ring of the Snake":[12]},"card_choices":[{"not_picked":["Adrenaline","Doppelganger"],"picked":"Die Die Die","floor":0},{"not_picked":["Endless Agony","Dash"],"picked":"Eviscerate","floor":1},{"not_picked":["Slice","Quick Slash","Finisher"],"picked":"SKIP","floor":2},{"not_picked":["Underhanded Strike","Finisher","Quick Slash"],"picked":"SKIP","floor":3},{"not_picked":["Dodge and Roll","Underhanded Strike","Dash"],"picked":"SKIP","floor":4},{"not_picked":["Dodge and Roll","Underhanded Strike"],"picked":"Dash","floor":4},{"not_picked":["Expertise","Predator","Outmaneuver"],"picked":"SKIP","floor":7}],"player_experience":1279521,"relics_obtained":[{"floor":7,"key":"Potion Belt"},{"floor":9,"key":"Boot"}],"event_choices":[{"cards_removed":["Strike_G"],"damage_healed":0,"gold_gain":0,"player_choice":"Card Removal","damage_taken":7,"max_hp_gain":0,"max_hp_loss":0,"event_name":"Golden Wing","floor":5,"gold_loss":0},{"damage_healed":0,"gold_gain":0,"cards_transformed":["Strike_G"],"player_choice":"Transformed","damage_taken":0,"max_hp_gain":0,"max_hp_loss":0,"event_name":"Transmorgrifier","floor":10,"gold_loss":0,"cards_obtained":["Night Terror"]}],"is_beta":false,"boss_relics":[],"items_purged_floors":[],"is_endless":false,"potions_floor_spawned":[1,2,3],"killed_by":"Gremlin Nob","ascension_level":20}}