{"host":"8d5lz1qub9wfpdii","time":1611632997,"event":{"mods":["2.2 Compatiblity","AchievementEnabler","Act Like it!","Arknights The Spire","Aspiration","BaseMod","Beaked The Cultist","Bestiary","Better Altar","Better Match","Better Note","Better Skull","Better Third Choice","BetterRewards","Colored Powertips","Conspire","Downfall","Friendly Minions","GifTheSpireLib","Hallownest","Hermit","Hubris","Infinite Spire","Jorbs\u0027s Wanderer Trilogy","Minty Spire (QoL Compilation)","RNG Fix","Relic Stats","Replay The Spire","Shade Mod","Shop Mod","Spicy Shops","Spire Arcade","StSLib","Stuff the Spire","The Animator","The Blackbeard","The Bug Knight","The Clintock","The Forsaken","The Hayseed","The Hierophant","The Necromancer","The Runesmith","The Servant 0.9.4","Uncapped","Wandering Minibosses"],"gold_per_floor":[109,119,119,119,119,119,149,184,184,209,258,268,287,287,61,26,26,127,127,139,139,149,149,164,195,210,230,311,338,353,353,370,390,390,486,486,503,515,532,561,573,605,624,636,636,636,123,158,40,40,40,40,40,40,40,69,69],"floor_reached":58,"language":"ENG","playtime":2662,"items_purged":["beaked:Strike_Y","beaked:Strike_Y"],"score":1421,"play_id":"53ffd430-7e84-423f-b08a-f5911eeb4e97","local_time":"20210126141957","is_ascension_mode":false,"campfire_choices":[{"data":"beaked:CrazyRituals","floor":9,"key":"SMITH"},{"floor":14,"key":"REST"},{"floor":17,"key":"DIG"},{"data":"beaked:CrazyRituals","floor":31,"key":"SMITH"},{"floor":46,"key":"RECALL"},{"data":"Madness","floor":51,"key":"PURGE"},{"data":"Apotheosis","floor":54,"key":"SMITH"}],"circlet_count":0,"master_deck":["beaked:Strike_Y","beaked:Strike_Y","beaked:Strike_Y","beaked:Strike_Y","beaked:Defend_Y","beaked:Defend_Y","beaked:Defend_Y","beaked:Defend_Y","beaked:Ceremony","beaked:Ceremony","beaked:Ceremony","beaked:WarriorSpirit","beaked:Overpower","beaked:Evade+1","beaked:CrazyRituals+1","beaked:MimicWarrior","beaked:KnowThyFoe","beaked:Foresight","hubris:InfiniteBlow+25","beaked:VigorBurst+1","beaked:CrazyRituals+1","beaked:ScreechingChant","beaked:KnowThyFoe","beaked:Evade","beaked:FeelMyPain+1","Apotheosis+1","beaked:CrazyRituals","Madness","beaked:StickSmack"],"relics":["beaked:BlessedCoat","NeowsBlessing","FaceOfCleric","CultistMask","aspiration:BabyByrd","hubris:Zylophone","Shuriken","StuffTheSpire:EmeraldSignet","Pen Nib","aspiration:Lifesprig","StuffTheSpire:HeavyRock","Sozu","aspiration:Headhunter","hubris:HollowSoul","Bird Faced Urn","InkBottle","Runesmith:AutoHammer","Replay:Bottled Steam","Dream Catcher","MerchantsRug","Happy Flower","infinitespire:EvilPickle","Lantern"],"acts_visited":["Exordium","TheCity","TheBeyond","TheEnding"],"potions_floor_usage":[20,20],"damage_taken":[{"damage":0,"enemies":"Cultist","floor":1,"turns":1},{"damage":0,"enemies":"Jaw Worm","floor":2,"turns":1},{"damage":0,"enemies":"Lagavulin","floor":8,"turns":2},{"damage":35,"enemies":"3 Sentries","floor":10,"turns":6},{"damage":14,"enemies":"2 Louse","floor":12,"turns":4},{"damage":33,"enemies":"Blue Slaver","floor":13,"turns":5},{"damage":6,"enemies":"Fading Forest","floor":18,"turns":11},{"damage":10,"enemies":"3 Byrds","floor":20,"turns":5},{"damage":0,"enemies":"Shell Parasite","floor":22,"turns":2},{"damage":3,"enemies":"Shelled Parasite and Fungi","floor":24,"turns":3},{"damage":22,"enemies":"conspire:Head Lice","floor":25,"turns":3},{"damage":37,"enemies":"Snake Plant","floor":26,"turns":4},{"damage":10,"enemies":"Chosen and Byrds","floor":27,"turns":4},{"damage":0,"enemies":"Book of Stabbing","floor":29,"turns":2},{"damage":2,"enemies":"Centurion and Healer","floor":30,"turns":2},{"damage":12,"enemies":"3 Cultists","floor":32,"turns":4},{"damage":0,"enemies":"Snecko","floor":33,"turns":1},{"damage":61,"enemies":"Pondfish","floor":35,"turns":8},{"damage":44,"enemies":"Orb Walker","floor":37,"turns":3},{"damage":18,"enemies":"3 Darklings","floor":38,"turns":5},{"damage":10,"enemies":"Jaw Worm Horde","floor":39,"turns":3},{"damage":0,"enemies":"conspire:MimicChest","floor":40,"turns":4},{"damage":0,"enemies":"Writhing Mass","floor":41,"turns":1},{"damage":2,"enemies":"Giant Head","floor":42,"turns":5},{"damage":0,"enemies":"Transient","floor":43,"turns":4},{"damage":23,"enemies":"Sphere and 2 Shapes","floor":44,"turns":4},{"damage":8,"enemies":"Nemesis","floor":48,"turns":3},{"damage":30,"enemies":"Replay:Hell Engine","floor":52,"turns":3},{"damage":55,"enemies":"Shield and Spear","floor":56,"turns":5},{"damage":17,"enemies":"The Heart","floor":57,"turns":7}],"seed_played":"9128766227242971864","potions_obtained":[{"floor":1,"key":"Venom Potion"},{"floor":2,"key":"DuplicationPotion"},{"floor":12,"key":"Weak Potion"}],"is_trial":false,"path_per_floor":["M","M","?","?","PTL","PTL","?","E","R","E","T","M","M","R","$","?","R","B",null,"M","AVR","M","?","M","E","M","M","T","E","M","R","M","M","R","B",null,"M","M","M","?","M","E","M","M","T","R","$","E","$","?","R","B",null,"R","$","E","B",null],"character_chosen":"BEAKED_THE_CULTIST","items_purchased":["aspiration:Lifesprig","Apotheosis","beaked:CrazyRituals","MerchantsRug","Happy Flower"],"campfire_rested":1,"item_purchase_floors":[15,47,47,47,49],"current_hp_per_floor":[50,50,50,50,50,50,38,43,43,29,29,30,15,31,31,44,44,55,55,56,56,57,57,63,53,41,66,66,67,68,68,69,70,70,71,71,47,64,77,78,79,80,81,82,82,82,82,83,83,73,73,69,84,84,84,85,86],"gold":69,"neow_bonus":"THREE_ENEMY_KILL","is_daily":false,"chose_seed":false,"campfire_upgraded":3,"win_rate":0.0,"timestamp":1611632997,"path_taken":["M","M","?","?","PTL","PTL","?","E","R","E","T","?","M","R","$","?","R","BOSS","M","AVR","M","?","M","E","?","M","T","E","M","R","M","M","R","BOSS","M","M","M","?","M","E","M","M","T","R","$","E","$","?","R","BOSS","R","$","E","BOSS"],"items_purchased_type":["Relic","Card","Card","Relic","Relic"],"build_version":"2020-12-22","purchased_purges":2,"victory":true,"max_hp_per_floor":[50,50,50,50,50,50,50,51,51,52,52,53,54,54,54,54,54,55,55,56,56,57,57,63,64,65,66,66,67,68,68,69,70,70,71,71,72,73,77,78,79,80,81,82,82,82,82,83,83,83,83,84,84,84,84,85,86],"relic_stats":{"Sozu":10,"Dream Catcher":0,"FaceOfCleric":28,"Happy Flower":[5],"counters":[44,189],"Shuriken":[26],"Bird Faced Urn":[83],"Pen Nib":[16],"obtain_stats":[{"Regal Pillow":7,"aspiration:Lifesprig":15,"Lantern":56,"Blue Doll":6,"StuffTheSpire:EmeraldSignet":10,"Replay:Mystery Machine":48,"theForsaken:PlagueMask":7,"beaked:BlessedCoat":36,"Pet Ghost":9,"Sozu":19,"Dream Catcher":42,"FaceOfCleric":3,"aspiration:BabyByrd":4,"StuffTheSpire:HeavyRock":17,"aspiration:Headhunter":21,"Replay:Winged Headress":10,"InkBottle":28,"Replay:Bottled Steam":40,"MerchantsRug":5,"NeowsBlessing":0,"Happy Flower":13,"Oddly Smooth Stone":0,"Pen Nib":11,"hubris:HollowSoul":21,"infinitespire:Lucky Rock":9,"hubris:Zylophone":7,"infinitespire:EvilPickle":51,"Shuriken":8,"Bird Faced Urn":25,"CultistMask":3,"Runesmith:AutoHammer":29,"beaked:MendingPlumage":0},{"Regal Pillow":13,"aspiration:Lifesprig":20,"Lantern":43,"Blue Doll":3,"StuffTheSpire:EmeraldSignet":18,"Replay:Mystery Machine":41,"theForsaken:PlagueMask":3,"beaked:BlessedCoat":32,"Pet Ghost":13,"Sozu":21,"Dream Catcher":38,"FaceOfCleric":16,"aspiration:BabyByrd":16,"StuffTheSpire:HeavyRock":20,"aspiration:Headhunter":22,"Replay:Winged Headress":4,"InkBottle":27,"Replay:Bottled Steam":36,"MerchantsRug":2,"NeowsBlessing":0,"Happy Flower":5,"Oddly Smooth Stone":9,"Pen Nib":18,"hubris:HollowSoul":22,"infinitespire:Lucky Rock":3,"hubris:Zylophone":16,"infinitespire:EvilPickle":41,"Shuriken":17,"Bird Faced Urn":25,"CultistMask":16,"Runesmith:AutoHammer":28,"beaked:MendingPlumage":0},{"Regal Pillow":70,"aspiration:Lifesprig":93,"Lantern":182,"Blue Doll":3,"StuffTheSpire:EmeraldSignet":84,"Replay:Mystery Machine":174,"theForsaken:PlagueMask":3,"beaked:BlessedCoat":142,"Pet Ghost":70,"Sozu":104,"Dream Catcher":163,"FaceOfCleric":76,"aspiration:BabyByrd":76,"StuffTheSpire:HeavyRock":93,"aspiration:Headhunter":109,"Replay:Winged Headress":13,"InkBottle":125,"Replay:Bottled Steam":157,"MerchantsRug":2,"NeowsBlessing":0,"Happy Flower":20,"Oddly Smooth Stone":49,"Pen Nib":84,"hubris:HollowSoul":109,"infinitespire:Lucky Rock":3,"hubris:Zylophone":76,"infinitespire:EvilPickle":174,"Shuriken":78,"Bird Faced Urn":117,"CultistMask":76,"Runesmith:AutoHammer":127,"beaked:MendingPlumage":0}],"InkBottle":[33]},"card_choices":[{"not_picked":["beaked:StunningBlow","beaked:Tradeoff"],"picked":"beaked:WarriorSpirit","floor":1},{"not_picked":["beaked:TuckingFeathers","beaked:Daydream"],"picked":"beaked:Overpower","floor":2},{"not_picked":["beaked:Cower","ReplayTheSpireMod:RavenHex"],"picked":"beaked:Evade","floor":7},{"not_picked":["beaked:Insight","beaked:Flinch"],"picked":"beaked:CrazyRituals","floor":8},{"not_picked":["beaked:Resilience","beaked:CheekyTricks","beaked:Brace"],"picked":"SKIP","floor":10},{"not_picked":["beaked:Resilience","beaked:Struggle","beaked:Windmill"],"picked":"SKIP","floor":12},{"not_picked":["beaked:Mantra","beaked:Poke"],"picked":"beaked:MimicWarrior","floor":13},{"not_picked":["ReplayTheSpireMod:Owlgaze","beaked:DarkPact"],"picked":"beaked:KnowThyFoe","floor":18},{"not_picked":["beaked:Insight","beaked:Resilience"],"picked":"beaked:Foresight","floor":20},{"not_picked":["beaked:SacrificialDive","beaked:DigDeep","beaked:CursingBlood"],"picked":"SKIP","floor":22},{"not_picked":["beaked:Foresight","beaked:Redirect"],"picked":"beaked:VigorBurst+1","floor":24},{"not_picked":["beaked:Negation+1","beaked:MimicHuntress","beaked:DigDeeper"],"picked":"SKIP","floor":25},{"not_picked":["beaked:Tweet","beaked:Windmill"],"picked":"beaked:CrazyRituals","floor":26},{"not_picked":["ReplayTheSpireMod:RavenHex+1","beaked:TuckingFeathers","beaked:MimicWarrior"],"picked":"SKIP","floor":27},{"not_picked":["beaked:RuinSticks","beaked:Resilience"],"picked":"beaked:ScreechingChant","floor":29},{"not_picked":["beaked:DigDeeper","beaked:BarbedWire+1","beaked:TuckingFeathers"],"picked":"SKIP","floor":30},{"not_picked":["beaked:SurvivalInstinct+1","beaked:BloodRitual","beaked:BloodForTheGods+1"],"picked":"SKIP","floor":32},{"not_picked":["beaked:Resilience","beaked:Insight","beaked:DesperateSwing"],"picked":"SKIP","floor":33},{"not_picked":["beaked:SacrificialScars","beaked:LiftOff"],"picked":"beaked:KnowThyFoe","floor":35},{"not_picked":["beaked:Roost+1","beaked:Brace","beaked:SurvivalInstinct"],"picked":"SKIP","floor":37},{"not_picked":["beaked:Windmill+1","beaked:WarriorEssence+1"],"picked":"beaked:Evade","floor":38},{"not_picked":["beaked:TuckingFeathers+1","beaked:WarriorEssence","beaked:Insight+1"],"picked":"SKIP","floor":39},{"not_picked":["beaked:Brace","beaked:Cower","beaked:BraceForImpact"],"picked":"SKIP","floor":41},{"not_picked":["beaked:WarriorEssence+1","beaked:TuckingFeathers+1"],"picked":"beaked:FeelMyPain+1","floor":42},{"not_picked":["beaked:Struggle","beaked:Tweet","beaked:SurvivalInstinct"],"picked":"SKIP","floor":43},{"not_picked":["beaked:Poke","beaked:Evade","beaked:Foresight"],"picked":"SKIP","floor":44},{"not_picked":["beaked:MaddeningMurmurs","beaked:Roost+1","beaked:HuntressEssence"],"picked":"SKIP","floor":48},{"not_picked":["beaked:SurvivalInstinct","beaked:CheekyTricks"],"picked":"beaked:StickSmack","floor":56}],"player_experience":89993,"relics_obtained":[{"floor":7,"key":"hubris:Zylophone"},{"floor":8,"key":"Shuriken"},{"floor":10,"key":"StuffTheSpire:EmeraldSignet"},{"floor":11,"key":"Pen Nib"},{"floor":17,"key":"StuffTheSpire:HeavyRock"},{"floor":25,"key":"Bird Faced Urn"},{"floor":28,"key":"InkBottle"},{"floor":29,"key":"Runesmith:AutoHammer"},{"floor":40,"key":"Replay:Bottled Steam"},{"floor":42,"key":"Dream Catcher"},{"floor":48,"key":"Replay:Mystery Machine"},{"floor":56,"key":"Lantern"}],"event_choices":[{"damage_healed":0,"gold_gain":0,"player_choice":"Trade","damage_taken":0,"relics_obtained":["FaceOfCleric"],"max_hp_gain":0,"max_hp_loss":0,"event_name":"FaceTrader","floor":3,"gold_loss":0},{"damage_healed":13,"gold_gain":0,"player_choice":"Healed","damage_taken":0,"max_hp_gain":0,"max_hp_loss":0,"event_name":"The Cleric","floor":16,"gold_loss":35},{"cards_removed":["beaked:CrazyRituals"],"damage_healed":0,"gold_gain":0,"player_choice":"Give","damage_taken":0,"max_hp_gain":0,"max_hp_loss":0,"event_name":"betterNote:BetterNote","floor":23,"gold_loss":0,"cards_obtained":["blackbeard:IntimidatingStrike"]},{"damage_healed":0,"gold_gain":0,"player_choice":"Embrace Madness","damage_taken":10,"max_hp_gain":0,"max_hp_loss":0,"event_name":"Winding Halls","floor":50,"gold_loss":0,"cards_obtained":["Madness","Madness"]}],"is_beta":false,"boss_relics":[{"not_picked":["Coffee Dripper","conspire:SeveredTorchhead"],"picked":"Sozu"},{"not_picked":["Tiny House","Velvet Choker"],"picked":"beaked:BlessedCoat"}],"items_purged_floors":[15,47],"is_endless":false,"potions_floor_spawned":[1,2,12,13,20,22,26,29,33,35,38,43,44,56],"ascension_level":0}}