{"host":"bw00wb7p5bw58om7","time":1611691203,"event":{"mods":["100% Spire Juice","Act Like it!","BaseMod","Better Third Choice","CapriCore","Chen","Downfall","Gensokyo","Koishi","KomeijiMod","Marisa????????","Minty Spire (QoL Compilation)","Onozuka Komachi Mod","Permanent Neow","Prisma Mod","Reimu??????","Remilia??????","StSLib","The Administrix","The Immortal","The Senshi","The Servant 0.9.4","Yakumo Yukari mod"],"gold_per_floor":[113,113,131,131,142,172,172,172,172,172,24,56,76,90,90,190,190,205,216,216,231,231,231],"floor_reached":22,"language":"ENG","playtime":1019,"items_purged":[],"score":196,"play_id":"384a42a8-4106-40a2-b281-d984b9c3b223","local_time":"20210126200003","is_ascension_mode":false,"campfire_choices":[{"data":"TimeWarp","floor":8,"key":"SMITH"},{"data":"ShatteredReality","floor":10,"key":"SMITH"},{"data":"Duplication","floor":15,"key":"SMITH"}],"circlet_count":0,"master_deck":["Strike_S","Strike_S","Strike_S","Strike_S","Defend_S","Defend_S","Defend_S","Defend_S","KidneyShot","Exchange","Rewind","Defy","ShatteredReality+1","TimeWarp+1","Ricochet","Replace","InstantArmor","Duplication+1","Rewind","TrueSight","Potential","TimeTheft","FastForward"],"relics":["SplendidAttire","NeowsBlessing","Letter Opener","Eternal Feather","Orichalcum","HandDrill","Nunchaku","Gensokyo:RedStar"],"acts_visited":["Gensokyo:Gensokyo","Gensokyo:Gensokyoer"],"potions_floor_usage":[],"damage_taken":[{"damage":0,"enemies":"Gensokyo:Python","floor":1,"turns":1},{"damage":0,"enemies":"Gensokyo:3_Fairies","floor":3,"turns":2},{"damage":0,"enemies":"Gensokyo:2_Kodama","floor":5,"turns":1},{"damage":6,"enemies":"Gensokyo:Cirno","floor":6,"turns":5},{"damage":11,"enemies":"Gensokyo:Aya","floor":12,"turns":5},{"damage":0,"enemies":"Gensokyo:Kitsune","floor":13,"turns":2},{"damage":0,"enemies":"Gensokyo:Python_and_Kodama","floor":14,"turns":2},{"damage":32,"enemies":"Gensokyo:Kokoro","floor":16,"turns":11},{"damage":7,"enemies":"Gensokyo:3_Dogs","floor":18,"turns":4},{"damage":0,"enemies":"Gensokyo:Chomper","floor":19,"turns":4},{"damage":27,"enemies":"Gensokyo:Slime_Group","floor":21,"turns":5},{"damage":33,"enemies":"Gensokyo:Mirror_and_Dog","floor":22,"turns":2}],"seed_played":"1306871284523084680","potions_obtained":[{"floor":3,"key":"GamblersBrew"},{"floor":6,"key":"Energy Potion"}],"is_trial":false,"path_per_floor":["M","?","M","?","M","E","?","R","T","R","COS","E","M","M","R","B",null,"M","M","?","M","M"],"character_chosen":"THE_SERVANT","items_purchased":[],"campfire_rested":0,"item_purchase_floors":[],"current_hp_per_floor":[65,65,65,65,65,59,59,65,65,65,65,54,54,54,63,31,65,58,58,58,31,0,0],"gold":231,"neow_bonus":"THREE_ENEMY_KILL","is_daily":false,"chose_seed":false,"campfire_upgraded":3,"win_rate":0.0,"timestamp":1611691203,"path_taken":["M","?","M","?","M","E","?","R","T","R","COS","E","M","M","R","BOSS","M","M","?","M","?"],"items_purchased_type":[],"build_version":"2020-12-22","purchased_purges":0,"victory":false,"max_hp_per_floor":[65,65,65,65,65,65,65,65,65,65,65,65,65,65,65,65,65,65,65,65,65,65,65],"card_choices":[{"not_picked":["FastForward","Advance"],"picked":"Rewind","floor":1},{"not_picked":["Deadline","StarChef"],"picked":"Defy","floor":2},{"not_picked":["Potential","Rewind"],"picked":"ShatteredReality","floor":2},{"not_picked":["Replace","Comet"],"picked":"TimeWarp","floor":3},{"not_picked":["BottledTime","Spin"],"picked":"Ricochet","floor":5},{"not_picked":["Rewind","Revamp"],"picked":"Replace","floor":6},{"not_picked":["Revamp","Starlight"],"picked":"InstantArmor","floor":12},{"not_picked":["Desolation","Ricochet"],"picked":"Duplication","floor":13},{"not_picked":["DualDimension","Read"],"picked":"Rewind","floor":14},{"not_picked":["MurderousAura","SoulSculpture"],"picked":"TrueSight","floor":16},{"not_picked":["Starlight","BottledTime"],"picked":"Potential","floor":18},{"not_picked":["Gouge","RealityMarble+1"],"picked":"TimeTheft","floor":19},{"not_picked":["Defy+1","RealityMarble+1"],"picked":"FastForward","floor":21}],"player_experience":287507,"relics_obtained":[{"floor":6,"key":"Eternal Feather"},{"floor":9,"key":"Orichalcum"},{"floor":12,"key":"Nunchaku"}],"event_choices":[],"is_beta":false,"boss_relics":[{"not_picked":["RedLine:ReiMu","bronze:MakeshiftBattery"],"picked":"SplendidAttire"}],"items_purged_floors":[],"is_endless":false,"potions_floor_spawned":[3,6],"killed_by":"Gensokyo:Mirror_and_Dog","ascension_level":0}}