{"host":"k7udt7atmcuzf6l0","time":1611651118,"event":{"mods":["AchievementEnabler","BaseMod","Colored Map","Colored Powertips","Highlight Path","Minty Spire (QoL Compilation)","Quick Restart","Rare Cards Sparkle","StSLib","UnlockEverythingMod"],"gold_per_floor":[119,137,152,152,152,184,201,201,201,201,166,5,19,19,19,114,164,183,0,14,14,284,284,303,303,353,353,366,366,389,433,433,433,433],"floor_reached":33,"language":"ZHS","playtime":759,"items_purged":[],"score":290,"play_id":"09c4cb34-066b-460e-a608-a93a50973b6a","local_time":"20210126165158","is_ascension_mode":false,"campfire_choices":[{"data":"Shockwave","floor":8,"key":"SMITH"},{"data":"Spot Weakness","floor":10,"key":"SMITH"},{"data":"Armaments","floor":15,"key":"SMITH"},{"data":"Dual Wield","floor":23,"key":"SMITH"},{"data":"Infernal Blade","floor":25,"key":"SMITH"},{"data":"Seeing Red","floor":27,"key":"SMITH"},{"data":"Inflame","floor":29,"key":"SMITH"},{"floor":32,"key":"REST"}],"circlet_count":0,"master_deck":["Strike_R+1","Strike_R","Strike_R","Strike_R","Strike_R","Defend_R","Defend_R+1","Defend_R","Bash","Pommel Strike","Shockwave+1","Spot Weakness+1","Clash","Rampage","Inflame+1","Dual Wield+1","Armaments+1","Dropkick+1","Feed","Sword Boomerang+1","Infernal Blade+1","Seeing Red+1","Flex+1","Clash"],"relics":["Burning Blood","Vajra","Happy Flower","InkBottle","Toy Ornithopter","Tiny House","PreservedInsect","CeramicFish","Mercury Hourglass"],"acts_visited":["Exordium","TheCity"],"potions_floor_usage":[13,18,24,24,31,31,31],"damage_taken":[{"damage":6,"enemies":"Cultist","floor":1,"turns":3},{"damage":8,"enemies":"Small Slimes","floor":2,"turns":3},{"damage":8,"enemies":"Jaw Worm","floor":3,"turns":3},{"damage":12,"enemies":"Gremlin Nob","floor":6,"turns":4},{"damage":5,"enemies":"Looter","floor":7,"turns":2},{"damage":0,"enemies":"Exordium Wildlife","floor":13,"turns":3},{"damage":17,"enemies":"Slime Boss","floor":16,"turns":6},{"damage":7,"enemies":"Shell Parasite","floor":18,"turns":3},{"damage":22,"enemies":"2 Thieves","floor":20,"turns":3},{"damage":18,"enemies":"3 Cultists","floor":24,"turns":7},{"damage":4,"enemies":"Snecko","floor":28,"turns":4},{"damage":24,"enemies":"Snake Plant","floor":30,"turns":4},{"damage":45,"enemies":"Book of Stabbing","floor":31,"turns":4},{"damage":46,"enemies":"Collector","floor":33,"turns":4}],"seed_played":"5528945938168133593","potions_obtained":[{"floor":1,"key":"Ancient Potion"},{"floor":2,"key":"Block Potion"},{"floor":6,"key":"Weak Potion"},{"floor":16,"key":"DuplicationPotion"},{"floor":17,"key":"Dexterity Potion"},{"floor":20,"key":"Fire Potion"},{"floor":24,"key":"Explosive Potion"},{"floor":30,"key":"Ancient Potion"}],"is_trial":false,"path_per_floor":["M","M","M","?","?","E","M","R","T","R","?","$","M","?","R","B",null,"M","$","M","$","?","R","M","R","T","R","M","R","M","E","R","B"],"character_chosen":"IRONCLAD","items_purchased":["Inflame","Dual Wield","Armaments","PreservedInsect","Infernal Blade"],"campfire_rested":1,"item_purchase_floors":[12,12,12,19,19],"current_hp_per_floor":[80,78,76,60,48,42,43,43,43,43,63,63,74,74,74,63,85,88,88,75,75,48,48,46,46,46,46,51,51,33,12,41,0,0],"gold":433,"neow_bonus":"RANDOM_COMMON_RELIC","is_daily":false,"chose_seed":false,"campfire_upgraded":7,"win_rate":0.0,"timestamp":1611651118,"path_taken":["M","M","?","?","?","E","M","R","T","R","?","$","?","?","R","BOSS","M","$","M","?","?","R","?","R","T","R","M","R","M","E","R","BOSS"],"items_purchased_type":["Card","Card","Card","Relic","Card"],"build_version":"2020-12-22","purchased_purges":0,"victory":false,"max_hp_per_floor":[80,80,80,80,80,80,80,80,80,80,80,80,80,80,80,80,85,88,88,91,91,91,91,91,91,91,91,94,94,94,97,97,97,97],"card_choices":[{"not_picked":["True Grit","Combust"],"picked":"Pommel Strike","floor":1},{"not_picked":["Clothesline","Thunderclap"],"picked":"Shockwave","floor":2},{"not_picked":["Clash","Wild Strike"],"picked":"Spot Weakness","floor":3},{"not_picked":["Warcry","Feed"],"picked":"Clash","floor":6},{"not_picked":["Warcry","Iron Wave"],"picked":"Rampage","floor":7},{"not_picked":["Rupture","Uppercut"],"picked":"Dropkick","floor":13},{"not_picked":["Barricade","Juggernaut"],"picked":"Feed","floor":16},{"not_picked":["Hemokinesis","Havoc"],"picked":"Sword Boomerang+1","floor":18},{"not_picked":["Pommel Strike","Body Slam"],"picked":"Seeing Red","floor":20},{"not_picked":["Iron Wave","Wild Strike+1","Shockwave"],"picked":"SKIP","floor":24},{"not_picked":["Clothesline","Rupture","Power Through"],"picked":"SKIP","floor":28},{"not_picked":["Seeing Red+1","Power Through+1"],"picked":"Flex+1","floor":30},{"not_picked":["Pommel Strike","Reckless Charge"],"picked":"Clash","floor":31}],"player_experience":6776,"relics_obtained":[{"floor":6,"key":"InkBottle"},{"floor":9,"key":"Toy Ornithopter"},{"floor":26,"key":"CeramicFish"},{"floor":31,"key":"Mercury Hourglass"}],"event_choices":[{"damage_healed":0,"gold_gain":0,"player_choice":"Entered Light","damage_taken":16,"max_hp_gain":0,"max_hp_loss":0,"event_name":"Shining Light","floor":4,"gold_loss":0,"cards_upgraded":["Strike_R","Defend_R"]},{"damage_healed":0,"gold_gain":0,"player_choice":"Success","damage_taken":12,"relics_obtained":["Happy Flower"],"max_hp_gain":0,"max_hp_loss":0,"event_name":"Scrap Ooze","floor":5,"gold_loss":0},{"damage_healed":20,"gold_gain":0,"player_choice":"Healed","damage_taken":0,"max_hp_gain":0,"max_hp_loss":0,"event_name":"The Cleric","floor":11,"gold_loss":35},{"cards_removed":["Defend_R"],"damage_healed":0,"gold_gain":0,"player_choice":"Offered Basic","damage_taken":0,"max_hp_gain":0,"max_hp_loss":0,"event_name":"Bonfire Elementals","floor":14,"gold_loss":0},{"damage_healed":0,"gold_gain":270,"player_choice":"GOLD GOLD GOLD ","damage_taken":27,"max_hp_gain":0,"max_hp_loss":0,"event_name":"Knowing Skull","floor":22,"potions_obtained":[],"gold_loss":0,"cards_obtained":[]}],"is_beta":false,"boss_relics":[{"not_picked":["Busted Crown","Black Blood"],"picked":"Tiny House"}],"items_purged_floors":[],"is_endless":false,"potions_floor_spawned":[1,2,6,16,20,24,30],"killed_by":"Collector","ascension_level":0}}