{"host":"6q94iy5iz6612v89","time":1611705556,"event":{"mods":["2.2 Compatiblity","AchievementEnabler","BaseMod","Colored Map","DeckTracker","Keyboard Shortcuts","Marisa£¨Ùöéë¡¡Øª×âÞÞ£©","Minty Spire (QoL Compilation)","Permanent Neow","StSLib","SuperFastMode"],"gold_per_floor":[117,37,112,112,112,112,140,155,182,212,228,43,78,90,90,195,195,206,206,225,225,165,165,179,210,210,210,62,62,78,108,108,203,253,263,277,277,173,173,173,227,227,227,246,257,274,306,318,318,318,318,318,111,142,142,142],"floor_reached":55,"language":"KOR","playtime":1434,"items_purged":["Strike_MRS","Strike_MRS","UpSweep"],"score":1245,"play_id":"3200a61e-58a4-41c3-9c48-411923934a92","local_time":"20210127085916","is_ascension_mode":true,"campfire_choices":[{"data":"AlicesGift","floor":6.0,"key":"SMITH"},{"data":"MilkyWay","floor":15.0,"key":"SMITH"},{"data":"AbsoluteMagnitude","floor":23.0,"key":"SMITH"},{"data":"MilkyWay","floor":27.0,"key":"SMITH"},{"data":"EnergyFlow","floor":29.0,"key":"SMITH"},{"floor":32.0,"key":"RECALL"},{"data":"EnergyFlow","floor":40.0,"key":"SMITH"},{"data":"GalacticHalo","floor":42.0,"key":"SMITH"},{"floor":49,"key":"DIG"},{"floor":52,"key":"DIG"}],"circlet_count":0,"master_deck":["AscendersBane","Defend_MRS+1","Defend_MRS","Defend_MRS","MasterSpark+1","AlicesGift+1","EnergyRecoil","MilkyWay+1","NonDirectionalLaser","GalacticHalo","EnergyFlow+1","AbsoluteMagnitude+1","MilkyWay+1","GalacticHalo+1","PowerUp+1","PowerUp+1","ChargingUp+1","AsteroidBelt+1","EarthLightRay+1","MagicAbsorber+1","ChargeUpSpray+1","EnergyFlow+1","SprinkleStarSeal+1","MilkyWay+1","GalacticHalo+1"],"relics":["MiniHakkero","NeowsBlessing","SproutingBranch","PreservedInsect","Calipers","Membership Card","Anchor","Coffee Dripper","Mercury Hourglass","Toxic Egg 2","Orrery","Regal Pillow","Tiny House","Shovel","Singing Bowl","Gremlin Horn","Shuriken","Pen Nib","Happy Flower","Vajra"],"acts_visited":["Exordium","TheCity","TheBeyond","TheEnding"],"potions_floor_usage":[45,46,54,55],"damage_taken":[{"damage":0.0,"enemies":"2 Louse","floor":1.0,"turns":1.0},{"damage":0.0,"enemies":"Lagavulin","floor":7.0,"turns":1.0},{"damage":0.0,"enemies":"Small Slimes","floor":8.0,"turns":1.0},{"damage":32.0,"enemies":"Gremlin Nob","floor":10.0,"turns":4.0},{"damage":0.0,"enemies":"Cultist","floor":11.0,"turns":3.0},{"damage":2.0,"enemies":"Lagavulin","floor":13.0,"turns":5.0},{"damage":0.0,"enemies":"2 Fungi Beasts","floor":14.0,"turns":3.0},{"damage":30.0,"enemies":"Hexaghost","floor":16.0,"turns":6.0},{"damage":9.0,"enemies":"Shell Parasite","floor":18.0,"turns":4.0},{"damage":22.0,"enemies":"2 Thieves","floor":20.0,"turns":4.0},{"damage":10.0,"enemies":"Cultist and Chosen","floor":24.0,"turns":6.0},{"damage":1.0,"enemies":"Gremlin Leader","floor":25.0,"turns":3.0},{"damage":9.0,"enemies":"Centurion and Healer","floor":30.0,"turns":6.0},{"damage":3.0,"enemies":"Slavers","floor":31.0,"turns":5.0},{"damage":44.0,"enemies":"Collector","floor":33.0,"turns":7.0},{"damage":0.0,"enemies":"Orb Walker","floor":35.0,"turns":3.0},{"damage":21.0,"enemies":"3 Darklings","floor":36.0,"turns":6.0},{"damage":28.0,"enemies":"2 Orb Walkers","floor":41.0,"turns":3.0},{"damage":12,"enemies":"Writhing Mass","floor":44,"turns":4},{"damage":20,"enemies":"Transient","floor":45,"turns":5},{"damage":18,"enemies":"Spire Growth","floor":46,"turns":4},{"damage":0,"enemies":"Giant Head","floor":47,"turns":5},{"damage":1,"enemies":"Maw","floor":48,"turns":5},{"damage":56,"enemies":"Awakened One","floor":50,"turns":8},{"damage":23,"enemies":"Shield and Spear","floor":54,"turns":4},{"damage":78,"enemies":"The Heart","floor":55,"turns":8}],"seed_played":"-2069481066914000702","potions_obtained":[{"floor":8.0,"key":"Swift Potion"},{"floor":10.0,"key":"Ancient Potion"},{"floor":11.0,"key":"BlessingOfTheForge"},{"floor":14.0,"key":"PowerPotion"},{"floor":20.0,"key":"AttackPotion"},{"floor":24.0,"key":"BlessingOfTheForge"},{"floor":31.0,"key":"Explosive Potion"},{"floor":34.0,"key":"EssenceOfSteel"},{"floor":45,"key":"BlessingOfTheForge"},{"floor":46,"key":"Dexterity Potion"},{"floor":47,"key":"DuplicationPotion"}],"is_trial":false,"path_per_floor":["M","$","?","?","?","R","E","M","T","E","M","$","E","M","R","B",null,"M","?","M","?","?","R","M","E","T","R","$","R","M","E","R","B",null,"M","M","?","$","?","R","?","R","T","M","M","M","E","M","R","B",null,"R","$","E","B"],"character_chosen":"MARISA","items_purchased":["AlicesGift","Membership Card","PowerUp+1","Orrery","SprinkleStarSeal+1","Pen Nib","Happy Flower","StarNLove"],"campfire_rested":0,"item_purchase_floors":[2,12,28,28,38,53,53,53],"current_hp_per_floor":[68,68,57,57,57,57,57,57,57,37,46,46,58,67,67,51,69,66,66,56,56,56,56,61,69,69,69,69,69,75,74,74,41,72,80,65,65,65,65,65,48,48,48,54,55,55,77,77,77,28,66,66,66,57,0,0],"gold":142,"neow_bonus":"THREE_ENEMY_KILL","is_daily":false,"chose_seed":false,"campfire_upgraded":7,"win_rate":0.0,"timestamp":1611705556,"path_taken":["M","$","?","?","?","R","E","?","T","E","M","$","E","M","R","BOSS","M","?","M","?","?","R","M","E","T","R","$","R","?","E","R","BOSS","M","M","?","$","?","R","?","R","T","M","?","M","E","M","R","BOSS","R","$","E","BOSS"],"items_purchased_type":["Card","Relic","Card","Relic","Card","Relic","Relic","Potion"],"build_version":"2020-12-22","purchased_purges":3,"victory":false,"max_hp_per_floor":[75,75,75,75,75,75,75,75,75,75,75,75,75,75,75,75,75,75,75,75,75,75,75,75,75,75,75,75,75,75,75,75,75,80,80,80,80,80,76,76,76,76,76,76,76,76,78,78,78,78,78,78,78,80,80,80],"card_choices":[{"not_picked":["SporeBomb","6A","WitchLeyline"],"picked":"SKIP","floor":1.0},{"not_picked":["GravityBeat","WitchOfGreed"],"picked":"EnergyRecoil","floor":7.0},{"not_picked":["SporeBomb","Acceleration","GrandCross"],"picked":"SKIP","floor":8.0},{"not_picked":["EscapeVelocity","MeteoricShower"],"picked":"MilkyWay","floor":10.0},{"not_picked":["DoubleSpark","DragonMeteor"],"picked":"NonDirectionalLaser","floor":11.0},{"not_picked":["WitchOfGreed","StarDustReverie"],"picked":"GalacticHalo","floor":13.0},{"not_picked":["MysteriousBeam","DarkSpark"],"picked":"EnergyFlow","floor":14.0},{"not_picked":["SuperNova","UltimateShortwave"],"picked":"AbsoluteMagnitude","floor":16.0},{"not_picked":["ShootingEcho","WitchLeyline","UnstableBomb"],"picked":"SKIP","floor":18.0},{"not_picked":["AsteroidBelt","DC","WitchOfGreed"],"picked":"SKIP","floor":20.0},{"not_picked":["DarkSpark","MachineGunSpark"],"picked":"GalacticHalo","floor":24.0},{"not_picked":["6A","OrrerysSun","WitchOfGreed"],"picked":"SKIP","floor":25.0},{"not_picked":["DarkSpark","MeteoricShower+1"],"picked":"PowerUp+1","floor":28.0},{"not_picked":["GalacticHalo+1","BigCrunch+1"],"picked":"ChargingUp+1","floor":28.0},{"not_picked":["WitchLeyline+1","WitchOfGreed"],"picked":"AsteroidBelt+1","floor":28.0},{"not_picked":["Acceleration+1","MaximisePower+1"],"picked":"EarthLightRay+1","floor":28.0},{"not_picked":["MysteriousBeam","WitchOfGreed"],"picked":"MagicAbsorber+1","floor":30.0},{"not_picked":["Acceleration+1","MysteriousBeam"],"picked":"ChargeUpSpray+1","floor":31.0},{"not_picked":["PowerUp+1","Singularity"],"picked":"EnergyFlow","floor":35.0},{"not_picked":["OrrerysSun+1","MysteriousBeam+1","Occultation+1"],"picked":"SKIP","floor":36.0},{"not_picked":["FairyDestructionRay","DC+1"],"picked":"MilkyWay+1","floor":44},{"not_picked":["ShootingEcho+1","DragonMeteor+1","NonDirectionalLaser+1"],"picked":"SKIP","floor":45},{"not_picked":["MaximisePower+1","ShootTheMoon","NonDirectionalLaser"],"picked":"SKIP","floor":46},{"not_picked":["SatelliteIllusion","OneTimeOff+1","JA"],"picked":"Singing Bowl","floor":47},{"not_picked":["MeteoricShower","SuperPerseids+1"],"picked":"GalacticHalo+1","floor":48},{"not_picked":["ShootingEcho","NonDirectionalLaser","MeteoricShower+1"],"picked":"Singing Bowl","floor":54}],"player_experience":1503897,"relics_obtained":[{"floor":7.0,"key":"SproutingBranch"},{"floor":9.0,"key":"PreservedInsect"},{"floor":10.0,"key":"Calipers"},{"floor":13.0,"key":"Anchor"},{"floor":25.0,"key":"Mercury Hourglass"},{"floor":26.0,"key":"Toxic Egg 2"},{"floor":31.0,"key":"Regal Pillow"},{"floor":41.0,"key":"Shovel"},{"floor":47,"key":"Singing Bowl"},{"floor":49,"key":"Gremlin Horn"},{"floor":52,"key":"Shuriken"},{"floor":54,"key":"Vajra"}],"event_choices":[{"damage_healed":0.0,"max_hp_gain":0.0,"max_hp_loss":0.0,"gold_gain":75.0,"event_name":"World of Goop","player_choice":"Gather Gold","floor":3.0,"gold_loss":0.0,"damage_taken":11.0},{"cards_removed":["Strike_MRS"],"damage_healed":0.0,"max_hp_gain":0.0,"max_hp_loss":0.0,"gold_gain":0.0,"event_name":"Living Wall","player_choice":"Forget","floor":4.0,"gold_loss":0.0,"damage_taken":0.0},{"damage_healed":0.0,"max_hp_gain":0.0,"max_hp_loss":0.0,"gold_gain":0.0,"event_name":"Upgrade Shrine","player_choice":"Upgraded","floor":5.0,"gold_loss":0.0,"damage_taken":0.0,"cards_upgraded":["MasterSpark"]},{"damage_healed":0.0,"max_hp_gain":0.0,"max_hp_loss":0.0,"gold_gain":0.0,"event_name":"The Library","player_choice":"Read","floor":19.0,"gold_loss":0.0,"damage_taken":0.0,"cards_obtained":["MilkyWay"]},{"damage_healed":0.0,"max_hp_gain":0.0,"max_hp_loss":0.0,"gold_gain":0.0,"event_name":"Ghosts","player_choice":"Ignored","floor":21.0,"gold_loss":0.0,"damage_taken":0.0},{"cards_removed":["Strike_MRS"],"damage_healed":0.0,"max_hp_gain":0.0,"max_hp_loss":0.0,"gold_gain":0.0,"event_name":"Designer","player_choice":"Single Remove","floor":22.0,"gold_loss":60.0,"damage_taken":0.0},{"cards_removed":["Defend_MRS"],"damage_healed":0.0,"max_hp_gain":0.0,"max_hp_loss":0.0,"gold_gain":0.0,"event_name":"Falling","player_choice":"Removed Skill","floor":37.0,"gold_loss":0.0,"damage_taken":0.0},{"damage_healed":0.0,"max_hp_gain":0.0,"max_hp_loss":4.0,"gold_gain":0.0,"event_name":"Winding Halls","player_choice":"Max HP","floor":39.0,"gold_loss":0.0,"damage_taken":0.0},{"damage_healed":0.0,"max_hp_gain":0.0,"max_hp_loss":0.0,"gold_gain":0.0,"event_name":"Mysterious Sphere","player_choice":"Fight","floor":41.0,"gold_loss":0.0,"damage_taken":0.0}],"is_beta":false,"boss_relics":[{"not_picked":["Snecko Eye","Calling Bell"],"picked":"Coffee Dripper"},{"not_picked":["Philosopher\u0027s Stone","Sozu"],"picked":"Tiny House"}],"items_purged_floors":[12,28,38],"is_endless":false,"potions_floor_spawned":[8,10,11,14,20,24,31,41,45,46,47],"killed_by":"The Heart","ascension_level":12}}