{"host":"njo8qgvy2a57fcny","time":1611644969,"event":{"mods":["Aspiration","BaseMod","BetterRewards","CCEM","Colored Map","Colored Powertips","Conspire","Custom Start","Downfall","Energized Spire","GifTheSpireLib","Halation","Hermit","Hubris","Infinite Spire","Jedi Mod","Jorbs\u0027s Wanderer Trilogy","Mimic Mod","Minty Spire (QoL Compilation)","Quick Restart","Random Character Button","Random Character Mod","Rare Cards Sparkle","Relic Sorter","Replay The Spire","Shop Mod","StSLib","Stuff the Spire","The Animator","The Jungle","The Runesmith","The Servant 0.9.4","Unceasing Turn Reminder","thorton"],"gold_per_floor":[349,368,407,31,31,47,71,71,21,60,92,92,92,92],"floor_reached":12,"language":"ENG","playtime":730,"items_purged":["Slimebound:Defend_Slimebound"],"score":152,"play_id":"fb6bbb4f-5ca4-4505-9d07-9e2e9e8b9b48","local_time":"20210126180929","is_ascension_mode":true,"campfire_choices":[{"floor":1,"key":"RECALL"},{"data":"Slimebound:CorrosiveSpit","floor":8,"key":"SMITH"}],"circlet_count":0,"master_deck":["AscendersBane","Slimebound:Strike_Slimebound","Slimebound:Strike_Slimebound","Slimebound:Strike_Slimebound","Slimebound:Tackle","Slimebound:Defend_Slimebound","Slimebound:Defend_Slimebound","Slimebound:Defend_Slimebound","Slimebound:Split","Slimebound:CorrosiveSpit+1","Slimebound:LivingWall","Slimebound:SpikyOuterGoop","Slimebound:Nibble","Slimebound:Nibble","Slimebound:Equalize","Slimebound:MegaLick","Injury","Slimebound:Recollect+1","conspire:SpireCoStock+1","Slimebound:SplitLeeching+1","Slimebound:SlimeSpikes+1"],"relics":["Slimebound:AbsorbEndCombat","PreservedInsect","halation:LostSnail","Toxic Egg 2","CCEMRelics:JestersCrown","aspiration:HiddenCompartment"],"acts_visited":["Exordium"],"potions_floor_usage":[6,11],"damage_taken":[{"damage":8,"enemies":"2 Louse","floor":2,"turns":3},{"damage":34,"enemies":"conspire:MimicChest","floor":3,"turns":8},{"damage":0,"enemies":"downfall:FleeingMerchant","floor":4,"turns":4},{"damage":11,"enemies":"Small Slimes","floor":6,"turns":2},{"damage":22,"enemies":"3 Sentries","floor":10,"turns":7},{"damage":2,"enemies":"Jaw Worm","floor":11,"turns":5},{"damage":37,"enemies":"Gremlin Nob","floor":12,"turns":3}],"seed_played":"-6001241959739243134","potions_obtained":[{"floor":2,"key":"sneckomod:MuddlingPotion"},{"floor":10,"key":"Elixir"}],"is_trial":false,"path_per_floor":["R","M","?","$","?","M","T","R","?","E","M","E"],"character_chosen":"SLIMEBOUND","items_purchased":["Slimebound:Nibble","Slimebound:Equalize","Slimebound:MegaLick","halation:LostSnail"],"campfire_rested":0,"item_purchase_floors":[4,4,4,4],"current_hp_per_floor":[53,47,19,25,25,22,22,22,22,8,16,0,0,0],"gold":92,"neow_bonus":"TWO_FIFTY_GOLD","is_daily":false,"chose_seed":false,"campfire_upgraded":1,"win_rate":0.0,"timestamp":1611644969,"path_taken":["R","M","?","$","?","M","T","R","?","E","M","E"],"items_purchased_type":["Card","Card","Card","Relic"],"build_version":"2020-12-22","purchased_purges":1,"victory":false,"max_hp_per_floor":[54,54,54,54,54,54,54,54,54,54,54,54,54,54],"card_choices":[{"not_picked":["Slimebound:PressTheAttack","Slimebound:RollThrough"],"picked":"Slimebound:LivingWall","floor":2},{"not_picked":["Slimebound:HauntingLick","Slimebound:LeechEnergy"],"picked":"Slimebound:SpikyOuterGoop","floor":3},{"not_picked":["Slimebound:SplitLeeching","Slimebound:SlimeBarrage"],"picked":"Slimebound:Nibble","floor":4},{"not_picked":["Slimebound:ProtectTheBoss","Slimebound:SamplingLick+1"],"picked":"Slimebound:Recollect+1","floor":6},{"not_picked":["Slimebound:HauntingLick+1","Slimebound:SlimeBarrage"],"picked":"Slimebound:SplitLeeching+1","floor":10},{"not_picked":["Slimebound:BestDefense","Slimebound:GoopTackle"],"picked":"Slimebound:SlimeSpikes+1","floor":11}],"player_experience":717765,"relics_obtained":[{"floor":3,"key":"PreservedInsect"},{"floor":7,"key":"CCEMRelics:JestersCrown"},{"floor":10,"key":"aspiration:HiddenCompartment"}],"event_choices":[{"damage_healed":0,"gold_gain":0,"player_choice":"Invest 1","damage_taken":0,"max_hp_gain":0,"max_hp_loss":0,"event_name":"conspire:Investor","floor":9,"gold_loss":0}],"is_beta":false,"boss_relics":[],"items_purged_floors":[4],"is_endless":false,"potions_floor_spawned":[2,10],"killed_by":"Gremlin Nob","ascension_level":20}}