{"host":"1u5b8mzv927aru3b","time":1611664463,"event":{"mods":["AchievementEnabler","BaseMod","Colored Map","Colored Powertips","Downfall","GifTheSpireLib","Googly Eyes","Minty Spire (QoL Compilation)","Quick Restart","Relic Sorter","StSLib","The IronCluck","Unceasing Turn Reminder"],"gold_per_floor":[99,119,133,153,166,197,197,197,217,235,235,248,248,276,290,393,393,293,310,235,249,249,259,259,273,273,273,273],"floor_reached":26,"language":"ENG","playtime":1222,"items_purged":["hexamod:Strike"],"score":224,"play_id":"ff4a8a85-d604-4294-8b3b-1736451d85af","local_time":"20210126163423","is_ascension_mode":false,"campfire_choices":[{"data":"hexamod:Sear","floor":1,"key":"SMITH"},{"floor":8,"key":"REST"},{"floor":11,"key":"REST"},{"data":"hexamod:SearingWound","floor":13,"key":"SMITH"},{"data":"hexamod:VolcanoVisage","floor":18,"key":"SMITH"}],"circlet_count":0,"master_deck":["hexamod:Strike","hexamod:Strike","hexamod:Strike","hexamod:Defend","hexamod:Defend","hexamod:Defend","hexamod:Defend","hexamod:Sear+1","hexamod:Float","hexamod:HeatMetal","hexamod:ExtraCrispy","hexamod:GhostflameBarrier","hexamod:SearingWound+1","hexamod:RainOfEmbers","hexamod:BurningTouch","hexamod:ThirdSeal","hexamod:ThermalTransfer","hexamod:ThermalTransfer","hexamod:SoulSteal","hexamod:InspiringFlames","hexamod:WildfireWeapon","hexamod:VolcanoVisage+1","hexamod:GhostflameBarrier","hexamod:EmpoweredFlame+1","Writhe","hexamod:SkipABeat"],"relics":["hexamod:SpiritBrand","Turnip","The Courier","Letter Opener","bronze:MakeshiftBattery","downfall:HeartBlessingGreen","InkBottle"],"acts_visited":["Exordium","TheCity"],"potions_floor_usage":[16,16,16,26,26],"damage_taken":[{"damage":1,"enemies":"2 Louse","floor":2,"turns":4},{"damage":3,"enemies":"Small Slimes","floor":3,"turns":4},{"damage":6,"enemies":"Jaw Worm","floor":4,"turns":4},{"damage":33,"enemies":"Gremlin Gang","floor":5,"turns":4},{"damage":19,"enemies":"Lagavulin","floor":6,"turns":7},{"damage":22,"enemies":"Exordium Thugs","floor":9,"turns":3},{"damage":3,"enemies":"3 Louse","floor":10,"turns":6},{"damage":7,"enemies":"Blue Slaver","floor":12,"turns":4},{"damage":13,"enemies":"3 Sentries","floor":14,"turns":7},{"damage":6,"enemies":"Red Slaver","floor":15,"turns":4},{"damage":4,"enemies":"IC_STATUS_ARCHETYPE","floor":16,"turns":6},{"damage":3,"enemies":"3 Byrds","floor":19,"turns":4},{"damage":0,"enemies":"downfall:FleeingMerchant","floor":20,"turns":4},{"damage":5,"enemies":"Chosen","floor":21,"turns":4},{"damage":15,"enemies":"Centurion and Healer","floor":23,"turns":5},{"damage":47,"enemies":"Sentry and Sphere","floor":25,"turns":6},{"damage":10,"enemies":"Chosen and Byrds","floor":26,"turns":3}],"seed_played":"4457346011368029987","potions_obtained":[{"floor":5,"key":"Swift Potion"},{"floor":9,"key":"hexamod:InfernoChargePotion"},{"floor":12,"key":"Ancient Potion"},{"floor":16,"key":"DistilledChaos"},{"floor":21,"key":"Weak Potion"},{"floor":23,"key":"hexamod:EctoCoolerPotion"}],"is_trial":false,"path_per_floor":["R","M","M","M","M","E","T","R","M","M","R","M","R","E","M","B",null,"R","M","$","M","?","M","T","M","M"],"character_chosen":"THE_SPIRIT","items_purchased":[],"campfire_rested":2,"item_purchase_floors":[],"current_hp_per_floor":[77,76,73,67,34,15,15,38,16,13,36,29,29,16,10,6,77,77,74,74,69,69,54,54,7,0,0,0],"gold":273,"neow_bonus":"TEN_PERCENT_HP_BONUS","is_daily":false,"chose_seed":false,"campfire_upgraded":3,"win_rate":0.0,"timestamp":1611664463,"path_taken":["R","M","M","M","M","E","T","R","M","M","R","M","R","E","M","BOSS","R","M","$","M","?","M","T","M","M"],"items_purchased_type":[],"build_version":"2020-12-22","purchased_purges":1,"victory":false,"max_hp_per_floor":[77,77,77,77,77,77,77,77,77,77,77,77,77,77,77,77,77,77,77,77,77,77,77,77,77,77,77,77],"card_choices":[{"not_picked":["hexamod:NightmareStrike","hexamod:ChargedBarrage"],"picked":"hexamod:HeatMetal","floor":2},{"not_picked":["hexamod:GhostShield","hexamod:RetreatToShadows"],"picked":"hexamod:ExtraCrispy","floor":3},{"not_picked":["hexamod:SkipABeat","hexamod:CatchUp"],"picked":"hexamod:GhostflameBarrier","floor":4},{"not_picked":["hexamod:SwordOfDarkness","hexamod:DynamicBlow"],"picked":"hexamod:SearingWound","floor":5},{"not_picked":["hexamod:TimeWarp","hexamod:BacktrackSmack"],"picked":"hexamod:RainOfEmbers","floor":6},{"not_picked":["hexamod:GhostOfSpireFuture","hexamod:InspiringFlames"],"picked":"hexamod:BurningTouch","floor":9},{"not_picked":["hexamod:Firestarter","hexamod:NecessarySacrifice"],"picked":"hexamod:ThirdSeal","floor":10},{"not_picked":["hexamod:TimeWarp","hexamod:NightmareGuise"],"picked":"hexamod:ThermalTransfer","floor":12},{"not_picked":["hexamod:GhostLash","hexamod:NightmareGuise"],"picked":"hexamod:ThermalTransfer","floor":12},{"not_picked":["hexamod:FastForward","hexamod:GhostLash","hexamod:ThirdSeal"],"picked":"SKIP","floor":14},{"not_picked":["hexamod:SpectersWail","hexamod:Firestarter"],"picked":"hexamod:SoulSteal","floor":15},{"not_picked":["hexamod:GhostOfSpireFuture","hexamod:FirstSeal"],"picked":"hexamod:InspiringFlames","floor":15},{"not_picked":["hexamod:SixthSeal","hexamod:TimeOfNeed"],"picked":"hexamod:WildfireWeapon","floor":16},{"not_picked":["hexamod:WildfireWeapon","hexamod:TimeOfNeed"],"picked":"hexamod:VolcanoVisage","floor":16},{"not_picked":["hexamod:BacktrackSmack","hexamod:NightmareStrike+1"],"picked":"hexamod:GhostflameBarrier","floor":19},{"not_picked":["hexamod:SecondSeal","hexamod:RadiantFlame"],"picked":"hexamod:EmpoweredFlame+1","floor":19},{"not_picked":["hexamod:SkipABeat","hexamod:DynamicBlow","hexamod:BacktrackSmack"],"picked":"SKIP","floor":20},{"not_picked":["hexamod:GhostShield+1","hexamod:SpectralAdrenaline","hexamod:FourthSeal"],"picked":"SKIP","floor":20},{"not_picked":["hexamod:Incineration","hexamod:NightmareStrike","hexamod:BacktrackSmack"],"picked":"SKIP","floor":21},{"not_picked":["hexamod:DynamicBlow","hexamod:ThermalTransfer","hexamod:GhostflameBarrier"],"picked":"SKIP","floor":23},{"not_picked":["hexamod:HeatMetal","hexamod:StepThrough"],"picked":"hexamod:SkipABeat","floor":25},{"not_picked":["hexamod:RainOfEmbers","hexamod:SpectersWail","hexamod:HeatMetal+1"],"picked":"SKIP","floor":25}],"player_experience":168600,"relics_obtained":[{"floor":6,"key":"Turnip"},{"floor":7,"key":"The Courier"},{"floor":14,"key":"Letter Opener"}],"event_choices":[],"is_beta":false,"boss_relics":[{"not_picked":["Snecko Eye","Calling Bell"],"picked":"bronze:MakeshiftBattery"}],"items_purged_floors":[20],"is_endless":false,"potions_floor_spawned":[5,9,12,14,16,21,23],"killed_by":"Chosen and Byrds","ascension_level":0}}