{"host":"uv5ws9rdk87e8i5k","time":1611622192,"event":{"mods":["AchievementEnabler","BaseMod","Colored Map","Minty Spire (QoL Compilation)","Permanent Neow","StSLib","SuperFastMode","The Animator","The Necromancer"],"gold_per_floor":[119,131,131,144,163,163,189,189,189,215,226,239,249,267,267,365,365,376,154,164,184,197,197,197,210,255,281,281,300,335,335,335,430,430,450,467,487,487,497,497,497],"floor_reached":40,"language":"ENG","playtime":1304,"items_purged":["Strike_W"],"score":672,"play_id":"3f159fa0-5fab-432a-a76c-04018b61b286","local_time":"20210125184952","is_ascension_mode":true,"campfire_choices":[{"data":"Summon_Death_Knight","floor":6.0,"key":"SMITH"},{"data":"Summon_Undead_Army","floor":15,"key":"SMITH"},{"data":"Summon_Vampire_Lady","floor":23,"key":"SMITH"},{"data":"Spectral_Walk","floor":28,"key":"SMITH"},{"data":"Grasp_Heart","floor":32,"key":"SMITH"}],"circlet_count":0,"master_deck":["Defend_W","Defend_W","Defend_W","Defend_W","Negative_Energy_Arrows","Bone_Wall","Summon_Death_Knight+1","Negative_Energy_Sphere","Negative_Energy_Burst","Negative_Energy_Arrows","Spectral_Walk+1","Bone_Prison+1","Summon_Undead_Army+1","Summon_Vampire_Lady+1","Necrotic_Claws","Stop_Heart","Bite","Bite","Bite","Bite","Bite","Grasp_Heart+1","Parasite"],"relics":["Vampire_Amulet","Happy Flower","Bronze Scales","Meat on the Bone","Philosopher\u0027s Stone","Orrery","Bag of Marbles","Regal Pillow","Singing Bowl","Coffee Dripper"],"acts_visited":["Exordium","TheCity","TheBeyond"],"potions_floor_usage":[10,14,22,25,25,27,27,27,30,33,36],"damage_taken":[{"damage":10.0,"enemies":"Small Slimes","floor":1.0,"turns":4.0},{"damage":11.0,"enemies":"2 Louse","floor":2.0,"turns":3.0},{"damage":0.0,"enemies":"Cultist","floor":4.0,"turns":4.0},{"damage":5.0,"enemies":"Blue Slaver","floor":5.0,"turns":6.0},{"damage":2.0,"enemies":"Gremlin Nob","floor":7.0,"turns":4.0},{"damage":7,"enemies":"3 Sentries","floor":10,"turns":5},{"damage":3,"enemies":"2 Fungi Beasts","floor":11,"turns":2},{"damage":1,"enemies":"Red Slaver","floor":12,"turns":3},{"damage":8,"enemies":"Large Slime","floor":13,"turns":5},{"damage":0,"enemies":"Gremlin Gang","floor":14,"turns":3},{"damage":3,"enemies":"Hexaghost","floor":16,"turns":9},{"damage":16,"enemies":"Shell Parasite","floor":18,"turns":5},{"damage":10,"enemies":"2 Thieves","floor":20,"turns":4},{"damage":25,"enemies":"Snake Plant","floor":21,"turns":4},{"damage":10,"enemies":"Snecko","floor":22,"turns":5},{"damage":24,"enemies":"3 Cultists","floor":25,"turns":4},{"damage":20,"enemies":"Gremlin Leader","floor":27,"turns":4},{"damage":16,"enemies":"Centurion and Healer","floor":29,"turns":5},{"damage":24,"enemies":"Book of Stabbing","floor":30,"turns":4},{"damage":82,"enemies":"Automaton","floor":33,"turns":9},{"damage":6,"enemies":"Orb Walker","floor":35,"turns":3},{"damage":24,"enemies":"3 Darklings","floor":36,"turns":5},{"damage":11,"enemies":"Writhing Mass","floor":37,"turns":5},{"damage":9,"enemies":"Jaw Worm Horde","floor":39,"turns":3},{"damage":88,"enemies":"Giant Head","floor":40,"turns":9}],"seed_played":"-8617681684014240238","potions_obtained":[{"floor":1.0,"key":"Block Potion"},{"floor":2.0,"key":"Fire Potion"},{"floor":4.0,"key":"SpeedPotion"},{"floor":11,"key":"SkillPotion"},{"floor":12,"key":"Fire Potion"},{"floor":14,"key":"Fire Potion"},{"floor":21,"key":"SkillPotion"},{"floor":22,"key":"EntropicBrew"},{"floor":25,"key":"FearPotion"},{"floor":30,"key":"Swift Potion"},{"floor":33,"key":"Block Potion"},{"floor":36,"key":"AttackPotion"}],"is_trial":false,"path_per_floor":["M","M","?","M","M","R","E","?","T","E","M","M","M","M","R","B",null,"M","$","M","M","M","R","?","M","T","E","R","M","E","?","R","B",null,"M","M","M","?","M","E"],"character_chosen":"NECROMANCER","items_purchased":["Orrery"],"campfire_rested":0,"item_purchase_floors":[19],"current_hp_per_floor":[44,37,22,24,21,21,21,21,21,20,33,46,42,50,50,49,69,70,70,67,53,60,60,52,42,42,44,44,50,49,49,49,22,48,57,53,62,64,66,0,0],"gold":497,"neow_bonus":"THREE_RARE_CARDS","is_daily":false,"chose_seed":false,"campfire_upgraded":5,"win_rate":0.0,"timestamp":1611622192,"path_taken":["M","M","?","M","M","R","E","?","T","E","M","?","M","M","R","BOSS","M","$","M","M","M","R","?","M","T","E","R","M","E","?","R","BOSS","M","M","M","?","M","E"],"items_purchased_type":["Relic"],"build_version":"2020-12-22","purchased_purges":1,"victory":false,"max_hp_per_floor":[75,75,75,75,75,75,75,75,75,75,75,75,75,75,75,75,75,75,75,75,75,75,75,52,52,52,52,52,52,54,54,54,56,56,58,60,62,64,66,66,66],"card_choices":[{"not_picked":["Blood_Wake","Grasp_Heart"],"picked":"Summon_Death_Knight","floor":0.0},{"not_picked":["Stop_Heart","Blood_for_Blood","Thousand_Bone_Knives"],"picked":"SKIP","floor":1.0},{"not_picked":["Negative_Energy_Javelin","Chill_Blood","Scare"],"picked":"SKIP","floor":2.0},{"not_picked":["Bone_Armor","Negative_Energy_Mist","Blood_Magic"],"picked":"SKIP","floor":4.0},{"not_picked":["Consume_Illness","Negative_Energy_Shield","Finger_Of_Death"],"picked":"SKIP","floor":5.0},{"not_picked":["Shackles_Of_Pain","Stop_Heart"],"picked":"Negative_Energy_Sphere","floor":7.0},{"not_picked":["Negative_Energy_Bomb","Death_Knell"],"picked":"Spectral_Walk","floor":10},{"not_picked":["Death_Coil","Blood_Curse"],"picked":"Bone_Prison","floor":11},{"not_picked":["Finger_Of_Death","Strike_from_Beyond","Life_Tap"],"picked":"SKIP","floor":12},{"not_picked":["Chill_Blood","Vampiric_Strike","Bones_to_Steel"],"picked":"SKIP","floor":13},{"not_picked":["Shade_Step","Death_March_Dance"],"picked":"Summon_Undead_Army","floor":14},{"not_picked":["Grasp_Heart","Summon_Death_Knight"],"picked":"Summon_Vampire_Lady","floor":16},{"not_picked":["Blood_for_Blood","Thousand_Bone_Knives+1","Exploit+1"],"picked":"SKIP","floor":18},{"not_picked":["Bone_Spikes+1","Negative_Energy_Mist"],"picked":"Necrotic_Claws","floor":19},{"not_picked":["Epidemic","Bone_Bullets+1"],"picked":"Stop_Heart","floor":19},{"not_picked":["Blood_Curse+1","Life_Tap","Bones_to_Steel"],"picked":"SKIP","floor":20},{"not_picked":["Shackles_Of_Pain","Blood_Shield","Bone_Armor"],"picked":"SKIP","floor":21},{"not_picked":["Negative_Energy_Sphere","Death_March_Dance","Bone_Shift+1"],"picked":"SKIP","floor":22},{"not_picked":["Bones_to_Steel+1","Bone_Spikes"],"picked":"Grasp_Heart","floor":25},{"not_picked":["Toxic_Smoke_Screen","Finger_Of_Death+1","Bone_Shift"],"picked":"SKIP","floor":27},{"not_picked":["Skeleton_Dragon","Pandemic","Negative_Energy_Sphere"],"picked":"SKIP","floor":29},{"not_picked":["Bone_Shift+1","Bones_to_Steel","Vampiric_Strike"],"picked":"Singing Bowl","floor":30},{"not_picked":["Skeleton_Dragon","Blood_Wake","Reap_The_Weak"],"picked":"Singing Bowl","floor":33},{"not_picked":["Death_Coil","Consume_Illness+1","Finger_Of_Death+1"],"picked":"Singing Bowl","floor":35},{"not_picked":["Negative_Energy_Sphere+1","Bone_Spikes","Vampiric_Strike"],"picked":"Singing Bowl","floor":36},{"not_picked":["Bone_Armory+1","Blood_Curse+1","Blood_for_Blood+1"],"picked":"Singing Bowl","floor":37},{"not_picked":["Deep Breath","Violence","Jack Of All Trades"],"picked":"Singing Bowl","floor":38},{"not_picked":["Finger_Of_Death+1","Toxic_Smoke_Screen","Scare"],"picked":"Singing Bowl","floor":39}],"player_experience":279077,"relics_obtained":[{"floor":7.0,"key":"Happy Flower"},{"floor":9,"key":"Bronze Scales"},{"floor":10,"key":"Meat on the Bone"},{"floor":26,"key":"Bag of Marbles"},{"floor":27,"key":"Regal Pillow"},{"floor":30,"key":"Singing Bowl"}],"event_choices":[{"damage_healed":0.0,"max_hp_gain":0.0,"max_hp_loss":0.0,"gold_gain":0.0,"event_name":"Shining Light","player_choice":"Entered Light","floor":3.0,"gold_loss":0.0,"damage_taken":15.0,"cards_upgraded":["Strike_W","Strike_W"]},{"damage_healed":0,"gold_gain":0,"player_choice":"2 cards matched","damage_taken":0,"max_hp_gain":0,"max_hp_loss":0,"event_name":"Match and Keep!","floor":8,"gold_loss":0,"cards_obtained":["Negative_Energy_Burst","Negative_Energy_Arrows"]},{"damage_healed":0,"gold_gain":0,"player_choice":"Became a vampire","damage_taken":0,"max_hp_gain":0,"max_hp_loss":23,"event_name":"Vampires","floor":24,"gold_loss":0,"cards_obtained":["Bite","Bite","Bite","Bite","Bite"]},{"damage_healed":0,"gold_gain":0,"player_choice":"Forge","damage_taken":0,"max_hp_gain":0,"max_hp_loss":0,"event_name":"Accursed Blacksmith","floor":31,"gold_loss":0,"cards_upgraded":["Bone_Prison"]},{"damage_healed":0,"gold_gain":0,"player_choice":"Memory 1","damage_taken":0,"max_hp_gain":0,"max_hp_loss":0,"event_name":"SensoryStone","floor":38,"gold_loss":0}],"is_beta":false,"boss_relics":[{"not_picked":["Astrolabe","Fusion Hammer"],"picked":"Philosopher\u0027s Stone"},{"not_picked":["Pandora\u0027s Box","SacredBark"],"picked":"Coffee Dripper"}],"items_purged_floors":[19],"is_endless":false,"potions_floor_spawned":[1,2,4,11,12,14,21,22,25,30,33,36],"killed_by":"Giant Head","ascension_level":9}}