{"host":"rqwnmhn71fwyjegj","time":1611669130,"event":{"mods":["AchievementEnabler","BaseMod","Minty Spire (QoL Compilation)"],"gold_per_floor":[109,25,25,43,60,60,87,87,137,149,149,159,5,36,36,132,132,57,67,166,81,81,81],"floor_reached":22,"language":"ENG","playtime":833,"items_purged":["Strike_G"],"score":327,"play_id":"480eccea-4fb5-4bad-819e-62acc775ada1","local_time":"20210126135210","is_ascension_mode":true,"campfire_choices":[{"data":"Catalyst","floor":6,"key":"SMITH"},{"floor":8,"key":"REST"},{"floor":15,"key":"REST"}],"circlet_count":0,"master_deck":["Strike_G","Strike_G","Strike_G","Strike_G","Defend_G","Defend_G","Defend_G","Defend_G","Defend_G","Survivor","Neutralize","Corpse Explosion","Catalyst+1","Cloak And Dagger","Catalyst","Blade Dance","Noxious Fumes","Cloak And Dagger","Dash"],"relics":["Ring of the Serpent","Orichalcum","Oddly Smooth Stone","Girya","Molten Egg 2"],"acts_visited":["Exordium","TheCity"],"potions_floor_usage":[12,16,16],"damage_taken":[{"damage":0,"enemies":"Cultist","floor":1,"turns":4},{"damage":7,"enemies":"2 Louse","floor":4,"turns":2},{"damage":2,"enemies":"Jaw Worm","floor":5,"turns":4},{"damage":15,"enemies":"3 Sentries","floor":7,"turns":4},{"damage":2,"enemies":"Blue Slaver","floor":10,"turns":4},{"damage":4,"enemies":"3 Louse","floor":12,"turns":4},{"damage":51,"enemies":"Gremlin Nob","floor":14,"turns":7},{"damage":0,"enemies":"Hexaghost","floor":16,"turns":7},{"damage":12,"enemies":"2 Thieves","floor":18,"turns":5},{"damage":27,"enemies":"Spheric Guardian","floor":19,"turns":7},{"damage":22,"enemies":"Shelled Parasite and Fungi","floor":22,"turns":3}],"seed_played":"2190300453718718430","potions_obtained":[{"floor":5,"key":"SkillPotion"},{"floor":7,"key":"Poison Potion"},{"floor":12,"key":"AttackPotion"},{"floor":16,"key":"AttackPotion"},{"floor":19,"key":"Poison Potion"}],"is_trial":false,"path_per_floor":["M","$","$","M","M","R","E","R","T","M","?","M","$","E","R","B",null,"M","M","?","?","M"],"character_chosen":"THE_SILENT","items_purchased":["Cloak And Dagger","Catalyst","Noxious Fumes"],"campfire_rested":2,"item_purchase_floors":[2,2,13],"current_hp_per_floor":[63,63,63,56,54,54,39,60,60,58,58,54,54,3,24,24,59,47,20,20,20,0,0],"gold":81,"neow_bonus":"ONE_RANDOM_RARE_CARD","is_daily":false,"chose_seed":false,"campfire_upgraded":1,"win_rate":0.0,"timestamp":1611669130,"path_taken":["M","?","$","M","M","R","E","R","T","M","?","M","?","E","R","BOSS","M","M","?","?","?"],"items_purchased_type":["Card","Card","Card"],"build_version":"2020-12-22","purchased_purges":1,"victory":false,"max_hp_per_floor":[70,70,70,70,70,70,70,70,70,70,70,70,70,70,70,70,70,70,70,70,70,70,70],"card_choices":[{"not_picked":["Deflect","Dodge and Roll"],"picked":"Catalyst","floor":1},{"not_picked":["Finisher","Crippling Poison"],"picked":"Blade Dance","floor":4},{"not_picked":["Acrobatics","Blade Dance","Flechettes"],"picked":"SKIP","floor":5},{"not_picked":["Masterful Stab","Terror","Finisher"],"picked":"SKIP","floor":7},{"not_picked":["Acrobatics","Underhanded Strike","Caltrops"],"picked":"SKIP","floor":10},{"not_picked":["PiercingWail","Escape Plan","Backflip"],"picked":"SKIP","floor":12},{"not_picked":["Quick Slash","Infinite Blades"],"picked":"Cloak And Dagger","floor":14},{"not_picked":["Reflex","Deadly Poison"],"picked":"Dash","floor":18},{"not_picked":["Underhanded Strike+1","Masterful Stab","Sucker Punch"],"picked":"SKIP","floor":19}],"player_experience":331344,"relics_obtained":[{"floor":7,"key":"Orichalcum"},{"floor":9,"key":"Oddly Smooth Stone"},{"floor":14,"key":"Girya"}],"event_choices":[{"damage_healed":0,"gold_gain":0,"player_choice":"Searched \u00271\u0027 times","damage_taken":0,"max_hp_gain":0,"max_hp_loss":0,"event_name":"Dead Adventurer","floor":11,"gold_loss":0},{"damage_healed":0,"gold_gain":99,"player_choice":"Stole From Cult","damage_taken":0,"max_hp_gain":0,"max_hp_loss":0,"event_name":"Nest","floor":20,"gold_loss":0},{"damage_healed":0,"gold_gain":0,"player_choice":"Obtained Relic","damage_taken":0,"relics_obtained":["Molten Egg 2"],"max_hp_gain":0,"max_hp_loss":0,"event_name":"Addict","floor":21,"gold_loss":85}],"is_beta":false,"boss_relics":[{"not_picked":["HoveringKite","Coffee Dripper"],"picked":"Ring of the Serpent"}],"items_purged_floors":[13],"is_endless":false,"potions_floor_spawned":[5,7,12,16,19],"killed_by":"Shelled Parasite and Fungi","ascension_level":7}}