{"host":"2eswhqk6sgfpt1j1","time":1611654206,"event":{"mods":["Act Like it!","BaseMod","Colored Powertips","Downfall","Duelist Mod","Hallownest","Hunter ¡‘»À","Minty Spire (QoL Compilation)","Replay The Spire","StSLib","The Bug Knight","The Cursed","The Servant 0.9.4"],"gold_per_floor":[218,228,115,115,64,64,79,79,79,79,90,90,15,33,33,134,134,150,150,166,185,185,185,240,270,297,297,119,119,144,156,156,254,254,254,254],"floor_reached":35,"language":"ZHS","playtime":2326,"items_purged":["HollowMod:NailStrikeStart","Languid"],"score":365,"play_id":"ef9a5dbf-6fa5-4c41-b4c1-96cd196f898f","local_time":"20210126174326","is_ascension_mode":false,"campfire_choices":[{"data":"HollowMod:MothsMistake","floor":6,"key":"SMITH"},{"data":"HollowMod:MonarchWings","floor":8,"key":"SMITH"},{"data":"HollowMod:CrystalDash","floor":10,"key":"SMITH"},{"data":"HollowMod:LuriensSpire","floor":12,"key":"SMITH"},{"data":"HollowMod:QuickDashStart","floor":15,"key":"SMITH"},{"data":"HollowMod:NewInfectedGuardian","floor":23,"key":"SMITH"},{"data":"HollowMod:InfectionAssault","floor":29,"key":"SMITH"},{"data":"HollowMod:BrokenVessel","floor":32,"key":"SMITH"}],"circlet_count":0,"master_deck":["HollowMod:NailStrikeStart","HollowMod:NailStrikeStart","HollowMod:NailStrikeStart","HollowMod:QuickDashStart","HollowMod:QuickDashStart","HollowMod:QuickDashStart","HollowMod:QuickDashStart+1","HollowMod:FocusHealStart","HollowMod:PogoStrike","HollowMod:MothsMistake+1","HollowMod:CrystalDash+1","HollowMod:MonarchWings+1","HollowMod:LuriensSpire+1","HollowMod:NewInfectedGuardian+1","CurseOfTheBell","HollowMod:InfectedCysts","HollowMod:InfectionAssault+1","HollowMod:BrokenVessel+1","HollowMod:HerrahsAnger"],"relics":["HollowMod:VesselMask","StrikeDummy","TungstenRod","Calling Bell","Blood Vial","Gremlin Horn","Replay:Kaleidoscope","Replay:Bottled Flurry","Regal Pillow","ReplayTheSpireMod:Ring of Addiction","Toy Ornithopter","White Beast Statue","Replay:Wax Seal","Black Star"],"acts_visited":["Hallownest:Greenpath","Hallownest:CityofTears","Hallownest:KingdomsEdge"],"potions_floor_usage":[16,20,21,31,31,33,33,35],"damage_taken":[{"damage":5,"enemies":"Hallownest:monsterHuskGuard","floor":1,"turns":5},{"damage":0,"enemies":"Hallownest:2_Tiktiks_and_1_Crawlid","floor":2,"turns":4},{"damage":6,"enemies":"2_ Uuma","floor":7,"turns":5},{"damage":1,"enemies":"Hallownest:monsterMossCharger","floor":11,"turns":6},{"damage":2,"enemies":"Hallownest:Guard_and_Warrior","floor":14,"turns":5},{"damage":47,"enemies":"Hallownest:BossHornet","floor":16,"turns":14},{"damage":4,"enemies":"Hallownest:3_Youths","floor":18,"turns":7},{"damage":33,"enemies":"Hallownest:Guard_and_Sentry","floor":20,"turns":7},{"damage":14,"enemies":"Hallownest:Master_and_Novice","floor":21,"turns":6},{"damage":18,"enemies":"Hallownest:Glutton_and_Coward","floor":24,"turns":6},{"damage":6,"enemies":"Hallownest:Nosk","floor":25,"turns":10},{"damage":17,"enemies":"Hallownest:3_Mistakes","floor":31,"turns":5},{"damage":47,"enemies":"Hallownest:BossGrimm","floor":33,"turns":12},{"damage":116,"enemies":"Hallownest:3_Siblings","floor":35,"turns":7}],"seed_played":"7747016105863001050","potions_obtained":[{"floor":11,"key":"Fire Potion"},{"floor":14,"key":"SteroidPotion"},{"floor":18,"key":"Dexterity Potion"},{"floor":27,"key":"Strength Potion"},{"floor":27,"key":"Toxic Potion"},{"floor":27,"key":"EssenceOfSteel"},{"floor":31,"key":"Fire Potion"},{"floor":33,"key":"Elixir"}],"is_trial":false,"path_per_floor":["M","M","$","T","$","R","M","R","T","R","M","R","?","M","R","B",null,"M","?","M","M","?","R","M","E","T","?","$","R","T","M","R","B",null,"M"],"character_chosen":"THE_BUGKNIGHT","items_purchased":["HollowMod:MonarchWings","HollowMod:LuriensSpire","HollowMod:InfectionAssault"],"campfire_rested":0,"item_purchase_floors":[3,5,28],"current_hp_per_floor":[75,75,75,75,75,75,73,73,73,73,75,75,80,78,78,43,80,80,80,57,45,80,80,62,64,64,64,64,64,64,59,59,34,78,0,0],"gold":254,"neow_bonus":"HUNDRED_GOLD","is_daily":false,"chose_seed":false,"campfire_upgraded":8,"win_rate":0.0,"timestamp":1611654206,"path_taken":["M","?","$","?","$","R","M","R","T","R","M","R","?","M","R","BOSS","M","?","?","M","?","R","M","E","T","?","?","R","?","?","R","BOSS","M"],"items_purchased_type":["Card","Card","Card"],"build_version":"2020-12-22","purchased_purges":2,"victory":false,"max_hp_per_floor":[75,75,75,75,75,75,75,75,75,75,75,75,80,80,80,80,80,80,80,80,80,80,80,80,80,80,80,80,80,80,78,78,78,78,78,78],"card_choices":[{"not_picked":["HollowMod:CornifersMapStart","HollowMod:ShadowDash"],"picked":"HollowMod:MothsMistake","floor":1},{"not_picked":["HollowMod:SharpenedNail","HollowMod:ShadowDash"],"picked":"HollowMod:CrystalDash","floor":2},{"not_picked":["HollowMod:PerfectDash","HollowMod:DashSlash","HollowMod:HowlingWraiths"],"picked":"SKIP","floor":7},{"not_picked":["HollowMod:ShadowDash","HollowMod:CornifersMapStart","HollowMod:ChannelNail"],"picked":"SKIP","floor":11},{"not_picked":["HollowMod:SoulSplash","HollowMod:ShapeofUnn","HollowMod:SharpenedNail"],"picked":"SKIP","floor":14},{"not_picked":["HollowMod:HornetsHelp","HollowMod:AwokenDreamNail"],"picked":"HollowMod:NewInfectedGuardian","floor":16},{"not_picked":["HollowMod:NewLittleFool","HollowMod:MonarchWings+1"],"picked":"HollowMod:HuntersJournal","floor":18},{"not_picked":["HollowMod:ChannelNail","HollowMod:DoubleDash","HollowMod:GreatSlash"],"picked":"SKIP","floor":20},{"not_picked":["HollowMod:DreamGate","HollowMod:DoubleDash+1"],"picked":"HollowMod:InfectedCysts","floor":21},{"not_picked":["HollowMod:SharpenedNail","HollowMod:VengefulVoid","HollowMod:DashSlash"],"picked":"SKIP","floor":24},{"not_picked":["HollowMod:NewLittleFool","HollowMod:GoodIntentions","HollowMod:GrimmsGift+1"],"picked":"SKIP","floor":25},{"not_picked":["HollowMod:AbyssShriek","HollowMod:DoubleDash"],"picked":"HollowMod:BrokenVessel","floor":31},{"not_picked":["HollowMod:VoidDash","HollowMod:Weaversong"],"picked":"HollowMod:HerrahsAnger","floor":33}],"player_experience":442410,"relics_obtained":[{"floor":4,"key":"StrikeDummy"},{"floor":9,"key":"TungstenRod"},{"floor":17,"key":"Blood Vial"},{"floor":17,"key":"Gremlin Horn"},{"floor":17,"key":"Replay:Kaleidoscope"},{"floor":25,"key":"Replay:Bottled Flurry"},{"floor":26,"key":"Regal Pillow"},{"floor":27,"key":"ReplayTheSpireMod:Ring of Addiction"},{"floor":27,"key":"Toy Ornithopter"},{"floor":27,"key":"White Beast Statue"},{"floor":30,"key":"Replay:Wax Seal"}],"event_choices":[],"is_beta":false,"boss_relics":[{"not_picked":["Replay:Ancient Bell","Sozu"],"picked":"Calling Bell"},{"not_picked":["Philosopher\u0027s Stone","Velvet Choker"],"picked":"Black Star"}],"items_purged_floors":[3,28],"is_endless":false,"potions_floor_spawned":[11,14,18,31,33],"killed_by":"Hallownest:3_Siblings","ascension_level":0}}