{"host":"f0gpob8hq9vgebej","time":1611655993,"event":{"mods":["AchievementEnabler","BaseMod","Minty Spire (QoL Compilation)","Quick Restart","SuperFastMode"],"gold_per_floor":[99,118,135,153,153,153,153,186,186,186,218,236,252,32,51,51,154,154,172,72,82,95,20,20,45,45,70,70,97,97,107,139,139,235,235,253,253,128,128,146,171,171,201,225,98,98,198,214,225,225,225],"floor_reached":51,"language":"KOR","playtime":1871,"items_purged":["Defend_P","Strike_P","Defend_P"],"score":956,"play_id":"887d9d4a-7aaf-4912-9ed9-d85c76492710","local_time":"20210126191312","is_ascension_mode":true,"campfire_choices":[{"data":"Crescendo","floor":6.0,"key":"SMITH"},{"floor":8.0,"key":"REST"},{"data":"Meditate","floor":15.0,"key":"SMITH"},{"floor":23.0,"key":"REST"},{"data":"Vigilance","floor":25.0,"key":"SMITH"},{"floor":29.0,"key":"REST"},{"floor":32.0,"key":"REST"},{"floor":41.0,"key":"REST"},{"data":"Vengeance","floor":45.0,"key":"SMITH"},{"floor":49,"key":"REST"}],"circlet_count":0,"master_deck":["Defend_P","Eruption+1","Vigilance+1","EmptyFist","TalkToTheHand+1","Crescendo+1","FlurryOfBlows+1","DevaForm+1","Meditate+1","Vengeance+1","Ragnarok+1","CurseOfTheBell","SandsOfTime+1","Adaptation+1","MentalFortress+1","LessonLearned+1","MentalFortress+1","Tantrum+1","TalkToTheHand+1"],"relics":["PureWater","TeardropLocket","Molten Egg 2","Kunai","TheAbacus","Calling Bell","Regal Pillow","Frozen Egg 2","Calipers","Bronze Scales","Boot","Ancient Tea Set","Red Mask","SlaversCollar","Matryoshka","StrikeDummy","Orichalcum","Nunchaku"],"acts_visited":["Exordium","TheCity","TheBeyond"],"potions_floor_usage":[48,50],"damage_taken":[{"damage":0.0,"enemies":"Jaw Worm","floor":1.0,"turns":3.0},{"damage":11.0,"enemies":"Small Slimes","floor":2.0,"turns":4.0},{"damage":0.0,"enemies":"Cultist","floor":3.0,"turns":3.0},{"damage":15.0,"enemies":"3 Sentries","floor":7.0,"turns":7.0},{"damage":4.0,"enemies":"Gremlin Nob","floor":10.0,"turns":3.0},{"damage":0.0,"enemies":"Gremlin Gang","floor":11.0,"turns":3.0},{"damage":0.0,"enemies":"Large Slime","floor":12.0,"turns":6.0},{"damage":11.0,"enemies":"Lots of Slimes","floor":14.0,"turns":3.0},{"damage":0.0,"enemies":"Slime Boss","floor":16.0,"turns":5.0},{"damage":3.0,"enemies":"Spheric Guardian","floor":18.0,"turns":3.0},{"damage":10.0,"enemies":"2 Thieves","floor":20.0,"turns":2.0},{"damage":24.0,"enemies":"Snake Plant","floor":21.0,"turns":2.0},{"damage":28.0,"enemies":"Gremlin Leader","floor":24.0,"turns":4.0},{"damage":4.0,"enemies":"Book of Stabbing","floor":28.0,"turns":3.0},{"damage":12.0,"enemies":"Cultist and Chosen","floor":30.0,"turns":3.0},{"damage":12.0,"enemies":"Masked Bandits","floor":31.0,"turns":2.0},{"damage":29.0,"enemies":"Collector","floor":33.0,"turns":6.0},{"damage":8.0,"enemies":"3 Shapes","floor":35.0,"turns":5.0},{"damage":0.0,"enemies":"3 Darklings","floor":36.0,"turns":2.0},{"damage":22.0,"enemies":"Sphere and 2 Shapes","floor":39.0,"turns":5.0},{"damage":11.0,"enemies":"Reptomancer","floor":40.0,"turns":6.0},{"damage":4.0,"enemies":"Nemesis","floor":42.0,"turns":5.0},{"damage":6.0,"enemies":"Jaw Worm Horde","floor":47.0,"turns":3.0},{"damage":0,"enemies":"3 Darklings","floor":48,"turns":3},{"damage":39,"enemies":"Donu and Deca","floor":50,"turns":6}],"seed_played":"8774595508849671559","potions_obtained":[{"floor":1.0,"key":"Strength Potion"},{"floor":11.0,"key":"Strength Potion"},{"floor":12.0,"key":"FearPotion"},{"floor":14.0,"key":"FearPotion"},{"floor":18.0,"key":"SmokeBomb"},{"floor":24.0,"key":"Swift Potion"},{"floor":28.0,"key":"LiquidMemories"},{"floor":31.0,"key":"Block Potion"},{"floor":35.0,"key":"Energy Potion"},{"floor":40.0,"key":"Strength Potion"},{"floor":42.0,"key":"FearPotion"}],"is_trial":false,"path_per_floor":["M","M","M","?","?","R","E","R","T","E","M","M","$","M","R","B",null,"M","$","M","M","?","R","E","R","T","?","E","R","M","?","R","B",null,"M","M","$","?","M","E","R","E","T","$","R","?","M","M","R","B",null],"character_chosen":"WATCHER","items_purchased":["TheAbacus","Tantrum+1","Swift Potion"],"campfire_rested":6,"item_purchase_floors":[13,44,44],"current_hp_per_floor":[6,65,54,54,41,34,34,19,38,38,34,34,34,34,23,23,23,65,62,62,52,28,28,62,34,34,34,34,30,64,52,40,65,36,65,57,57,57,57,35,24,58,54,54,54,54,54,48,48,65,26],"gold":225,"neow_bonus":"REMOVE_TWO","is_daily":false,"chose_seed":false,"campfire_upgraded":4,"win_rate":0.0,"timestamp":1611655992,"path_taken":["M","M","M","?","?","R","E","R","T","E","M","M","$","M","R","BOSS","M","$","M","M","?","R","E","R","T","?","E","R","M","?","R","BOSS","M","M","$","?","M","E","R","E","T","$","R","?","?","M","R","BOSS"],"items_purchased_type":["Relic","Card","Potion"],"build_version":"2020-12-22","purchased_purges":3,"victory":true,"max_hp_per_floor":[72,65,65,65,65,65,65,65,65,65,65,65,65,65,65,65,65,65,65,65,65,65,65,65,65,65,65,65,65,65,65,65,65,65,65,65,65,65,65,65,65,65,65,65,65,65,65,65,65,65,65],"card_choices":[{"not_picked":["Weave","FlurryOfBlows"],"picked":"EmptyFist","floor":1.0},{"not_picked":["EmptyBody","FlyingSleeves"],"picked":"TalkToTheHand","floor":2.0},{"not_picked":["CrushJoints","Protect"],"picked":"Crescendo","floor":3.0},{"not_picked":["Fasting2","Halt"],"picked":"FlurryOfBlows","floor":7.0},{"not_picked":["Evaluate","BattleHymn"],"picked":"DevaForm","floor":10.0},{"not_picked":["Consecrate+1","EmptyFist+1","CutThroughFate+1"],"picked":"SKIP","floor":11.0},{"not_picked":["EmptyFist+1","FollowUp+1"],"picked":"Meditate","floor":12.0},{"not_picked":["Weave+1","ForeignInfluence"],"picked":"Vengeance","floor":14.0},{"not_picked":["ConjureBlade","Scrawl"],"picked":"Ragnarok+1","floor":16.0},{"not_picked":["PathToVictory+1","JustLucky+1","DeceiveReality+1"],"picked":"SKIP","floor":18.0},{"not_picked":["ThirdEye","Prostrate+1"],"picked":"SandsOfTime+1","floor":20.0},{"not_picked":["PathToVictory","CutThroughFate+1","Prostrate"],"picked":"SKIP","floor":21.0},{"not_picked":["WheelKick+1","Consecrate+1"],"picked":"Adaptation+1","floor":24.0},{"not_picked":["FlurryOfBlows+1","SashWhip+1","LikeWater+1"],"picked":"SKIP","floor":28.0},{"not_picked":["CarveReality+1","FlurryOfBlows+1","Consecrate+1"],"picked":"SKIP","floor":30.0},{"not_picked":["BowlingBash+1","Nirvana+1"],"picked":"MentalFortress+1","floor":31.0},{"not_picked":["Blasphemy","Ragnarok+1"],"picked":"LessonLearned+1","floor":33.0},{"not_picked":["LikeWater+1","BattleHymn+1","Evaluate+1"],"picked":"SKIP","floor":35.0},{"not_picked":["Evaluate+1","Prostrate","PathToVictory"],"picked":"SKIP","floor":39.0},{"not_picked":["MasterReality+1","JustLucky+1"],"picked":"MentalFortress+1","floor":40.0},{"not_picked":["DeceiveReality","FlurryOfBlows+1","Pray"],"picked":"SKIP","floor":42.0},{"not_picked":["Wallop+1","BowlingBash+1"],"picked":"TalkToTheHand+1","floor":47.0},{"not_picked":["Protect","ReachHeaven+1","SandsOfTime+1"],"picked":"SKIP","floor":48}],"player_experience":253909,"relics_obtained":[{"floor":7.0,"key":"TeardropLocket"},{"floor":9.0,"key":"Molten Egg 2"},{"floor":10.0,"key":"Kunai"},{"floor":17.0,"key":"Regal Pillow"},{"floor":17.0,"key":"Frozen Egg 2"},{"floor":17.0,"key":"Calipers"},{"floor":24.0,"key":"Bronze Scales"},{"floor":26.0,"key":"Boot"},{"floor":28.0,"key":"Ancient Tea Set"},{"floor":31.0,"key":"Red Mask"},{"floor":40.0,"key":"Matryoshka"},{"floor":42.0,"key":"StrikeDummy"},{"floor":43.0,"key":"Orichalcum"},{"floor":43.0,"key":"Nunchaku"}],"event_choices":[{"damage_healed":0.0,"max_hp_gain":0.0,"max_hp_loss":0.0,"gold_gain":0.0,"event_name":"Shining Light","player_choice":"Entered Light","floor":4.0,"gold_loss":0.0,"damage_taken":13.0,"cards_upgraded":["Eruption","TalkToTheHand"]},{"cards_removed":["Strike_P"],"damage_healed":0.0,"max_hp_gain":0.0,"max_hp_loss":0.0,"gold_gain":0.0,"event_name":"Golden Wing","player_choice":"Card Removal","floor":5.0,"gold_loss":0.0,"damage_taken":7.0},{"cards_removed":["Strike_P"],"damage_healed":0.0,"max_hp_gain":0.0,"max_hp_loss":0.0,"gold_gain":0.0,"event_name":"Beggar","player_choice":"Gave Gold","floor":22.0,"gold_loss":75.0,"damage_taken":0.0},{"damage_healed":0.0,"max_hp_gain":0.0,"max_hp_loss":0.0,"gold_gain":0.0,"event_name":"Vampires","player_choice":"Ignored","floor":27.0,"gold_loss":0.0,"damage_taken":0.0},{"damage_healed":0.0,"max_hp_gain":0.0,"max_hp_loss":0.0,"gold_gain":0.0,"event_name":"Masked Bandits","player_choice":"Fought Bandits","floor":31.0,"gold_loss":0.0,"damage_taken":0.0},{"damage_healed":0.0,"max_hp_gain":0.0,"max_hp_loss":0.0,"gold_gain":0.0,"event_name":"Mysterious Sphere","player_choice":"Ignored","floor":38.0,"gold_loss":0.0,"damage_taken":0.0},{"damage_healed":0.0,"max_hp_gain":0.0,"max_hp_loss":0.0,"gold_gain":100.0,"event_name":"Golden Shrine","player_choice":"Pray","floor":46.0,"gold_loss":0.0,"damage_taken":0.0}],"is_beta":false,"boss_relics":[{"not_picked":["SacredBark","Busted Crown"],"picked":"Calling Bell"},{"not_picked":["Black Star","Cursed Key"],"picked":"SlaversCollar"}],"items_purged_floors":[13,19,37],"is_endless":false,"potions_floor_spawned":[1,11,12,14,18,24,28,31,35,40,42],"ascension_level":4}}