{"host":"6xsbn6ynqlzwllfm","time":1611679841,"event":{"mods":["2.2 Compatiblity","BaseMod","Bestiary","Colored Map","Colored Powertips","Curses Come First","Highlight Path","Keyboard Shortcuts","Minty Spire (QoL Compilation)","Relic Stats","Slay the Relics Exporter","StSLib","SuperFastMode"],"gold_per_floor":[113,127,138,152,166,199,159,189,189,201,235,67,85,115,115,193,193,213,3,3,3,3,3,29,29,55,90,100,115,134,134,134],"floor_reached":31,"language":"ENG","playtime":2139,"items_purged":["Body Slam"],"score":639,"play_id":"0ea79ad4-ef5d-4f09-921c-072693ea27a8","local_time":"20210126115041","is_ascension_mode":true,"campfire_choices":[{"data":"Dual Wield","floor":15,"key":"SMITH"},{"data":"Armaments","floor":23,"key":"SMITH"},{"data":"Body Slam","floor":25,"key":"SMITH"}],"circlet_count":0,"master_deck":["AscendersBane","Bash","Clash","Cleave","True Grit","Dual Wield+1","Battle Trance","Burning Pact","Sentinel","Metallicize","Anger","Warcry","Impervious","Armaments+1","Pummel","Iron Wave","Body Slam+1","Body Slam","Impervious","Feed","Pommel Strike","Body Slam+1","Shrug It Off","Exhume","Power Through+1","Feel No Pain"],"relics":["Burning Blood","White Beast Statue","MealTicket","InkBottle","Bag of Marbles","Potion Belt","Blue Candle","Pandora\u0027s Box","Letter Opener","Centennial Puzzle","Bag of Preparation","Torii"],"acts_visited":["Exordium","TheCity"],"potions_floor_usage":[6,6,7,8,8,11,13,14,14,16,18,24,27,28,29,30,31,31,31],"damage_taken":[{"damage":7,"enemies":"Cultist","floor":1,"turns":4},{"damage":9,"enemies":"2 Louse","floor":2,"turns":2},{"damage":5,"enemies":"Small Slimes","floor":3,"turns":3},{"damage":8,"enemies":"Blue Slaver","floor":4,"turns":2},{"damage":2,"enemies":"Gremlin Gang","floor":5,"turns":5},{"damage":23,"enemies":"3 Sentries","floor":6,"turns":6},{"damage":41,"enemies":"Gremlin Nob","floor":8,"turns":4},{"damage":7,"enemies":"Exordium Wildlife","floor":10,"turns":7},{"damage":13,"enemies":"3 Sentries","floor":11,"turns":10},{"damage":0,"enemies":"Blue Slaver","floor":13,"turns":5},{"damage":14,"enemies":"Gremlin Nob","floor":14,"turns":4},{"damage":42,"enemies":"The Guardian","floor":16,"turns":10},{"damage":16,"enemies":"2 Thieves","floor":18,"turns":5},{"damage":9,"enemies":"Book of Stabbing","floor":24,"turns":4},{"damage":22,"enemies":"Slavers","floor":27,"turns":7},{"damage":0,"enemies":"Chosen","floor":28,"turns":2},{"damage":10,"enemies":"Snecko","floor":29,"turns":8},{"damage":0,"enemies":"Snake Plant","floor":30,"turns":5},{"damage":82,"enemies":"Gremlin Leader","floor":31,"turns":6}],"seed_played":"-4529218790990323066","potions_obtained":[{"floor":2,"key":"ColorlessPotion"},{"floor":4,"key":"Energy Potion"},{"floor":5,"key":"DistilledChaos"},{"floor":6,"key":"Weak Potion"},{"floor":7,"key":"BloodPotion"},{"floor":7,"key":"CultistPotion"},{"floor":7,"key":"Swift Potion"},{"floor":8,"key":"ElixirPotion"},{"floor":10,"key":"Block Potion"},{"floor":11,"key":"Weak Potion"},{"floor":13,"key":"Block Potion"},{"floor":14,"key":"Strength Potion"},{"floor":16,"key":"SteroidPotion"},{"floor":18,"key":"GamblersBrew"},{"floor":24,"key":"DuplicationPotion"},{"floor":27,"key":"Fire Potion"},{"floor":28,"key":"SkillPotion"},{"floor":29,"key":"Block Potion"},{"floor":30,"key":"ColorlessPotion"}],"is_trial":false,"path_per_floor":["M","M","M","M","M","E","?","E","T","M","E","$","M","E","R","B",null,"M","$","?","?","?","R","E","R","T","E","M","M","M","E"],"character_chosen":"IRONCLAD","items_purchased":["Potion Belt","BlessingOfTheForge","LiquidBronze"],"campfire_rested":0,"item_purchase_floors":[12,19,19],"current_hp_per_floor":[74,71,72,70,74,57,73,38,38,37,30,45,51,43,43,7,63,56,71,71,71,71,71,68,68,68,56,65,64,70,0,0],"gold":134,"neow_bonus":"TEN_PERCENT_HP_BONUS","is_daily":false,"chose_seed":false,"campfire_upgraded":3,"win_rate":0.0,"timestamp":1611679841,"path_taken":["M","M","M","?","M","E","?","E","T","M","E","?","M","E","R","BOSS","M","$","?","?","?","R","E","R","T","E","M","?","M","E"],"items_purchased_type":["Relic","Potion","Potion"],"build_version":"2020-12-22","purchased_purges":1,"victory":false,"max_hp_per_floor":[82,82,82,82,82,82,82,82,82,82,82,82,82,82,82,82,82,85,85,85,85,85,85,85,85,85,89,92,95,95,95,95],"relic_stats":{"Centennial Puzzle":[9],"Torii":6,"counters":[19,99],"Blue Candle":[2],"MealTicket":30,"Pandora\u0027s Box":["Armaments","Body Slam","Pummel","Iron Wave","Body Slam","Body Slam","Impervious","Feed","Pommel Strike"],"Bag of Preparation":[10],"Letter Opener":[70],"obtain_stats":[{"Potion Belt":12,"Centennial Puzzle":24,"Torii":27,"Blue Candle":14,"MealTicket":8,"Pandora\u0027s Box":17,"Bag of Marbles":11,"Bag of Preparation":26,"Letter Opener":21,"Burning Blood":0,"White Beast Statue":6,"InkBottle":9},{"Potion Belt":9,"Centennial Puzzle":14,"Torii":15,"Blue Candle":11,"MealTicket":7,"Pandora\u0027s Box":12,"Bag of Marbles":9,"Bag of Preparation":14,"Letter Opener":13,"Burning Blood":0,"White Beast Statue":6,"InkBottle":7},{"Potion Belt":43,"Centennial Puzzle":71,"Torii":78,"Blue Candle":52,"MealTicket":26,"Pandora\u0027s Box":62,"Bag of Marbles":43,"Bag of Preparation":71,"Letter Opener":67,"Burning Blood":0,"White Beast Statue":22,"InkBottle":26}],"Burning Blood":108,"InkBottle":[16]},"card_choices":[{"not_picked":["Evolve","Armaments"],"picked":"Clash","floor":1},{"not_picked":["Headbutt","Feel No Pain"],"picked":"Cleave","floor":2},{"not_picked":["Clothesline","Headbutt"],"picked":"True Grit","floor":3},{"not_picked":["Pommel Strike","Uppercut"],"picked":"Dual Wield","floor":4},{"not_picked":["Flex","Uppercut"],"picked":"Battle Trance","floor":5},{"not_picked":["Exhume","Intimidate"],"picked":"Burning Pact","floor":6},{"not_picked":["Flex","Pommel Strike"],"picked":"Sentinel","floor":8},{"not_picked":["True Grit","Power Through"],"picked":"Metallicize","floor":10},{"not_picked":["Pommel Strike","True Grit"],"picked":"Anger","floor":11},{"not_picked":["Wild Strike","Sever Soul"],"picked":"Warcry","floor":14},{"not_picked":["Juggernaut","Berserk"],"picked":"Impervious","floor":16},{"not_picked":["Fire Breathing","Reckless Charge"],"picked":"Body Slam+1","floor":18},{"not_picked":["Heavy Blade","Armaments"],"picked":"Exhume","floor":24},{"not_picked":["Pommel Strike","Reckless Charge"],"picked":"Power Through+1","floor":27},{"not_picked":["Infernal Blade","Sword Boomerang"],"picked":"Feel No Pain","floor":29}],"player_experience":1125451,"relics_obtained":[{"floor":6,"key":"White Beast Statue"},{"floor":8,"key":"MealTicket"},{"floor":9,"key":"InkBottle"},{"floor":11,"key":"Bag of Marbles"},{"floor":14,"key":"Blue Candle"},{"floor":24,"key":"Centennial Puzzle"},{"floor":26,"key":"Bag of Preparation"},{"floor":27,"key":"Torii"}],"event_choices":[{"damage_healed":0,"gold_gain":0,"player_choice":"Bought 3 Potions","damage_taken":0,"max_hp_gain":0,"max_hp_loss":0,"event_name":"The Woman in Blue","floor":7,"gold_loss":0},{"damage_healed":0,"gold_gain":0,"player_choice":"Read","damage_taken":0,"max_hp_gain":0,"max_hp_loss":0,"event_name":"The Library","floor":20,"gold_loss":0,"cards_obtained":["Shrug It Off"]},{"damage_healed":0,"gold_gain":0,"player_choice":"Opened","damage_taken":0,"relics_obtained":["Letter Opener"],"max_hp_gain":0,"max_hp_loss":0,"event_name":"The Mausoleum","floor":21,"gold_loss":0,"cards_obtained":["Writhe"]},{"cards_removed":["Writhe"],"damage_healed":0,"gold_gain":0,"player_choice":"Removed Curses","damage_taken":0,"max_hp_gain":0,"max_hp_loss":0,"event_name":"Fountain of Cleansing","floor":22,"gold_loss":0}],"is_beta":false,"boss_relics":[{"not_picked":["Runic Dome","Black Star"],"picked":"Pandora\u0027s Box"}],"items_purged_floors":[19],"is_endless":false,"potions_floor_spawned":[2,4,5,6,8,10,11,13,14,16,18,24,27,28,29,30],"killed_by":"Gremlin Leader","ascension_level":20}}