{"host":"rzvepkyh9344fbo1","time":1611657570,"event":{"mods":["AchievementEnabler","Act Like it!","BaseMod","Colored Map","Colored Powertips","Curses Come First","Downfall","Hermit","Highlight Path","Minty Spire (QoL Compilation)","Replay The Spire","Shop Mod","StS++","StSLib","The Cursed","The Necromancer"],"gold_per_floor":[119,11,11,26,46,46,46],"floor_reached":6,"language":"ENG","playtime":457,"items_purged":["Delirium"],"score":41,"play_id":"f72c4235-9bf6-4a6d-840b-c212edbcfee6","local_time":"20210126213930","is_ascension_mode":true,"campfire_choices":[],"circlet_count":0,"master_deck":["Strike_G","Strike_G","Strike_G","Strike_G","Strike_G","Defend_G","Defend_G+1","Defend_G+1","Defend_G","Defend_G","Survivor","Neutralize","Endless Agony","Sadistic Nature","Underhanded Strike","Backflip"],"relics":["Ring of the Snake","ReplayTheSpireMod:CursedCoin","War Paint"],"acts_visited":["Exordium"],"potions_floor_usage":[],"damage_taken":[{"damage":0,"enemies":"2 Louse","floor":1,"turns":4},{"damage":0,"enemies":"Cultist","floor":4,"turns":4},{"damage":1,"enemies":"Small Slimes","floor":5,"turns":2},{"damage":73,"enemies":"Gremlin Nob","floor":6,"turns":7}],"seed_played":"-2427095774391806564","potions_obtained":[{"floor":1,"key":"ColorlessPotion"}],"is_trial":false,"path_per_floor":["M","$","?","M","M","E"],"character_chosen":"THE_SILENT","items_purchased":["ReplayTheSpireMod:CursedCoin","Sadistic Nature"],"campfire_rested":0,"item_purchase_floors":[2,2],"current_hp_per_floor":[77,77,77,77,76,3,3],"gold":46,"neow_bonus":"TEN_PERCENT_HP_BONUS","is_daily":false,"chose_seed":false,"campfire_upgraded":0,"win_rate":0.0,"timestamp":1611657570,"path_taken":["M","$","?","?","M","E"],"items_purchased_type":["Relic","Card"],"build_version":"2020-12-22","purchased_purges":1,"victory":false,"max_hp_per_floor":[77,77,77,77,77,77,77],"card_choices":[{"not_picked":["Dodge and Roll","StSpp:Throw"],"picked":"Endless Agony","floor":1},{"not_picked":["ReplayTheSpireMod:Shiv Toss","Sucker Punch"],"picked":"Underhanded Strike","floor":4},{"not_picked":["ReplayTheSpireMod:Tripwire","Acrobatics"],"picked":"Backflip","floor":5}],"player_experience":254912,"relics_obtained":[],"event_choices":[{"damage_healed":0,"gold_gain":0,"player_choice":"Gave Potion","damage_taken":0,"relics_obtained":["War Paint"],"max_hp_gain":0,"max_hp_loss":0,"event_name":"WeMeetAgain","floor":3,"gold_loss":0}],"is_beta":false,"boss_relics":[],"items_purged_floors":[2],"is_endless":false,"potions_floor_spawned":[1],"killed_by":"Gremlin Nob","ascension_level":3}}