{"host":"8fjsnt81u6xsmhji","time":1611659163,"event":{"mods":["BaseMod","Beaked The Cultist","Colored Powertips","Downfall","Glutton Mod","Hermit","Minty Spire (QoL Compilation)","Quick Restart","StSLib","The Bug Knight","The Forsaken","The Hierophant","The Runesmith"],"gold_per_floor":[199,217,233,246,396,411,434,334,334,434,434,446,460,486,497,593,593,593,606,625,268,118,132,132,146,146,156,172,185,85,101,116,218,218,218,238,252,252,270,255,278,278,278,296,296,296,346,359,372,372],"floor_reached":51,"language":"ENG","playtime":2833,"items_purged":[],"score":649,"play_id":"00e0535a-4d8a-48c4-91fd-1271e0e0c70d","local_time":"20210126050603","is_ascension_mode":false,"campfire_choices":[{"floor":1,"key":"RECALL"},{"floor":8,"key":"REST"},{"floor":11,"key":"REST"},{"data":"bronze:AlphaBuild","floor":18,"key":"SMITH"},{"floor":30,"key":"REST"},{"data":"bronze:HardenedForm","floor":35,"key":"SMITH"},{"floor":42,"key":"REST"},{"floor":46,"key":"REST"}],"circlet_count":0,"master_deck":["bronze:Strike","bronze:Strike","bronze:Strike","bronze:Strike","bronze:Defend","bronze:Defend","bronze:Defend","bronze:Replicate","bronze:Goto","bronze:Return","bronze:Flail","downfall:Icky","bronze:OilSpill","bronze:OilSpill","bronze:ShipIt","bronze:Overheat","bronze:AlphaBuild+1","bronze:InfiniteBeams","bronze:WhirlingStrike","bronze:Shield","expansioncontent:DashGenerateEvil","bronze:Branch","bronze:DelayedGuard","bronze:Repair+1","bronze:BugBarrage","bronze:HardenedForm+1","bronze:Flail","bronze:Allocate","bronze:Optimize","bronze:FineTuning"],"relics":["bronze:BronzeCore","Potion Belt","downfall:HeartBlessingRed","downfall:ShatteredFragment","Odd Mushroom","beaked:SacredDeck","Omamori","downfall:HeartBlessingBlue","bronze:MakeshiftBattery","Orichalcum","Kunai","Unceasing Top"],"acts_visited":["Exordium","TheCity","TheBeyond"],"potions_floor_usage":[6,16,27,28,29,32,32,33,33,39,44,47,48,50,50,50,50],"damage_taken":[{"damage":0,"enemies":"Small Slimes","floor":2,"turns":3},{"damage":7,"enemies":"2 Louse","floor":3,"turns":3},{"damage":1,"enemies":"Cultist","floor":4,"turns":4},{"damage":11,"enemies":"Large Slime","floor":6,"turns":3},{"damage":10,"enemies":"Lots of Slimes","floor":12,"turns":2},{"damage":2,"enemies":"Blue Slaver","floor":13,"turns":3},{"damage":13,"enemies":"The Mushroom Lair","floor":14,"turns":2},{"damage":0,"enemies":"Large Slime","floor":15,"turns":3},{"damage":40,"enemies":"DF_ARCHETYPE_STREAMLINE","floor":16,"turns":7},{"damage":10,"enemies":"Chosen","floor":19,"turns":3},{"damage":15,"enemies":"3 Byrds","floor":20,"turns":4},{"damage":7,"enemies":"downfall:FleeingMerchant","floor":21,"turns":4},{"damage":10,"enemies":"Cultist and Chosen","floor":23,"turns":4},{"damage":10,"enemies":"Shelled Parasite and Fungi","floor":25,"turns":4},{"damage":19,"enemies":"Centurion and Healer","floor":27,"turns":6},{"damage":2,"enemies":"3 Cultists","floor":28,"turns":4},{"damage":10,"enemies":"Snake Plant","floor":29,"turns":4},{"damage":24,"enemies":"Centurion and Healer","floor":31,"turns":5},{"damage":0,"enemies":"Shelled Parasite and Fungi","floor":32,"turns":4},{"damage":44,"enemies":"SI_MIRROR_ARCHETYPE","floor":33,"turns":8},{"damage":5,"enemies":"3 Darklings","floor":36,"turns":5},{"damage":27,"enemies":"3 Shapes","floor":37,"turns":3},{"damage":20,"enemies":"3 Darklings","floor":39,"turns":4},{"damage":7,"enemies":"downfall:FleeingMerchant","floor":40,"turns":4},{"damage":7,"enemies":"Jaw Worm Horde","floor":44,"turns":3},{"damage":7,"enemies":"Jaw Worm Horde","floor":47,"turns":5},{"damage":49,"enemies":"Writhing Mass","floor":48,"turns":6},{"damage":8,"enemies":"4 Shapes","floor":49,"turns":2},{"damage":23,"enemies":"WA_ARCHETYPE_DIVINITY","floor":50,"turns":13}],"seed_played":"-7811496069923700873","potions_obtained":[{"floor":3,"key":"Fire Potion"},{"floor":4,"key":"Swift Potion"},{"floor":13,"key":"champ:CounterPotion"},{"floor":16,"key":"Energy Potion"},{"floor":19,"key":"SpeedPotion"},{"floor":20,"key":"Energy Potion"},{"floor":25,"key":"LiquidMemories"},{"floor":26,"key":"CultistPotion"},{"floor":27,"key":"DistilledChaos"},{"floor":31,"key":"Fire Potion"},{"floor":32,"key":"Energy Potion"},{"floor":36,"key":"SneckoOil"},{"floor":39,"key":"Fire Potion"},{"floor":44,"key":"Fruit Juice"},{"floor":48,"key":"EntropicBrew"}],"is_trial":false,"path_per_floor":["R","M","M","M","?","M","T","R","?","?","R","M","M","?","M","B",null,"R","M","M","$","?","M","T","M","?","M","M","M","R","M","M","B",null,"R","M","M","?","M","$","T","R","?","M","T","R","?","M","M","B",null],"character_chosen":"THE_AUTOMATON","items_purchased":["Omamori","expansioncontent:DashGenerateEvil"],"campfire_rested":5,"item_purchase_floors":[21,21],"current_hp_per_floor":[70,70,63,62,62,51,51,70,49,49,70,60,58,45,45,5,70,70,60,45,38,80,70,70,60,60,41,39,39,76,62,72,38,90,90,85,58,58,48,41,41,68,68,71,71,90,86,42,34,21],"gold":372,"neow_bonus":"HUNDRED_GOLD","is_daily":false,"chose_seed":false,"campfire_upgraded":2,"win_rate":0.0,"timestamp":1611659163,"path_taken":["R","M","M","M","?","M","T","R","?","?","R","?","M","?","M","BOSS","R","M","M","$","?","?","T","M","?","M","M","M","R","M","M","BOSS","R","M","M","?","M","$","T","R","?","M","?","R","?","M","M","BOSS"],"items_purchased_type":["Relic","Card"],"build_version":"2020-12-22","purchased_purges":0,"victory":true,"max_hp_per_floor":[70,70,70,70,70,70,70,70,70,70,70,70,70,70,70,70,70,70,70,70,70,80,80,80,80,80,80,80,80,90,90,90,90,90,90,90,90,90,90,90,90,90,90,90,90,90,90,95,95,95],"card_choices":[{"not_picked":["bronze:Turbo","bronze:ClassDefault"],"picked":"bronze:Return","floor":2},{"not_picked":["bronze:WhirlingStrike","bronze:Branch"],"picked":"bronze:Flail","floor":3},{"not_picked":["bronze:BronzeOrb","bronze:DelayedSlice","bronze:CutThrough"],"picked":"SKIP","floor":4},{"not_picked":["bronze:BuggyMess","bronze:Invalidate"],"picked":"bronze:OilSpill","floor":6},{"not_picked":["bronze:FineTuning","bronze:Shield","bronze:MaxOutput"],"picked":"SKIP","floor":12},{"not_picked":["bronze:GetLatest","bronze:FineTuning"],"picked":"bronze:OilSpill","floor":13},{"not_picked":["bronze:Shield","bronze:OilSpill"],"picked":"bronze:ShipIt","floor":14},{"not_picked":["bronze:DelayedSlice","bronze:FineTuning"],"picked":"bronze:Overheat","floor":15},{"not_picked":["bronze:ShipIt","bronze:BurnOut"],"picked":"bronze:AlphaBuild","floor":16},{"not_picked":["bronze:DelayedSlice","bronze:BitShift+1","bronze:Philosophize"],"picked":"SKIP","floor":19},{"not_picked":["bronze:CutThrough","bronze:DigitalCarnage"],"picked":"bronze:WhirlingStrike","floor":20},{"not_picked":["bronze:NullPointer","bronze:Overheat+1"],"picked":"bronze:Shield","floor":21},{"not_picked":["bronze:Shield+1","bronze:DigitalCarnage"],"picked":"bronze:Branch","floor":23},{"not_picked":["bronze:NullPointer","bronze:Turbo","bronze:Safeguard"],"picked":"SKIP","floor":25},{"not_picked":["bronze:HyperBeam","bronze:WhirlingStrike"],"picked":"bronze:DelayedGuard","floor":27},{"not_picked":["bronze:Backtrace","bronze:GetLatest"],"picked":"bronze:Repair+1","floor":28},{"not_picked":["bronze:MaxOutput","bronze:Frontload","bronze:WhirlingStrike+1"],"picked":"SKIP","floor":29},{"not_picked":["bronze:Invalidate","bronze:Overload+1","bronze:BitShift+1"],"picked":"SKIP","floor":31},{"not_picked":["bronze:MaxOutput","bronze:Invalidate"],"picked":"bronze:BugBarrage","floor":32},{"not_picked":["bronze:HyperBeam","bronze:Break"],"picked":"bronze:HardenedForm","floor":33},{"not_picked":["bronze:DelayedGuard+1","bronze:Frontload+1"],"picked":"bronze:Flail","floor":36},{"not_picked":["bronze:CutThrough+1","bronze:DarkDash","bronze:Deprecate+1"],"picked":"SKIP","floor":37},{"not_picked":["bronze:WhirlingStrike","bronze:BugBarrage+1","bronze:WildBeam"],"picked":"SKIP","floor":39},{"not_picked":["bronze:ForLoop+1","bronze:WildBeam+1"],"picked":"bronze:Allocate","floor":40},{"not_picked":["bronze:FineTuning","bronze:Deprecate+1"],"picked":"bronze:Optimize","floor":44},{"not_picked":["bronze:Deprecate+1","bronze:BugBarrage+1","bronze:DarkDash"],"picked":"SKIP","floor":48},{"not_picked":["bronze:DigitalCarnage","bronze:ShipIt"],"picked":"bronze:FineTuning","floor":49}],"player_experience":724546,"relics_obtained":[{"floor":7,"key":"Potion Belt"},{"floor":14,"key":"Odd Mushroom"},{"floor":41,"key":"Orichalcum"},{"floor":45,"key":"Kunai"},{"floor":47,"key":"Unceasing Top"}],"event_choices":[{"damage_healed":0,"gold_gain":0,"player_choice":"Fought Mushrooms","damage_taken":0,"max_hp_gain":0,"max_hp_loss":0,"event_name":"Mushrooms","floor":14,"gold_loss":0},{"cards_removed":["bronze:Defend"],"damage_healed":0,"gold_gain":0,"player_choice":"Removed Skill","damage_taken":0,"max_hp_gain":0,"max_hp_loss":0,"event_name":"Falling","floor":43,"gold_loss":0}],"is_beta":false,"boss_relics":[{"not_picked":["Coffee Dripper","Empty Cage"],"picked":"beaked:SacredDeck"},{"not_picked":["Runic Pyramid","Sozu"],"picked":"bronze:MakeshiftBattery"}],"items_purged_floors":[],"is_endless":false,"potions_floor_spawned":[3,4,13,16,19,20,25,27,31,32,36,39,44,48],"ascension_level":0}}