{"host":"bq8ii4ghyb2mkf8g","time":1611669196,"event":{"mods":["BaseMod","Colored Map","Minty Spire (QoL Compilation)","Quick Restart","Replay The Spire","StSLib"],"gold_per_floor":[113,113,113,113,38,73,73,86,135,135,135,35,35,35,35,35,35],"floor_reached":16,"language":"ZHS","playtime":282,"items_purged":["Strike_G","Defend_G"],"score":190,"play_id":"f82e0cbc-cac3-4196-b978-164cfefa112f","local_time":"20210126215316","is_ascension_mode":true,"campfire_choices":[{"data":"Reflex","floor":7.0,"key":"SMITH"},{"data":"Dagger Spray","floor":10.0,"key":"SMITH"},{"data":"Neutralize","floor":15.0,"key":"SMITH"}],"circlet_count":0,"master_deck":["AscendersBane","Strike_G","Strike_G","Defend_G","Defend_G","Defend_G","Defend_G","Survivor","Neutralize+1","Deflect+1","Reflex+1","Dagger Spray+1"],"relics":["Ring of the Snake","NeowsBlessing","Golden Idol","Quantum Egg","Replay:Bottled Snecko","PreservedInsect"],"acts_visited":["Exordium"],"potions_floor_usage":[16],"damage_taken":[{"damage":0.0,"enemies":"Jaw Worm","floor":1.0,"turns":1.0},{"damage":0.0,"enemies":"Lagavulin","floor":6.0,"turns":1.0},{"damage":0.0,"enemies":"2 Louse","floor":8.0,"turns":1.0},{"damage":28,"enemies":"Slime Boss","floor":16,"turns":7}],"seed_played":"3430844438618395087","potions_obtained":[{"floor":8.0,"key":"FearPotion"}],"is_trial":false,"path_per_floor":["M","?","T","?","$","E","R","M","T","R","?","$","?","$","R","B"],"character_chosen":"THE_SILENT","items_purchased":[],"campfire_rested":0,"item_purchase_floors":[],"current_hp_per_floor":[63,46,46,46,46,46,46,46,46,46,51,51,51,51,51,23,23],"gold":35,"neow_bonus":"THREE_ENEMY_KILL","is_daily":false,"chose_seed":false,"campfire_upgraded":3,"win_rate":0.0,"timestamp":1611669196,"path_taken":["M","?","?","?","$","E","R","?","T","R","?","?","?","?","R","BOSS"],"items_purchased_type":[],"build_version":"2020-12-22","purchased_purges":2,"victory":false,"max_hp_per_floor":[70,70,70,70,70,70,70,70,70,70,75,75,75,75,75,75,75],"card_choices":[{"not_picked":["Poisoned Stab","Hidden Blade","Slice"],"picked":"SKIP","floor":1.0},{"not_picked":["Blade Dance","PiercingWail"],"picked":"Reflex","floor":6.0},{"not_picked":["ReplayTheSpireMod:Shiv Toss","Caltrops"],"picked":"Dagger Spray","floor":8.0}],"player_experience":131919,"relics_obtained":[{"floor":3.0,"key":"Quantum Egg"},{"floor":6.0,"key":"Replay:Bottled Snecko"},{"floor":9.0,"key":"PreservedInsect"}],"event_choices":[{"damage_healed":0.0,"max_hp_gain":0.0,"max_hp_loss":0.0,"gold_gain":0.0,"event_name":"Golden Idol","player_choice":"Take Damage","floor":2.0,"gold_loss":0.0,"damage_taken":17.0,"relics_obtained":["Golden Idol"]},{"damage_healed":0.0,"max_hp_gain":5.0,"max_hp_loss":0.0,"gold_gain":0.0,"event_name":"Big Fish","player_choice":"Donut","floor":11.0,"gold_loss":0.0,"damage_taken":0.0}],"is_beta":false,"boss_relics":[],"items_purged_floors":[5,12],"is_endless":false,"potions_floor_spawned":[8],"killed_by":"Slime Boss","ascension_level":12}}