{"host":"lh9qfzqeqctr28d2","time":1611638467,"event":{"mods":["BaseMod","Luminous","Minty Spire (QoL Compilation)","Quick Restart","Relic Stats","Remilia£®¿Ÿ√◊¿Ú—«£©","Replay The Spire","StSLib","Yakumo Yukari mod"],"gold_per_floor":[112,131,142,156,106,137,137,154,154,165,177,195,212,212,212,316,316,316,316],"floor_reached":18,"language":"ZHS","playtime":775,"items_purged":[],"score":168,"play_id":"c80ae5b9-f48e-404f-aa9c-bfd273e9737d","local_time":"20210126132107","is_ascension_mode":false,"campfire_choices":[{"data":"Eclipse","floor":7.0,"key":"SMITH"},{"data":"Searing Blow","floor":15,"key":"SMITH"}],"circlet_count":0,"master_deck":["Strike_R","Strike_R","Strike_R","Strike_R","Defend_R","Defend_R","Defend_R","Defend_R","Bash","Eclipse+1","Flex","Havoc","Flex","Sever Soul","Armaments","Searing Blow+1","Feed","Demonic Infusion"],"relics":["Burning Blood","MealTicket","ReplayTheSpireMod:Ninjato","Painkiller Herb"],"acts_visited":["Exordium","TheCity"],"potions_floor_usage":[8,16,16],"damage_taken":[{"damage":8.0,"enemies":"Jaw Worm","floor":1.0,"turns":4.0},{"damage":0.0,"enemies":"Small Slimes","floor":2.0,"turns":2.0},{"damage":6.0,"enemies":"Cultist","floor":3.0,"turns":3.0},{"damage":10.0,"enemies":"Looter","floor":4.0,"turns":3.0},{"damage":16.0,"enemies":"Lagavulin","floor":6.0,"turns":5.0},{"damage":6,"enemies":"Exordium Wildlife","floor":8,"turns":3},{"damage":14,"enemies":"Gremlin Gang","floor":10,"turns":5},{"damage":0,"enemies":"Lots of Slimes","floor":11,"turns":4},{"damage":14,"enemies":"Blue Slaver","floor":12,"turns":3},{"damage":4,"enemies":"2 Fungi Beasts","floor":13,"turns":3},{"damage":44,"enemies":"The Guardian","floor":16,"turns":10},{"damage":0,"enemies":"3 Byrds","floor":18,"turns":1}],"seed_played":"-5096523131606543735","potions_obtained":[{"floor":1.0,"key":"Explosive Potion"},{"floor":4.0,"key":"AttackPotion"},{"floor":10,"key":"SpeedPotion"},{"floor":14,"key":"Swift Potion"},{"floor":14,"key":"HeartOfIron"},{"floor":16,"key":"Energy Potion"}],"is_trial":false,"path_per_floor":["M","M","M","M","?","E","R","M","T","M","M","M","M","?","R","B",null,"?"],"character_chosen":"IRONCLAD","items_purchased":[],"campfire_rested":0,"item_purchase_floors":[],"current_hp_per_floor":[78,80,80,76,76,66,66,66,66,58,64,56,58,58,58,20,80,80,80],"gold":316,"neow_bonus":"ONE_RANDOM_RARE_CARD","is_daily":false,"chose_seed":false,"campfire_upgraded":2,"win_rate":0.0,"timestamp":1611638467,"path_taken":["M","M","M","M","?","E","R","M","T","M","M","M","M","?","R","BOSS","?"],"items_purchased_type":[],"build_version":"2020-12-22","purchased_purges":0,"victory":false,"max_hp_per_floor":[80,80,80,80,80,80,80,80,80,80,80,80,80,80,80,80,80,80,80],"relic_stats":{"counters":[12,46],"MealTicket":0,"obtain_stats":[{"ReplayTheSpireMod:Ninjato":9,"MealTicket":6,"Painkiller Herb":17,"Burning Blood":0},{"ReplayTheSpireMod:Ninjato":6,"MealTicket":5,"Painkiller Herb":11,"Burning Blood":0},{"ReplayTheSpireMod:Ninjato":20,"MealTicket":17,"Painkiller Herb":45,"Burning Blood":0}],"Burning Blood":62},"card_choices":[{"not_picked":["ReplayTheSpireMod:Strike From Hell","Clash"],"picked":"Flex","floor":1.0},{"not_picked":["Wild Strike","Warcry"],"picked":"Havoc","floor":2.0},{"not_picked":["ReplayReversal","Uppercut"],"picked":"Flex","floor":3.0},{"not_picked":["Twin Strike","Battle Trance"],"picked":"Sever Soul","floor":4.0},{"not_picked":["Warcry","Life Link","Berserk"],"picked":"SKIP","floor":6.0},{"not_picked":["Havoc","Disarm","Metallicize"],"picked":"SKIP","floor":8},{"not_picked":["Metallicize","Dropkick","Body Slam"],"picked":"SKIP","floor":10},{"not_picked":["Wild Strike","Shockwave"],"picked":"Armaments","floor":11},{"not_picked":["Heavy Blade","Fire Breathing"],"picked":"Searing Blow","floor":12},{"not_picked":["ReplayTheSpireMod:Corrosion Curse","Anger"],"picked":"Feed","floor":13},{"not_picked":["Reaper","Fiend Fire"],"picked":"Demonic Infusion","floor":16}],"player_experience":460268,"relics_obtained":[{"floor":6.0,"key":"MealTicket"},{"floor":9,"key":"ReplayTheSpireMod:Ninjato"}],"event_choices":[{"cards_removed":["Strike_R"],"damage_healed":0.0,"max_hp_gain":0.0,"max_hp_loss":0.0,"gold_gain":0.0,"event_name":"The Cleric","player_choice":"Card Removal","floor":5.0,"gold_loss":50.0,"damage_taken":0.0},{"damage_healed":0,"gold_gain":0,"player_choice":"Got Potions","damage_taken":0,"max_hp_gain":0,"max_hp_loss":0,"event_name":"Lab","floor":14,"gold_loss":0}],"is_beta":false,"boss_relics":[{"not_picked":["SacredBark","Mark of Pain"],"picked":"Painkiller Herb"}],"items_purged_floors":[],"is_endless":false,"potions_floor_spawned":[1,4,10,16],"killed_by":"3 Byrds","ascension_level":0}}