{"host":"f0gpob8hq9vgebej","time":1611620939,"event":{"mods":["AchievementEnabler","BaseMod","Minty Spire (QoL Compilation)","Quick Restart","SuperFastMode"],"gold_per_floor":[110,130,130,140,151,151,171,190,190,190,208,236,75,91,110,110,212,212,228,252,279,153,78,78,97,123,123,123,123],"floor_reached":28,"language":"KOR","playtime":642,"items_purged":["Strike_B","Strike_B"],"score":328,"play_id":"679700c8-8483-4956-ade6-459844521606","local_time":"20210126092859","is_ascension_mode":true,"campfire_choices":[{"data":"Fission","floor":6.0,"key":"SMITH"},{"floor":16,"key":"REST"},{"data":"Zap","floor":24,"key":"SMITH"}],"circlet_count":0,"master_deck":["Strike_B","Defend_B","Defend_B","Defend_B","Defend_B","Zap","Dualcast","Double Energy","Compile Driver","Zap+1","Static Discharge","Fission+1","Storm","Ball Lightning","Conserve Battery","Bandage Up","Glacier","Electrodynamics","White Noise+1","Defragment","Capacitor+1","Barrage+1"],"relics":["FrozenCore","Shuriken","Molten Egg 2","Nunchaku","CeramicFish","Pantograph"],"acts_visited":["Exordium","TheCity"],"potions_floor_usage":[14,17,17,17,28],"damage_taken":[{"damage":1.0,"enemies":"Cultist","floor":1.0,"turns":3.0},{"damage":7.0,"enemies":"Jaw Worm","floor":2.0,"turns":3.0},{"damage":1.0,"enemies":"2 Louse","floor":4.0,"turns":3.0},{"damage":8.0,"enemies":"Red Slaver","floor":5.0,"turns":3.0},{"damage":6.0,"enemies":"Blue Slaver","floor":7.0,"turns":3.0},{"damage":10.0,"enemies":"Exordium Wildlife","floor":8.0,"turns":3.0},{"damage":0.0,"enemies":"Large Slime","floor":11.0,"turns":2.0},{"damage":20.0,"enemies":"Gremlin Nob","floor":12.0,"turns":3.0},{"damage":17,"enemies":"Exordium Thugs","floor":14,"turns":4},{"damage":12,"enemies":"2 Fungi Beasts","floor":15,"turns":3},{"damage":33,"enemies":"The Guardian","floor":17,"turns":10},{"damage":18,"enemies":"Chosen","floor":19,"turns":6},{"damage":25,"enemies":"2 Thieves","floor":21,"turns":4},{"damage":9,"enemies":"Snecko","floor":25,"turns":6},{"damage":17,"enemies":"Cultist and Chosen","floor":26,"turns":5},{"damage":23,"enemies":"Centurion and Healer","floor":28,"turns":4}],"seed_played":"7823343653953574767","potions_obtained":[{"floor":1.0,"key":"EntropicBrew"},{"floor":4.0,"key":"Regen Potion"},{"floor":7.0,"key":"Explosive Potion"},{"floor":21,"key":"Strength Potion"}],"is_trial":false,"path_per_floor":["M","M","?","M","M","R","M","M","T","T","M","E","$","M","M","R","B",null,"M","T","M","$","?","R","M","M","T","M"],"character_chosen":"DEFECT","items_purchased":["Bandage Up","Defragment"],"campfire_rested":1,"item_purchase_floors":[13,22],"current_hp_per_floor":[74,67,67,66,58,58,52,42,42,42,42,22,22,21,13,37,8,64,50,50,29,29,29,29,24,11,11,0,0],"gold":123,"neow_bonus":"TEN_PERCENT_HP_BONUS","is_daily":false,"chose_seed":false,"campfire_upgraded":2,"win_rate":0.0,"timestamp":1611620939,"path_taken":["M","M","?","?","M","R","M","M","T","T","M","E","?","M","M","R","BOSS","M","?","M","$","?","R","M","?","T","M"],"items_purchased_type":["Card","Card"],"build_version":"2020-12-22","purchased_purges":2,"victory":false,"max_hp_per_floor":[82,82,82,82,82,82,82,82,82,82,82,82,82,82,82,82,82,82,82,82,82,82,82,82,82,82,82,82,82],"card_choices":[{"not_picked":["Cold Snap","Hologram"],"picked":"Double Energy","floor":1.0},{"not_picked":["Hologram","Ball Lightning"],"picked":"Compile Driver","floor":2.0},{"not_picked":["Steam","Compile Driver"],"picked":"Static Discharge","floor":4.0},{"not_picked":["Darkness","Compile Driver"],"picked":"Fission","floor":5.0},{"not_picked":["Loop","Leap"],"picked":"Storm","floor":7.0},{"not_picked":["Glacier","Self Repair"],"picked":"Ball Lightning","floor":8.0},{"not_picked":["Glacier","Steam Power"],"picked":"Conserve Battery","floor":11.0},{"not_picked":["Fusion","Redo","Compile Driver+1"],"picked":"SKIP","floor":12.0},{"not_picked":["Consume","Compile Driver+1"],"picked":"Glacier","floor":14},{"not_picked":["Meteor Strike+1","Leap","Compile Driver+1"],"picked":"SKIP","floor":15},{"not_picked":["Core Surge+1","Meteor Strike+1"],"picked":"Electrodynamics","floor":17},{"not_picked":["Redo","Tempest","FTL+1"],"picked":"SKIP","floor":19},{"not_picked":["Redo","Barrage+1"],"picked":"White Noise+1","floor":21},{"not_picked":["Stack+1","Skim"],"picked":"Capacitor+1","floor":25},{"not_picked":["Cold Snap+1","Undo"],"picked":"Barrage+1","floor":26}],"player_experience":247879,"relics_obtained":[{"floor":9.0,"key":"Shuriken"},{"floor":10.0,"key":"Molten Egg 2"},{"floor":12.0,"key":"Nunchaku"},{"floor":20,"key":"CeramicFish"},{"floor":27,"key":"Pantograph"}],"event_choices":[{"damage_healed":0.0,"max_hp_gain":0.0,"max_hp_loss":0.0,"gold_gain":0.0,"event_name":"Match and Keep!","player_choice":"1 cards matched","floor":3.0,"gold_loss":0.0,"damage_taken":0.0,"cards_obtained":["Zap"]},{"cards_removed":["Strike_B"],"damage_healed":0,"gold_gain":0,"player_choice":"Gave Gold","damage_taken":0,"max_hp_gain":0,"max_hp_loss":0,"event_name":"Beggar","floor":23,"gold_loss":75}],"is_beta":false,"boss_relics":[{"not_picked":["Runic Dome","SlaversCollar"],"picked":"FrozenCore"}],"items_purged_floors":[13,22],"is_endless":false,"potions_floor_spawned":[1,4,7,11,21],"killed_by":"Centurion and Healer","ascension_level":9}}