{"host":"6xsbn6ynqlzwllfm","time":1611677694,"event":{"mods":["2.2 Compatiblity","BaseMod","Bestiary","Colored Map","Colored Powertips","Curses Come First","Highlight Path","Keyboard Shortcuts","Minty Spire (QoL Compilation)","Relic Stats","Slay the Relics Exporter","StSLib","SuperFastMode"],"gold_per_floor":[116,131,131,150,162,162,162],"floor_reached":6,"language":"ENG","playtime":312,"items_purged":[],"score":76,"play_id":"5c6dad3c-0cbe-4509-b17c-241f148706f5","local_time":"20210126111454","is_ascension_mode":true,"campfire_choices":[],"circlet_count":0,"master_deck":["AscendersBane","Strike_R","Strike_R","Strike_R","Strike_R","Strike_R","Defend_R","Defend_R","Defend_R","Defend_R","Bash+1","CurseOfTheBell","Burning Pact","Inflame","Shockwave","Warcry"],"relics":["Calling Bell","Dead Branch","Blue Candle","Ancient Tea Set"],"acts_visited":["Exordium"],"potions_floor_usage":[4,5],"damage_taken":[{"damage":8,"enemies":"Small Slimes","floor":1,"turns":3},{"damage":14,"enemies":"Cultist","floor":2,"turns":4},{"damage":17,"enemies":"Jaw Worm","floor":4,"turns":5},{"damage":4,"enemies":"3 Louse","floor":5,"turns":2},{"damage":50,"enemies":"Gremlin Nob","floor":6,"turns":4}],"seed_played":"3653962234213509761","potions_obtained":[{"floor":2,"key":"SpeedPotion"},{"floor":4,"key":"SneckoOil"}],"is_trial":false,"path_per_floor":["M","M","?","M","M","E"],"character_chosen":"IRONCLAD","items_purchased":[],"campfire_rested":0,"item_purchase_floors":[],"current_hp_per_floor":[60,46,46,29,25,0,0],"gold":162,"neow_bonus":"BOSS_RELIC","is_daily":false,"chose_seed":false,"campfire_upgraded":0,"win_rate":0.0,"timestamp":1611677694,"path_taken":["M","M","?","M","?","E"],"items_purchased_type":[],"build_version":"2020-12-22","purchased_purges":0,"victory":false,"max_hp_per_floor":[75,75,75,75,75,75,75],"relic_stats":{"counters":[5,18],"Dead Branch":[15],"Blue Candle":[3],"obtain_stats":[{"Calling Bell":0,"Dead Branch":0,"Blue Candle":0,"Ancient Tea Set":0,"Burning Blood":0},{"Calling Bell":0,"Dead Branch":0,"Blue Candle":0,"Ancient Tea Set":0,"Burning Blood":0},{"Calling Bell":0,"Dead Branch":0,"Blue Candle":0,"Ancient Tea Set":0,"Burning Blood":0}]},"card_choices":[{"not_picked":["Heavy Blade","Dual Wield"],"picked":"Burning Pact","floor":1},{"not_picked":["Dual Wield","Armaments"],"picked":"Inflame","floor":2},{"not_picked":["Entrench","Headbutt"],"picked":"Shockwave","floor":4},{"not_picked":["Twin Strike","Sever Soul"],"picked":"Warcry","floor":5}],"player_experience":1125139,"relics_obtained":[{"floor":0,"key":"Dead Branch"},{"floor":0,"key":"Blue Candle"},{"floor":0,"key":"Ancient Tea Set"}],"event_choices":[{"damage_healed":0,"gold_gain":0,"player_choice":"Upgraded","damage_taken":0,"max_hp_gain":0,"max_hp_loss":0,"event_name":"Upgrade Shrine","floor":3,"gold_loss":0,"cards_upgraded":["Bash"]}],"is_beta":false,"boss_relics":[],"items_purged_floors":[],"is_endless":false,"potions_floor_spawned":[2,4],"killed_by":"Gremlin Nob","ascension_level":20}}