{"host":"njo8qgvy2a57fcny","time":1611633876,"event":{"mods":["Aspiration","BaseMod","BetterRewards","CCEM","Colored Map","Colored Powertips","Conspire","Custom Start","Downfall","Energized Spire","GifTheSpireLib","Halation","Hermit","Hubris","Infinite Spire","Jedi Mod","Jorbs\u0027s Wanderer Trilogy","Mimic Mod","Minty Spire (QoL Compilation)","Quick Restart","Random Character Button","Random Character Mod","Rare Cards Sparkle","Relic Sorter","Replay The Spire","Shop Mod","StSLib","Stuff the Spire","The Animator","The Jungle","The Runesmith","The Servant 0.9.4","Unceasing Turn Reminder","thorton"],"gold_per_floor":[99,99,99,99,99,49,49,76,21,18,46,87,106,125,165,260,260,260,287,287,287,314,314,335,135,151,203,228,122,122,140,228,228,128,147,342,392,392,392,419,464,464,464],"floor_reached":43,"language":"ENG","playtime":2467,"items_purged":[],"score":1040,"play_id":"e2b68fb2-2ac9-45de-9d80-af8e214dd4aa","local_time":"20210126150436","is_ascension_mode":true,"campfire_choices":[{"data":"Slimebound:Split","floor":1,"key":"SMITH"},{"floor":18,"key":"RECALL"},{"data":"Slimebound:DuplicatedForm","floor":26,"key":"SMITH"},{"data":"infinitespire:Starlight","floor":35,"key":"SMITH"},{"floor":40,"key":"REST"}],"circlet_count":0,"master_deck":["AscendersBane","Slimebound:Tackle","Slimebound:Defend_Slimebound","Slimebound:Defend_Slimebound","Slimebound:Defend_Slimebound","Slimebound:Defend_Slimebound","Slimebound:Split+1","Slimebound:CorrosiveSpit+1","Slimebound:Repurpose","Strike_G","Underhanded Strike","Predator","Slimebound:Equalize","conspire:SpireCoStock","Slimebound:ForwardTackle","Slimebound:GoopSpray","Slimebound:Repurpose+1","Slimebound:SlimeSpikes","Slimebound:SlimeBarrage","Slimebound:DisruptingSlam","Slimebound:LivingWall","Slimebound:LeechingTouch","Slimebound:Prepare","Slimebound:DuplicatedForm+1","jedi:markofdeath","infinitespire:Starlight+1","Slimebound:Prepare","Slimebound:SlimeSpikes","Slimebound:LevelUp+1","Slimebound:RainOfGoop","Sweeping Beam","Slimebound:LevelUp","Slimebound:SplitLeeching","Slimebound:OneTwoCombo+1","Slimebound:Prepare","Loop","Slimebound:MassFeed+1","White Noise","Slimebound:Grow+1","Slimebound:AcidTongue"],"relics":["Slimebound:AbsorbEndCombat","downfall:HeartsMalice","aspiration:Legacy_Headhunter","hubris:Teleporter","jedi:cryingmask","aspiration:DefectSkillbook","halation:BlackBeret","CCEMRelics:Francisca","downfall:HeartBlessingRed","downfall:HeartBlessingGreen","Mummified Hand","Molten Egg 2","Orrery","halation:StarCompass","Replay:Bronze Core","downfall:HeartBlessingBlue","Ring of Fury","Ring of Greed","Golden Idol","halation:IllGainedPizza","StuffTheSpire:GreaterSneckoEye"],"acts_visited":["Exordium","TheCity","TheBeyond"],"potions_floor_usage":[12,16,23,25,30,33,33,43],"damage_taken":[{"damage":0,"enemies":"2 Louse","floor":2,"turns":1},{"damage":0,"enemies":"Cultist","floor":4,"turns":1},{"damage":0,"enemies":"Gremlin Nob","floor":8,"turns":1},{"damage":20,"enemies":"downfall:FleeingMerchant","floor":9,"turns":4},{"damage":20,"enemies":"downfall:FleeingMerchant","floor":10,"turns":4},{"damage":12,"enemies":"Jaw Worm","floor":11,"turns":3},{"damage":4,"enemies":"3 Sentries","floor":12,"turns":4},{"damage":7,"enemies":"2 Fungi Beasts","floor":13,"turns":2},{"damage":10,"enemies":"Large Slime","floor":14,"turns":3},{"damage":4,"enemies":"Blue Slaver","floor":15,"turns":2},{"damage":17,"enemies":"IC_STATUS_ARCHETYPE","floor":16,"turns":5},{"damage":6,"enemies":"Chosen","floor":19,"turns":4},{"damage":17,"enemies":"Book of Stabbing","floor":23,"turns":4},{"damage":5,"enemies":"Shell Parasite","floor":25,"turns":2},{"damage":3,"enemies":"Snake Plant","floor":27,"turns":3},{"damage":32,"enemies":"Slavers","floor":28,"turns":2},{"damage":3,"enemies":"downfall:FleeingMerchant","floor":30,"turns":2},{"damage":4,"enemies":"Sentry and Sphere","floor":32,"turns":3},{"damage":43,"enemies":"DF_ARCHETYPE_CLAW","floor":33,"turns":6},{"damage":2,"enemies":"Orb Walker","floor":36,"turns":3},{"damage":4,"enemies":"3 Darklings","floor":42,"turns":3},{"damage":95,"enemies":"Nightmare","floor":43,"turns":6}],"seed_played":"5076652700169373496","potions_obtained":[{"floor":11,"key":"BlessingOfTheForge"},{"floor":12,"key":"Toxic Potion"},{"floor":15,"key":"GamblersBrew"},{"floor":16,"key":"AttackPotion"},{"floor":27,"key":"Slimebound:SlimedPotion"},{"floor":28,"key":"sneckomod:MuddlingPotion"},{"floor":32,"key":"Adrenaline Potion"},{"floor":33,"key":"champ:CounterPotion"},{"floor":42,"key":"bronze:BurnAndBuffPotion"}],"is_trial":false,"path_per_floor":["R","M","?","M","?","?","T","E","$","$","M","E","M","M","M","B",null,"R","M","?","?","E","T","M","R","M","E","T","$","?","M","B",null,"R","M","?","?","?","R","M","NM"],"character_chosen":"SLIMEBOUND","items_purchased":["Slimebound:Repurpose+1","Molten Egg 2","Orrery"],"campfire_rested":1,"item_purchase_floors":[9,30,30],"current_hp_per_floor":[53,53,53,53,53,53,53,53,41,33,23,29,28,26,24,23,50,50,54,54,40,33,33,47,47,58,59,59,59,59,58,35,53,63,69,47,47,17,37,69,0,0,0],"gold":464,"neow_bonus":"THREE_ENEMY_KILL","is_daily":false,"chose_seed":false,"campfire_upgraded":3,"win_rate":0.0,"timestamp":1611633876,"path_taken":["R","M","?","?","?","?","T","E","?","$","M","E","M","M","M","BOSS","R","M","?","?","E","T","?","R","M","E","?","$","?","M","BOSS","R","M","?","?","?","R","?","NM"],"items_purchased_type":["Card","Relic","Relic"],"build_version":"2020-12-22","purchased_purges":0,"victory":false,"max_hp_per_floor":[59,59,59,59,59,59,59,59,59,59,59,59,59,59,59,59,59,59,59,59,59,59,59,59,59,59,59,59,59,59,59,59,59,69,69,69,69,69,69,69,69,69,69],"card_choices":[{"not_picked":["Slimebound:ItLooksTasty","Slimebound:Gluttony"],"picked":"Slimebound:Repurpose","floor":2},{"not_picked":["Slimebound:FormOfPuddle","Slimebound:LeechEnergy"],"picked":"Slimebound:Equalize","floor":4},{"not_picked":["Slimebound:ComboTackle","Slimebound:FlameTackle"],"picked":"Slimebound:ForwardTackle","floor":8},{"not_picked":["Slimebound:ComboTackle","Slimebound:Nibble"],"picked":"Slimebound:GoopSpray","floor":9},{"not_picked":["Slimebound:Prepare","Slimebound:GoopTackle"],"picked":"Slimebound:SlimeSpikes","floor":10},{"not_picked":["Slimebound:RollThrough","Slimebound:FinishingTackle"],"picked":"Slimebound:SlimeBarrage","floor":11},{"not_picked":["Slimebound:SlimeTap","Slimebound:HauntingLick"],"picked":"Slimebound:DisruptingSlam","floor":12},{"not_picked":["Slimebound:SamplingLick","Slimebound:LeechEnergy"],"picked":"Slimebound:LivingWall","floor":13},{"not_picked":["Slimebound:FinishingTackle","Slimebound:CheckThePlaybook"],"picked":"Slimebound:LeechingTouch","floor":14},{"not_picked":["Slimebound:SlimeSpikes","Slimebound:RollThrough"],"picked":"Slimebound:Prepare","floor":15},{"not_picked":["Slimebound:SlimeSlap","Slimebound:PrepareCrush"],"picked":"Slimebound:DuplicatedForm","floor":16},{"not_picked":["ReplayTheSpireMod:Repulse","StuffTheSpire:LoadUp","Slimebound:Chomp+1"],"picked":"jedi:markofdeath","floor":19},{"not_picked":["ReplayTheSpireMod:Chaos Vortex","infinitespire:DeathsTouch"],"picked":"infinitespire:Starlight","floor":22},{"not_picked":["Slimebound:SamplingLick","Turbo","Gash"],"picked":"Slimebound:Prepare","floor":23},{"not_picked":["Genetic Algorithm","Rebound","Slimebound:LeechingTouch"],"picked":"Slimebound:SlimeSpikes","floor":25},{"not_picked":["Consume","Beam Cell","Slimebound:RallyTheTroops"],"picked":"Slimebound:LevelUp+1","floor":27},{"not_picked":["ReplayTheSpireMod:Repulse","Static Discharge+1","conspire:Rain"],"picked":"Slimebound:RainOfGoop","floor":28},{"not_picked":["Slimebound:ComboTackle","conspire:SharedLibrary","ReplayTheSpireMod:Repulse"],"picked":"Sweeping Beam","floor":30},{"not_picked":["Slimebound:LeadByExample","jedi:BurstFrost","Undo"],"picked":"Slimebound:LevelUp","floor":30},{"not_picked":["Barrage+1","Mirror Shield","Slimebound:HauntingLick"],"picked":"Slimebound:SplitLeeching","floor":30},{"not_picked":["Slimebound:FlameTackle+1","jedi:BurstFrost+1","Slimebound:Schlurp"],"picked":"Slimebound:OneTwoCombo+1","floor":30},{"not_picked":["Compile Driver+1","Hello World","Cold Snap+1"],"picked":"Slimebound:Prepare","floor":30},{"not_picked":["Coolheaded+1","Compile Driver+1","Sweeping Beam+1"],"picked":"Loop","floor":30},{"not_picked":["StuffTheSpire:Rend","Slimebound:SamplingLick","Recycle"],"picked":"Slimebound:MassFeed+1","floor":32},{"not_picked":["Slimebound:Chomp+1","StuffTheSpire:Plugnplay","Slimebound:SplitBruiser"],"picked":"White Noise","floor":36},{"not_picked":["Sweeping Beam+1","Slimebound:GoopSpray","Slimebound:SplitAcid"],"picked":"Slimebound:Grow+1","floor":37},{"not_picked":["Slimebound:SamplingLick","Slimebound:LevelUp","Streamline+1"],"picked":"Slimebound:AcidTongue","floor":42}],"player_experience":703687,"relics_obtained":[{"floor":7,"key":"aspiration:Legacy_Headhunter"},{"floor":8,"key":"hubris:Teleporter"},{"floor":12,"key":"jedi:cryingmask"},{"floor":23,"key":"halation:BlackBeret"},{"floor":24,"key":"CCEMRelics:Francisca"},{"floor":28,"key":"Mummified Hand"},{"floor":38,"key":"Ring of Fury"},{"floor":38,"key":"Ring of Greed"},{"floor":38,"key":"Golden Idol"},{"floor":38,"key":"halation:IllGainedPizza"},{"floor":39,"key":"StuffTheSpire:GreaterSneckoEye"}],"event_choices":[{"damage_healed":0,"gold_gain":0,"player_choice":"Invest 1","damage_taken":0,"max_hp_gain":0,"max_hp_loss":0,"event_name":"conspire:Investor","floor":6,"gold_loss":0}],"is_beta":false,"boss_relics":[{"not_picked":["Sozu","aspiration:RitualDagger"],"picked":"aspiration:DefectSkillbook"},{"not_picked":["energizedSpire:NeverEndingSparkler","Philosopher\u0027s Stone"],"picked":"Replay:Bronze Core"}],"items_purged_floors":[],"is_endless":false,"potions_floor_spawned":[11,12,15,16,27,28,32,33,42],"killed_by":"Nightmare","ascension_level":20}}