{"host":"5gc11emcm5chfr5t","time":1611692331,"event":{"mods":["2.2 Compatiblity","AchievementEnabler","BaseMod","Bestiary","Better Note","Colored Map","Colored Powertips","Downfall","Googly Eyes","Minty Spire (QoL Compilation)","Rare Cards Sparkle","StSLib"],"gold_per_floor":[99,99,99,99,99,99,174,74,74,74,104,119,19,40,60,60,60,60],"floor_reached":16,"language":"ENG","playtime":391,"items_purged":[],"score":238,"play_id":"19b3ec0d-28fd-4402-9d7a-0af1936eaac4","local_time":"20210126151851","is_ascension_mode":true,"campfire_choices":[{"floor":1.0,"key":"RECALL"},{"data":"sneckomod:SoulCleanse","floor":8,"key":"SMITH"},{"data":"sneckomod:TailWhip","floor":10,"key":"SMITH"},{"data":"sneckomod:UnknownClassBLUE","floor":13,"key":"SMITH"}],"circlet_count":0,"master_deck":["AscendersBane","sneckomod:Strike","sneckomod:Strike","sneckomod:Defend","sneckomod:Defend","sneckomod:Defend","sneckomod:TailWhip+1","sneckomod:SnekBite","sneckomod:Unknown","sneckomod:Unknown","sneckomod:SoulCleanse+1","sneckomod:UnknownClassBLUE","sneckomod:UnknownClassBLUE+1","sneckomod:ImprovisedGuard","sneckomod:UnknownClassPURPLE","sneckomod:UnknownClassPURPLE"],"relics":["sneckomod:SneckoSoul","downfall:HeartsMalice","Bronze Scales","Ornamental Fan","downfall:HeartBlessingRed","Gambling Chip","downfall:HeartBlessingBlue","Odd Mushroom"],"acts_visited":["Exordium"],"potions_floor_usage":[14,14,15],"damage_taken":[{"damage":0,"enemies":"Jaw Worm","floor":6,"turns":1},{"damage":0,"enemies":"2 Louse","floor":9,"turns":1},{"damage":0,"enemies":"Lagavulin","floor":11,"turns":1},{"damage":0,"enemies":"Small Slimes","floor":12,"turns":2},{"damage":0,"enemies":"The Mushroom Lair","floor":14,"turns":2},{"damage":0,"enemies":"Blue Slaver","floor":15,"turns":1},{"damage":42,"enemies":"DF_ARCHETYPE_STREAMLINE","floor":16,"turns":8}],"seed_played":"-4351385222634091731","potions_obtained":[{"floor":12,"key":"Explosive Potion"},{"floor":14,"key":"EntropicBrew"}],"is_trial":false,"path_per_floor":["R","?","?","?","?","M","T","R","M","R","E","M","R","?","M","B"],"character_chosen":"THE_SNECKO","items_purchased":[],"campfire_rested":0,"item_purchase_floors":[],"current_hp_per_floor":[75,70,70,70,70,70,70,70,70,70,70,70,80,80,80,38,38,38],"gold":60,"neow_bonus":"THREE_ENEMY_KILL","is_daily":false,"chose_seed":false,"campfire_upgraded":3,"win_rate":0.0,"timestamp":1611692331,"path_taken":["R","?","?","?","?","M","T","R","M","R","E","?","R","?","M","BOSS"],"items_purchased_type":[],"build_version":"2020-12-22","purchased_purges":0,"victory":false,"max_hp_per_floor":[83,83,83,83,83,83,83,83,83,83,83,83,93,93,93,93,93,93],"card_choices":[{"not_picked":["sneckomod:SoulDraw","sneckomod:UnknownClassPURPLE"],"picked":"sneckomod:SoulCleanse","floor":6},{"not_picked":["sneckomod:UnknownCommonAttack","sneckomod:UnendingSupply"],"picked":"sneckomod:UnknownClassBLUE","floor":9},{"not_picked":["sneckomod:Transmogrify","sneckomod:PureSnecko"],"picked":"sneckomod:UnknownClassBLUE","floor":11},{"not_picked":["sneckomod:SoulRoll","sneckomod:QuickBite"],"picked":"sneckomod:ImprovisedGuard","floor":12},{"not_picked":["sneckomod:SnakeSap","sneckomod:ImprovisedGuard"],"picked":"sneckomod:UnknownClassPURPLE","floor":14},{"not_picked":["sneckomod:MixItUp","sneckomod:SoulCleanse"],"picked":"sneckomod:UnknownClassPURPLE","floor":15}],"player_experience":569003,"relics_obtained":[{"floor":11,"key":"Gambling Chip"},{"floor":14,"key":"Odd Mushroom"}],"event_choices":[{"damage_healed":0.0,"max_hp_gain":0.0,"max_hp_loss":0.0,"gold_gain":0.0,"event_name":"Scrap Ooze","player_choice":"Success","floor":2.0,"gold_loss":0.0,"damage_taken":5.0,"relics_obtained":["Bronze Scales"]},{"damage_healed":0.0,"max_hp_gain":0.0,"max_hp_loss":0.0,"gold_gain":0.0,"event_name":"Big Fish","player_choice":"Box","floor":3.0,"gold_loss":0.0,"damage_taken":0.0,"relics_obtained":["Ornamental Fan"],"cards_obtained":["Regret"]},{"cards_removed":["Regret"],"damage_healed":0,"gold_gain":0,"player_choice":"Card Removal","damage_taken":0,"max_hp_gain":0,"max_hp_loss":0,"event_name":"The Cleric","floor":4,"gold_loss":0},{"damage_healed":0,"gold_gain":0,"player_choice":"Fought Mushrooms","damage_taken":0,"max_hp_gain":0,"max_hp_loss":0,"event_name":"Mushrooms","floor":14,"gold_loss":0}],"is_beta":false,"boss_relics":[],"items_purged_floors":[],"is_endless":false,"potions_floor_spawned":[12,14],"killed_by":"DF_ARCHETYPE_STREAMLINE","ascension_level":20}}