{"host":"1u5b8mzv927aru3b","time":1611669162,"event":{"mods":["AchievementEnabler","BaseMod","Colored Map","Colored Powertips","Downfall","GifTheSpireLib","Googly Eyes","Minty Spire (QoL Compilation)","Quick Restart","Relic Sorter","StSLib","The IronCluck","Unceasing Turn Reminder"],"gold_per_floor":[99,99,99,99,99,112,112,112,125,145,159,159,171,163,188,299,299,299,310,9,29,29,29,29],"floor_reached":22,"language":"ENG","playtime":891,"items_purged":[],"score":176,"play_id":"03fd33cb-e7cc-4264-88fa-8570dde5fa46","local_time":"20210126175242","is_ascension_mode":false,"campfire_choices":[{"data":"hexamod:Sear","floor":1,"key":"SMITH"},{"data":"hexamod:AdvancingGuard","floor":8,"key":"SMITH"},{"data":"hexamod:GhostflameBarrier","floor":12,"key":"SMITH"},{"data":"hexamod:WildfireWeapon","floor":18,"key":"SMITH"}],"circlet_count":0,"master_deck":["hexamod:Strike","hexamod:Strike","hexamod:Strike+1","hexamod:Strike","hexamod:Defend","hexamod:Defend","hexamod:Defend","hexamod:Defend","hexamod:Sear+1","hexamod:Float","hexamod:AdvancingGuard+1","hexamod:ChargedBarrage+1","hexamod:ThirdSeal","hexamod:GhostflameBarrier+1","hexamod:HeatShield","hexamod:ThermalTransfer","hexamod:EmpoweredFlame","hexamod:FirstSeal","hexamod:SecondSeal","hexamod:FourthSeal","hexamod:ChargedBarrage+1","hexamod:WildfireWeapon+1","hexamod:SixthSeal"],"relics":["hexamod:SpiritBrand","downfall:HeartsMalice","Meat on the Bone","Runic Pyramid","FossilizedHelix"],"acts_visited":["Exordium","TheCity"],"potions_floor_usage":[16,16,16,21],"damage_taken":[{"damage":0,"enemies":"Jaw Worm","floor":2,"turns":1},{"damage":0,"enemies":"Small Slimes","floor":3,"turns":1},{"damage":0,"enemies":"Cultist","floor":4,"turns":1},{"damage":2,"enemies":"Blue Slaver","floor":6,"turns":3},{"damage":0,"enemies":"Red Slaver","floor":9,"turns":5},{"damage":0,"enemies":"2 Fungi Beasts","floor":10,"turns":6},{"damage":14,"enemies":"3 Louse","floor":11,"turns":4},{"damage":5,"enemies":"Exordium Thugs","floor":13,"turns":6},{"damage":16,"enemies":"Large Slime","floor":15,"turns":7},{"damage":24,"enemies":"DF_ARCHETYPE_STREAMLINE","floor":16,"turns":10},{"damage":26,"enemies":"3 Byrds","floor":19,"turns":6},{"damage":0,"enemies":"downfall:FleeingMerchant","floor":20,"turns":4},{"damage":36,"enemies":"Snake Plant","floor":21,"turns":7},{"damage":84,"enemies":"3 Cultists","floor":22,"turns":6}],"seed_played":"6556210020997789259","potions_obtained":[{"floor":6,"key":"BlessingOfTheForge"},{"floor":9,"key":"SpeedPotion"},{"floor":13,"key":"hexamod:EctoCoolerPotion"},{"floor":15,"key":"hexamod:InfernoChargePotion"},{"floor":16,"key":"FairyPotion"},{"floor":16,"key":"champ:CounterPotion"},{"floor":19,"key":"Energy Potion"},{"floor":20,"key":"Regen Potion"},{"floor":21,"key":"sneckomod:MuddlingPotion"}],"is_trial":false,"path_per_floor":["R","M","M","M","?","M","T","R","M","M","M","R","M","?","M","B",null,"R","M","$","M","M"],"character_chosen":"THE_SPIRIT","items_purchased":["FossilizedHelix"],"campfire_rested":0,"item_purchase_floors":[20],"current_hp_per_floor":[70,70,70,70,75,73,73,73,73,73,59,59,54,47,50,45,75,75,49,49,47,0,0,0],"gold":29,"neow_bonus":"THREE_ENEMY_KILL","is_daily":false,"chose_seed":false,"campfire_upgraded":4,"win_rate":0.0,"timestamp":1611669162,"path_taken":["R","M","M","M","?","M","T","R","M","M","M","R","M","?","M","BOSS","R","M","$","M","M"],"items_purchased_type":["Relic"],"build_version":"2020-12-22","purchased_purges":0,"victory":false,"max_hp_per_floor":[70,70,70,70,75,75,75,75,75,75,75,75,75,75,75,75,75,75,75,75,75,75,75,75],"card_choices":[{"not_picked":["hexamod:NightmareStrike","hexamod:GhostLash"],"picked":"hexamod:AdvancingGuard","floor":2},{"not_picked":["hexamod:RainOfEmbers","hexamod:GhostLash"],"picked":"hexamod:ChargedBarrage","floor":3},{"not_picked":["hexamod:SecondSeal","hexamod:SwordOfDarkness"],"picked":"hexamod:ThirdSeal","floor":4},{"not_picked":["hexamod:Firestarter","hexamod:InspiringFlames"],"picked":"hexamod:GhostflameBarrier","floor":6},{"not_picked":["hexamod:TurnItUp","hexamod:SkipABeat","hexamod:BacktrackSmack"],"picked":"SKIP","floor":6},{"not_picked":["hexamod:Hexaguard","hexamod:Haunt"],"picked":"hexamod:HeatShield","floor":9},{"not_picked":["hexamod:RetreatToShadows","hexamod:Firestarter","hexamod:GhostShield"],"picked":"SKIP","floor":9},{"not_picked":["hexamod:NightmareStrike","hexamod:InspiringFlames"],"picked":"hexamod:ThermalTransfer","floor":10},{"not_picked":["hexamod:TimeWarp","hexamod:InspiringFlames","hexamod:GhostShield"],"picked":"SKIP","floor":10},{"not_picked":["hexamod:TimeWarp","hexamod:InspiringFlames","hexamod:GhostShield"],"picked":"SKIP","floor":10},{"not_picked":["hexamod:ThirdSeal","hexamod:AdvancingGuard","hexamod:GhostflameBarrier"],"picked":"SKIP","floor":11},{"not_picked":["hexamod:Hexaguard","hexamod:GhostShield","hexamod:GhostOfSpirePast"],"picked":"SKIP","floor":11},{"not_picked":["hexamod:RecurringNightmare","hexamod:SwordOfDarkness"],"picked":"hexamod:EmpoweredFlame","floor":13},{"not_picked":["hexamod:RetreatToShadows","hexamod:CatchUp","hexamod:Hexaguard"],"picked":"SKIP","floor":13},{"not_picked":["hexamod:HauntingEcho","hexamod:DynamicBlow"],"picked":"hexamod:ChargedBarrage","floor":15},{"not_picked":["hexamod:Incineration","hexamod:HauntingEcho"],"picked":"hexamod:WildfireWeapon","floor":15},{"not_picked":["hexamod:TimeOfNeed","hexamod:GhostOfSpirePresent"],"picked":"hexamod:SixthSeal","floor":16},{"not_picked":["hexamod:BacktrackSmack+1","hexamod:HauntingEcho","hexamod:GhostOfSpirePast"],"picked":"SKIP","floor":19},{"not_picked":["hexamod:FastForward","hexamod:ThermalTransfer+1","hexamod:GhostShield"],"picked":"SKIP","floor":19},{"not_picked":["hexamod:FirstSeal","hexamod:SwordOfDarkness+1","hexamod:BurningTouch+1"],"picked":"SKIP","floor":20},{"not_picked":["hexamod:ShieldOfDarkness","hexamod:Hexaguard","hexamod:SwordOfDarkness+1"],"picked":"SKIP","floor":20},{"not_picked":["hexamod:ShieldOfDarkness+1","hexamod:ThermalTransfer","hexamod:Rewind"],"picked":"SKIP","floor":21},{"not_picked":["hexamod:InspiringFlames+1","hexamod:ChargedBarrage","hexamod:NightmareStrike"],"picked":"SKIP","floor":21}],"player_experience":169822,"relics_obtained":[{"floor":7,"key":"Meat on the Bone"}],"event_choices":[{"damage_healed":0,"gold_gain":0,"player_choice":"Donut","damage_taken":0,"max_hp_gain":5,"max_hp_loss":0,"event_name":"Big Fish","floor":5,"gold_loss":0}],"is_beta":false,"boss_relics":[{"not_picked":["hexamod:UnbrokenSoul","Black Star"],"picked":"Runic Pyramid"}],"items_purged_floors":[],"is_endless":false,"potions_floor_spawned":[6,9,13,15,16,21],"killed_by":"3 Cultists","ascension_level":0}}