{"host":"8is2j71l4wmybkoi","time":1611660746,"event":{"mods":["AchievementEnabler","BaseMod","Colored Map","Minty Spire (QoL Compilation)","Rare Cards Sparkle","StSLib","SuperFastMode"],"gold_per_floor":[111,123,33,108,258,258,286,286,286,306,321,321,341,367,367,442,442,455,455,355,355],"floor_reached":20,"language":"KOR","playtime":594,"items_purged":[],"score":414,"play_id":"db749bc1-bf43-45d5-8037-9cf5a5ec02be","local_time":"20210126203226","is_ascension_mode":true,"campfire_choices":[{"data":"Zap","floor":6,"key":"SMITH"},{"data":"Dualcast","floor":12,"key":"SMITH"},{"data":"Biased Cognition","floor":15,"key":"SMITH"}],"circlet_count":0,"master_deck":["AscendersBane","Zap+1","Dualcast+1","Sweeping Beam","Biased Cognition+1","Doom and Gloom","Conserve Battery","Doubt","Coolheaded","Ball Lightning","Conserve Battery","Core Surge","White Noise","Doom and Gloom","Ball Lightning","Gash","Fission","Rip and Tear","Reboot","Self Repair","Creative AI"],"relics":["Cracked Core","NeowsBlessing","Ancient Tea Set","Boot","Blue Candle","Pandora\u0027s Box"],"acts_visited":["Exordium","TheCity"],"potions_floor_usage":[10,10,13,16,20],"damage_taken":[{"damage":0,"enemies":"Jaw Worm","floor":1,"turns":1},{"damage":0,"enemies":"2 Louse","floor":2,"turns":1},{"damage":0,"enemies":"3 Sentries","floor":7,"turns":2},{"damage":0,"enemies":"Cultist","floor":10,"turns":3},{"damage":1,"enemies":"3 Louse","floor":11,"turns":2},{"damage":0,"enemies":"Lots of Slimes","floor":13,"turns":2},{"damage":14,"enemies":"Lagavulin","floor":14,"turns":6},{"damage":32,"enemies":"Hexaghost","floor":16,"turns":10},{"damage":11,"enemies":"3 Byrds","floor":18,"turns":3},{"damage":49,"enemies":"2 Thieves","floor":20,"turns":3}],"seed_played":"-5417792495413345907","potions_obtained":[{"floor":2,"key":"EntropicBrew"},{"floor":7,"key":"Ancient Potion"},{"floor":11,"key":"BlessingOfTheForge"},{"floor":16,"key":"LiquidMemories"}],"is_trial":false,"path_per_floor":["M","M","$","?","?","R","E","?","T","M","M","R","M","E","R","B",null,"M","?","M"],"character_chosen":"DEFECT","items_purchased":["Doom and Gloom","Conserve Battery"],"campfire_rested":0,"item_purchase_floors":[3,3],"current_hp_per_floor":[64,64,64,53,53,53,53,49,49,49,48,48,48,34,34,2,54,43,43,0,0],"gold":355,"neow_bonus":"THREE_ENEMY_KILL","is_daily":false,"chose_seed":false,"campfire_upgraded":3,"win_rate":0.0,"timestamp":1611660746,"path_taken":["M","M","$","?","?","R","E","?","T","?","M","R","M","E","R","BOSS","M","?","?"],"items_purchased_type":["Card","Card"],"build_version":"2020-12-22","purchased_purges":0,"victory":false,"max_hp_per_floor":[71,71,71,71,71,71,71,71,71,71,71,71,71,71,71,71,71,71,71,71,71],"card_choices":[{"not_picked":["Turbo","Beam Cell"],"picked":"Sweeping Beam","floor":1},{"not_picked":["Cold Snap","Turbo"],"picked":"Biased Cognition","floor":2},{"not_picked":["Steam","Lockon","Sweeping Beam"],"picked":"SKIP","floor":7},{"not_picked":["Conserve Battery","Redo"],"picked":"Coolheaded","floor":10},{"not_picked":["Auto Shields","Beam Cell","Steam Power"],"picked":"SKIP","floor":11},{"not_picked":["Coolheaded","Beam Cell"],"picked":"Ball Lightning","floor":13},{"not_picked":["Force Field","Steam Power"],"picked":"Conserve Battery","floor":14},{"not_picked":["Machine Learning","Echo Form"],"picked":"Core Surge","floor":16},{"not_picked":["Redo","Beam Cell"],"picked":"Self Repair","floor":18}],"player_experience":817875,"relics_obtained":[{"floor":7,"key":"Ancient Tea Set"},{"floor":9,"key":"Boot"},{"floor":14,"key":"Blue Candle"}],"event_choices":[{"damage_healed":0,"gold_gain":75,"player_choice":"Gather Gold","damage_taken":11,"max_hp_gain":0,"max_hp_loss":0,"event_name":"World of Goop","floor":4,"gold_loss":0},{"damage_healed":0,"gold_gain":150,"player_choice":"AGREE","damage_taken":0,"max_hp_gain":0,"max_hp_loss":0,"event_name":"Liars Game","floor":5,"gold_loss":0,"cards_obtained":["Doubt"]},{"damage_healed":0,"gold_gain":0,"player_choice":"Bought 0 Potions","damage_taken":0,"max_hp_gain":0,"max_hp_loss":0,"event_name":"The Woman in Blue","floor":8,"gold_loss":0},{"damage_healed":0,"gold_gain":0,"cards_transformed":["Tempest"],"player_choice":"Transformed","damage_taken":0,"max_hp_gain":0,"max_hp_loss":0,"event_name":"Transmorgrifier","floor":19,"gold_loss":0,"cards_obtained":["Creative AI"]}],"is_beta":false,"boss_relics":[{"not_picked":["Fusion Hammer","Empty Cage"],"picked":"Pandora\u0027s Box"}],"items_purged_floors":[],"is_endless":false,"potions_floor_spawned":[2,7,11,16],"killed_by":"2 Thieves","ascension_level":20}}