{"host":"39edsv1n7lhvfemz","time":1611636862,"event":{"mods":["Act Like it!","BaseMod","Better Vampires","Better-Laid Plans","CapriCore","Friendly Minions","Lobotomy","LobotomyExtend","Minty Spire (QoL Compilation)","Pale of the Ancients","StSLib","The Jungle","Waifu the Spire","noobMod","¡¾ÒÅÎï¿¨ÅÆ¡¿REMEMod"],"gold_per_floor":[113,288,288,308,323,323,353,353,404,417,450,450,461,92,92,200,200,210,239,256,256,290,290,290,326,401,422,422,322,372,398,398,497,497,525,252,311,332,359,402,402,443,443,461,486,486,9,28,28,28],"floor_reached":51,"language":"ZHS","playtime":4868,"items_purged":["Decay","CentralCode","TodaysExpression","SilentOrchestra"],"score":1007,"play_id":"76eee734-195b-4a24-81cf-f102c54c3912","local_time":"20210126125422","is_ascension_mode":true,"campfire_choices":[{"data":"GreenStem","floor":23,"key":"SMITH"},{"data":"Twilight","floor":32,"key":"SMITH"},{"floor":49,"key":"RECALL"}],"circlet_count":0,"master_deck":["SpecialBullet","SpecialBullet","SpecialBullet","SpecialBullet","SpecialBullet","SpecialBullet","SpecialBullet","SpecialBullet","InformationCode","TrainingCode","Hypocrisy","ParadiseLost","Twilight+1","Hypocrisy","GreenStem+1","GalaxyChild","Scarecrow","ExtractionCode","BodiesMountain","GoldRush","QueenBee","ShedSkin+1","Laetitia_ego+1","Rudolta","Alriune","Finesse+1","REME_FirmDetermination+1","REME_MawOfCthun+1"],"relics":["CogitoBucket","ice","REME_ComplimentaryCards","Torii","LetterFromLob","Vajra","Omamori","CeramicFish","TreeSap","REME_HandOfSuture","SlaversCollar","Theresia","HornCleat","theJungle:SpiritDisease","Cursed Key","AspirationHeart","Prayer Wheel","Ice Cream","Toy Ornithopter","Spirit Poop","Lantern","Bag of Preparation"],"acts_visited":["Exordium","theJungle:Jungle","TheBeyond"],"potions_floor_usage":[13,14,22,50,50,50],"damage_taken":[{"damage":6,"enemies":"2 Louse","floor":1,"turns":2},{"damage":0,"enemies":"Cultist","floor":4,"turns":2},{"damage":8,"enemies":"Jaw Worm","floor":5,"turns":3},{"damage":31,"enemies":"Lagavulin","floor":7,"turns":12},{"damage":12,"enemies":"Exordium Thugs","floor":10,"turns":4},{"damage":32,"enemies":"3 Sentries","floor":11,"turns":8},{"damage":73,"enemies":"Gremlin Gang","floor":13,"turns":10},{"damage":2,"enemies":"Slime Boss","floor":16,"turns":3},{"damage":0,"enemies":"Shell Parasite","floor":18,"turns":1},{"damage":1,"enemies":"theJungle:GiantWrat","floor":19,"turns":2},{"damage":17,"enemies":"theJungle:2_Snecko_Cultists","floor":20,"turns":3},{"damage":35,"enemies":"theJungle:Snecko_Cultist_And_Trap","floor":22,"turns":6},{"damage":21,"enemies":"theJungle:Cassacara","floor":25,"turns":3},{"damage":1,"enemies":"theJungle:2_Flameangoes","floor":27,"turns":2},{"damage":0,"enemies":"theJungle:Lyon","floor":31,"turns":2},{"damage":0,"enemies":"theJungle:QueenSpyder","floor":33,"turns":3},{"damage":13,"enemies":"3 Darklings","floor":35,"turns":6},{"damage":12,"enemies":"Mind Bloom Boss Battle","floor":37,"turns":3},{"damage":0,"enemies":"Orb Walker","floor":38,"turns":2},{"damage":0,"enemies":"Jaw Worm Horde","floor":39,"turns":2},{"damage":0,"enemies":"Reptomancer","floor":40,"turns":4},{"damage":2,"enemies":"Giant Head","floor":42,"turns":3},{"damage":1,"enemies":"Reptomancer","floor":45,"turns":2},{"damage":0,"enemies":"Sphere and 2 Shapes","floor":48,"turns":2},{"damage":177,"enemies":"FixerMidnight","floor":50,"turns":8},{"damage":0,"enemies":"Malkuth","floor":51,"turns":5},{"damage":0,"enemies":"Netzach","floor":51,"turns":5},{"damage":1,"enemies":"Chesed","floor":51,"turns":4},{"damage":110,"enemies":"Binah","floor":51,"turns":8}],"seed_played":"-2032289709142802982","potions_obtained":[{"floor":5,"key":"AttackPotion"},{"floor":11,"key":"BlessingOfTheForge"},{"floor":13,"key":"Fruit Juice"},{"floor":16,"key":"CultistPotion"},{"floor":18,"key":"ColorlessPotion"},{"floor":22,"key":"Weak Potion"},{"floor":39,"key":"EntropicBrew"}],"is_trial":false,"path_per_floor":["M","?","?","M","M","R","E","R","T","M","E","?","M","$","R","B",null,"M","M","M","?","M","R","?","E","T","M","?","$","?","M","R","B",null,"M","$","?","M","M","E","R","E","T","?","E","?","$","M","R","B",null],"character_chosen":"Angela","items_purchased":["ParadiseLost","REME_HandOfSuture","GoldRush","REME_MawOfCthun+1","Bag of Preparation"],"campfire_rested":0,"item_purchase_floors":[14,14,36,47,47],"current_hp_per_floor":[43,43,43,43,35,35,70,70,70,58,28,33,47,52,52,50,105,105,104,88,92,65,65,70,49,49,48,48,48,31,31,31,31,129,126,126,119,122,126,136,136,163,163,153,155,137,137,143,143,163],"gold":28,"neow_bonus":"ONE_RARE_RELIC","is_daily":false,"chose_seed":false,"campfire_upgraded":2,"win_rate":0.0,"timestamp":1611636862,"path_taken":["M","?","?","?","M","R","E","R","T","M","E","?","M","?","R","BOSS","M","M","?","?","M","R","?","E","T","?","?","?","?","M","R","BOSS","M","$","?","M","M","E","R","E","T","?","E","?","$","M","R","BOSS"],"items_purchased_type":["Card","Relic","Card","Card","Relic"],"build_version":"2020-12-22","purchased_purges":4,"victory":true,"max_hp_per_floor":[70,70,70,70,70,70,70,70,70,73,80,85,100,105,105,105,105,105,105,106,106,122,122,122,124,124,128,128,128,128,128,128,129,129,167,167,176,177,178,181,181,182,182,182,183,183,183,183,183,188],"card_choices":[{"not_picked":["SwordSharpenedByTears"],"picked":"TodaysExpression","floor":1},{"not_picked":["BloodyDesire"],"picked":"FourthMatchFlame","floor":4},{"not_picked":["Beak","BloodyDesire"],"picked":"SKIP","floor":5},{"not_picked":["SoundOfStar"],"picked":"Hypocrisy","floor":7},{"not_picked":["Bloodbath","WhitesApple"],"picked":"PunishingBird","floor":10},{"not_picked":["Tough","WristCuter"],"picked":"SKIP","floor":10},{"not_picked":["Wingbeat","Discord"],"picked":"SKIP","floor":11},{"not_picked":["BlueScar","BloodyDesire"],"picked":"SKIP","floor":13},{"not_picked":["ParadiseLost"],"picked":"Twilight","floor":16},{"not_picked":["WristCuter","SomewhereSpear"],"picked":"SKIP","floor":18},{"not_picked":["WristCuter","SomewhereSpear"],"picked":"SKIP","floor":18},{"not_picked":["Amita"],"picked":"Hypocrisy","floor":19},{"not_picked":["Logging","Tough"],"picked":"SKIP","floor":20},{"not_picked":["CUTE"],"picked":"GreenStem","floor":22},{"not_picked":["Wellcheers","WallGazer"],"picked":"GalaxyChild","floor":22},{"not_picked":["Rudolta","BigBird"],"picked":"SilentOrchestra","floor":25},{"not_picked":["CUTE","Noise"],"picked":"SKIP","floor":25},{"not_picked":["NakedNest","Wellcheers"],"picked":"Scarecrow","floor":27},{"not_picked":["MagicBullet","Soda"],"picked":"SKIP","floor":27},{"not_picked":["GreenStem","Wingbeat+1"],"picked":"SKIP","floor":31},{"not_picked":["HeroicMonk","DreamingCurrent"],"picked":"BodiesMountain","floor":35},{"not_picked":["Wingbeat","BlueScar"],"picked":"SKIP","floor":35},{"not_picked":["Discord","TodaysExpression"],"picked":"SKIP","floor":35},{"not_picked":["UniverseFragment","Mercenary"],"picked":"QueenBee","floor":37},{"not_picked":["Penitence","SomewhereSpear+1"],"picked":"ShedSkin+1","floor":38},{"not_picked":["SomewhereSpear","Noise+1","WristCuter+1"],"picked":"SKIP","floor":38},{"not_picked":["Ecstasy","Horn+1"],"picked":"Laetitia_ego+1","floor":39},{"not_picked":["Heaven+1","Penitence+1","Beak+1"],"picked":"SKIP","floor":39},{"not_picked":["BearPaw","Amita+1","Horn+1"],"picked":"SKIP","floor":39},{"not_picked":["BlackSwan","Woodsman"],"picked":"Rudolta","floor":40},{"not_picked":["Twilight","Spore+1","RapturousDream"],"picked":"SKIP","floor":40},{"not_picked":["Lantern+1","RedEyes","Soda"],"picked":"SKIP","floor":40},{"not_picked":["BigBird","BigBadWolf"],"picked":"Alriune","floor":42},{"not_picked":["SomewhereSpear+1","FourthMatchFlame+1","Horn+1"],"picked":"SKIP","floor":42},{"not_picked":["Soda+1","Spore+1","RapturousDream+1"],"picked":"SKIP","floor":42},{"not_picked":["Dark Shackles+1","Deep Breath+1"],"picked":"Finesse+1","floor":44},{"not_picked":["Flash of Steel+1","REME_TwoStrings+1"],"picked":"REME_FirmDetermination+1","floor":44},{"not_picked":["Regret_ego+1","Discord+1","RapturousDream+1"],"picked":"SKIP","floor":45},{"not_picked":["TodaysExpression+1","BearPaw+1","TheSmile+1"],"picked":"SKIP","floor":48},{"not_picked":["BlueScar+1","Beak+1","RedEyes+1"],"picked":"SKIP","floor":48},{"not_picked":["Reverberation+1","CUTE+1","Regret_ego+1"],"picked":"SKIP","floor":48}],"player_experience":154918,"relics_obtained":[{"floor":1,"key":"LetterFromLob"},{"floor":7,"key":"Vajra"},{"floor":9,"key":"Omamori"},{"floor":11,"key":"CeramicFish"},{"floor":25,"key":"HornCleat"},{"floor":37,"key":"Prayer Wheel"},{"floor":40,"key":"Ice Cream"},{"floor":42,"key":"Toy Ornithopter"},{"floor":43,"key":"Spirit Poop"},{"floor":45,"key":"Lantern"}],"event_choices":[{"damage_healed":0,"gold_gain":175,"player_choice":"AGREE","damage_taken":0,"max_hp_gain":0,"max_hp_loss":0,"event_name":"Liars Game","floor":2,"gold_loss":0,"cards_obtained":["Doubt"]},{"damage_healed":0,"gold_gain":0,"player_choice":"Cursed","damage_taken":0,"max_hp_gain":0,"max_hp_loss":0,"event_name":"Wheel of Change","floor":3,"gold_loss":0,"cards_obtained":["Decay"]},{"damage_healed":0,"gold_gain":0,"player_choice":"Donut","damage_taken":0,"max_hp_gain":5,"max_hp_loss":0,"event_name":"Big Fish","floor":12,"gold_loss":0},{"cards_removed":["FourthMatchFlame"],"damage_healed":5,"gold_gain":0,"player_choice":"Offered Common","damage_taken":0,"max_hp_gain":0,"max_hp_loss":0,"event_name":"Bonfire Elementals","floor":24,"gold_loss":0},{"cards_removed":["FourthMatchFlame"],"damage_healed":5,"gold_gain":0,"player_choice":"Offered Special","damage_taken":0,"max_hp_gain":0,"max_hp_loss":0,"event_name":"Bonfire Elementals","floor":24,"gold_loss":0},{"damage_healed":0,"gold_gain":0,"player_choice":"Fight","damage_taken":0,"max_hp_gain":0,"max_hp_loss":0,"event_name":"MindBloom","floor":37,"gold_loss":0},{"damage_healed":0,"gold_gain":0,"player_choice":"Memory 3","damage_taken":10,"max_hp_gain":0,"max_hp_loss":0,"event_name":"SensoryStone","floor":44,"gold_loss":0},{"damage_healed":0,"gold_gain":0,"player_choice":"Damaged","damage_taken":18,"max_hp_gain":0,"max_hp_loss":0,"event_name":"Wheel of Change","floor":46,"gold_loss":0}],"is_beta":false,"boss_relics":[{"not_picked":["Busted Crown","Fusion Hammer"],"picked":"SlaversCollar"},{"not_picked":["Tiny House","Snecko Eye"],"picked":"Cursed Key"}],"items_purged_floors":[14,29,36,47],"is_endless":false,"potions_floor_spawned":[5,11,13,16,18,22,31,37,39,45,48],"ascension_level":1}}