{"host":"a5lz0e76zb3fcwkm","time":1611633398,"event":{"mods":["AchievementEnabler","BaseMod","Colored Map","Colored Powertips","Minty Spire (QoL Compilation)","StSLib","SuperFastMode"],"gold_per_floor":[109,127,13,13,13,46,65,116,143,193,218,218,246,263,263,263,263],"floor_reached":16,"language":"KOR","playtime":329,"items_purged":["Strike_G"],"score":286,"play_id":"58b73906-6b22-4f44-9b81-2da25695fef7","local_time":"20210126125638","is_ascension_mode":true,"campfire_choices":[{"data":"Cloak And Dagger","floor":12,"key":"SMITH"},{"data":"Terror","floor":15,"key":"SMITH"}],"circlet_count":0,"master_deck":["AscendersBane","Strike_G","Strike_G","Strike_G","Strike_G+1","Defend_G","Defend_G","Defend_G","Defend_G","Defend_G","Survivor+1","Neutralize","Blade Dance+1","Calculated Gamble","Backstab+1","Terror+1","Cloak And Dagger+1","PiercingWail","Grand Finale","Prepared"],"relics":["Ring of the Snake","NeowsBlessing","Whetstone","Centennial Puzzle","Matryoshka","Omamori"],"acts_visited":["Exordium"],"potions_floor_usage":[11,16],"damage_taken":[{"damage":0,"enemies":"Cultist","floor":1,"turns":1},{"damage":0,"enemies":"Small Slimes","floor":2,"turns":1},{"damage":0,"enemies":"Gremlin Nob","floor":6,"turns":1},{"damage":1,"enemies":"Jaw Worm","floor":7,"turns":2},{"damage":19,"enemies":"Lagavulin","floor":11,"turns":8},{"damage":14,"enemies":"3 Sentries","floor":13,"turns":8},{"damage":0,"enemies":"2 Fungi Beasts","floor":14,"turns":3},{"damage":38,"enemies":"Slime Boss","floor":16,"turns":9}],"seed_played":"2373091369193849425","potions_obtained":[{"floor":2,"key":"FairyPotion"},{"floor":6,"key":"LiquidMemories"},{"floor":7,"key":"GhostInAJar"},{"floor":14,"key":"ColorlessPotion"}],"is_trial":false,"path_per_floor":["M","M","$","?","?","E","M","T","T","?","E","R","E","M","R","B"],"character_chosen":"THE_SILENT","items_purchased":["Backstab"],"campfire_rested":0,"item_purchase_floors":[3],"current_hp_per_floor":[59,59,59,64,43,43,42,42,42,42,23,23,9,9,9,0,0],"gold":263,"neow_bonus":"THREE_ENEMY_KILL","is_daily":false,"chose_seed":false,"campfire_upgraded":2,"win_rate":0.0,"timestamp":1611633398,"path_taken":["M","?","$","?","?","E","M","?","T","?","E","R","E","M","R","BOSS"],"items_purchased_type":["Card"],"build_version":"2020-12-22","purchased_purges":1,"victory":false,"max_hp_per_floor":[66,66,66,71,71,71,71,71,71,71,71,71,71,71,71,71,71],"card_choices":[{"not_picked":["Dodge and Roll","Deadly Poison"],"picked":"Blade Dance","floor":1},{"not_picked":["Dash","Dagger Spray"],"picked":"Calculated Gamble","floor":2},{"not_picked":["Catalyst","Dash"],"picked":"Terror","floor":6},{"not_picked":["Bouncing Flask","Infinite Blades"],"picked":"Cloak And Dagger","floor":7},{"not_picked":["Dagger Throw","Poisoned Stab"],"picked":"PiercingWail","floor":11},{"not_picked":["PiercingWail","Underhanded Strike"],"picked":"Grand Finale","floor":13},{"not_picked":["Underhanded Strike","Choke"],"picked":"Prepared","floor":14}],"player_experience":1806430,"relics_obtained":[{"floor":6,"key":"Whetstone"},{"floor":8,"key":"Centennial Puzzle"},{"floor":11,"key":"Matryoshka"},{"floor":13,"key":"Omamori"}],"event_choices":[{"damage_healed":0,"gold_gain":0,"player_choice":"Donut","damage_taken":0,"max_hp_gain":5,"max_hp_loss":0,"event_name":"Big Fish","floor":4,"gold_loss":0},{"damage_healed":0,"gold_gain":0,"player_choice":"Entered Light","damage_taken":21,"max_hp_gain":0,"max_hp_loss":0,"event_name":"Shining Light","floor":5,"gold_loss":0,"cards_upgraded":["Survivor","Blade Dance"]},{"damage_healed":0,"gold_gain":50,"player_choice":"Pray","damage_taken":0,"max_hp_gain":0,"max_hp_loss":0,"event_name":"Golden Shrine","floor":10,"gold_loss":0}],"is_beta":false,"boss_relics":[],"items_purged_floors":[3],"is_endless":false,"potions_floor_spawned":[2,6,7,14],"killed_by":"Slime Boss","ascension_level":20}}