{"host":"qy1e0kd24tpj3i2m","time":1611672840,"event":{"mods":["Act Like it!","Alarm Clock","BaseMod","Better Skull","Better Vampires","Colored Map","Colored Powertips","Custom Start","Faster Ascension Climbing","Friendly Minions","GifTheSpireLib","Gremlin Skip","Highlight Path","Minty Spire (QoL Compilation)","Permanent Neow","Poor People Problems","Quick Restart","Red Circlet Mod","Relic Filter Mod","Relic Sorter","Reorder Act Four","SacredBarkPlus","Shop Mod","StSLib","SuperFastMode","Transform Curses","没有小屋子和绿帽子啦"],"gold_per_floor":[18,18,30,46,58,87,105,133,157,157,185,210,210,210,210,301,301,316,316,69,69,69,69,89,109,109,126,126,126,155,169,169,246,246,262,2,2,15,15,41,54,68,68,68,68],"floor_reached":44,"language":"ZHS","playtime":2368,"items_purged":["Strike_R","Strike_R"],"score":1016,"play_id":"19447784-bf6c-47eb-aa5b-c37b9a6aa214","local_time":"20210126235400","is_ascension_mode":true,"campfire_choices":[{"data":"True Grit","floor":13.0,"key":"SMITH"},{"data":"Dark Embrace","floor":15.0,"key":"SMITH"},{"data":"Barricade","floor":23.0,"key":"SMITH"},{"data":"Juggernaut","floor":29.0,"key":"SMITH"},{"data":"Rage","floor":32.0,"key":"SMITH"}],"circlet_count":0,"master_deck":["AscendersBane","Strike_R","Strike_R","Defend_R","Defend_R","Juggernaut+1","Berserk","True Grit+1","Feel No Pain","Reckless Charge","Shrug It Off","Wild Strike","Shrug It Off","Rage+1","Dark Embrace+1","Pommel Strike","Barricade+1","Wild Strike","Fire Breathing","Body Slam","Reckless Charge","Entrench","Power Through+1","Regret"],"relics":["Burning Blood","Singing Bowl","White Beast Statue","Oddly Smooth Stone","Red Skull","Odd Mushroom","Bloody Idol","Cursed Key","MutagenicStrength","Nunchaku","Kunai","Red Mask","Mark of Pain","MerchantsRug","MealTicket"],"acts_visited":["Exordium","TheCity","TheBeyond"],"potions_floor_usage":[42,44],"damage_taken":[{"damage":7.0,"enemies":"Small Slimes","floor":1.0,"turns":4.0},{"damage":4.0,"enemies":"2 Louse","floor":3.0,"turns":4.0},{"damage":2.0,"enemies":"Jaw Worm","floor":4.0,"turns":3.0},{"damage":30.0,"enemies":"2 Fungi Beasts","floor":5.0,"turns":4.0},{"damage":14.0,"enemies":"Lagavulin","floor":6.0,"turns":7.0},{"damage":5.0,"enemies":"3 Louse","floor":7.0,"turns":6.0},{"damage":25.0,"enemies":"3 Sentries","floor":8.0,"turns":5.0},{"damage":5.0,"enemies":"Lagavulin","floor":11.0,"turns":7.0},{"damage":7.0,"enemies":"The Mushroom Lair","floor":12.0,"turns":6.0},{"damage":0.0,"enemies":"The Guardian","floor":16.0,"turns":11.0},{"damage":7.0,"enemies":"Spheric Guardian","floor":18.0,"turns":5.0},{"damage":6.0,"enemies":"3 Byrds","floor":24.0,"turns":4.0},{"damage":22.0,"enemies":"Snecko","floor":25.0,"turns":6.0},{"damage":17.0,"enemies":"Cultist and Chosen","floor":27.0,"turns":6.0},{"damage":28.0,"enemies":"Masked Bandits","floor":30.0,"turns":5.0},{"damage":25.0,"enemies":"Sentry and Sphere","floor":31.0,"turns":6.0},{"damage":18.0,"enemies":"Automaton","floor":33.0,"turns":9.0},{"damage":0.0,"enemies":"3 Shapes","floor":35.0,"turns":5.0},{"damage":19.0,"enemies":"Orb Walker","floor":38.0,"turns":4.0},{"damage":48.0,"enemies":"Reptomancer","floor":40.0,"turns":6.0},{"damage":31.0,"enemies":"Transient","floor":41.0,"turns":6.0},{"damage":9,"enemies":"4 Shapes","floor":42,"turns":4},{"damage":35,"enemies":"2 Orb Walkers","floor":44,"turns":3}],"seed_played":"5234623372859022301","potions_obtained":[{"floor":3.0,"key":"SkillPotion"},{"floor":7.0,"key":"PowerPotion"},{"floor":8.0,"key":"ElixirPotion"},{"floor":11.0,"key":"LiquidMemories"},{"floor":12.0,"key":"GamblersBrew"},{"floor":16.0,"key":"Block Potion"},{"floor":18.0,"key":"Energy Potion"},{"floor":24.0,"key":"Dexterity Potion"},{"floor":25.0,"key":"LiquidMemories"},{"floor":27.0,"key":"SpeedPotion"},{"floor":30.0,"key":"FearPotion"},{"floor":31.0,"key":"EssenceOfSteel"},{"floor":33.0,"key":"EntropicBrew"},{"floor":35.0,"key":"Ancient Potion"},{"floor":38.0,"key":"BlessingOfTheForge"},{"floor":40.0,"key":"Dexterity Potion"},{"floor":41.0,"key":"LiquidMemories"},{"floor":42,"key":"Weak Potion"}],"is_trial":false,"path_per_floor":["M","?","M","M","M","E","M","E","T","?","E","?","R","?","R","B",null,"M","?","$","?","?","R","M","M","T","M","?","R","?","M","R","B",null,"M","$","?","M","?","E","M","M","T","?"],"character_chosen":"IRONCLAD","items_purchased":["Nunchaku","MerchantsRug"],"campfire_rested":0,"item_purchase_floors":[20,36],"current_hp_per_floor":[67,67,69,73,49,41,42,23,23,48,49,50,50,50,50,56,67,66,66,66,66,66,66,72,61,61,57,57,57,42,30,30,25,66,79,79,79,71,71,36,16,20,20,0,0],"gold":68,"neow_bonus":"TRANSFORM_TWO_CARDS","is_daily":false,"chose_seed":false,"campfire_upgraded":5,"win_rate":0.0,"timestamp":1611672840,"path_taken":["M","?","M","M","M","E","M","E","T","?","E","?","R","?","R","BOSS","M","?","$","?","?","R","M","M","T","M","?","R","?","M","R","BOSS","M","$","?","M","?","E","M","?","T","?"],"items_purchased_type":["Relic","Relic"],"build_version":"2020-12-22","purchased_purges":2,"victory":false,"max_hp_per_floor":[75,75,75,75,75,75,75,75,75,75,75,77,77,70,70,70,70,70,70,70,70,70,70,72,72,72,74,74,74,76,78,78,80,80,82,82,82,82,82,84,84,86,86,86,86],"card_choices":[{"not_picked":["Anger","Pommel Strike"],"picked":"True Grit","floor":1.0},{"not_picked":["Heavy Blade","Rampage"],"picked":"Reckless Charge","floor":3.0},{"not_picked":["Perfected Strike","Flex"],"picked":"Shrug It Off","floor":4.0},{"not_picked":["Dropkick","Sever Soul"],"picked":"Wild Strike","floor":5.0},{"not_picked":["Headbutt","Searing Blow"],"picked":"Shrug It Off","floor":6.0},{"not_picked":["Pummel","Twin Strike"],"picked":"Rage","floor":7.0},{"not_picked":["Juggernaut","Clothesline"],"picked":"Dark Embrace","floor":8.0},{"not_picked":["Heavy Blade","Clothesline"],"picked":"Pommel Strike","floor":11.0},{"not_picked":["Sword Boomerang","Clash","Second Wind"],"picked":"Singing Bowl","floor":12.0},{"not_picked":["Brutality","Reaper"],"picked":"Barricade","floor":16.0},{"not_picked":["Clothesline","Carnage"],"picked":"Wild Strike","floor":18.0},{"not_picked":["Wild Strike","Perfected Strike","Hemokinesis+1"],"picked":"Singing Bowl","floor":24.0},{"not_picked":["Twin Strike","Perfected Strike+1"],"picked":"Body Slam","floor":25.0},{"not_picked":["Thunderclap+1","Disarm+1","Rage"],"picked":"Singing Bowl","floor":27.0},{"not_picked":["Clothesline","Battle Trance","Body Slam"],"picked":"Singing Bowl","floor":30.0},{"not_picked":["Brutality","True Grit","Armaments"],"picked":"Singing Bowl","floor":31.0},{"not_picked":["Limit Break","Offering","Immolate"],"picked":"Singing Bowl","floor":33.0},{"not_picked":["Searing Blow+1","Spot Weakness","Hemokinesis+1"],"picked":"Singing Bowl","floor":35.0},{"not_picked":["Burning Pact","Warcry+1"],"picked":"Reckless Charge","floor":38.0},{"not_picked":["Feel No Pain+1","Dropkick","True Grit"],"picked":"Singing Bowl","floor":40.0},{"not_picked":["Body Slam","True Grit"],"picked":"Power Through+1","floor":41.0},{"not_picked":["Rupture","Battle Trance+1","Perfected Strike+1"],"picked":"Singing Bowl","floor":42}],"player_experience":943754,"relics_obtained":[{"floor":6.0,"key":"Singing Bowl"},{"floor":8.0,"key":"White Beast Statue"},{"floor":9.0,"key":"Oddly Smooth Stone"},{"floor":11.0,"key":"Red Skull"},{"floor":12.0,"key":"Odd Mushroom"},{"floor":26.0,"key":"Kunai"},{"floor":30.0,"key":"Red Mask"},{"floor":40.0,"key":"MealTicket"}],"event_choices":[{"damage_healed":0.0,"max_hp_gain":0.0,"max_hp_loss":0.0,"gold_gain":0.0,"cards_transformed":["Strike_R"],"event_name":"Living Wall","player_choice":"Change","floor":2.0,"gold_loss":0.0,"damage_taken":0.0,"cards_obtained":["Feel No Pain"]},{"damage_healed":25.0,"max_hp_gain":0.0,"max_hp_loss":0.0,"gold_gain":0.0,"event_name":"Big Fish","player_choice":"Banana","floor":10.0,"gold_loss":0.0,"damage_taken":0.0},{"damage_healed":0.0,"max_hp_gain":0.0,"max_hp_loss":0.0,"gold_gain":0.0,"event_name":"Mushrooms","player_choice":"Fought Mushrooms","floor":12.0,"gold_loss":0.0,"damage_taken":0.0},{"damage_healed":0.0,"max_hp_gain":0.0,"max_hp_loss":7.0,"gold_gain":0.0,"event_name":"Golden Idol","player_choice":"Lose Max HP","floor":14.0,"gold_loss":0.0,"damage_taken":0.0,"relics_obtained":["Golden Idol"]},{"damage_healed":0.0,"max_hp_gain":0.0,"max_hp_loss":0.0,"gold_gain":0.0,"event_name":"Drug Dealer","player_choice":"Inject Mutagens","floor":19.0,"gold_loss":0.0,"damage_taken":0.0,"relics_obtained":["MutagenicStrength"]},{"damage_healed":0.0,"max_hp_gain":0.0,"max_hp_loss":0.0,"gold_gain":0.0,"event_name":"The Library","player_choice":"Read","floor":21.0,"gold_loss":0.0,"damage_taken":0.0,"cards_obtained":["Fire Breathing"]},{"damage_healed":0.0,"max_hp_gain":0.0,"max_hp_loss":0.0,"gold_gain":0.0,"event_name":"Forgotten Altar","player_choice":"Gave Idol","floor":22.0,"relics_lost":["Golden Idol"],"gold_loss":0.0,"damage_taken":0.0,"relics_obtained":["Bloody Idol"]},{"cards_removed":["Normality"],"damage_healed":0.0,"max_hp_gain":0.0,"max_hp_loss":0.0,"gold_gain":0.0,"event_name":"Back to Basics","player_choice":"Elegance","floor":28.0,"gold_loss":0.0,"damage_taken":0.0},{"damage_healed":0.0,"max_hp_gain":0.0,"max_hp_loss":0.0,"gold_gain":0.0,"event_name":"Masked Bandits","player_choice":"Fought Bandits","floor":30.0,"gold_loss":0.0,"damage_taken":0.0},{"cards_removed":["Defend_R"],"damage_healed":0.0,"max_hp_gain":0.0,"max_hp_loss":0.0,"gold_gain":0.0,"event_name":"Falling","player_choice":"Removed Skill","floor":37.0,"gold_loss":0.0,"damage_taken":0.0},{"damage_healed":0.0,"max_hp_gain":0.0,"max_hp_loss":0.0,"gold_gain":0.0,"event_name":"Match and Keep!","player_choice":"1 cards matched","floor":39.0,"gold_loss":0.0,"damage_taken":0.0,"cards_obtained":["Entrench"]},{"damage_healed":0,"gold_gain":0,"player_choice":"Fight","damage_taken":0,"max_hp_gain":0,"max_hp_loss":0,"event_name":"Mysterious Sphere","floor":44,"gold_loss":0}],"is_beta":false,"boss_relics":[{"not_picked":["Philosopher\u0027s Stone","Runic Cube"],"picked":"Cursed Key"},{"not_picked":["Runic Pyramid","Pandora\u0027s Box"],"picked":"Mark of Pain"}],"items_purged_floors":[20,36],"is_endless":false,"potions_floor_spawned":[3,7,8,11,12,16,18,24,25,27,30,31,33,35,38,40,41,42],"killed_by":"2 Orb Walkers","ascension_level":20}}