{"host":"ss2ocoam53r2lno0","time":1611653090,"event":{"mods":["Act Like it!","BaseMod","ChefMod","Clockwork Mod","Colored Powertips","Curses Come First","Displayed Cursed Tome","Downfall","Evolution","Googly Eyes","Hallownest","Highlight Path","Minty Spire (QoL Compilation)","Poor People Problems","Rare Cards Sparkle","Robot Space Explorer","Shade Mod","Shop Mod","Spicy Shops","StSLib","The Marked"],"gold_per_floor":[110,110,35,35,35,35,78,78,78,121,141,141,41,56,56,151,151,170,220,145,145,163,163,198,198,223,138,138,138],"floor_reached":28,"language":"ENG","playtime":1330,"items_purged":["Clockwork:Strike","Clockwork:Shield"],"score":663,"play_id":"077114d5-ca30-43b0-8d53-19fe30367782","local_time":"20210126102450","is_ascension_mode":true,"campfire_choices":[{"data":"Clockwork:ChargingBlade","floor":6,"key":"SMITH"},{"data":"Clockwork:ChargingShield","floor":15,"key":"SMITH"},{"floor":23,"key":"REST"},{"floor":25,"key":"REST"}],"circlet_count":0,"master_deck":["AscendersBane","Clockwork:Strike","Clockwork:Strike+1","Clockwork:Strike+1","Clockwork:Shield","Clockwork:Shield","Clockwork:Tinker","Clockwork:WarmUp","Clockwork:ChargingBlade+1","Clockwork:ChargingShield+1","Clockwork:Efficiency"],"relics":["Clockwork:MomentumEngine","EVO:Axolotl","NeowsBlessing","Letter Opener","Golden Idol","Juzu Bracelet","Guardian:GemstoneGun","Philosopher\u0027s Stone","Clockwork:CopperScales","Whetstone","PreservedInsect","Nunchaku"],"acts_visited":["Exordium","TheCity"],"potions_floor_usage":[16,18,18,24,28],"damage_taken":[{"damage":0,"enemies":"Jaw Worm","floor":1,"turns":4},{"damage":0,"enemies":"Lagavulin","floor":7,"turns":4},{"damage":0,"enemies":"Gremlin Nob","floor":10,"turns":1},{"damage":6,"enemies":"Small Slimes","floor":11,"turns":4},{"damage":0,"enemies":"2 Louse","floor":14,"turns":5},{"damage":0,"enemies":"The Guardian","floor":16,"turns":10},{"damage":13,"enemies":"Shell Parasite","floor":18,"turns":8},{"damage":33,"enemies":"3 Byrds","floor":22,"turns":3},{"damage":42,"enemies":"Gremlin Leader","floor":24,"turns":11},{"damage":27,"enemies":"3 Cultists","floor":28,"turns":3}],"seed_played":"4939142713862572465","potions_obtained":[{"floor":1,"key":"Block Potion"},{"floor":14,"key":"CultistPotion"},{"floor":16,"key":"ColorlessPotion"},{"floor":22,"key":"hexamod:SoulburnPotion"},{"floor":24,"key":"Explosive Potion"}],"is_trial":false,"path_per_floor":["M","?","$","?","$","R","E","?","T","E","M","?","$","M","R","B",null,"M","?","?","?","M","R","E","R","T","?","M"],"character_chosen":"CLOCKWORK","items_purchased":[],"campfire_rested":2,"item_purchase_floors":[],"current_hp_per_floor":[71,36,36,36,36,36,36,41,41,41,35,35,35,35,35,35,67,54,54,54,54,21,44,2,25,25,25,0,0],"gold":138,"neow_bonus":"THREE_ENEMY_KILL","is_daily":false,"chose_seed":false,"campfire_upgraded":2,"win_rate":0.0,"timestamp":1611653090,"path_taken":["M","?","$","?","$","R","E","?","T","E","M","?","?","M","R","BOSS","M","?","?","?","M","R","E","R","T","?","M"],"items_purchased_type":[],"build_version":"2020-12-22","purchased_purges":2,"victory":false,"max_hp_per_floor":[79,79,79,72,72,72,72,77,77,77,77,77,77,77,77,77,77,77,77,77,77,77,77,77,77,77,77,77,77],"card_choices":[{"not_picked":["Clockwork:CraftCopperScales","Clockwork:LiteraryArmor"],"picked":"Clockwork:ChargingBlade","floor":1},{"not_picked":["Clockwork:PerfectedStrike","Clockwork:Minimalism","Clockwork:Friction"],"picked":"SKIP","floor":7},{"not_picked":["Clockwork:AdaptiveCannon","Clockwork:CogToss","Clockwork:ElasticNanites"],"picked":"SKIP","floor":10},{"not_picked":["Clockwork:Scour","Clockwork:CraftCopperScales"],"picked":"Clockwork:ChargingShield","floor":11},{"not_picked":["Clockwork:Enhance","Clockwork:TiltAWhirl"],"picked":"Clockwork:Efficiency","floor":14},{"not_picked":["Clockwork:Improve","Clockwork:InertialShield"],"picked":"Clockwork:CraftCopperScales+1","floor":18},{"not_picked":["Clockwork:ReserveSystems","Clockwork:InertialShield+1","Clockwork:Roundhouse"],"picked":"SKIP","floor":22},{"not_picked":["Clockwork:OccamsRazor","Clockwork:Roundhouse","Clockwork:SmithsMallet"],"picked":"SKIP","floor":24}],"player_experience":858804,"relics_obtained":[{"floor":7,"key":"Juzu Bracelet"},{"floor":9,"key":"Guardian:GemstoneGun"},{"floor":24,"key":"Whetstone"},{"floor":26,"key":"PreservedInsect"}],"event_choices":[{"damage_healed":0,"gold_gain":0,"player_choice":"Success","damage_taken":35,"relics_obtained":["Letter Opener"],"max_hp_gain":0,"max_hp_loss":0,"event_name":"Scrap Ooze","floor":2,"gold_loss":0},{"damage_healed":0,"gold_gain":0,"player_choice":"Lose Max HP","damage_taken":0,"relics_obtained":["Golden Idol"],"max_hp_gain":0,"max_hp_loss":7,"event_name":"Golden Idol","floor":4,"gold_loss":0},{"damage_healed":0,"gold_gain":0,"player_choice":"Donut","damage_taken":0,"max_hp_gain":5,"max_hp_loss":0,"event_name":"Big Fish","floor":8,"gold_loss":0},{"damage_healed":0,"gold_gain":0,"player_choice":"Ignored","damage_taken":0,"max_hp_gain":0,"max_hp_loss":0,"event_name":"Liars Game","floor":12,"gold_loss":0},{"damage_healed":0,"gold_gain":50,"player_choice":"Stole From Cult","damage_taken":0,"max_hp_gain":0,"max_hp_loss":0,"event_name":"Nest","floor":19,"gold_loss":0},{"cards_removed":["Clockwork:Shield"],"damage_healed":0,"gold_gain":0,"player_choice":"Gave Gold","damage_taken":0,"max_hp_gain":0,"max_hp_loss":0,"event_name":"Beggar","floor":20,"gold_loss":75},{"damage_healed":0,"gold_gain":0,"player_choice":"Obtained Relic","damage_taken":0,"relics_obtained":["Nunchaku"],"max_hp_gain":0,"max_hp_loss":0,"event_name":"Addict","floor":27,"gold_loss":85}],"is_beta":false,"boss_relics":[{"not_picked":["expansioncontent:StudyCardRelic","Clockwork:PerpetualMotionMachine"],"picked":"Philosopher\u0027s Stone"}],"items_purged_floors":[3,13],"is_endless":false,"potions_floor_spawned":[1,14,16,22,24],"killed_by":"3 Cultists","ascension_level":19}}