{"host":"6drv1qzpbnls60z2","time":1611677153,"event":{"mods":["ATMod(°¢èªMod)","Act Like it!","Arknights The Spire","BaseMod","Hallownest","Minty Spire (QoL Compilation)","Reimu£¨²©ÀöÁéÃÎ£©","Replay The Spire","Shop Mod","Spicy Shops","StSLib","The Dragon Tamer","Uncapped","¡¾ÒÅÎï¿¨ÅÆ¡¿REMEMod","óô»ðÖ¸ÄÏ"],"gold_per_floor":[116,0,0,0,13,13,38,38,65,6,26,70,70,104,104,198,198,422,443,443,466,690,163,176,30,30,68,81,94,130,151,151,249,249,264,333,383,97,113,113,153,153,153,153,182,216,269,308,83,199,310,310,532,550,207,225,59,106,106,166,166,146,177,14,48,93,93,209,209,242,272,13,239,276,276,329,329,386,436,483,483,510,546,298,409,409,452,3,3,31,67,116,116,126,126],"floor_reached":94,"language":"ZHS","playtime":7726,"items_purged":["Hallucinations","Injury","Clumsy","ats:Burning Ground","Clumsy"],"score":4444,"play_id":"21af8d0e-724e-4ceb-9040-09d2006eb007","local_time":"20210127000553","daily_mods":["SealedDeck"],"is_ascension_mode":true,"campfire_choices":[{"data":"AT_ShrugMaster","floor":6,"key":"SMITH"},{"data":"ats:Part Time Job","floor":8,"key":"SMITH"},{"data":"DTMod:WarmUp","floor":13,"key":"SMITH"},{"data":"ats:Demon Strength","floor":15,"key":"SMITH"},{"data":"Pot Of Greed","floor":32,"key":"SMITH"},{"data":"ats:Echo Reverb","floor":40,"key":"SMITH"},{"data":"ats:Phantom","floor":42,"key":"SMITH"},{"data":"ats:Encircling Forest","floor":44,"key":"SMITH"},{"data":"Pot Of Greed","floor":59,"key":"SMITH"},{"data":"ats:Composite Medical Shells","floor":67,"key":"SMITH"},{"data":"ats:Serious Mode","floor":75,"key":"SMITH"},{"data":"Pot Of Greed","floor":93,"key":"SMITH"}],"circlet_count":0,"master_deck":["AscendersBane","AT_ShrugMaster+1","AT_ChampionKick+1","ats:Flexible Camouflage","ats:Shell Defense","ats:Closed Bolt Burst Fire","ats:Closed Bolt Burst Fire","DTMod:WarmUp+1","ats:Guard Mode","ats:Shell Defense","ats:Magnetic Hammer","ats:Collapsing Strike","ats:Shell Defense","ats:Poison Spread","ats:Part Time Job+1","ats:Curse Doll","ats:Powerful Strike","ats:Closed Bolt Burst Fire","ats:Blood Oath","ats:Demon Strength+1","DTMod:ShadowImage","ats:Poison Spread+1","ats:Encircling Forest+1","Pot Of Greed+1","Pot Of Greed+1","Pot Of Greed+1","DTMod:Haste","ats:Support Order","DTMod:SealedStrike+1","ats:Cat Scratch","ats:Chain Hook","ats:Chain Hook","ats:Assault Order","ats:Echo Reverb+1","ats:Phantom+1","ats:Part Time Job+1","ats:Sword Rain","DTMod:CleansingStrike","DTMod:CleansingStrike","ats:Neurotoxin","DTMod:HeadStart","ats:Nebulous Foxfire","ats:Red Shift","ats:Defend Order","ats:Counter Healing Mode","ats:Composite Medical Shells+1","ats:Serious Mode+1","Doubt","DTMod:CalculatedDefense+1","DTMod:ShieldDrain+1","ats:Shadow Assault","ats:True Silver Slash","DTMod:CleansingStrike","ats:Beaten Up+1","ats:Spore Proliferation"],"relics":["ats:Sanity Plus","AT_ATBox","REME_ComplimentaryCards","Golden Idol","AT_BellowingDragoncrestRing","AT_RedTearstoneRing","ats:Originium","Meat on the Bone","Blood Vial","REME_DemonsWealth","MerchantsRug","Art of War","ats:Bonebreaker","REME_LimitBreaker","FossilizedHelix","ats:Ability Aura","AT_SunfireAegis","Replay:Bandana","Replay:Kaleidoscope","AT_TrinityForce","Medical Kit","Happy Flower","Pantograph","Replay:Rubber Ducky","ats:Hidden Killer","Boot","Replay:Wax Seal","Snack Pack","Guide Book"],"acts_visited":["Exordium","TheCity","TheBeyond","Exordium","TheCity","TheBeyond"],"potions_floor_usage":[19,33,33,41,47,47,50,50,50,51,76,76,83,90,94],"damage_taken":[{"damage":0,"enemies":"Jaw Worm","floor":1,"turns":4},{"damage":8,"enemies":"2 Louse","floor":5,"turns":3},{"damage":0,"enemies":"Small Slimes","floor":7,"turns":3},{"damage":14,"enemies":"Red Slaver","floor":11,"turns":3},{"damage":4,"enemies":"Lagavulin","floor":12,"turns":5},{"damage":10,"enemies":"3 Sentries","floor":14,"turns":5},{"damage":4,"enemies":"Fading Forest","floor":16,"turns":13},{"damage":30,"enemies":"2 Thieves","floor":18,"turns":4},{"damage":24,"enemies":"Shell Parasite","floor":19,"turns":5},{"damage":26,"enemies":"Centurion and Healer","floor":21,"turns":6},{"damage":0,"enemies":"Snecko","floor":22,"turns":4},{"damage":10,"enemies":"3 Cultists","floor":24,"turns":5},{"damage":60,"enemies":"Slavers","floor":27,"turns":5},{"damage":25,"enemies":"Centurion and Healer","floor":28,"turns":4},{"damage":10,"enemies":"Cultist and Chosen","floor":29,"turns":7},{"damage":30,"enemies":"Gremlin Leader","floor":30,"turns":5},{"damage":0,"enemies":"Snecko","floor":31,"turns":4},{"damage":50,"enemies":"Champ","floor":33,"turns":9},{"damage":16,"enemies":"3 Shapes","floor":35,"turns":4},{"damage":44,"enemies":"2 Orb Walkers","floor":36,"turns":3},{"damage":0,"enemies":"Orb Walker","floor":39,"turns":4},{"damage":5,"enemies":"Giant Head","floor":41,"turns":6},{"damage":0,"enemies":"Spire Growth","floor":45,"turns":4},{"damage":0,"enemies":"Maw","floor":46,"turns":4},{"damage":0,"enemies":"Reptomancer","floor":47,"turns":2},{"damage":31,"enemies":"Sphere and 2 Shapes","floor":48,"turns":4},{"damage":68,"enemies":"Awakened One","floor":50,"turns":6},{"damage":0,"enemies":"Replay:Hell Engine","floor":51,"turns":6},{"damage":0,"enemies":"Cultist","floor":53,"turns":2},{"damage":0,"enemies":"2 Louse","floor":54,"turns":2},{"damage":0,"enemies":"Small Slimes","floor":56,"turns":2},{"damage":0,"enemies":"Gremlin Nob","floor":58,"turns":3},{"damage":0,"enemies":"3 Sentries","floor":60,"turns":3},{"damage":0,"enemies":"Red Slaver","floor":63,"turns":2},{"damage":0,"enemies":"Gremlin Gang","floor":65,"turns":3},{"damage":0,"enemies":"Gremlin Nob","floor":66,"turns":2},{"damage":0,"enemies":"Slime Boss","floor":68,"turns":3},{"damage":9,"enemies":"3 Byrds","floor":70,"turns":4},{"damage":0,"enemies":"Spheric Guardian","floor":71,"turns":2},{"damage":0,"enemies":"Centurion and Healer","floor":73,"turns":3},{"damage":16,"enemies":"Snake Plant","floor":74,"turns":2},{"damage":0,"enemies":"Book of Stabbing","floor":76,"turns":3},{"damage":12,"enemies":"Gremlin Leader","floor":78,"turns":4},{"damage":0,"enemies":"Book of Stabbing","floor":80,"turns":3},{"damage":0,"enemies":"Snecko","floor":82,"turns":3},{"damage":0,"enemies":"Shelled Parasite and Fungi","floor":83,"turns":3},{"damage":0,"enemies":"Automaton","floor":85,"turns":6},{"damage":0,"enemies":"3 Shapes","floor":87,"turns":4},{"damage":41,"enemies":"3 Darklings","floor":90,"turns":3},{"damage":0,"enemies":"Transient","floor":91,"turns":6},{"damage":0,"enemies":"R_Hoarder","floor":92,"turns":5},{"damage":119,"enemies":"Reptomancer","floor":94,"turns":2}],"seed_played":"-2520966018183578295","potions_obtained":[{"floor":1,"key":"Dexterity Potion"},{"floor":11,"key":"SpeedPotion"},{"floor":19,"key":"Dexterity Potion"},{"floor":20,"key":"Doom Potion"},{"floor":29,"key":"DuplicationPotion"},{"floor":33,"key":"EntropicBrew"},{"floor":36,"key":"Strength Potion"},{"floor":41,"key":"ColorlessPotion"},{"floor":50,"key":"EssenceOfSteel"},{"floor":51,"key":"AttackPotion"},{"floor":53,"key":"SkillPotion"},{"floor":78,"key":"Energy Potion"},{"floor":80,"key":"SpeedPotion"},{"floor":90,"key":"FearPotion"},{"floor":91,"key":"LifebloodPotion"}],"is_trial":true,"path_per_floor":["M","$","?","?","M","R","M","R","T","$","M","E","R","E","R","B",null,"M","M","?","M","M","R","M","$","T","E","M","M","E","M","R","B",null,"M","?","?","$","M","R","E","R","T","R","M","M","E","M","R","B","B",null,"M","M","$","M","$","E","R","E","T","?","M","$","M","E","R","B",null,"M","M","$","M","M","R","E","?","E","?","E","?","M","M","R","B",null,"M","$","?","M","M","E","R","E"],"character_chosen":"DOCTOR_CLASS","items_purchased":["ats:Part Time Job","ats:Curse Doll","ats:Closed Bolt Burst Fire","MerchantsRug","ats:Encircling Forest","ats:Part Time Job","Grinning Jar","ats:Support Order","ats:Ability Aura","ats:Neurotoxin","Medical Kit","Happy Flower","Replay:Rubber Ducky","ats:Serious Mode","ats:Hidden Killer","Boot","Replay:Wax Seal","Snack Pack","Guide Book"],"campfire_rested":0,"item_purchase_floors":[2,2,10,23,23,23,23,25,38,49,55,57,64,72,72,84,84,88,88],"current_hp_per_floor":[67,67,67,49,45,45,49,49,49,49,42,49,49,63,63,72,72,45,47,47,42,55,55,70,70,70,37,38,54,54,59,59,58,69,58,28,28,28,42,42,62,62,62,62,72,72,72,47,47,24,68,71,72,72,72,72,72,72,72,72,72,72,72,72,72,72,72,72,72,69,71,71,72,56,56,62,62,63,63,72,72,72,72,72,72,72,72,72,72,45,61,72,72,0,0],"gold":126,"neow_bonus":"","is_daily":false,"chose_seed":false,"campfire_upgraded":12,"win_rate":0.0,"timestamp":1611677153,"path_taken":["M","$","?","?","M","R","M","R","T","$","M","E","R","E","R","BOSS","M","M","?","M","M","R","M","$","T","E","M","?","E","M","R","BOSS","M","?","?","$","M","R","E","R","T","R","?","M","E","M","R","BOSS","BOSS","M","M","$","M","$","E","R","E","T","?","M","?","M","E","R","BOSS","M","M","$","M","M","R","E","?","E","?","E","?","M","?","R","BOSS","M","$","?","?","M","E","R","E"],"items_purchased_type":["Card","Card","Card","Relic","Card","Card","Relic","Card","Relic","Card","Relic","Relic","Relic","Card","Relic","Relic","Relic","Relic","Relic"],"build_version":"2020-12-22","purchased_purges":5,"victory":false,"max_hp_per_floor":[72,72,72,72,72,72,72,72,72,72,72,72,72,72,72,72,72,72,72,72,72,72,72,72,72,72,72,72,72,72,72,72,72,72,72,72,72,72,72,72,72,72,72,72,72,72,72,72,72,72,72,72,72,72,72,72,72,72,72,72,72,72,72,72,72,72,72,72,72,72,72,72,72,72,72,72,72,72,72,72,72,72,72,72,72,72,72,72,72,72,72,72,72,72,72],"card_choices":[{"not_picked":["DTMod:PurifyingFlame","DTMod:MagicField"],"picked":"ats:Poison Spread","floor":1},{"not_picked":["DTMod:MagiciansMark","ats:Red Shift"],"picked":"ats:Burning Ground","floor":5},{"not_picked":["ats:Guard Mode","DTMod:Punisher"],"picked":"ats:Powerful Strike","floor":7},{"not_picked":["ats:Beaten Up","DTMod:Training"],"picked":"ats:Blood Oath","floor":11},{"not_picked":["ats:Flexible Camouflage","DTMod:LowKick"],"picked":"ats:Demon Strength","floor":12},{"not_picked":["ats:Durian","DTMod:ForkedFire","DTMod:FlameSlash"],"picked":"SKIP","floor":14},{"not_picked":["DTMod:SealedStrike","ats:Durian"],"picked":"DTMod:ShadowImage","floor":16},{"not_picked":["ats:Assault Order","ats:Blood Oath","DTMod:BlazingStrike"],"picked":"Hallucinations","floor":18},{"not_picked":["ats:Absolute Focus","ats:Ignite","Sickly"],"picked":"ats:Poison Spread+1","floor":19},{"not_picked":["ats:Absolute Focus+1","DTMod:RecklessFlurry","DTMod:Hide","Regret"],"picked":"SKIP","floor":21},{"not_picked":["ats:Ignite","DTMod:Cover","DTMod:Feint"],"picked":"Clumsy","floor":22},{"not_picked":["ats:Steam Pump","DTMod:Punisher","Poor:ReiMu"],"picked":"DTMod:Haste","floor":24},{"not_picked":["ats:Sunburst+1","DTMod:BreakAttack","Injury"],"picked":"DTMod:SealedStrike","floor":27},{"not_picked":["DTMod:Observe","ats:Revitalization","CommonCold"],"picked":"ats:Cat Scratch","floor":28},{"not_picked":["ats:Leaping Hammer","DTMod:DeepFocus+1","CommonCold"],"picked":"ats:Chain Hook","floor":29},{"not_picked":["DTMod:BlueScale","DTMod:RunningTactic","Sickly"],"picked":"ats:Chain Hook","floor":30},{"not_picked":["DTMod:MagicField","DTMod:BizarreTactic","Writhe"],"picked":"ats:Assault Order","floor":31},{"not_picked":["DTMod:SealedStrike","DTMod:StunTrap","Hallownest:curseDreamersLament"],"picked":"ats:Echo Reverb","floor":33},{"not_picked":["ats:Absolute Focus+1","DTMod:Adaptation+1","DTMod:Training","Voices"],"picked":"SKIP","floor":35},{"not_picked":["DTMod:LastStand+1","DTMod:Dissolve","DTMod:Hide","ReplayTheSpireMod:Doomed"],"picked":"SKIP","floor":39},{"not_picked":["DTMod:ComboAttack+1","ats:Song Of Battle","CommonCold"],"picked":"ats:Phantom","floor":41},{"not_picked":["DTMod:Weaken","DTMod:BizarreTactic","Replay:Hysterical Blindness"],"picked":"ats:Part Time Job+1","floor":45},{"not_picked":["ats:Assault Order","ats:Ignite","ReplayTheSpireMod:Faulty Equipment"],"picked":"ats:Sword Rain","floor":46},{"not_picked":["DTMod:FlameSlash+1","ats:Fractured Body","Spreading Infection"],"picked":"DTMod:CleansingStrike","floor":47},{"not_picked":["ats:Revitalization","DTMod:BurningForce+1","Amnesia"],"picked":"DTMod:CleansingStrike","floor":48},{"not_picked":["DTMod:OpeningTactic","ats:True Silver Slash","Poor:ReiMu"],"picked":"DTMod:HeadStart","floor":50},{"not_picked":["DTMod:Inferno","DTMod:TriAttack","Decay"],"picked":"ats:Nebulous Foxfire","floor":51},{"not_picked":["DTMod:CrossStep","DTMod:Cover","DTMod:QuickFly"],"picked":"Clumsy","floor":53},{"not_picked":["DTMod:MagicField","DTMod:ShieldDrain","DTMod:Cover","Languid"],"picked":"SKIP","floor":54},{"not_picked":["ats:Leaping Hammer","DTMod:BuildUp","DTMod:Cover","Regret"],"picked":"SKIP","floor":56},{"not_picked":["DTMod:QuickFly","DTMod:FierySynthesis","Poor:ReiMu"],"picked":"ats:Red Shift","floor":58},{"not_picked":["DTMod:MasterPlan","ats:Part Time Job","ats:Consecutive Shot Auto","Overencumbered"],"picked":"SKIP","floor":60},{"not_picked":["ats:Poison Spread","ats:Absolute Focus","Writhe"],"picked":"ats:Defend Order","floor":63},{"not_picked":["ats:Apocalypse","ats:Magnetic Hammer","Spreading Infection"],"picked":"ats:Counter Healing Mode","floor":65},{"not_picked":["ats:Fractured Body","DTMod:SneakAttack","CommonCold"],"picked":"ats:Composite Medical Shells","floor":66},{"not_picked":["DTMod:Hide","ats:Support Order","ats:Automatic Cover","Amnesia"],"picked":"SKIP","floor":70},{"not_picked":["DTMod:Punisher","DTMod:DarkBreath","DTMod:BurningForce","Poor:ReiMu"],"picked":"SKIP","floor":71},{"not_picked":["DTMod:BlazingStrike","DTMod:BizarreTactic","DTMod:CrossStep"],"picked":"Doubt","floor":73},{"not_picked":["DTMod:FlameSlash","DTMod:BlueScale","DTMod:BuildUp","Writhe"],"picked":"SKIP","floor":74},{"not_picked":["ats:Assault Order","DTMod:Observe","ReplayTheSpireMod:Faulty Equipment"],"picked":"DTMod:CalculatedDefense+1","floor":76},{"not_picked":["DTMod:MasterPlan","DTMod:Threaten","Overencumbered"],"picked":"DTMod:ShieldDrain+1","floor":78},{"not_picked":["ats:Very Hot Blade","ats:Explosion Area Strengthen","Hallownest:curseDreamersLament"],"picked":"ats:Shadow Assault","floor":80},{"not_picked":["ats:Assault Order","DTMod:FlameSlash","DTMod:Threaten","ReplayTheSpireMod:IOU"],"picked":"SKIP","floor":82},{"not_picked":["ats:Phantom","DTMod:QuickFly","ats:Powerful Strike","Overencumbered"],"picked":"SKIP","floor":83},{"not_picked":["ats:Fractured Body","DTMod:Harmonize","ReplayTheSpireMod:Splinters"],"picked":"ats:True Silver Slash","floor":85},{"not_picked":["ats:Part Time Job","ats:Blood Oath","DTMod:HeatWave","Parasite"],"picked":"SKIP","floor":87},{"not_picked":["DTMod:Punisher","DTMod:BuildUp","Decay"],"picked":"DTMod:CleansingStrike","floor":90},{"not_picked":["DTMod:Cover","DTMod:TriAttack","Parasite"],"picked":"ats:Beaten Up+1","floor":91},{"not_picked":["DTMod:Training","DTMod:FlameSlash","Sickly"],"picked":"ats:Spore Proliferation","floor":92}],"player_experience":147538,"relics_obtained":[{"floor":9,"key":"AT_RedTearstoneRing"},{"floor":12,"key":"ats:Originium"},{"floor":12,"key":"Meat on the Bone"},{"floor":14,"key":"ats:Originium"},{"floor":14,"key":"Blood Vial"},{"floor":26,"key":"Art of War"},{"floor":27,"key":"ats:Originium"},{"floor":27,"key":"ats:Bonebreaker"},{"floor":30,"key":"ats:Originium"},{"floor":30,"key":"REME_LimitBreaker"},{"floor":36,"key":"FossilizedHelix"},{"floor":41,"key":"ats:Originium"},{"floor":41,"key":"AT_SunfireAegis"},{"floor":43,"key":"Replay:Bandana"},{"floor":47,"key":"Replay:Kaleidoscope"},{"floor":61,"key":"Pantograph"}],"event_choices":[{"damage_healed":0,"gold_gain":0,"player_choice":"Take Wound","damage_taken":0,"relics_obtained":["Golden Idol"],"max_hp_gain":0,"max_hp_loss":0,"event_name":"Golden Idol","floor":3,"gold_loss":0,"cards_obtained":["Injury"]},{"damage_healed":0,"gold_gain":0,"player_choice":"Success","damage_taken":18,"relics_obtained":["AT_BellowingDragoncrestRing"],"max_hp_gain":0,"max_hp_loss":0,"event_name":"Scrap Ooze","floor":4,"gold_loss":0},{"damage_healed":0,"gold_gain":0,"player_choice":"Got Potions","damage_taken":0,"max_hp_gain":0,"max_hp_loss":0,"event_name":"Lab","floor":20,"gold_loss":0},{"damage_healed":0,"gold_gain":0,"player_choice":"Fight","damage_taken":0,"max_hp_gain":0,"max_hp_loss":0,"event_name":"Mysterious Sphere","floor":36,"gold_loss":0},{"damage_healed":0,"gold_gain":50,"player_choice":"Pray","damage_taken":0,"max_hp_gain":0,"max_hp_loss":0,"event_name":"Golden Shrine","floor":37,"gold_loss":0},{"damage_healed":0,"gold_gain":0,"player_choice":"Bought 1 Potion","damage_taken":0,"max_hp_gain":0,"max_hp_loss":0,"event_name":"The Woman in Blue","floor":62,"gold_loss":0},{"cards_removed":["ats:Part Time Job"],"damage_healed":0,"gold_gain":0,"player_choice":"Elegance","damage_taken":0,"max_hp_gain":0,"max_hp_loss":0,"event_name":"Back to Basics","floor":77,"gold_loss":0},{"damage_healed":0,"gold_gain":50,"player_choice":"Stole From Cult","damage_taken":0,"max_hp_gain":0,"max_hp_loss":0,"event_name":"Nest","floor":79,"gold_loss":0},{"damage_healed":0,"gold_gain":0,"player_choice":"Ignored","damage_taken":0,"max_hp_gain":0,"max_hp_loss":0,"event_name":"Vampires","floor":81,"gold_loss":0},{"damage_healed":0,"gold_gain":0,"player_choice":"Ignored","damage_taken":0,"max_hp_gain":0,"max_hp_loss":0,"event_name":"SecretPortal","floor":89,"gold_loss":0}],"is_beta":false,"boss_relics":[{"not_picked":["Runic Dome","Ring of Chaos"],"picked":"REME_DemonsWealth"},{"not_picked":["Calling Bell","RedLine:ReiMu"],"picked":"ats:Sanity Plus"},{"not_picked":["SlaversCollar","Sozu"],"picked":"AT_TrinityForce"},{"not_picked":["VoidEssence"],"picked":"MetallicRebirth"},{"not_picked":["TwistingMind"],"picked":"MetallicRebirth"}],"items_purged_floors":[23,25,38,49,55],"is_endless":true,"potions_floor_spawned":[1,11,16,19,24,28,29,33,36,41,45,50,51,53,56,63,68,74,78,80,82,90,91],"killed_by":"Reptomancer","ascension_level":20}}