{"host":"1ecbliur7lfoj0sl","time":1611664016,"event":{"mods":["BaseMod","Downfall","Minty Spire (QoL Compilation)","StSLib","Waifu the Spire"],"gold_per_floor":[99,117,137,137,54,54,122,156,172,207,207,218,218,250,260,356,356,356,375,385,398,151,151,151,151,151,163,178,195,195,195,207,309,309,309,323,335,354,374,374,425,325,336,355,375,196,225,125,142,142],"floor_reached":51,"language":"ZHS","playtime":3450,"items_purged":["bronze:Strike","bronze:Defend"],"score":918,"play_id":"4dfd7462-f05d-46b7-9d66-e6064f6e7aa7","local_time":"20210126202656","is_ascension_mode":true,"campfire_choices":[{"data":"bronze:Goto","floor":1.0,"key":"SMITH"},{"data":"bronze:HardenedForm","floor":6.0,"key":"SMITH"},{"data":"bronze:MaxOutput","floor":11.0,"key":"SMITH"},{"data":"bronze:Repulsor","floor":13.0,"key":"SMITH"},{"data":"bronze:Mutator","floor":18.0,"key":"SMITH"},{"data":"bronze:Terminator","floor":23.0,"key":"SMITH"},{"data":"bronze:Allocate","floor":26.0,"key":"SMITH"},{"data":"bronze:BuggyMess","floor":35.0,"key":"SMITH"},{"data":"bronze:GetLatest","floor":42.0,"key":"SMITH"},{"floor":48.0,"key":"RECALL"}],"circlet_count":0,"master_deck":["bronze:Defend","bronze:Defend","bronze:Replicate","bronze:Goto+1","bronze:Repulsor+1","bronze:HardenedForm+1","bronze:MaxOutput+1","bronze:Allocate+1","bronze:OilSpill","bronze:AlphaBuild","bronze:GetLatest+1","bronze:Mutator+1","bronze:MaxOutput+1","bronze:Terminator+1","bronze:Goto+1","bronze:BronzeArmor+1","bronze:Verify","bronze:BuggyMess+1","bronze:FunctionCard","bronze:Return+1","Parasite","bronze:ItsAFeature"],"relics":["bronze:BronzeCore","Letter Opener","Happy Flower","bronze:Mallet","Matryoshka","Sozu","Membership Card","Bag of Preparation","Molten Egg 2","expansioncontent:StudyCardRelic","Boot","downfall:HeartBlessingBlue","Lee\u0027s Waffle","White Beast Statue","downfall:HeartBlessingGreen"],"acts_visited":["Exordium","TheCity","TheBeyond"],"potions_floor_usage":[],"damage_taken":[{"damage":0.0,"enemies":"Small Slimes","floor":2.0,"turns":4.0},{"damage":5.0,"enemies":"Cultist","floor":3.0,"turns":5.0},{"damage":0.0,"enemies":"downfall:FleeingMerchant","floor":5.0,"turns":4.0},{"damage":19.0,"enemies":"Gremlin Nob","floor":8.0,"turns":4.0},{"damage":11.0,"enemies":"Jaw Worm","floor":9.0,"turns":4.0},{"damage":20.0,"enemies":"3 Sentries","floor":10.0,"turns":7.0},{"damage":0.0,"enemies":"Large Slime","floor":12.0,"turns":4.0},{"damage":0.0,"enemies":"Lagavulin","floor":14.0,"turns":4.0},{"damage":0.0,"enemies":"Gremlin Gang","floor":15.0,"turns":3.0},{"damage":9.0,"enemies":"SI_SHIV_ARCHETYPE","floor":16.0,"turns":5.0},{"damage":0.0,"enemies":"3 Byrds","floor":19.0,"turns":3.0},{"damage":21.0,"enemies":"Snake Plant","floor":20.0,"turns":3.0},{"damage":24.0,"enemies":"Shelled Parasite and Fungi","floor":21.0,"turns":5.0},{"damage":5.0,"enemies":"downfall:FleeingMerchant","floor":22.0,"turns":4.0},{"damage":0.0,"enemies":"Snecko","floor":27.0,"turns":3.0},{"damage":0.0,"enemies":"Sentry and Sphere","floor":28.0,"turns":3.0},{"damage":0.0,"enemies":"3 Cultists","floor":29.0,"turns":4.0},{"damage":8.0,"enemies":"Chosen and Byrds","floor":32.0,"turns":5.0},{"damage":0.0,"enemies":"WA_ARCHETYPE_CALM","floor":33.0,"turns":4.0},{"damage":32.0,"enemies":"3 Darklings","floor":36.0,"turns":6.0},{"damage":0.0,"enemies":"Orb Walker","floor":37.0,"turns":1.0},{"damage":7.0,"enemies":"Writhing Mass","floor":38.0,"turns":4.0},{"damage":22.0,"enemies":"Jaw Worm Horde","floor":39.0,"turns":4.0},{"damage":0.0,"enemies":"4 Shapes","floor":43.0,"turns":1.0},{"damage":0.0,"enemies":"3 Darklings","floor":44.0,"turns":3.0},{"damage":0.0,"enemies":"Transient","floor":45.0,"turns":5.0},{"damage":5.0,"enemies":"downfall:FleeingMerchant","floor":46.0,"turns":4.0},{"damage":13.0,"enemies":"Reptomancer","floor":47.0,"turns":3.0},{"damage":0,"enemies":"Writhing Mass","floor":49,"turns":3},{"damage":1,"enemies":"DF_ARCHETYPE_ORBS","floor":50,"turns":5}],"seed_played":"4117749799057432263","potions_obtained":[{"floor":2.0,"key":"Strength Potion"},{"floor":9.0,"key":"Explosive Potion"},{"floor":12.0,"key":"bronze:CleanCodePotion"}],"is_trial":false,"path_per_floor":["R","M","M","?","$","R","T","E","M","E","R","M","R","E","M","B",null,"R","M","M","M","$","R","T","?","R","M","M","M","?","?","M","B",null,"R","M","M","M","M","?","T","R","M","M","M","$","E","R","M","B",null],"character_chosen":"THE_AUTOMATON","items_purchased":["bronze:MaxOutput","Membership Card","bronze:Terminator","Lee\u0027s Waffle","bronze:ItsAFeature"],"campfire_rested":0,"item_purchase_floors":[5,22,22,46,46],"current_hp_per_floor":[77,77,72,72,72,72,72,53,42,22,22,22,22,22,22,13,77,77,77,56,32,27,27,27,27,27,27,27,27,52,52,44,44,77,77,45,45,38,16,16,16,26,26,26,26,94,81,81,81,80],"gold":142,"neow_bonus":"TEN_PERCENT_HP_BONUS","is_daily":false,"chose_seed":false,"campfire_upgraded":9,"win_rate":0.0,"timestamp":1611664016,"path_taken":["R","M","M","?","?","R","T","E","?","E","R","M","R","E","M","BOSS","R","M","M","M","$","R","T","?","R","?","M","M","?","?","M","BOSS","R","M","M","M","M","?","T","R","?","M","M","?","E","R","M","BOSS"],"items_purchased_type":["Card","Relic","Card","Relic","Card"],"build_version":"2020-12-22","purchased_purges":2,"victory":true,"max_hp_per_floor":[77,77,77,77,77,77,77,77,77,77,77,77,77,77,77,77,77,77,77,77,77,77,77,77,77,77,77,77,77,77,77,77,77,77,77,77,77,77,77,77,77,87,87,87,87,94,94,94,94,94],"card_choices":[{"not_picked":["bronze:FineTuning","bronze:WhirlingStrike"],"picked":"bronze:Repulsor","floor":2.0},{"not_picked":["bronze:Frontload","bronze:BugBarrage","bronze:ForLoop"],"picked":"SKIP","floor":3.0},{"not_picked":["bronze:Turbo","bronze:Shield"],"picked":"bronze:HardenedForm","floor":5.0},{"not_picked":["bronze:Shield","bronze:Fortify"],"picked":"bronze:Allocate","floor":8.0},{"not_picked":["bronze:Branch","bronze:WhirlingStrike"],"picked":"bronze:OilSpill","floor":9.0},{"not_picked":["bronze:CutThrough","bronze:ShipIt"],"picked":"bronze:AlphaBuild","floor":10.0},{"not_picked":["bronze:Backtrace","bronze:DelayedGuard","bronze:DarkDash"],"picked":"SKIP","floor":12.0},{"not_picked":["bronze:Shell","bronze:Invalidate","bronze:CutThrough"],"picked":"SKIP","floor":14.0},{"not_picked":["bronze:BronzeOrb","bronze:Deprecate"],"picked":"bronze:GetLatest","floor":15.0},{"not_picked":["bronze:Assembly","bronze:RecursiveStrike"],"picked":"bronze:Mutator","floor":16.0},{"not_picked":["bronze:ChildClass+1","bronze:WildBeam","bronze:Flail+1"],"picked":"SKIP","floor":19.0},{"not_picked":["bronze:NullPointer","bronze:Iterate"],"picked":"bronze:MaxOutput+1","floor":20.0},{"not_picked":["bronze:Overheat+1","bronze:ForceShield","bronze:Constructor"],"picked":"SKIP","floor":21.0},{"not_picked":["bronze:DelayedSlice","bronze:CutThrough","bronze:Philosophize"],"picked":"SKIP","floor":22.0},{"not_picked":["bronze:Iterate+1","bronze:Repulsor","bronze:Overheat+1"],"picked":"SKIP","floor":27.0},{"not_picked":["bronze:Iterate+1","bronze:Deprecate"],"picked":"bronze:BronzeArmor+1","floor":28.0},{"not_picked":["bronze:DarkDash+1","bronze:FollowUp+1"],"picked":"bronze:Verify","floor":29.0},{"not_picked":["bronze:Philosophize","bronze:Iterate+1"],"picked":"bronze:BuggyMess","floor":32.0},{"not_picked":["bronze:ShipIt+1","bronze:RecursiveStrike+1"],"picked":"bronze:Hardcode","floor":33.0},{"not_picked":["bronze:Overheat+1","bronze:Iterate+1"],"picked":"bronze:Return+1","floor":36.0},{"not_picked":["bronze:CutThrough+1","bronze:BuggyMess","bronze:Fortify+1"],"picked":"SKIP","floor":37.0},{"not_picked":["bronze:DelayedGuard+1","bronze:Turbo","bronze:Branch+1"],"picked":"SKIP","floor":38.0},{"not_picked":["bronze:DelayedGuard","bronze:Safeguard+1","bronze:Frontload+1"],"picked":"SKIP","floor":39.0},{"not_picked":["bronze:Overload+1","bronze:OilSpill+1","bronze:BronzeArmor+1"],"picked":"SKIP","floor":43.0},{"not_picked":["bronze:ShipIt+1","bronze:Frontload","bronze:Boost+1"],"picked":"SKIP","floor":44.0},{"not_picked":["bronze:Allocate+1","bronze:Separator+1","bronze:BitShift"],"picked":"SKIP","floor":45.0},{"not_picked":["bronze:Shield+1","bronze:OilSpill+1","bronze:CutThrough+1"],"picked":"SKIP","floor":46.0},{"not_picked":["bronze:BitShift+1","bronze:InfiniteLoop+1","bronze:Iterate+1"],"picked":"SKIP","floor":47.0},{"not_picked":["bronze:Deprecate","bronze:NullPointer+1","bronze:Iterate+1"],"picked":"SKIP","floor":49}],"player_experience":93296,"relics_obtained":[{"floor":7.0,"key":"Letter Opener"},{"floor":8.0,"key":"Happy Flower"},{"floor":10.0,"key":"bronze:Mallet"},{"floor":14.0,"key":"Matryoshka"},{"floor":24.0,"key":"Bag of Preparation"},{"floor":24.0,"key":"Molten Egg 2"},{"floor":41.0,"key":"Boot"},{"floor":47.0,"key":"White Beast Statue"}],"event_choices":[{"cards_removed":["bronze:Strike"],"damage_healed":0.0,"max_hp_gain":0.0,"max_hp_loss":0.0,"gold_gain":0.0,"event_name":"Bonfire Elementals","player_choice":"Offered Basic","floor":4.0,"gold_loss":0.0,"damage_taken":0.0},{"damage_healed":25.0,"max_hp_gain":0.0,"max_hp_loss":0.0,"gold_gain":0.0,"event_name":"The Library","player_choice":"Heal","floor":30.0,"gold_loss":0.0,"damage_taken":0.0}],"is_beta":false,"boss_relics":[{"not_picked":["Tiny House","Philosopher\u0027s Stone"],"picked":"Sozu"},{"not_picked":["Busted Crown","Velvet Choker"],"picked":"expansioncontent:StudyCardRelic"}],"items_purged_floors":[22,46],"is_endless":false,"potions_floor_spawned":[2,9,12,19,28,29,32,33,43,44,45,47,49],"ascension_level":3}}