{"host":"xobdcpbm4ckypiai","time":1611657838,"event":{"mods":["BaseMod","Minty Spire (QoL Compilation)","Replay The Spire","Spicy Shops","StSLib","¡¾ÒÅÎï¿¨ÅÆ¡¿REMEMod"],"gold_per_floor":[119,119,119,139,16,43,43,43,43,68,68,68,90,90,90,194,194,205,120,136,136,61,61,91,107,107,137,151,177,187,203,203,306,306,316,316,316],"floor_reached":38,"language":"ZHS","playtime":2951,"items_purged":["Defend_B"],"score":774,"play_id":"c5b26317-145d-4113-96e5-c1ed252dbfd5","local_time":"20210126184358","is_ascension_mode":true,"campfire_choices":[{"data":"REME_SelfUpgrade","floor":7,"key":"SMITH"},{"data":"Defragment","floor":15,"key":"SMITH"},{"floor":23,"key":"RECALL"},{"floor":32,"key":"REST"}],"circlet_count":0,"master_deck":["Strike_B","Strike_B","Strike_B","Defend_B","Defend_B","Defend_B","Zap","Master of Strategy","REME_Whirling","Hologram","Echo Form+1","REME_SelfUpgrade+1","Bash","FIFO Queue","Defragment+1","Amplify","Glacier","BasicCrystalCard+1","Creative AI","FIFO Queue","Skim","Glacier","Buffer","Capacitor+1"],"relics":["REME_ComplimentaryCards","Geode","Meat on the Bone","Replay:Rubber Ducky","Iron Core","Thread and Needle","REME_LimitBreaker","Odd Mushroom","Bronze Scales","Fusion Hammer","Boot","Regal Pillow","Divine Protection","Oddly Smooth Stone","MealTicket","ChewingGum"],"acts_visited":["Exordium","TheCity","TheBeyond"],"potions_floor_usage":[37,37],"damage_taken":[{"damage":1,"enemies":"Jaw Worm","floor":1,"turns":2},{"damage":6,"enemies":"2 Louse","floor":4,"turns":3},{"damage":24,"enemies":"3 Sentries","floor":6,"turns":10},{"damage":0,"enemies":"Replay:BlueRogue","floor":10,"turns":6},{"damage":1,"enemies":"The Mushroom Lair","floor":13,"turns":5},{"damage":3,"enemies":"The Guardian","floor":16,"turns":9},{"damage":0,"enemies":"Spheric Guardian","floor":18,"turns":4},{"damage":0,"enemies":"Chosen","floor":20,"turns":5},{"damage":0,"enemies":"Replay:Snechameleon","floor":24,"turns":8},{"damage":4,"enemies":"Centurion and Healer","floor":25,"turns":7},{"damage":4,"enemies":"REME_1_Revenger","floor":27,"turns":7},{"damage":0,"enemies":"Snake Plant","floor":28,"turns":6},{"damage":0,"enemies":"Slavers","floor":29,"turns":6},{"damage":0,"enemies":"Snecko","floor":30,"turns":7},{"damage":0,"enemies":"Shelled Parasite and Fungi","floor":31,"turns":6},{"damage":0,"enemies":"Collector","floor":33,"turns":9},{"damage":0,"enemies":"3 Shapes","floor":35,"turns":8},{"damage":71,"enemies":"Awakened One","floor":37,"turns":19}],"seed_played":"-2722737586531784640","potions_obtained":[{"floor":6,"key":"FocusPotion"},{"floor":10,"key":"Weak Potion"},{"floor":13,"key":"Swift Potion"},{"floor":21,"key":"Fire Potion"},{"floor":27,"key":"LiquidMemories"}],"is_trial":false,"path_per_floor":["M","?","?","M","$","E","R","?","T","E","$","?","?","T","R","B",null,"M","?","M","?","$","R","E","M","T","E","M","E","M","M","R","B",null,"M","?","B",null],"character_chosen":"DEFECT","items_purchased":["Echo Form+1"],"campfire_rested":1,"item_purchase_floors":[5],"current_hp_per_floor":[74,67,72,66,66,42,42,42,42,42,42,35,46,46,46,43,80,80,80,80,80,80,80,80,76,76,72,72,72,72,72,80,80,80,80,80,21],"gold":316,"neow_bonus":"RANDOM_COMMON_RELIC","is_daily":false,"chose_seed":false,"campfire_upgraded":2,"win_rate":0.0,"timestamp":1611657838,"path_taken":["M","?","?","M","$","E","R","?","T","E","?","?","?","?","R","BOSS","M","?","M","?","$","R","E","M","T","E","M","E","M","M","R","BOSS","M","?","BOSS"],"items_purchased_type":["Card"],"build_version":"2020-12-22","purchased_purges":1,"victory":true,"max_hp_per_floor":[75,75,80,80,80,80,80,80,80,80,80,80,80,80,80,80,80,80,80,80,80,80,80,80,80,80,80,80,80,80,80,80,80,80,80,80,80],"card_choices":[{"not_picked":["Coolheaded","Redo"],"picked":"REME_Whirling","floor":1},{"not_picked":["Cold Snap","Melter"],"picked":"Hologram","floor":4},{"not_picked":["Panic Button","Aggregate"],"picked":"REME_SelfUpgrade","floor":6},{"not_picked":["Barrage","BootSequence","Defragment","ReplayGash","Ball Lightning","Body Slam"],"picked":"FIFO Queue","floor":10},{"not_picked":["Go for the Eyes","Barrage","Aggregate","ReplayTheSpireMod:Repulse"],"picked":"Defragment","floor":13},{"not_picked":["Meteor Strike","Reaper","Echo Form","ReplayRNGCard","Limit Break","Thunder Strike"],"picked":"Amplify","floor":16},{"not_picked":["Ball Lightning","Conserve Battery","Cold Snap+1","Reinforced Body+1"],"picked":"Glacier","floor":18},{"not_picked":["Leap+1","Conserve Battery","Go for the Eyes+1","Sweeping Beam","REME_ForAll","Darkness","Tempest"],"picked":"SKIP","floor":20},{"not_picked":["Auto Shields+1","Rebound","Beam Cell","Stack","Cold Snap","Ball Lightning+1"],"picked":"BasicCrystalCard+1","floor":24},{"not_picked":["Cold Snap","Go for the Eyes","Scrape","Redo+1","Darkness+1","Genetic Algorithm","Force Field"],"picked":"SKIP","floor":25},{"not_picked":["Melter","Sweeping Beam","ReplayTheSpireMod:Reroute Power+1","Go for the Eyes"],"picked":"Creative AI","floor":27},{"not_picked":["Panic Button+1","Turbo","Chaos","Coolheaded"],"picked":"FIFO Queue","floor":28},{"not_picked":["FIFO Queue","Redo","Turbo","ReplaySolidLightProjector+1","Compile Driver+1","Biased Cognition"],"picked":"Skim","floor":29},{"not_picked":["REME_DataAnalysis","Cold Snap","ReplaySort","Streamline","Doom and Gloom","Reinforced Body","Glacier","Hologram","Chaos"],"picked":"SKIP","floor":30},{"not_picked":["REME_DataAnalysis","Cold Snap","ReplaySort","Streamline","Doom and Gloom","Reinforced Body","Hologram","Chaos"],"picked":"Glacier","floor":30},{"not_picked":["Cold Snap","Beam Cell","Doom and Gloom","Sweeping Beam+1","Redo"],"picked":"SKIP","floor":31},{"not_picked":["Amplify","Creative AI","Rainbow","Seek","Mirror Shield"],"picked":"Buffer","floor":33},{"not_picked":["Steam+1","Double Energy+1","Coolheaded+1","Hologram","ReplayTheSpireMod:Repulse+1","Redo","Ball Lightning","ReplayTheSpireMod:GoodbyeWorld+1"],"picked":"Capacitor+1","floor":35}],"player_experience":55938,"relics_obtained":[{"floor":6,"key":"Replay:Rubber Ducky"},{"floor":9,"key":"Thread and Needle"},{"floor":10,"key":"REME_LimitBreaker"},{"floor":13,"key":"Odd Mushroom"},{"floor":14,"key":"Bronze Scales"},{"floor":24,"key":"Regal Pillow"},{"floor":26,"key":"Divine Protection"},{"floor":27,"key":"Oddly Smooth Stone"},{"floor":29,"key":"MealTicket"}],"event_choices":[{"damage_healed":0,"gold_gain":0,"player_choice":"Success","damage_taken":7,"relics_obtained":["Meat on the Bone"],"max_hp_gain":0,"max_hp_loss":0,"event_name":"Scrap Ooze","floor":2,"gold_loss":0},{"damage_healed":0,"gold_gain":0,"player_choice":"Donut","damage_taken":0,"max_hp_gain":5,"max_hp_loss":0,"event_name":"Big Fish","floor":3,"gold_loss":0},{"cards_removed":["Strike_B"],"damage_healed":0,"gold_gain":0,"player_choice":"Card Removal","damage_taken":7,"max_hp_gain":0,"max_hp_loss":0,"event_name":"Golden Wing","floor":12,"gold_loss":0},{"damage_healed":0,"gold_gain":0,"player_choice":"Fought Mushrooms","damage_taken":0,"max_hp_gain":0,"max_hp_loss":0,"event_name":"Mushrooms","floor":13,"gold_loss":0},{"damage_healed":0,"gold_gain":0,"player_choice":"Obtained Relic","damage_taken":0,"relics_obtained":["Boot"],"max_hp_gain":0,"max_hp_loss":0,"event_name":"Addict","floor":19,"gold_loss":85},{"damage_healed":0,"gold_gain":0,"player_choice":"Got Potions","damage_taken":0,"max_hp_gain":0,"max_hp_loss":0,"event_name":"Lab","floor":21,"gold_loss":0},{"damage_healed":0,"gold_gain":0,"player_choice":"Took Portal","damage_taken":0,"max_hp_gain":0,"max_hp_loss":0,"event_name":"SecretPortal","floor":36,"gold_loss":0}],"is_beta":false,"boss_relics":[{"not_picked":["Velvet Choker","Replay:Ancient Bell"],"picked":"Fusion Hammer"},{"not_picked":["Calling Bell","REME_LowDesire"],"picked":"ChewingGum"}],"items_purged_floors":[22],"is_endless":false,"potions_floor_spawned":[6,10,13,24,27,28,35],"ascension_level":1}}