{"host":"f0gpob8hq9vgebej","time":1611673403,"event":{"mods":["AchievementEnabler","BaseMod","Minty Spire (QoL Compilation)","Quick Restart","SuperFastMode"],"gold_per_floor":[18,35,50,65,84,115,115,142,223,54,54,129,145,159,159,235,235,252,266,166,176,51,51,82,82,82,82,114,129,148,177,177,253,253,267,267,284,2,2,28,38,67,67,0,0,18,45,57,57,57],"floor_reached":51,"language":"KOR","playtime":1347,"items_purged":["Strike_R","Strike_R","Strike_R","Strike_R"],"score":1388,"play_id":"b82fe468-90f1-4c41-8752-a70eaddb9033","local_time":"20210127000323","is_ascension_mode":true,"campfire_choices":[{"data":"Spot Weakness","floor":7.0,"key":"SMITH"},{"data":"Pommel Strike","floor":11.0,"key":"SMITH"},{"floor":15.0,"key":"REST"},{"data":"Sword Boomerang","floor":23.0,"key":"SMITH"},{"data":"Pummel","floor":27.0,"key":"SMITH"},{"data":"Whirlwind","floor":32.0,"key":"SMITH"},{"floor":45.0,"key":"REST"},{"floor":49.0,"key":"REST"}],"circlet_count":0,"master_deck":["AscendersBane","Defend_R+1","Defend_R","Defend_R","Bash","Anger","Dual Wield+1","Spot Weakness+1","Sword Boomerang+1","Dropkick","Pummel+1","Whirlwind+1","Power Through+1","Spot Weakness+1","Pommel Strike+1","Inflame+1","Shrug It Off+1","Limit Break+1","CurseOfTheBell","Sentinel+1","Impervious+1","Battle Trance+1","Exhume+1","Shrug It Off+1","True Grit+1","Dark Shackles+1","Warcry+1","Parasite","Heavy Blade+1","Limit Break+1","Shrug It Off+1"],"relics":["Burning Blood","Toxic Egg 2","War Paint","Sundial","Calling Bell","Blood Vial","Self Forming Clay","Magic Flower","CaptainsWheel","Paper Frog","Vajra","Ginger","SlaversCollar","Happy Flower","StrikeDummy","Lantern","Red Mask","Frozen Egg 2"],"acts_visited":["Exordium","TheCity","TheBeyond"],"potions_floor_usage":[50,50],"damage_taken":[{"damage":1.0,"enemies":"Cultist","floor":1.0,"turns":3.0},{"damage":9.0,"enemies":"Jaw Worm","floor":2.0,"turns":3.0},{"damage":11.0,"enemies":"2 Louse","floor":3.0,"turns":2.0},{"damage":6.0,"enemies":"Exordium Wildlife","floor":4.0,"turns":2.0},{"damage":17.0,"enemies":"Exordium Thugs","floor":5.0,"turns":3.0},{"damage":25.0,"enemies":"3 Sentries","floor":6.0,"turns":5.0},{"damage":20.0,"enemies":"Lagavulin","floor":8.0,"turns":3.0},{"damage":0.0,"enemies":"2 Fungi Beasts","floor":13.0,"turns":3.0},{"damage":14.0,"enemies":"Exordium Wildlife","floor":14.0,"turns":4.0},{"damage":16.0,"enemies":"Hexaghost","floor":16.0,"turns":6.0},{"damage":12.0,"enemies":"Shell Parasite","floor":18.0,"turns":4.0},{"damage":1.0,"enemies":"Chosen","floor":19.0,"turns":3.0},{"damage":5.0,"enemies":"Snecko","floor":21.0,"turns":4.0},{"damage":39.0,"enemies":"Slavers","floor":24.0,"turns":4.0},{"damage":5.0,"enemies":"Gremlin Leader","floor":28.0,"turns":5.0},{"damage":17.0,"enemies":"Shelled Parasite and Fungi","floor":29.0,"turns":4.0},{"damage":12.0,"enemies":"Centurion and Healer","floor":30.0,"turns":5.0},{"damage":9.0,"enemies":"Slavers","floor":31.0,"turns":3.0},{"damage":57.0,"enemies":"Collector","floor":33.0,"turns":8.0},{"damage":2.0,"enemies":"3 Shapes","floor":35.0,"turns":4.0},{"damage":0.0,"enemies":"3 Darklings","floor":36.0,"turns":1.0},{"damage":41.0,"enemies":"Sphere and 2 Shapes","floor":37.0,"turns":6.0},{"damage":13.0,"enemies":"Nemesis","floor":40.0,"turns":5.0},{"damage":26.0,"enemies":"Writhing Mass","floor":41.0,"turns":6.0},{"damage":16.0,"enemies":"Giant Head","floor":42.0,"turns":7.0},{"damage":18.0,"enemies":"Jaw Worm Horde","floor":46.0,"turns":4.0},{"damage":0.0,"enemies":"Nemesis","floor":47.0,"turns":5.0},{"damage":8.0,"enemies":"Sphere and 2 Shapes","floor":48.0,"turns":5.0},{"damage":48,"enemies":"Awakened One","floor":50,"turns":8}],"seed_played":"-4251937279472976550","potions_obtained":[{"floor":1.0,"key":"SteroidPotion"},{"floor":2.0,"key":"GamblersBrew"},{"floor":5.0,"key":"LiquidMemories"},{"floor":16.0,"key":"FearPotion"},{"floor":18.0,"key":"SkillPotion"},{"floor":25.0,"key":"SmokeBomb"},{"floor":25.0,"key":"Block Potion"},{"floor":29.0,"key":"ColorlessPotion"},{"floor":37.0,"key":"Explosive Potion"},{"floor":41.0,"key":"Weak Potion"},{"floor":46.0,"key":"LiquidMemories"}],"is_trial":false,"path_per_floor":["M","M","M","M","M","E","R","E","T","$","R","?","M","M","R","B",null,"M","M","$","M","$","R","E","?","T","R","E","M","M","E","R","B",null,"M","M","M","$","?","E","M","E","T","?","R","M","E","M","R","B",null],"character_chosen":"IRONCLAD","items_purchased":["Spot Weakness+1","Pommel Strike","True Grit+1","Dark Shackles+1"],"campfire_rested":3,"item_purchase_floors":[10,10,38,38],"current_hp_per_floor":[77,74,69,69,58,39,39,25,25,25,25,14,20,12,36,26,67,67,78,78,80,80,80,50,50,50,50,57,52,52,55,55,10,63,73,80,48,48,48,47,33,29,29,29,53,47,59,63,80,41],"gold":57,"neow_bonus":"TRANSFORM_TWO_CARDS","is_daily":false,"chose_seed":false,"campfire_upgraded":5,"win_rate":0.0,"timestamp":1611673403,"path_taken":["M","M","M","M","M","E","R","E","T","$","R","?","M","M","R","BOSS","M","M","$","M","$","R","E","?","T","R","E","M","?","E","R","BOSS","M","M","M","$","?","E","?","E","T","?","R","M","E","M","R","BOSS"],"items_purchased_type":["Card","Card","Card","Card"],"build_version":"2020-12-22","purchased_purges":4,"victory":true,"max_hp_per_floor":[80,80,80,80,80,80,80,80,80,80,80,80,80,80,80,80,80,80,80,80,80,80,80,80,80,80,80,80,80,80,80,80,80,80,80,80,80,80,80,80,80,80,80,80,80,80,80,80,80,80],"card_choices":[{"not_picked":["Bloodletting","Perfected Strike"],"picked":"Spot Weakness","floor":1.0},{"not_picked":["Perfected Strike","Armaments"],"picked":"Sword Boomerang","floor":2.0},{"not_picked":["Combust","Havoc"],"picked":"Dropkick","floor":3.0},{"not_picked":["Uppercut","Pommel Strike"],"picked":"Pummel","floor":4.0},{"not_picked":["Sword Boomerang","Pommel Strike"],"picked":"Whirlwind","floor":5.0},{"not_picked":["Iron Wave","Flame Barrier+1"],"picked":"Power Through+1","floor":6.0},{"not_picked":["Headbutt","Demon Form","Reckless Charge"],"picked":"SKIP","floor":8.0},{"not_picked":["True Grit+1","Wild Strike"],"picked":"Inflame","floor":13.0},{"not_picked":["Twin Strike","Battle Trance+1"],"picked":"Shrug It Off+1","floor":14.0},{"not_picked":["Immolate","Reaper"],"picked":"Limit Break+1","floor":16.0},{"not_picked":["Thunderclap","Wild Strike+1","Anger"],"picked":"SKIP","floor":18.0},{"not_picked":["Clothesline","Wild Strike","Anger"],"picked":"SKIP","floor":19.0},{"not_picked":["Headbutt","Blood for Blood"],"picked":"Sentinel+1","floor":21.0},{"not_picked":["Whirlwind","Bloodletting+1"],"picked":"Impervious+1","floor":24.0},{"not_picked":["Perfected Strike","Sever Soul+1","Iron Wave"],"picked":"SKIP","floor":28.0},{"not_picked":["Perfected Strike","Sever Soul+1","Iron Wave"],"picked":"SKIP","floor":28.0},{"not_picked":["Sword Boomerang","Inflame","Pommel Strike"],"picked":"SKIP","floor":29.0},{"not_picked":["Clothesline","Flex+1","Disarm+1"],"picked":"SKIP","floor":30.0},{"not_picked":["Rupture+1","Thunderclap+1"],"picked":"Battle Trance+1","floor":31.0},{"not_picked":["Brutality","Bludgeon"],"picked":"Exhume+1","floor":33.0},{"not_picked":["Anger+1","Armaments+1"],"picked":"Shrug It Off+1","floor":35.0},{"not_picked":["Uppercut","Sword Boomerang+1","Perfected Strike+1"],"picked":"SKIP","floor":37.0},{"not_picked":["Infernal Blade+1","Body Slam"],"picked":"Warcry+1","floor":40.0},{"not_picked":["Reckless Charge","Hemokinesis","Heavy Blade+1"],"picked":"SKIP","floor":41.0},{"not_picked":["Reckless Charge","Hemokinesis"],"picked":"Heavy Blade+1","floor":41.0},{"not_picked":["Heavy Blade","Iron Wave+1","Entrench+1"],"picked":"SKIP","floor":42.0},{"not_picked":["Rampage","Shrug It Off+1"],"picked":"Limit Break+1","floor":46.0},{"not_picked":["Reckless Charge","Pommel Strike","Anger+1"],"picked":"SKIP","floor":47.0},{"not_picked":["Combust+1","Headbutt"],"picked":"Shrug It Off+1","floor":48.0}],"player_experience":258913,"relics_obtained":[{"floor":6.0,"key":"Toxic Egg 2"},{"floor":8.0,"key":"War Paint"},{"floor":9.0,"key":"Sundial"},{"floor":17.0,"key":"Blood Vial"},{"floor":17.0,"key":"Self Forming Clay"},{"floor":17.0,"key":"Magic Flower"},{"floor":24.0,"key":"CaptainsWheel"},{"floor":26.0,"key":"Paper Frog"},{"floor":28.0,"key":"Vajra"},{"floor":31.0,"key":"Ginger"},{"floor":40.0,"key":"Happy Flower"},{"floor":42.0,"key":"StrikeDummy"},{"floor":43.0,"key":"Lantern"},{"floor":47.0,"key":"Frozen Egg 2"}],"event_choices":[{"damage_healed":0.0,"max_hp_gain":0.0,"max_hp_loss":0.0,"gold_gain":75.0,"event_name":"World of Goop","player_choice":"Gather Gold","floor":12.0,"gold_loss":0.0,"damage_taken":11.0},{"damage_healed":0.0,"max_hp_gain":0.0,"max_hp_loss":0.0,"gold_gain":0.0,"event_name":"Lab","player_choice":"Got Potions","floor":25.0,"gold_loss":0.0,"damage_taken":0.0},{"damage_healed":0.0,"max_hp_gain":0.0,"max_hp_loss":0.0,"gold_gain":0.0,"event_name":"Accursed Blacksmith","player_choice":"Forge","floor":39.0,"gold_loss":0.0,"damage_taken":0.0,"cards_upgraded":["Inflame"]},{"damage_healed":0.0,"max_hp_gain":0.0,"max_hp_loss":0.0,"gold_gain":0.0,"event_name":"Tomb of Lord Red Mask","player_choice":"Paid","floor":44.0,"gold_loss":67.0,"damage_taken":0.0,"relics_obtained":["Red Mask"]}],"is_beta":false,"boss_relics":[{"not_picked":["Runic Cube","Busted Crown"],"picked":"Calling Bell"},{"not_picked":["Snecko Eye","Runic Dome"],"picked":"SlaversCollar"}],"items_purged_floors":[10,20,22,38],"is_endless":false,"potions_floor_spawned":[1,2,5,16,18,28,29,36,37,41,46],"ascension_level":13}}