{"host":"i0avyit1s6jb1siw","time":1611663994,"event":{"mods":["BaseMod","DeckTracker","Dota2Spire","Highlight Path","Minty Spire (QoL Compilation)","Quick Restart","StSLib","SuperFastMode"],"gold_per_floor":[113,72,90,15,15,46,46,46,46,46,46,115,115,129,129,254,254,308,308,233,287,301,301,331,331],"floor_reached":24,"language":"ENG","playtime":312,"items_purged":[],"score":454,"play_id":"e0fec15a-0bf9-4288-812b-831afa81c38a","local_time":"20210126132634","is_ascension_mode":true,"campfire_choices":[{"data":"Bash","floor":7.0,"key":"SMITH"},{"data":"Fire Breathing","floor":15.0,"key":"SMITH"},{"floor":23.0,"key":"REST"}],"circlet_count":0,"master_deck":["AscendersBane","Strike_R+1","Strike_R","Defend_R","Defend_R+1","Defend_R","Defend_R","Bash+1","Pummel","Fire Breathing+1","Wild Strike","Battle Trance","Spot Weakness","Wild Strike","Limit Break","Disarm"],"relics":["Burning Blood","NeowsBlessing","Dota2Spire:HandOfMidas","Potion Belt","Golden Idol","Thread and Needle","Dota2Spire:RefresherOrb"],"acts_visited":["Exordium","TheCity"],"potions_floor_usage":[],"damage_taken":[{"damage":0.0,"enemies":"Cultist","floor":1.0,"turns":1.0},{"damage":0.0,"enemies":"Small Slimes","floor":3.0,"turns":1.0},{"damage":0.0,"enemies":"Lagavulin","floor":6.0,"turns":1.0},{"damage":8.0,"enemies":"Gremlin Nob","floor":12.0,"turns":3.0},{"damage":8.0,"enemies":"Jaw Worm","floor":14.0,"turns":2.0},{"damage":38.0,"enemies":"Hexaghost","floor":16.0,"turns":9.0},{"damage":33.0,"enemies":"3 Byrds","floor":18.0,"turns":6.0},{"damage":13.0,"enemies":"Shell Parasite","floor":21.0,"turns":5.0},{"damage":30.0,"enemies":"Snake Plant","floor":22.0,"turns":4.0},{"damage":32,"enemies":"Slavers","floor":24,"turns":3}],"seed_played":"2479911208668683912","potions_obtained":[{"floor":3.0,"key":"Dota2Spire:Clarity"},{"floor":6.0,"key":"DuplicationPotion"},{"floor":14.0,"key":"BloodPotion"}],"is_trial":false,"path_per_floor":["M","$","M","?","?","E","R","$","T","?","$","E","?","M","R","B",null,"M","?","?","M","M","R","E"],"character_chosen":"IRONCLAD","items_purchased":["Fire Breathing"],"campfire_rested":1,"item_purchase_floors":[2],"current_hp_per_floor":[74,74,75,75,52,58,58,58,58,58,58,56,56,54,54,22,57,30,30,30,23,12,32,0,0],"gold":331,"neow_bonus":"THREE_ENEMY_KILL","is_daily":false,"chose_seed":false,"campfire_upgraded":2,"win_rate":0.0,"timestamp":1611663994,"path_taken":["M","?","M","?","?","E","R","$","T","?","?","E","?","M","R","BOSS","M","?","?","M","M","R","E"],"items_purchased_type":["Card"],"build_version":"2020-12-22","purchased_purges":0,"victory":false,"max_hp_per_floor":[75,75,75,75,75,75,75,75,75,68,68,68,68,68,68,68,68,68,68,68,68,68,68,68,68],"card_choices":[{"not_picked":["Clash","True Grit"],"picked":"Pummel","floor":1.0},{"not_picked":["Fiend Fire","Body Slam"],"picked":"Wild Strike","floor":3.0},{"not_picked":["Shrug It Off","Clothesline"],"picked":"Battle Trance","floor":6.0},{"not_picked":["True Grit","Perfected Strike"],"picked":"Spot Weakness","floor":12.0},{"not_picked":["Rage","Warcry"],"picked":"Wild Strike","floor":14.0},{"not_picked":["Fiend Fire","Impervious"],"picked":"Limit Break","floor":16.0},{"not_picked":["Wild Strike","Dark Embrace"],"picked":"Disarm","floor":18.0},{"not_picked":["Body Slam","Warcry","Perfected Strike+1"],"picked":"SKIP","floor":21.0},{"not_picked":["Bludgeon","Thunderclap","Clash+1"],"picked":"SKIP","floor":22.0}],"player_experience":2345609,"relics_obtained":[{"floor":6.0,"key":"Dota2Spire:HandOfMidas"},{"floor":9.0,"key":"Potion Belt"},{"floor":12.0,"key":"Thread and Needle"}],"event_choices":[{"cards_removed":["Strike_R"],"damage_healed":0.0,"max_hp_gain":0.0,"max_hp_loss":0.0,"gold_gain":0.0,"event_name":"The Cleric","player_choice":"Card Removal","floor":4.0,"gold_loss":75.0,"damage_taken":0.0},{"damage_healed":0.0,"max_hp_gain":0.0,"max_hp_loss":0.0,"gold_gain":0.0,"event_name":"Shining Light","player_choice":"Entered Light","floor":5.0,"gold_loss":0.0,"damage_taken":23.0,"cards_upgraded":["Strike_R","Defend_R"]},{"damage_healed":0.0,"max_hp_gain":0.0,"max_hp_loss":7.0,"gold_gain":0.0,"event_name":"Golden Idol","player_choice":"Lose Max HP","floor":10.0,"gold_loss":0.0,"damage_taken":0.0,"relics_obtained":["Golden Idol"]},{"damage_healed":0.0,"max_hp_gain":0.0,"max_hp_loss":0.0,"gold_gain":0.0,"event_name":"Liars Game","player_choice":"Ignored","floor":13.0,"gold_loss":0.0,"damage_taken":0.0},{"cards_removed":["Strike_R"],"damage_healed":0.0,"max_hp_gain":0.0,"max_hp_loss":0.0,"gold_gain":0.0,"event_name":"Back to Basics","player_choice":"Elegance","floor":19.0,"gold_loss":0.0,"damage_taken":0.0},{"cards_removed":["Strike_R"],"damage_healed":0.0,"max_hp_gain":0.0,"max_hp_loss":0.0,"gold_gain":0.0,"event_name":"Beggar","player_choice":"Gave Gold","floor":20.0,"gold_loss":75.0,"damage_taken":0.0}],"is_beta":false,"boss_relics":[{"not_picked":["Cursed Key","Philosopher\u0027s Stone"],"picked":"Dota2Spire:RefresherOrb"}],"items_purged_floors":[],"is_endless":false,"potions_floor_spawned":[3,6,14],"killed_by":"Slavers","ascension_level":20}}