{"host":"8nqgve6y8ahjd8xo","time":1611664548,"event":{"mods":["ATMod(阿瑾Mod)","AchievementEnabler","BaseMod","Better Vampires","Better-Laid Plans","Colored Map","Colored Powertips","Minty Spire (QoL Compilation)","MostiFishMod","Quick Restart","Red Circlet Mod","Replay The Spire","RumiaBox-露米娅的神秘盒子","Ryuuou龙王","Shop Mod","StSLib","TestMod","Uncapped","Waifu the Spire","[IsaacMod]以撒尖塔","[功能]功能增强和修复MOD","【功能Mod】Neow奖励","【功能Mod】混沌之环修复补丁","【遗物Mod】死灵法师NEW","【遗物Mod】简单游戏","【遗物卡牌】REMEMod","没有小屋子和绿帽子啦","篝火指南"],"gold_per_floor":[363,376,298,315,330,330,359,359,369,369,383,401,401,429,439,439,595,595,704,704,704,714,674,674,745,762,762,810,757,857,871,913,665,786,786,801,801,814,869,883,918,918,979,979,1024,1024,1040,1095,1095,1095,1095,1095],"floor_reached":53,"language":"ZHS","playtime":2015,"items_purged":["Strike_R","Strike_R","Defend_R","Defend_R","Defend_R"],"score":1755,"play_id":"2217d068-9987-4884-89d9-4ba8d2698515","local_time":"20210126203548","is_ascension_mode":true,"campfire_choices":[{"data":"AT_EmpoweredMortalDraw","floor":6,"key":"SMITH"},{"data":"Sword Boomerang","floor":8,"key":"SMITH"},{"data":"Seeing Red","floor":13,"key":"SMITH"},{"data":"HandOfGreedExtend","floor":16,"key":"SMITH"},{"data":"LessonLearned","floor":24,"key":"SMITH"},{"data":"Acrobatics","floor":42,"key":"SMITH"},{"data":"Evolve","floor":46,"key":"SMITH"},{"data":"MostiFishMod:Dislodge","floor":50,"key":"SMITH"}],"circlet_count":0,"master_deck":["AscendersBane","Defend_R+1","Bash","DoctorFetus","AT_EmpoweredMortalDraw+1","MostiFishMod:Dislodge+1","Sword Boomerang+1","MostiFishMod:HellRitual+1","Shrug It Off+1","Seeing Red+1","HandOfGreedExtend+1","Bite","Bite","Bite+1","LessonLearned+1","Pommel Strike","AT_ChampionKick+1","Acrobatics+1","Evolve+1","Skim+1","MostiFishMod:Mania","Reaper","Exhume"],"relics":["Burning Blood","EasyRelic","HushsDoor","testmod-TestBox","DaveBox","AT_ATBox","REME_ComplimentaryCards","SteamSale","GreenFoldingFan","testmod-AscensionHeart","SynthV:TestCard","Chaos","testmod-EqualTreatment","Runic Cube","PrismaticShard","Sundial","GuppysHead","Prayer Wheel","Enchiridion","ReplayTheSpireMod:Ninjato","testmod-Brilliant","Replay:Ringing Soul","GuppysHead","ClockworkSouvenir","testmod-ConstraintPeriapt","GuppysHairball","Ooze Armor","MealTicket","Calipers","Self Forming Clay"],"acts_visited":["Exordium","TheCity","TheBeyond"],"potions_floor_usage":[4,7,12,43],"damage_taken":[{"damage":4,"enemies":"Small Slimes","floor":1,"turns":2},{"damage":2,"enemies":"2 Louse","floor":2,"turns":1},{"damage":17,"enemies":"Jaw Worm","floor":4,"turns":3},{"damage":4,"enemies":"Red Slaver","floor":5,"turns":2},{"damage":34,"enemies":"Lagavulin","floor":7,"turns":5},{"damage":4,"enemies":"Looter","floor":9,"turns":2},{"damage":12,"enemies":"Exordium Wildlife","floor":11,"turns":2},{"damage":4,"enemies":"Blue Slaver","floor":12,"turns":2},{"damage":6,"enemies":"3 Sentries","floor":14,"turns":2},{"damage":4,"enemies":"Looter","floor":15,"turns":2},{"damage":36,"enemies":"The Guardian","floor":17,"turns":8},{"damage":15,"enemies":"3 Byrds","floor":19,"turns":5},{"damage":2,"enemies":"Shell Parasite","floor":22,"turns":1},{"damage":11,"enemies":"3 Cultists","floor":25,"turns":4},{"damage":30,"enemies":"Shelled Parasite and Fungi","floor":26,"turns":2},{"damage":9,"enemies":"Snake Plant","floor":28,"turns":2},{"damage":2,"enemies":"Colosseum Slavers","floor":30,"turns":1},{"damage":11,"enemies":"Colosseum Nobs","floor":30,"turns":2},{"damage":2,"enemies":"Sentry and Sphere","floor":31,"turns":1},{"damage":30,"enemies":"Snecko","floor":32,"turns":4},{"damage":6,"enemies":"Collector","floor":34,"turns":3},{"damage":2,"enemies":"3 Shapes","floor":36,"turns":1},{"damage":2,"enemies":"3 Darklings","floor":38,"turns":1},{"damage":18,"enemies":"Mind Bloom Boss Battle","floor":39,"turns":2},{"damage":4,"enemies":"Spire Growth","floor":40,"turns":2},{"damage":10,"enemies":"R_Hoarder","floor":41,"turns":4},{"damage":10,"enemies":"Nemesis","floor":43,"turns":3},{"damage":22,"enemies":"Writhing Mass","floor":45,"turns":2},{"damage":2,"enemies":"Jaw Worm Horde","floor":47,"turns":1},{"damage":2,"enemies":"Reptomancer","floor":48,"turns":1},{"damage":57,"enemies":"Replay:Hell Engine","floor":51,"turns":4},{"damage":78,"enemies":"Time Eater","floor":52,"turns":6}],"seed_played":"-6680805167535354730","potions_obtained":[{"floor":2,"key":"Doom Potion"},{"floor":2,"key":"Strength Potion"},{"floor":4,"key":"REME_GoldPotion"},{"floor":4,"key":"SteroidPotion"},{"floor":7,"key":"REME_GoldPotion"},{"floor":9,"key":"Explosive Potion"},{"floor":12,"key":"REME_GoldPotion"},{"floor":14,"key":"SkillPotion"},{"floor":43,"key":"testmod-SpacePotion"},{"floor":43,"key":"Ancient Potion"},{"floor":43,"key":"SteroidPotion"},{"floor":47,"key":"Swift Potion"},{"floor":48,"key":"CultistPotion"}],"is_trial":false,"path_per_floor":["M","M","$","M","M","R","E","R","M","T","M","M","R","E","M","R","B",null,"M","?","?","M","$","R","M","M","T","M","$","?","M","M","R","B",null,"M","?","M","?","M","E","R","E","T","M","R","M","E","?","R","B","B",null],"character_chosen":"IRONCLAD","items_purchased":["Chaos","GuppysHead","GuppysHead","ClockworkSouvenir","GuppysHairball"],"campfire_rested":0,"item_purchase_floors":[3,18,33,33,35],"current_hp_per_floor":[63,75,75,75,75,75,61,61,74,74,76,76,76,77,77,77,62,66,67,58,54,54,54,54,54,42,42,54,54,54,57,45,45,62,52,52,52,52,55,58,62,62,66,66,66,66,69,70,66,66,71,50],"gold":1095,"neow_bonus":"TWO_FIFTY_GOLD","is_daily":false,"chose_seed":false,"campfire_upgraded":8,"win_rate":0.0,"timestamp":1611664548,"path_taken":["M","M","$","M","M","R","E","R","M","T","M","M","R","E","M","R","BOSS","M","?","?","M","$","R","?","M","T","M","?","?","M","M","R","BOSS","M","?","M","?","M","E","R","E","T","?","R","M","E","?","R","BOSS","BOSS"],"items_purchased_type":["Card","Relic","Relic","Relic","Relic"],"build_version":"2020-12-22","purchased_purges":5,"victory":true,"max_hp_per_floor":[75,75,75,75,75,75,76,76,76,76,76,76,76,77,77,77,82,67,67,67,54,54,54,54,54,54,54,54,54,54,57,57,57,62,52,52,52,52,55,58,62,62,66,66,66,66,69,70,66,66,71,76],"card_choices":[{"not_picked":[],"picked":"DoctorFetus","floor":0},{"not_picked":["Heavy Blade","Twin Strike","Dropkick"],"picked":"SKIP","floor":1},{"not_picked":["MostiFishMod:BrandingRite","AT_CaressingTears","Cleave","Infernal Blade","AT_DiedThrough"],"picked":"SKIP","floor":2},{"not_picked":["Abandon","Perfected Strike","Wild Strike","Sword Boomerang","MostiFishMod:CullingBlade"],"picked":"SKIP","floor":4},{"not_picked":["ReplayTheSpireMod:Corrosion Curse","Havoc","True Grit","AT_GerminateFire"],"picked":"Sword Boomerang","floor":5},{"not_picked":["Corruption","Corruption","Barricade","MostiFishMod:Chiaki"],"picked":"MostiFishMod:HellRitual","floor":7},{"not_picked":["Flex","Run Through","Replay:Undeath\u0027s Touch","Body Slam"],"picked":"Shrug It Off","floor":9},{"not_picked":["Pommel Strike","AT_IchimonjiDouble","Evolve","Reckless Charge"],"picked":"Seeing Red","floor":11},{"not_picked":["Pommel Strike","Flex","REME_Cut","Immolate","AT_BodySlamDance"],"picked":"SKIP","floor":12},{"not_picked":["MostiFishMod:OrdinaryWorld","Double Tap","REME_ACTH","Juggernaut","REME_ACTH"],"picked":"SKIP","floor":14},{"not_picked":["MostiFishMod:OrdinaryWorld","Double Tap","REME_ACTH","Juggernaut","REME_ACTH"],"picked":"SKIP","floor":14},{"not_picked":["Shackles_Of_Pain","Second Wind","Dagger Spray","Vengeance"],"picked":"HandOfGreedExtend","floor":15},{"not_picked":["MostiFishMod:RacingGame","Exhume","MasterReality","ReplayTheSpireMod:Necrogeddon"],"picked":"ReplayTheSpireMod:Fabricate Wheel","floor":17},{"not_picked":["Pulse","Quick Slash","AT_ArcaneSupremacy","Leg Sweep","Summon_Undead_Army"],"picked":"SKIP","floor":19},{"not_picked":["Fasting2","Lockon","Consecrate","Bone_Shift","Halt+1"],"picked":"SKIP","floor":19},{"not_picked":["testmod-Bloodthirsty","Clothesline","Good Instincts","AT_WindFlip"],"picked":"LessonLearned","floor":22},{"not_picked":["Replay:BluntJabs","Shrug It Off","Bone_Armor","REME_DataAnalysis","FollowUp"],"picked":"SKIP","floor":22},{"not_picked":["Bone_Shift","Aggregate","Crescendo","Replay:Undeath\u0027s Touch"],"picked":"Pommel Strike","floor":25},{"not_picked":["Bone_Spikes","Thunderclap","AT_BodySlamDance","AT_WarpDrive","Beam Cell"],"picked":"SKIP","floor":25},{"not_picked":["Sever Soul","Hidden Blade","MostiFishMod:Impulse+1","Replay:Vibes"],"picked":"AT_ChampionKick","floor":26},{"not_picked":["Panic Button","Acid_Javelin","REME_MusicOfDeath","AT_TwilightShroud","Madness"],"picked":"SKIP","floor":26},{"not_picked":["MostiFishMod:ButterFly","Outmaneuver","Toxic_Smoke_Screen","Consecrate","Fluid Movement"],"picked":"SKIP","floor":28},{"not_picked":["AT_IchimonjiDouble","MostiFishMod:AdrenalineArouse","Steam","BasicCrystalCard","Bone_Armor"],"picked":"SKIP","floor":28},{"not_picked":["ReplayTheSpireMod:The Works","ReplayTheSpireMod:Calculation Training+1","Strike_from_Beyond","MostiFishMod:StarOceanP"],"picked":"Acrobatics","floor":31},{"not_picked":["JustLucky","Evaluate","LuckyCard","testmod-RabbitOfFibonacci","REME_Repentance"],"picked":"SKIP","floor":31},{"not_picked":["Cancel","Toxic_Smoke_Screen","Negative_Energy_Javelin","Beam Cell","PiercingWail"],"picked":"SKIP","floor":32},{"not_picked":["Run Through","AT_WindRun","ReplayTheSpireMod:Limb From Limb","Dash","REME_Repentance"],"picked":"SKIP","floor":32},{"not_picked":["Hologram","AT_ShadowStep","Havoc","Barrage+1","EmptyBody"],"picked":"SKIP","floor":36},{"not_picked":["testmod-WeaknessCounterattack","Blade Dance","ClearTheMind","Leap+1","Replay:Undeath\u0027s Touch"],"picked":"SKIP","floor":36},{"not_picked":["ClearTheMind","Deadly Poison+1","BasicCrystalCard","AT_EMC2+1","Hologram"],"picked":"SKIP","floor":38},{"not_picked":["Cleave+1","AT_BodySlamDance","PosionWeak","FlurryOfBlows","Night Terror"],"picked":"SKIP","floor":38},{"not_picked":["Deflect+1","Pommel Strike","Shackles_Of_Pain","Genetic Algorithm"],"picked":"Evolve","floor":39},{"not_picked":["Twin Strike","Gash","Stack","Beam Cell"],"picked":"Skim+1","floor":40},{"not_picked":["Sweeping Beam","AT_HeatAcrobatics","Cold Snap+1","Armaments+1","ReplayTheSpireMod:Strike From Hell"],"picked":"SKIP","floor":40},{"not_picked":["MostiFishMod:ScryFuture","MostiFishMod:TemporaryOutbreak","Demonic Infusion","MostiFishMod:CullingBlade"],"picked":"MostiFishMod:Mania","floor":41},{"not_picked":["MostiFishMod:DarkDeal","MostiFishMod:RainCloud","Corruption","Bludgeon"],"picked":"Reaper","floor":43},{"not_picked":["Rebound+1","Mind Blast","Havoc","Pray+1","Bone_Prison+1"],"picked":"SKIP","floor":45},{"not_picked":["AT_DrawKnifeCut","Barrage","Bone_Armory","Hologram+1","AT_WindFlip+1"],"picked":"SKIP","floor":45},{"not_picked":["Headbutt","Cleave","Quick Slash","Negative_Energy_Sphere"],"picked":"Exhume","floor":47},{"not_picked":["Cancel","Cleave","Flying Knee","CutThroughFate","JustLucky"],"picked":"SKIP","floor":47},{"not_picked":["Replay:Many Hands","Judgement","Demon Form","Hemogenesis","Berserk"],"picked":"SKIP","floor":48}],"player_experience":1344703,"relics_obtained":[{"floor":1,"key":"SynthV:TestCard"},{"floor":7,"key":"testmod-EqualTreatment"},{"floor":10,"key":"Runic Cube"},{"floor":14,"key":"PrismaticShard"},{"floor":20,"key":"Enchiridion"},{"floor":27,"key":"ReplayTheSpireMod:Ninjato"},{"floor":30,"key":"testmod-Brilliant"},{"floor":30,"key":"Replay:Ringing Soul"},{"floor":39,"key":"Ooze Armor"},{"floor":43,"key":"MealTicket"},{"floor":44,"key":"Calipers"},{"floor":48,"key":"Self Forming Clay"}],"event_choices":[{"damage_healed":0,"gold_gain":0,"player_choice":"Obtained Book","damage_taken":21,"max_hp_gain":0,"max_hp_loss":0,"event_name":"Cursed Tome","floor":20,"gold_loss":0},{"damage_healed":0,"gold_gain":0,"player_choice":"Became a vampire","damage_taken":0,"max_hp_gain":0,"max_hp_loss":13,"event_name":"Vampires","floor":21,"gold_loss":0,"cards_obtained":["Bite","Bite","Bite"]},{"damage_healed":0,"gold_gain":0,"player_choice":"Fight","damage_taken":0,"max_hp_gain":0,"max_hp_loss":0,"event_name":"Colosseum","floor":30,"gold_loss":0},{"damage_healed":0,"gold_gain":0,"player_choice":"Fought Nobs","damage_taken":0,"max_hp_gain":0,"max_hp_loss":0,"event_name":"Colosseum","floor":30,"gold_loss":0},{"damage_healed":0,"gold_gain":0,"player_choice":"Memory 1","damage_taken":0,"max_hp_gain":0,"max_hp_loss":0,"event_name":"SensoryStone","floor":37,"gold_loss":0},{"damage_healed":0,"gold_gain":0,"player_choice":"Fight","damage_taken":0,"max_hp_gain":0,"max_hp_loss":0,"event_name":"MindBloom","floor":39,"gold_loss":0},{"damage_healed":0,"gold_gain":0,"player_choice":"Max HP","damage_taken":0,"max_hp_gain":0,"max_hp_loss":4,"event_name":"Winding Halls","floor":49,"gold_loss":0}],"is_beta":false,"boss_relics":[{"not_picked":["DollysMirror","NineLifeCat"],"picked":"Sundial"},{"not_picked":[]},{"not_picked":["Mango","Turnip"],"picked":"testmod-ConstraintPeriapt"},{"not_picked":[]}],"items_purged_floors":[3,18,23,29,33],"is_endless":false,"potions_floor_spawned":[2,2,4,4,7,9,9,11,12,12,14,14,14,15,17,17,19,19,26,26,28,28,31,31,32,32,32,34,36,40,41,41,43,43,43,45,47,48,48],"ascension_level":20}}