{"host":"gln8pem4hnwuntpa","time":1611700662,"event":{"mods":["BaseMod","Lobotomy","Minty Spire (QoL Compilation)","Quick Restart","Replay The Spire","StSLib"],"gold_per_floor":[111,61,61,79,98,126,126,158,158,183,183,142,142,161,161,161,161],"floor_reached":16,"language":"ZHS","playtime":713,"items_purged":[],"score":113,"play_id":"e27c2c47-1382-4a16-b22b-b4bf574b2b43","local_time":"20210127063742","is_ascension_mode":true,"campfire_choices":[{"floor":7,"key":"RECALL"},{"data":"ReplayTheSpireMod:Strike From Hell","floor":13,"key":"SMITH"},{"floor":15,"key":"REST"}],"circlet_count":0,"master_deck":["Strike_R","Strike_R","Strike_R","Strike_R","Strike_R","Defend_R","Defend_R","Defend_R","Bash","Scorched","Cleave+1","CENSORED","MHz","PunishingBird","ReplayTheSpireMod:Strike From Hell+1","CommonCold"],"relics":["Burning Blood","CogitoBucket","The Courier","InkBottle","Odd Mushroom","ReplayTheSpireMod:CursedCoin","Golden Egg","ResearcherNote"],"acts_visited":["Exordium"],"potions_floor_usage":[6],"damage_taken":[{"damage":6,"enemies":"Jaw Worm","floor":1,"turns":4},{"damage":0,"enemies":"2 Louse","floor":4,"turns":1},{"damage":0,"enemies":"Cultist","floor":5,"turns":2},{"damage":72,"enemies":"Lagavulin","floor":6,"turns":7},{"damage":26,"enemies":"3 Sentries","floor":8,"turns":4},{"damage":14,"enemies":"The Mushroom Lair","floor":10,"turns":3},{"damage":0,"enemies":"Large Slime","floor":14,"turns":2},{"damage":47,"enemies":"Fading Forest","floor":16,"turns":9}],"seed_played":"-6119987307251448068","potions_obtained":[{"floor":4,"key":"Fruit Juice"},{"floor":8,"key":"SpeedPotion"}],"is_trial":false,"path_per_floor":["M","?","?","M","M","E","R","E","T","?","?","$","R","M","R","B"],"character_chosen":"IRONCLAD","items_purchased":["ReplayTheSpireMod:CursedCoin","Golden Egg"],"campfire_rested":1,"item_purchase_floors":[12,12],"current_hp_per_floor":[80,80,80,80,80,59,59,49,49,50,50,50,50,56,81,63,63],"gold":161,"neow_bonus":"","is_daily":false,"chose_seed":false,"campfire_upgraded":1,"win_rate":0.0,"timestamp":1611700662,"path_taken":["M","?","?","?","M","E","R","E","T","?","?","$","R","M","R","BOSS"],"items_purchased_type":["Relic","Relic"],"build_version":"2020-12-22","purchased_purges":0,"victory":false,"max_hp_per_floor":[80,80,80,80,80,85,85,85,85,85,85,85,85,85,85,85,85],"card_choices":[{"not_picked":["CherryBlossoms","Bloodbath"],"picked":"Scorched","floor":1},{"not_picked":["Havoc","Armaments"],"picked":"Cleave","floor":1},{"not_picked":["MHz","ShyLook"],"picked":"CENSORED","floor":4},{"not_picked":["Twin Strike","Heavy Blade","Abandon"],"picked":"SKIP","floor":4},{"not_picked":["Twin Strike","Heavy Blade","Abandon"],"picked":"SKIP","floor":4},{"not_picked":["PunishingBird","Bloodbath"],"picked":"MHz","floor":5},{"not_picked":["Pommel Strike","Disarm","Clothesline"],"picked":"SKIP","floor":5},{"not_picked":["Sword Boomerang","Twin Strike","Spot Weakness"],"picked":"SKIP","floor":6},{"not_picked":["Funeral","DespairKnight"],"picked":"PunishingBird","floor":8},{"not_picked":["Clothesline","Battle Trance","Second Wind"],"picked":"SKIP","floor":8},{"not_picked":["Ghostly Armor","Sword Boomerang"],"picked":"ReplayTheSpireMod:Strike From Hell","floor":10},{"not_picked":["Heavy Blade","Armaments","Twin Strike"],"picked":"SKIP","floor":14}],"player_experience":111766,"relics_obtained":[{"floor":6,"key":"The Courier"},{"floor":8,"key":"InkBottle"},{"floor":10,"key":"Odd Mushroom"}],"event_choices":[{"cards_removed":["Defend_R"],"damage_healed":0,"gold_gain":0,"player_choice":"Card Removal","damage_taken":0,"max_hp_gain":0,"max_hp_loss":0,"event_name":"The Cleric","floor":2,"gold_loss":50},{"damage_healed":0,"gold_gain":0,"player_choice":"Forge","damage_taken":0,"max_hp_gain":0,"max_hp_loss":0,"event_name":"Accursed Blacksmith","floor":3,"gold_loss":0,"cards_upgraded":["Cleave"]},{"damage_healed":0,"gold_gain":0,"player_choice":"Fought Mushrooms","damage_taken":0,"max_hp_gain":0,"max_hp_loss":0,"event_name":"Mushrooms","floor":10,"gold_loss":0},{"cards_removed":["Cloak And Dagger"],"damage_healed":0,"gold_gain":0,"player_choice":"Took Card","damage_taken":0,"max_hp_gain":0,"max_hp_loss":0,"event_name":"NoteForYourself","floor":11,"gold_loss":0,"cards_obtained":["Cloak And Dagger"]}],"is_beta":false,"boss_relics":[],"items_purged_floors":[],"is_endless":false,"potions_floor_spawned":[4,8],"killed_by":"Fading Forest","ascension_level":1}}