{"host":"1qhzi8r9ejho5yph","time":1611698579,"event":{"mods":["AchievementEnabler","BaseMod","Colored Map","Colored Powertips","Highlight Path","Minty Spire (QoL Compilation)","Permanent Neow","Quick Restart","Random Character Button","StSLib","SuperFastMode"],"gold_per_floor":[118,36,48,63,63,63,83,110,110,130,148,148,73,88,88,88,88],"floor_reached":16,"language":"ENG","playtime":267,"items_purged":["Strike_R"],"score":104,"play_id":"1b1b07df-83ea-4747-9d14-f8943e3599d8","local_time":"20210127060259","is_ascension_mode":false,"campfire_choices":[{"data":"True Grit","floor":6,"key":"SMITH"},{"data":"Bash","floor":12,"key":"SMITH"},{"data":"Armaments","floor":15,"key":"SMITH"}],"circlet_count":0,"master_deck":["Strike_R","Strike_R","Strike_R","Strike_R","Defend_R","Defend_R","Defend_R","Defend_R","Bash+1","Cleave","Flash of Steel","True Grit+1","Armaments+1"],"relics":["Burning Blood","Anchor","Shuriken","Question Card"],"acts_visited":["Exordium"],"potions_floor_usage":[],"damage_taken":[{"damage":6,"enemies":"Cultist","floor":1,"turns":3},{"damage":0,"enemies":"2 Louse","floor":3,"turns":2},{"damage":3,"enemies":"Jaw Worm","floor":4,"turns":3},{"damage":0,"enemies":"3 Louse","floor":7,"turns":4},{"damage":33,"enemies":"Lagavulin","floor":8,"turns":8},{"damage":0,"enemies":"Lots of Slimes","floor":10,"turns":2},{"damage":8,"enemies":"2 Fungi Beasts","floor":11,"turns":3},{"damage":0,"enemies":"Blue Slaver","floor":14,"turns":4},{"damage":0,"enemies":"The Guardian","floor":16,"turns":1}],"seed_played":"-3873431301552597530","potions_obtained":[{"floor":4,"key":"BloodPotion"},{"floor":10,"key":"Ancient Potion"},{"floor":14,"key":"Dexterity Potion"}],"is_trial":false,"path_per_floor":["M","$","M","M","$","R","M","E","T","M","M","R","$","M","R","B"],"character_chosen":"IRONCLAD","items_purchased":["Flash of Steel"],"campfire_rested":0,"item_purchase_floors":[2],"current_hp_per_floor":[80,80,80,80,80,80,80,53,53,59,57,57,57,63,63,63,63],"gold":88,"neow_bonus":"RANDOM_COMMON_RELIC","is_daily":false,"chose_seed":false,"campfire_upgraded":3,"win_rate":0.0,"timestamp":1611698579,"path_taken":["M","?","M","M","$","R","M","E","T","M","?","R","$","M","R","BOSS"],"items_purchased_type":["Card"],"build_version":"2020-12-22","purchased_purges":1,"victory":false,"max_hp_per_floor":[80,80,80,80,80,80,80,80,80,80,80,80,80,80,80,80,80],"card_choices":[{"not_picked":["Flex","Iron Wave"],"picked":"Cleave","floor":1},{"not_picked":["Power Through","Cleave","Intimidate"],"picked":"SKIP","floor":3},{"not_picked":["Shrug It Off","Headbutt"],"picked":"True Grit","floor":4},{"not_picked":["Heavy Blade","Anger","Uppercut"],"picked":"SKIP","floor":7},{"not_picked":["Ghostly Armor","Corruption","Bludgeon"],"picked":"SKIP","floor":8},{"not_picked":["Twin Strike","Carnage","Shockwave","Sword Boomerang"],"picked":"SKIP","floor":10},{"not_picked":["Dark Embrace","Headbutt","Shockwave","Wild Strike"],"picked":"SKIP","floor":11},{"not_picked":["Twin Strike","True Grit","Clash"],"picked":"Armaments","floor":14}],"player_experience":336197,"relics_obtained":[{"floor":8,"key":"Shuriken"},{"floor":9,"key":"Question Card"}],"event_choices":[],"is_beta":false,"boss_relics":[],"items_purged_floors":[13],"is_endless":false,"potions_floor_spawned":[4,10,14],"killed_by":"The Guardian","ascension_level":0}}