{"host":"19r1ww88x2tc73i0","time":1611650083,"event":{"mods":["BaseMod","BetterRewards","Colored Map","Minty Spire (QoL Compilation)","Relic Stats","StSLib","SuperFastMode","slay the spire mod where everything is the same but ironclad has a cowboy hat"],"gold_per_floor":[361,361,33,33,33,33,68,86,113,138,149,149,182,182,182,254,254,268,268,281,300,53,86,86,86,86,113,113,20,20,31,31,108,108,119,133,20,72,92,92,109,124,147,147,147,147,164,164,164,164,164],"floor_reached":50,"language":"ENG","playtime":1730,"items_purged":["Strike_G","Decay"],"score":1042,"play_id":"c13083d5-8baf-4486-a61e-a096a1536bb6","local_time":"25640126153443","is_ascension_mode":true,"campfire_choices":[{"data":"Neutralize","floor":6.0,"key":"SMITH"},{"data":"Noxious Fumes","floor":12.0,"key":"SMITH"},{"data":"Footwork","floor":15.0,"key":"SMITH"},{"floor":24.0,"key":"REST"},{"floor":28.0,"key":"DIG"},{"floor":30.0,"key":"DIG"},{"floor":32.0,"key":"REST"},{"floor":40.0,"key":"REST"},{"floor":44.0,"key":"DIG"},{"floor":46.0,"key":"DIG"},{"floor":49,"key":"RECALL"}],"circlet_count":0,"master_deck":["AscendersBane","Strike_G","Strike_G","Strike_G","Strike_G","Defend_G","Defend_G","Defend_G","Defend_G","Defend_G","Survivor","Neutralize+1","Dagger Spray+1","Noxious Fumes+1","Footwork+1","Blur","Crippling Poison","Escape Plan","Die Die Die","Calculated Gamble","Deadly Poison","Sucker Punch","Blur","Deflect","Terror","Leg Sweep","Corpse Explosion","Bullet Time+1","Backflip","Well Laid Plans+1"],"relics":["Ring of the Snake","Turnip","Pantograph","Tingsha","PreservedInsect","Happy Flower","Blood Vial","Incense Burner","Sozu","Membership Card","Bottled Lightning","Bottled Flame","Shovel","Lizard Tail","Calipers","Busted Crown","Bronze Scales","StoneCalendar","Lantern","Pear"],"acts_visited":["Exordium","TheCity","TheBeyond"],"potions_floor_usage":[],"damage_taken":[{"damage":4.0,"enemies":"Cultist","floor":1.0,"turns":4.0},{"damage":10.0,"enemies":"3 Sentries","floor":7.0,"turns":6.0},{"damage":0.0,"enemies":"2 Louse","floor":8.0,"turns":3.0},{"damage":0.0,"enemies":"Gremlin Nob","floor":10.0,"turns":2.0},{"damage":0.0,"enemies":"Small Slimes","floor":11.0,"turns":3.0},{"damage":16.0,"enemies":"Lagavulin","floor":13.0,"turns":6.0},{"damage":17.0,"enemies":"The Guardian","floor":16.0,"turns":12.0},{"damage":0.0,"enemies":"Spheric Guardian","floor":18.0,"turns":8.0},{"damage":10.0,"enemies":"Shell Parasite","floor":20.0,"turns":7.0},{"damage":2.0,"enemies":"Snake Plant","floor":21.0,"turns":5.0},{"damage":45.0,"enemies":"Slavers","floor":23.0,"turns":6.0},{"damage":20.0,"enemies":"Book of Stabbing","floor":27.0,"turns":7.0},{"damage":2.0,"enemies":"3 Cultists","floor":31.0,"turns":4.0},{"damage":49.0,"enemies":"Collector","floor":33.0,"turns":9.0},{"damage":2.0,"enemies":"3 Darklings","floor":35.0,"turns":5.0},{"damage":9.0,"enemies":"3 Shapes","floor":36.0,"turns":6.0},{"damage":34.0,"enemies":"2 Orb Walkers","floor":38.0,"turns":4.0},{"damage":4.0,"enemies":"Sphere and 2 Shapes","floor":39.0,"turns":6.0},{"damage":53.0,"enemies":"Transient","floor":41.0,"turns":6.0},{"damage":0.0,"enemies":"4 Shapes","floor":42.0,"turns":4.0},{"damage":0.0,"enemies":"Writhing Mass","floor":47.0,"turns":6.0},{"damage":64,"enemies":"Awakened One","floor":50,"turns":9}],"seed_played":"3460852400759593193","potions_obtained":[{"floor":1.0,"key":"SteroidPotion"},{"floor":8.0,"key":"Fire Potion"},{"floor":13.0,"key":"Dexterity Potion"},{"floor":16.0,"key":"AttackPotion"}],"is_trial":false,"path_per_floor":["M","?","$","?","?","R","E","M","T","E","M","R","E","T","R","B",null,"M","?","M","M","$","E","R","?","T","E","R","$","R","M","R","B",null,"M","M","$","?","M","R","M","M","T","R","?","R","M","?","R","B"],"character_chosen":"THE_SILENT","items_purchased":["Turnip","Membership Card","Blur","Deflect","Leg Sweep","Bronze Scales","Backflip"],"campfire_rested":3,"item_purchase_floors":[3,22,22,22,29,37,37],"current_hp_per_floor":[55,60,60,49,49,49,39,39,39,39,39,39,23,23,23,33,57,59,59,51,51,51,8,27,27,27,9,9,9,9,9,28,6,50,50,43,43,11,9,28,23,25,25,25,25,35,37,37,37,0,0],"gold":164,"neow_bonus":"TWO_FIFTY_GOLD","is_daily":false,"chose_seed":false,"campfire_upgraded":3,"win_rate":0.0,"timestamp":1611650083,"path_taken":["M","?","$","?","?","R","E","M","T","E","M","R","E","?","R","BOSS","M","?","M","M","$","E","R","?","T","E","R","$","R","?","R","BOSS","M","M","$","?","M","R","M","M","T","R","?","R","?","?","R","BOSS"],"items_purchased_type":["Relic","Relic","Card","Card","Card","Relic","Card"],"build_version":"2020-12-22","purchased_purges":2,"victory":false,"max_hp_per_floor":[60,65,65,65,65,65,65,65,65,65,65,65,65,65,65,65,65,65,65,65,65,65,65,65,65,65,65,65,65,65,65,65,65,65,65,65,65,65,65,65,65,65,65,65,65,75,75,75,75,75,75],"relic_stats":{"Happy Flower":[37],"counters":[22,128],"Tingsha":[93],"StoneCalendar":[52],"PreservedInsect":136,"Blood Vial":32,"Sozu":7,"Lizard Tail":32,"Shovel":4,"Busted Crown":14,"Pantograph":75,"Bronze Scales":[142],"Turnip":[24],"obtain_stats":[{"Lantern":44,"Calipers":30,"Pear":46,"Happy Flower":10,"Tingsha":7,"StoneCalendar":38,"PreservedInsect":9,"Incense Burner":14,"Blood Vial":13,"Sozu":17,"Bottled Flame":26,"Lizard Tail":28,"Shovel":27,"Busted Crown":34,"Pantograph":4,"Bronze Scales":37,"Turnip":3,"Membership Card":22,"Bottled Lightning":23,"Ring of the Snake":0},{"Lantern":20,"Calipers":12,"Pear":20,"Happy Flower":4,"Tingsha":2,"StoneCalendar":17,"PreservedInsect":3,"Incense Burner":6,"Blood Vial":6,"Sozu":7,"Bottled Flame":11,"Lizard Tail":12,"Shovel":12,"Busted Crown":14,"Pantograph":1,"Bronze Scales":16,"Turnip":1,"Membership Card":10,"Bottled Lightning":11,"Ring of the Snake":0},{"Lantern":113,"Calipers":69,"Pear":113,"Happy Flower":15,"Tingsha":10,"StoneCalendar":97,"PreservedInsect":13,"Incense Burner":24,"Blood Vial":24,"Sozu":36,"Bottled Flame":62,"Lizard Tail":69,"Shovel":69,"Busted Crown":82,"Pantograph":4,"Bronze Scales":93,"Turnip":4,"Membership Card":56,"Bottled Lightning":62,"Ring of the Snake":0}],"Ring of the Snake":[44]},"card_choices":[{"not_picked":["Riddle With Holes","Prepared"],"picked":"Dagger Spray","floor":1.0},{"not_picked":["Infinite Blades","Heel Hook"],"picked":"Noxious Fumes","floor":7.0},{"not_picked":["PiercingWail","Deadly Poison"],"picked":"Footwork","floor":8.0},{"not_picked":["Dodge and Roll","Infinite Blades"],"picked":"Blur","floor":10.0},{"not_picked":["Acrobatics","Deadly Poison"],"picked":"Crippling Poison","floor":11.0},{"not_picked":["Cloak And Dagger","Distraction"],"picked":"Escape Plan","floor":13.0},{"not_picked":["Unload","After Image"],"picked":"Die Die Die","floor":16.0},{"not_picked":["Dagger Spray","Dodge and Roll"],"picked":"Calculated Gamble","floor":18.0},{"not_picked":["Eviscerate","Flechettes","Prepared"],"picked":"SKIP","floor":20.0},{"not_picked":["All Out Attack","Deadly Poison"],"picked":"Sucker Punch","floor":21.0},{"not_picked":["Dagger Throw","Masterful Stab","Deadly Poison"],"picked":"SKIP","floor":23.0},{"not_picked":["Slice","Predator"],"picked":"Terror","floor":27.0},{"not_picked":["Deadly Poison","Underhanded Strike"],"picked":"Corpse Explosion","floor":31.0},{"not_picked":["Corpse Explosion","After Image"],"picked":"Bullet Time","floor":33.0},{"not_picked":["Quick Slash"],"picked":"SKIP","floor":35.0},{"not_picked":["Outmaneuver"],"picked":"SKIP","floor":36.0},{"not_picked":["Well Laid Plans"],"picked":"SKIP","floor":39.0},{"not_picked":[],"picked":"Well Laid Plans+1","floor":41.0},{"not_picked":["Leg Sweep"],"picked":"SKIP","floor":42.0},{"not_picked":["Eviscerate"],"picked":"SKIP","floor":47.0}],"player_experience":957794,"relics_obtained":[{"floor":7.0,"key":"Tingsha"},{"floor":9.0,"key":"PreservedInsect"},{"floor":10.0,"key":"Happy Flower"},{"floor":13.0,"key":"Blood Vial"},{"floor":14.0,"key":"Incense Burner"},{"floor":23.0,"key":"Bottled Lightning"},{"floor":26.0,"key":"Bottled Flame"},{"floor":27.0,"key":"Shovel"},{"floor":28.0,"key":"Lizard Tail"},{"floor":30.0,"key":"Calipers"},{"floor":38.0,"key":"StoneCalendar"},{"floor":44.0,"key":"Lantern"},{"floor":46.0,"key":"Pear"}],"event_choices":[{"damage_healed":0.0,"max_hp_gain":5.0,"max_hp_loss":0.0,"gold_gain":0.0,"event_name":"Big Fish","player_choice":"Donut","floor":2.0,"gold_loss":0.0,"damage_taken":0.0},{"damage_healed":0.0,"max_hp_gain":0.0,"max_hp_loss":0.0,"gold_gain":0.0,"event_name":"Scrap Ooze","player_choice":"Success","floor":4.0,"gold_loss":0.0,"damage_taken":11.0,"relics_obtained":["Pantograph"]},{"damage_healed":0.0,"max_hp_gain":0.0,"max_hp_loss":0.0,"gold_gain":0.0,"event_name":"Living Wall","player_choice":"Grow","floor":5.0,"gold_loss":0.0,"damage_taken":0.0,"cards_upgraded":["Dagger Spray"]},{"damage_healed":0.0,"max_hp_gain":0.0,"max_hp_loss":0.0,"gold_gain":0.0,"event_name":"The Library","player_choice":"Read","floor":19.0,"gold_loss":0.0,"damage_taken":0.0,"cards_obtained":["Deadly Poison"]},{"damage_healed":0.0,"max_hp_gain":0.0,"max_hp_loss":0.0,"gold_gain":0.0,"event_name":"Wheel of Change","player_choice":"Cursed","floor":25.0,"gold_loss":0.0,"damage_taken":0.0,"cards_obtained":["Decay"]},{"damage_healed":0.0,"max_hp_gain":0.0,"max_hp_loss":0.0,"gold_gain":0.0,"event_name":"Mysterious Sphere","player_choice":"Fight","floor":38.0,"gold_loss":0.0,"damage_taken":0.0},{"damage_healed":0.0,"max_hp_gain":0.0,"max_hp_loss":0.0,"gold_gain":0.0,"event_name":"Upgrade Shrine","player_choice":"Upgraded","floor":45.0,"gold_loss":0.0,"damage_taken":0.0,"cards_upgraded":["Bullet Time"]},{"damage_healed":0.0,"max_hp_gain":0.0,"max_hp_loss":0.0,"gold_gain":0.0,"event_name":"Tomb of Lord Red Mask","player_choice":"Ignored","floor":48.0,"gold_loss":0.0,"damage_taken":0.0}],"is_beta":false,"boss_relics":[{"not_picked":["Runic Dome","Tiny House"],"picked":"Sozu"},{"not_picked":["Philosopher\u0027s Stone","Runic Pyramid"],"picked":"Busted Crown"}],"items_purged_floors":[22,29],"is_endless":false,"potions_floor_spawned":[1,8,13,16,18,27,33,38,39,41,47],"killed_by":"Awakened One","ascension_level":20}}