{"host":"6hyess0ebv7cxwmj","time":1611645093,"event":{"mods":["Act Like it!","BaseMod","Gensokyo","HololiveMod","Koishi","Marisa£®ÏF”Í°°ƒß¿Ì…≥£©","Minty Spire (QoL Compilation)","Quick Restart","Reimu£®≤©¿ˆ¡È√Œ£©","Shop Mod","StSLib","The Animator","The Servant 0.9.4","ÛÙª÷∏ƒœ"],"gold_per_floor":[14,14,14,14,27,27,29056,29056,29056,29056,29069,29069,29087,29118,28237,28332,28332,28332,28332,28332,27145,26378,26378,26378,26378,26378,26015,26015,26015,26015,26015,25637,25637,25637,25637,25637,25155,25155,25155,25155,25155,25155,25155,24689,24689,24208,24208,23856,23581,23581],"floor_reached":51,"language":"ZHS","playtime":3361,"items_purged":["Strike_P","Strike_P","Defend_P","Pray+1","Strike_P+1","Defend_P","Defend_P","Defend_P","FearNoEvil"],"score":908,"play_id":"9a04520a-2983-4ed4-a060-8d94ac3d3c77","local_time":"20210126151133","is_ascension_mode":false,"campfire_choices":[{"data":"Eruption","floor":6.0,"key":"SMITH"},{"data":"Crescendo","floor":10.0,"key":"SMITH"},{"data":"Ragnarok","floor":12.0,"key":"SMITH"},{"data":"1","floor":23.0,"key":"LIFT"},{"data":"2","floor":25.0,"key":"LIFT"},{"data":"3","floor":40,"key":"LIFT"}],"circlet_count":0,"master_deck":["Eruption+1","Vigilance+1","Master of Strategy+1","JustLucky+1","Crescendo+1","Ragnarok+1","EmptyBody+1","LessonLearned+1","Vengeance+1","Madness+1","Adaptation","Tantrum+1","Halt","FlurryOfBlows+1","Deep Breath+1","Collect+1","Scrawl+1","DeusExMachina+1","LikeWater","SashWhip+1","Wallop","FollowUp+1","Fasting2"],"relics":["PureWater","HornCleat","Nunchaku","TheAbacus","Bag of Preparation","Dream Catcher","White Beast Statue","Blood Vial","Melange","Ectoplasm","Nloth\u0027s Gift","Girya","Blue Candle","Toolbox","MerchantsRug","Du-Vu Doll","Mastiff:ReiMu","Membership Card","Damaru","Whetstone","Bottled Lightning","Chemical X","MawBank","Art of War","Darkstone Periapt","Frozen Eye","Fusion Hammer","Singing Bowl","Matryoshka","Sling","Gambling Chip","Omamori","Bronze Scales","Regal Pillow","Unceasing Top","ClockworkSouvenir","Gremlin Horn","Torii","OrangePellets","StoneCalendar","Ice Cream","HandDrill","Vajra","Bottled Tornado"],"acts_visited":["Exordium","TheCity","TheBeyond"],"potions_floor_usage":[50,50,50,50],"damage_taken":[{"damage":4.0,"enemies":"Jaw Worm","floor":1.0,"turns":3.0},{"damage":0.0,"enemies":"Small Slimes","floor":5.0,"turns":2.0},{"damage":0.0,"enemies":"Cultist","floor":11.0,"turns":2.0},{"damage":2.0,"enemies":"Exordium Thugs","floor":13.0,"turns":2.0},{"damage":0.0,"enemies":"Gremlin Nob","floor":14.0,"turns":1.0},{"damage":30.0,"enemies":"Slime Boss","floor":16.0,"turns":6.0},{"damage":0.0,"enemies":"Shell Parasite","floor":18.0,"turns":1.0},{"damage":0.0,"enemies":"Chosen","floor":20.0,"turns":3.0},{"damage":0.0,"enemies":"Book of Stabbing","floor":24.0,"turns":2.0},{"damage":11.0,"enemies":"Shelled Parasite and Fungi","floor":28.0,"turns":4.0},{"damage":17.0,"enemies":"Slavers","floor":29.0,"turns":4.0},{"damage":0.0,"enemies":"3 Cultists","floor":30.0,"turns":4.0},{"damage":9.0,"enemies":"Snake Plant","floor":31.0,"turns":2.0},{"damage":37.0,"enemies":"Automaton","floor":33.0,"turns":7.0},{"damage":12.0,"enemies":"3 Shapes","floor":35.0,"turns":3.0},{"damage":0,"enemies":"Orb Walker","floor":36,"turns":1},{"damage":0,"enemies":"Mind Bloom Boss Battle","floor":38,"turns":5},{"damage":0,"enemies":"Writhing Mass","floor":42,"turns":1},{"damage":7,"enemies":"Sphere and 2 Shapes","floor":45,"turns":2},{"damage":0,"enemies":"Spire Growth","floor":47,"turns":2},{"damage":0,"enemies":"Time Eater","floor":50,"turns":2}],"seed_played":"-3972680096513832115","potions_obtained":[{"floor":13.0,"key":"LiquidMemories"},{"floor":14.0,"key":"EntropicBrew"},{"floor":16.0,"key":"PowerPotion"},{"floor":33.0,"key":"Strength Potion"}],"is_trial":false,"path_per_floor":["M","$","?","?","M","R","$","?","T","R","M","R","M","E","R","B",null,"M","?","M","$","$","R","E","R","T","$","M","E","M","M","R","B",null,"M","M","$","?","?","R","?","M","T","$","M","R","M","$","R","B",null],"character_chosen":"WATCHER","items_purchased":["Crescendo","HornCleat","Nunchaku","TheAbacus","Ragnarok","MerchantsRug","White Beast Statue","Blood Vial","Melange","LessonLearned","Regen Potion","Girya","Blue Candle","Toolbox","Madness","Adaptation","MerchantsRug","Tantrum","Du-Vu Doll","Mastiff:ReiMu","Membership Card","Halt","FlurryOfBlows","Deep Breath","Bottled Lightning","Chemical X","Scrawl","Art of War","Darkstone Periapt","Frozen Eye","Singing Bowl","Matryoshka","Sling","LikeWater","Regal Pillow","Unceasing Top","ClockworkSouvenir","Wallop","Gremlin Horn","Torii","OrangePellets","StoneCalendar","Ice Cream","Fasting2","HandDrill","Vajra","Bottled Tornado"],"campfire_rested":0,"item_purchase_floors":[7,7,7,7,7,7,15,15,15,15,15,21,21,21,21,21,21,21,22,22,22,22,22,22,27,27,27,32,32,32,37,37,37,37,44,44,44,44,46,46,46,48,48,48,49,49,49],"current_hp_per_floor":[68,68,68,68,68,68,68,68,68,68,68,68,66,66,66,38,72,72,72,72,72,72,72,72,72,72,72,61,46,48,41,41,6,72,60,62,62,64,64,64,64,68,68,68,65,65,67,67,67,74],"gold":23581,"neow_bonus":"RANDOM_COLORLESS_2","is_daily":false,"chose_seed":false,"campfire_upgraded":3,"win_rate":0.0,"timestamp":1611645093,"path_taken":["M","$","?","?","?","R","?","?","T","R","M","R","M","E","R","BOSS","M","?","M","?","$","R","E","R","T","$","M","E","?","M","R","BOSS","M","M","$","?","?","R","?","M","T","$","?","R","M","?","R","BOSS"],"items_purchased_type":["Card","Relic","Relic","Relic","Card","Relic","Relic","Relic","Relic","Card","Potion","Relic","Relic","Relic","Card","Card","Relic","Card","Relic","Relic","Relic","Card","Card","Card","Relic","Relic","Card","Relic","Relic","Relic","Relic","Relic","Relic","Card","Relic","Relic","Relic","Card","Relic","Relic","Relic","Relic","Relic","Card","Relic","Relic","Relic"],"build_version":"2020-12-22","purchased_purges":9,"victory":true,"max_hp_per_floor":[72,72,72,72,72,72,72,72,72,72,72,72,72,72,72,72,72,72,72,72,72,72,72,72,72,72,72,72,72,72,72,72,72,72,72,72,72,72,72,72,72,74,74,74,76,76,76,76,76,76],"card_choices":[{"not_picked":["Panache","HandOfGreed"],"picked":"Master of Strategy","floor":0.0},{"not_picked":["Consecrate","SashWhip"],"picked":"Pray","floor":1.0},{"not_picked":["ThirdEye","WaveOfTheHand"],"picked":"JustLucky","floor":5.0},{"not_picked":["WreathOfFlame","PathToVictory","EmptyFist"],"picked":"SKIP","floor":11.0},{"not_picked":["ThirdEye","CrushJoints","Protect"],"picked":"SKIP","floor":13.0},{"not_picked":["CutThroughFate","PathToVictory"],"picked":"EmptyBody","floor":14.0},{"not_picked":["WheelKick","ThirdEye"],"picked":"Vengeance+1","floor":18.0},{"not_picked":["PathToVictory","ThirdEye","TalkToTheHand"],"picked":"SKIP","floor":20.0},{"not_picked":["SandsOfTime","CarveReality"],"picked":"Collect","floor":24.0},{"not_picked":["JustLucky","CutThroughFate","BattleHymn"],"picked":"SKIP","floor":28.0},{"not_picked":["ConjureBlade","ClearTheMind","Establishment"],"picked":"SKIP","floor":29.0},{"not_picked":["Weave","Pray","EmptyFist"],"picked":"SKIP","floor":30.0},{"not_picked":["Crescendo","Consecrate"],"picked":"FearNoEvil","floor":31.0},{"not_picked":["Vault","Omniscience"],"picked":"DeusExMachina","floor":33.0},{"not_picked":["FlurryOfBlows","Indignation+1","ClearTheMind"],"picked":"SKIP","floor":35.0},{"not_picked":["FlyingSleeves","BowlingBash","Omniscience"],"picked":"SKIP","floor":36},{"not_picked":["Adaptation+1","Protect"],"picked":"SashWhip+1","floor":38},{"not_picked":["BowlingBash+1","Swivel","Conclude"],"picked":"Singing Bowl","floor":42},{"not_picked":["EmptyBody+1","Study","CutThroughFate+1"],"picked":"Singing Bowl","floor":45},{"not_picked":["BattleHymn+1","Halt"],"picked":"FollowUp+1","floor":47}],"player_experience":506706,"relics_obtained":[{"floor":9.0,"key":"Bag of Preparation"},{"floor":14.0,"key":"Dream Catcher"},{"floor":24.0,"key":"Damaru"},{"floor":26.0,"key":"Whetstone"},{"floor":29.0,"key":"MawBank"},{"floor":38,"key":"Gambling Chip"},{"floor":43,"key":"Omamori"},{"floor":43,"key":"Bronze Scales"}],"event_choices":[{"damage_healed":0.0,"max_hp_gain":0.0,"max_hp_loss":0.0,"gold_gain":0.0,"event_name":"Liars Game","player_choice":"Ignored","floor":3.0,"gold_loss":0.0,"damage_taken":0.0},{"damage_healed":0.0,"max_hp_gain":0.0,"max_hp_loss":0.0,"gold_gain":0.0,"event_name":"Accursed Blacksmith","player_choice":"Forge","floor":4.0,"gold_loss":0.0,"damage_taken":0.0,"cards_upgraded":["Pray"]},{"cards_removed":["Strike_P"],"damage_healed":0.0,"max_hp_gain":0.0,"max_hp_loss":0.0,"gold_gain":0.0,"event_name":"Living Wall","player_choice":"Forget","floor":8.0,"gold_loss":0.0,"damage_taken":0.0},{"damage_healed":0.0,"max_hp_gain":0.0,"max_hp_loss":0.0,"gold_gain":0.0,"event_name":"N\u0027loth","player_choice":"Traded Relic","floor":19.0,"relics_lost":["MerchantsRug"],"gold_loss":0.0,"damage_taken":0.0,"relics_obtained":["Nloth\u0027s Gift"]},{"damage_healed":0,"gold_gain":0,"player_choice":"Fight","damage_taken":0,"max_hp_gain":0,"max_hp_loss":0,"event_name":"MindBloom","floor":38,"gold_loss":0},{"damage_healed":0,"gold_gain":0,"player_choice":"Ignored","damage_taken":0,"max_hp_gain":0,"max_hp_loss":0,"event_name":"Tomb of Lord Red Mask","floor":39,"gold_loss":0},{"damage_healed":0,"gold_gain":0,"player_choice":"Ignored","damage_taken":0,"max_hp_gain":0,"max_hp_loss":0,"event_name":"NoteForYourself","floor":41,"gold_loss":0}],"is_beta":false,"boss_relics":[{"not_picked":["Calling Bell","HolyWater"],"picked":"Ectoplasm"},{"not_picked":["Busted Crown","Pandora\u0027s Box"],"picked":"Fusion Hammer"}],"items_purged_floors":[7,15,21,22,27,32,37,44,46],"is_endless":false,"potions_floor_spawned":[13,14,16,18,20,24,28,29,30,31,33,35,36,38,42,45,47],"ascension_level":0}}