{"host":"70zhvo5nwrhp1mbg","time":1611700469,"event":{"mods":["BaseMod","Colored Map","Colored Powertips","Highlight Path","Minty Spire (QoL Compilation)","Rare Cards Sparkle","StSLib"],"gold_per_floor":[114,35,55,73,73,73,108,108,153,153,172,172,197,197,197,298,298,308,322,332,153,153,188,188,217,217,252,252,432,462,481,481,577,577,591,289,289,142,160,190,190,223,223,223,238,238,250,268,268,268],"floor_reached":51,"language":"ENG","playtime":3403,"items_purged":[],"score":1446,"play_id":"93c30945-4b37-4690-b16e-3d881dd6bdc7","local_time":"20210126173429","is_ascension_mode":true,"campfire_choices":[{"data":"Flame Barrier","floor":6,"key":"SMITH"},{"floor":10,"key":"REST"},{"data":"Rage","floor":12,"key":"SMITH"},{"data":"Spot Weakness","floor":15,"key":"SMITH"},{"data":"Clothesline","floor":24,"key":"SMITH"},{"data":"Barricade","floor":32,"key":"SMITH"},{"data":"Strike_R","floor":44,"key":"PURGE"},{"data":"Cleave","floor":49,"key":"SMITH"}],"circlet_count":0,"master_deck":["AscendersBane","Strike_R","Strike_R","Defend_R+1","Defend_R","Defend_R","Defend_R+1","Bash+1","Anger","Anger","Flame Barrier+1","Feed+1","Spot Weakness+1","Rage+1","Flame Barrier","Reaper","Wild Strike","Feel No Pain","Battle Trance","Ghostly Armor","Clothesline+1","Power Through","Barricade+1","Bludgeon","Anger","Immolate","Evolve","Entrench","Infernal Blade","Spot Weakness+1","Cleave+1","Rage+1"],"relics":["Burning Blood","Black Star","Juzu Bracelet","Matryoshka","War Paint","Happy Flower","Pear","Nunchaku","Medical Kit","Bird Faced Urn","Blood Vial","Bag of Marbles","Omamori","Boot","TungstenRod","FossilizedHelix","Calipers","Bronze Scales","Kunai","Mark of Pain","Orichalcum","ClockworkSouvenir","Sling","Meat on the Bone","Dream Catcher","Peace Pipe","MealTicket","Anchor"],"acts_visited":["Exordium","TheCity","TheBeyond"],"potions_floor_usage":[16,16,33,33,45,45],"damage_taken":[{"damage":0,"enemies":"Cultist","floor":1,"turns":2},{"damage":0,"enemies":"Jaw Worm","floor":3,"turns":1},{"damage":0,"enemies":"Small Slimes","floor":4,"turns":1},{"damage":45,"enemies":"Gremlin Nob","floor":7,"turns":5},{"damage":13,"enemies":"Blue Slaver","floor":11,"turns":4},{"damage":0,"enemies":"Lagavulin","floor":13,"turns":3},{"damage":40,"enemies":"Hexaghost","floor":16,"turns":9},{"damage":0,"enemies":"Spheric Guardian","floor":18,"turns":1},{"damage":0,"enemies":"2 Thieves","floor":19,"turns":1},{"damage":0,"enemies":"Centurion and Healer","floor":20,"turns":1},{"damage":52,"enemies":"Book of Stabbing","floor":23,"turns":6},{"damage":43,"enemies":"Gremlin Leader","floor":25,"turns":5},{"damage":0,"enemies":"Book of Stabbing","floor":27,"turns":1},{"damage":58,"enemies":"Slavers","floor":30,"turns":8},{"damage":0,"enemies":"3 Cultists","floor":31,"turns":1},{"damage":24,"enemies":"Collector","floor":33,"turns":11},{"damage":0,"enemies":"3 Shapes","floor":35,"turns":1},{"damage":0,"enemies":"3 Darklings","floor":39,"turns":1},{"damage":35,"enemies":"Giant Head","floor":40,"turns":10},{"damage":0,"enemies":"Nemesis","floor":42,"turns":1},{"damage":97,"enemies":"Transient","floor":45,"turns":5},{"damage":0,"enemies":"Jaw Worm Horde","floor":47,"turns":1},{"damage":0,"enemies":"Spire Growth","floor":48,"turns":1},{"damage":132,"enemies":"Time Eater","floor":50,"turns":15}],"seed_played":"-2832807722563030194","potions_obtained":[{"floor":4,"key":"Strength Potion"},{"floor":16,"key":"Strength Potion"},{"floor":25,"key":"LiquidBronze"},{"floor":35,"key":"Explosive Potion"},{"floor":39,"key":"Regen Potion"}],"is_trial":false,"path_per_floor":["M","$","M","M","?","R","E","?","T","R","M","R","E","?","R","B",null,"M","M","M","$","?","E","R","E","T","E","?","?","E","M","R","B",null,"M","$","?","$","M","E","?","E","T","R","M","?","M","M","R","B",null],"character_chosen":"IRONCLAD","items_purchased":["Regen Potion","Medical Kit","Ghostly Armor","Orichalcum","ClockworkSouvenir","Sling"],"campfire_rested":1,"item_purchase_floors":[2,21,21,36,36,38],"current_hp_per_floor":[78,78,80,80,80,80,44,44,44,68,61,61,77,77,77,58,84,90,93,93,93,93,63,63,30,30,38,38,22,42,50,50,38,85,93,93,93,93,96,67,67,75,75,75,26,26,46,66,66,37],"gold":268,"neow_bonus":"UPGRADE_CARD","is_daily":false,"chose_seed":false,"campfire_upgraded":6,"win_rate":0.0,"timestamp":1611700469,"path_taken":["M","?","M","M","?","R","E","?","T","R","M","R","E","?","R","BOSS","M","M","M","$","?","E","R","E","T","E","?","?","E","M","R","BOSS","M","$","?","$","M","E","?","E","T","R","M","?","M","M","R","BOSS"],"items_purchased_type":["Potion","Relic","Card","Relic","Relic","Relic"],"build_version":"2020-12-22","purchased_purges":0,"victory":true,"max_hp_per_floor":[80,80,80,80,80,80,83,83,83,83,83,83,93,93,93,93,93,93,93,93,93,93,97,97,97,97,97,97,97,101,101,101,101,101,101,101,96,96,96,96,96,96,96,96,96,96,96,96,96,96],"card_choices":[{"not_picked":["Perfected Strike","True Grit"],"picked":"Anger","floor":1},{"not_picked":["Flex","Uppercut"],"picked":"Anger","floor":3},{"not_picked":["Uppercut","Flex"],"picked":"Flame Barrier","floor":4},{"not_picked":["Clothesline","Second Wind"],"picked":"Spot Weakness","floor":7},{"not_picked":["Perfected Strike","Sword Boomerang"],"picked":"Rage","floor":11},{"not_picked":["Flex","Perfected Strike"],"picked":"Flame Barrier","floor":13},{"not_picked":["Fiend Fire","Double Tap"],"picked":"Reaper","floor":16},{"not_picked":["Bloodletting+1","Dark Embrace"],"picked":"Wild Strike","floor":18},{"not_picked":["Wild Strike","Headbutt"],"picked":"Feel No Pain","floor":19},{"not_picked":["Twin Strike","Heavy Blade"],"picked":"Battle Trance","floor":20},{"not_picked":["Reckless Charge","Carnage"],"picked":"Clothesline","floor":23},{"not_picked":["Flex","Sever Soul"],"picked":"Power Through","floor":25},{"not_picked":["Clash","Flex"],"picked":"Barricade","floor":27},{"not_picked":["Barricade","Evolve"],"picked":"Bludgeon","floor":30},{"not_picked":["Pummel","Havoc"],"picked":"Anger","floor":31},{"not_picked":["Barricade","Feed"],"picked":"Immolate","floor":33},{"not_picked":["Pummel+1","Heavy Blade","Dual Wield"],"picked":"SKIP","floor":35},{"not_picked":["Twin Strike","Wild Strike"],"picked":"Evolve","floor":39},{"not_picked":["Sentinel","Second Wind","Clash"],"picked":"SKIP","floor":40},{"not_picked":["Armaments+1","Searing Blow"],"picked":"Entrench","floor":42},{"not_picked":["Clothesline","Sword Boomerang"],"picked":"Infernal Blade","floor":45},{"not_picked":["Iron Wave+1","Sword Boomerang+1"],"picked":"Cleave","floor":47},{"not_picked":["Clash","True Grit"],"picked":"Rage+1","floor":48}],"player_experience":524873,"relics_obtained":[{"floor":7,"key":"Juzu Bracelet"},{"floor":7,"key":"Matryoshka"},{"floor":9,"key":"War Paint"},{"floor":9,"key":"Happy Flower"},{"floor":13,"key":"Pear"},{"floor":13,"key":"Nunchaku"},{"floor":23,"key":"Bird Faced Urn"},{"floor":23,"key":"Blood Vial"},{"floor":25,"key":"Bag of Marbles"},{"floor":25,"key":"Omamori"},{"floor":26,"key":"Boot"},{"floor":26,"key":"TungstenRod"},{"floor":27,"key":"FossilizedHelix"},{"floor":27,"key":"Calipers"},{"floor":30,"key":"Bronze Scales"},{"floor":30,"key":"Kunai"},{"floor":40,"key":"Meat on the Bone"},{"floor":40,"key":"Dream Catcher"},{"floor":42,"key":"Peace Pipe"},{"floor":42,"key":"MealTicket"},{"floor":43,"key":"Anchor"}],"event_choices":[{"damage_healed":0,"gold_gain":0,"cards_transformed":["Strike_R"],"player_choice":"Transformed","damage_taken":0,"max_hp_gain":0,"max_hp_loss":0,"event_name":"Transmorgrifier","floor":5,"gold_loss":0,"cards_obtained":["Feed"]},{"damage_healed":0,"gold_gain":0,"player_choice":"Grow","damage_taken":0,"max_hp_gain":0,"max_hp_loss":0,"event_name":"Living Wall","floor":8,"gold_loss":0,"cards_upgraded":["Feed"]},{"damage_healed":0,"gold_gain":0,"player_choice":"Ignored","damage_taken":0,"max_hp_gain":0,"max_hp_loss":0,"event_name":"Liars Game","floor":14,"gold_loss":0},{"cards_removed":["Strike_R"],"damage_healed":0,"gold_gain":0,"player_choice":"Elegance","damage_taken":0,"max_hp_gain":0,"max_hp_loss":0,"event_name":"Back to Basics","floor":22,"gold_loss":0},{"damage_healed":0,"gold_gain":0,"player_choice":"Cursed","damage_taken":0,"max_hp_gain":0,"max_hp_loss":0,"event_name":"Wheel of Change","floor":28,"gold_loss":0,"cards_obtained":["Decay"]},{"damage_healed":0,"gold_gain":180,"player_choice":"GOLD GOLD ","damage_taken":19,"max_hp_gain":0,"max_hp_loss":0,"event_name":"Knowing Skull","floor":29,"potions_obtained":[],"gold_loss":0,"cards_obtained":[]},{"damage_healed":0,"gold_gain":0,"player_choice":"Max HP","damage_taken":0,"max_hp_gain":0,"max_hp_loss":5,"event_name":"Winding Halls","floor":37,"gold_loss":0},{"damage_healed":0,"gold_gain":0,"player_choice":"Ignored","damage_taken":0,"max_hp_gain":0,"max_hp_loss":0,"event_name":"Mysterious Sphere","floor":41,"gold_loss":0},{"damage_healed":0,"gold_gain":0,"player_choice":"Copied","damage_taken":0,"max_hp_gain":0,"max_hp_loss":0,"event_name":"Duplicator","floor":46,"gold_loss":0,"cards_obtained":["Spot Weakness"]}],"is_beta":false,"boss_relics":[{"not_picked":["Velvet Choker","Busted Crown","Coffee Dripper"]},{"not_picked":["Cursed Key","Philosopher\u0027s Stone"],"picked":"Mark of Pain"}],"items_purged_floors":[],"is_endless":false,"potions_floor_spawned":[4,11,16,25,30,31,35,39,42],"ascension_level":12}}