{"host":"9xv6exvwmlpefxuw","time":1611670999,"event":{"mods":["ATMod(阿瑾Mod)","AchievementEnabler","Act Like it!","Aspiration","BaseMod","Chen","Colored Powertips","Conspire","Downfall","Friendly Minions","Gensokyo","GifTheSpireLib","KinomotoSakuraMod(木之本樱)","Koishi","KomeijiMod","Lobotomy","LobotomyExtend","Marisa（F雨　魔理沙）","Minty Spire (QoL Compilation)","MostiFishMod","Pale of the Ancients","Rare Cards Sparkle","Reimu（博丽灵梦）","Remilia_Scarlet Moed（蕾米莉亚・斯卡雷特）3.3.5","Remilia（蕾米莉亚）","RumiaBox-露米娅的神秘盒子","StSLib","The Administrix","The Mystic","The Servant 0.9.4","WarShipGirlsR/战舰少女R mod","Yakumo Yukari mod","Youmu（魂魄妖梦）","Yuyuko","[IsaacMod]以撒尖塔","[功能]功能增强和修复MOD","【功能Mod】混沌之环修复补丁","【遗物卡牌】REMEMod"],"gold_per_floor":[110,127,82,42,42,73,85,141,153,165,193,248,285,313,325,686,698,724,736,783,695,711,752,766,801,824,824,849,883,896,977,977,1297,1297,1311,1253,1352,1291,1304,1339,1360,1400,1448,1491,1516,1516,1549,1502,1502,1502,1502,1502],"floor_reached":54,"language":"ZHS","playtime":3665,"items_purged":["Slimebound:Tackle+1","Slimebound:Tackle+1","Slimebound:Tackle+1","Defend_G","Defend_G","Defend_G","Injury","Defend_G","Defend_G","Neutralize","Survivor","Prepared+1"],"score":1908,"play_id":"36db0618-8bd1-42fa-9bb5-9ef464e09d25","local_time":"20210126222319","is_ascension_mode":true,"campfire_choices":[{"floor":7,"key":"REST"},{"data":"Blade Dance","floor":10,"key":"SMITH"},{"floor":15,"key":"REST"},{"floor":27,"key":"RECALL"},{"data":"Blade Dance","floor":32,"key":"SMITH"},{"data":"MostiFishMod:WinterMarkForm","floor":49,"key":"SMITH"}],"circlet_count":0,"master_deck":["Acrobatics","Slice","Blade Dance+1","Blade Dance+1","Dagger Throw","Poisoned Stab","Slice","Dagger Spray","Reflex","MostiFishMod:WinterMarkForm+1","conspire:DoublingDagger+1","Poisoned Stab+1","Dagger Spray","Flying Knee","Blade Dance","Adrenaline","Adrenaline","Adrenaline","Infinite Blades","Adrenaline","MostiFishMod:WinterMarkForm"],"relics":["Ring of the Snake","AT_ATBox","HushsDoor","REME_ComplimentaryCards","DaveBox","EGODaCapo","SteamSale","SynthV:TestCard","Ornamental Fan","Habit","PaintedHorse:ReiMu","Golden Idol","MawBank","ZombieArmy","Pantograph","Mastiff:ReiMu","Strawberry","ShadowXiaoBlade","Red Mask","AT_ChloranthyRing","Civilization","GodSword4","PreservedInsect","BookofShadows","TheBible","Mummified Hand","SynthV:C4","GuanYuAspect","GuppysHead","Happy Flower","Ancient Tea Set","Medical Kit","Calipers","Anchor","Strange Spoon","Ninja Scroll","ScarletDevilRocket","AT_PhaseBoots","conspire:DecoderRing","Orichalcum","Oddly Smooth Stone","ChiLing","Chi","Ling"],"acts_visited":["Exordium","TheCity","TheBeyond","TheEnding"],"potions_floor_usage":[53],"damage_taken":[{"damage":10,"enemies":"Jaw Worm","floor":1,"turns":6},{"damage":0,"enemies":"2 Louse","floor":2,"turns":2},{"damage":47,"enemies":"Gremlin Nob","floor":6,"turns":6},{"damage":17,"enemies":"Lagavulin","floor":8,"turns":6},{"damage":12,"enemies":"conspire:RoseBush","floor":11,"turns":2},{"damage":7,"enemies":"3 Sentries","floor":12,"turns":6},{"damage":0,"enemies":"Looter","floor":13,"turns":2},{"damage":18,"enemies":"conspire:2 RoseBushes","floor":14,"turns":3},{"damage":35,"enemies":"The Guardian","floor":16,"turns":7},{"damage":0,"enemies":"3 Byrds","floor":18,"turns":3},{"damage":0,"enemies":"Masked Bandits","floor":20,"turns":2},{"damage":0,"enemies":"Spheric Guardian","floor":22,"turns":1},{"damage":0,"enemies":"Book of Stabbing","floor":23,"turns":2},{"damage":0,"enemies":"3 Cultists","floor":24,"turns":2},{"damage":0,"enemies":"conspire:Head Lice","floor":25,"turns":1},{"damage":0,"enemies":"Shelled Parasite and Fungi","floor":28,"turns":1},{"damage":0,"enemies":"Book of Stabbing","floor":29,"turns":1},{"damage":0,"enemies":"Snake Plant","floor":30,"turns":2},{"damage":0,"enemies":"Automaton","floor":33,"turns":3},{"damage":0,"enemies":"3 Darklings","floor":35,"turns":2},{"damage":0,"enemies":"Orb Walker","floor":39,"turns":1},{"damage":0,"enemies":"Reptomancer","floor":40,"turns":1},{"damage":0,"enemies":"Jaw Worm Horde","floor":41,"turns":1},{"damage":0,"enemies":"Giant Head","floor":42,"turns":1},{"damage":0,"enemies":"Nemesis","floor":44,"turns":1},{"damage":0,"enemies":"Sphere and 2 Shapes","floor":45,"turns":1},{"damage":0,"enemies":"Giant Head","floor":47,"turns":1},{"damage":26,"enemies":"conspire:OrnateMirror","floor":50,"turns":2},{"damage":3,"enemies":"LittleHush","floor":53,"turns":29}],"seed_played":"-7062367794363392861","potions_obtained":[{"floor":0,"key":"Guardian:BlockOnCardUsePotion"},{"floor":0,"key":"FairyPotion"},{"floor":0,"key":"FearPotion"},{"floor":12,"key":"GhostInAJar"},{"floor":30,"key":"BlessingOfTheForge"}],"is_trial":false,"path_per_floor":["M","M","$","?","?","E","R","E","T","R","M","E","M","M","R","B",null,"M","?","?","$","M","E","M","E","T","R","M","E","M","T","R","B",null,"M","$","?","$","M","E","M","E","T","E","M","?","E","$","R","B",null,"B",null],"character_chosen":"THE_SILENT","items_purchased":["Ornamental Fan","Habit","Blade Dance","AT_ChloranthyRing","Civilization","GodSword4","GuppysHead","Infinite Blades","Happy Flower","Ancient Tea Set","Medical Kit","Calipers","Anchor","Strange Spoon","Orichalcum","Oddly Smooth Stone","ChiLing"],"campfire_rested":2,"item_purchase_floors":[3,3,3,21,21,21,34,34,36,36,36,38,38,38,48,48,48],"current_hp_per_floor":[60,60,60,60,60,13,34,17,17,17,5,21,21,3,24,21,77,77,77,77,77,78,80,85,90,90,90,95,100,105,105,105,110,43,46,46,31,31,42,56,61,66,66,71,76,76,81,81,81,70,88,91],"gold":1502,"neow_bonus":"THREE_SMALL_POTIONS","is_daily":false,"chose_seed":false,"campfire_upgraded":3,"win_rate":0.0,"timestamp":1611670999,"path_taken":["M","M","$","?","?","E","R","E","T","R","M","E","M","M","R","BOSS","M","?","?","$","M","E","M","E","T","R","?","E","M","?","R","BOSS","M","$","?","$","M","E","?","E","T","E","M","?","E","$","R","BOSS","BOSS"],"items_purchased_type":["Relic","Relic","Card","Relic","Relic","Relic","Relic","Card","Relic","Relic","Relic","Relic","Relic","Relic","Relic","Relic","Relic"],"build_version":"2020-12-22","purchased_purges":12,"victory":true,"max_hp_per_floor":[70,70,70,70,70,70,70,70,70,70,70,70,70,70,70,77,77,77,77,77,77,78,80,85,90,90,90,95,100,105,105,105,110,43,48,48,48,48,53,58,63,68,68,73,78,78,83,83,83,88,88,93],"card_choices":[{"not_picked":["Dash","Bomb"],"picked":"Acrobatics","floor":1},{"not_picked":["PiercingWail","Finisher","Quick Slash","MostiFishMod:FrostNova"],"picked":"Slice","floor":2},{"not_picked":["AT_ArcaneSupremacy","PiercingWail","Dash","REME_CopyPotion","Escape Plan"],"picked":"SKIP","floor":6},{"not_picked":["Deflect","MostiFishMod:ThornCasing","AT_KingSlayer","Footwork"],"picked":"Dagger Throw","floor":8},{"not_picked":["Escape Plan","Well Laid Plans","Underhanded Strike","Backflip"],"picked":"Poisoned Stab","floor":11},{"not_picked":["Deadly Poison","Blade Dance","Well Laid Plans","Underhanded Strike"],"picked":"Slice","floor":12},{"not_picked":["Leg Sweep","Dodge and Roll","Quick Slash","Backstab"],"picked":"Dagger Spray","floor":13},{"not_picked":["Outmaneuver","Poisoned Stab","AT_ShadowStep","Catalyst"],"picked":"Reflex","floor":14},{"not_picked":["After Image","MostiFishMod:Listen","REME_CopyPotion","Doppelganger"],"picked":"MostiFishMod:WinterMarkForm","floor":16},{"not_picked":["Sucker Punch","Dagger Spray","Reflex","Blade Dance"],"picked":"conspire:DoublingDagger+1","floor":18},{"not_picked":["PiercingWail","Flying Knee+1","AT_ThistleTea","AT_TwilightShroud"],"picked":"Prepared+1","floor":20},{"not_picked":["Underhanded Strike+1","Tactician","Bane+1","Noxious Fumes"],"picked":"Poisoned Stab+1","floor":22},{"not_picked":["Eviscerate","Bullet Time","Blur","MostiFishMod:PerfectParry","Bane"],"picked":"SKIP","floor":23},{"not_picked":["MostiFishMod:PerfectParry","Sucker Punch","Bane","Terror","MostiFishMod:PoisonShield"],"picked":"SKIP","floor":24},{"not_picked":["Prepared","MostiFishMod:PerfectParry+1","Cloak And Dagger","Dash+1","Flying Knee+1"],"picked":"SKIP","floor":25},{"not_picked":["Cloak And Dagger+1","Venomology","MostiFishMod:ThornCasing","MostiFishMod:PerfectParry"],"picked":"Dagger Spray","floor":28},{"not_picked":["Sucker Punch","Dodge and Roll","MostiFishMod:ThornCasing+1","Acrobatics"],"picked":"Flying Knee","floor":29},{"not_picked":["AT_FocusSwordFire","Masterful Stab","Dodge and Roll+1","Flying Knee"],"picked":"Blade Dance","floor":30},{"not_picked":["Venomology","MostiFishMod:Confrontation","Storm of Steel","MostiFishMod:HiddenBlade"],"picked":"Adrenaline","floor":33},{"not_picked":["MostiFishMod:Confrontation","MostiFishMod:GrandStart","Corpse Explosion","Burst"],"picked":"Adrenaline","floor":33},{"not_picked":["Bullet Time","MostiFishMod:LethalBlade","MostiFishMod:AdrenalineArouse","MostiFishMod:HiddenBlade"],"picked":"Adrenaline","floor":33},{"not_picked":["PiercingWail","Bane+1","Poisoned Stab","Calculated Gamble","Sucker Punch"],"picked":"SKIP","floor":35},{"not_picked":["Poisoned Stab+1","Acrobatics","Dagger Throw","Finisher","Escape Plan"],"picked":"SKIP","floor":39},{"not_picked":["Quick Slash+1","AT_ArcaneSupremacy","PiercingWail+1","Crippling Poison+1","MostiFishMod:Opportunism"],"picked":"SKIP","floor":40},{"not_picked":["REME_GreenPollution","Flying Knee+1","MostiFishMod:FrostNova","Underhanded Strike","Caltrops+1"],"picked":"SKIP","floor":41},{"not_picked":["AT_FocusSwordFire","Outmaneuver","Slice","Cloak And Dagger+1","PiercingWail+1"],"picked":"SKIP","floor":42},{"not_picked":["Finisher","Unload","Sucker Punch","Underhanded Strike+1"],"picked":"Adrenaline","floor":44},{"not_picked":["Dagger Spray+1","Backflip","Blade Dance","Poisoned Stab","Quick Slash"],"picked":"SKIP","floor":45},{"not_picked":["AT_EssenceShift","MostiFishMod:PreservedThorns","Dodge and Roll+1","PiercingWail+1","Backflip"],"picked":"SKIP","floor":47}],"player_experience":167965,"relics_obtained":[{"floor":1,"key":"SynthV:TestCard"},{"floor":6,"key":"MawBank"},{"floor":8,"key":"ZombieArmy"},{"floor":9,"key":"Pantograph"},{"floor":12,"key":"Mastiff:ReiMu"},{"floor":16,"key":"Strawberry"},{"floor":20,"key":"Red Mask"},{"floor":23,"key":"PreservedInsect"},{"floor":25,"key":"BookofShadows"},{"floor":29,"key":"TheBible"},{"floor":31,"key":"Mummified Hand"},{"floor":33,"key":"SynthV:C4"},{"floor":42,"key":"Ninja Scroll"},{"floor":43,"key":"ScarletDevilRocket"},{"floor":44,"key":"AT_SpeedBoots"},{"floor":47,"key":"conspire:DecoderRing"}],"event_choices":[{"damage_healed":0,"gold_gain":0,"player_choice":"塞钱","damage_taken":0,"relics_obtained":["PaintedHorse:ReiMu"],"max_hp_gain":0,"max_hp_loss":0,"event_name":"yidonshenshe","floor":4,"gold_loss":40},{"damage_healed":0,"gold_gain":0,"player_choice":"Take Wound","damage_taken":0,"relics_obtained":["Golden Idol"],"max_hp_gain":0,"max_hp_loss":0,"event_name":"Golden Idol","floor":5,"gold_loss":0,"cards_obtained":["Injury"]},{"damage_healed":0,"gold_gain":0,"player_choice":"Fought Bandits","damage_taken":0,"max_hp_gain":0,"max_hp_loss":0,"event_name":"Masked Bandits","floor":20,"gold_loss":0},{"damage_healed":0,"gold_gain":0,"player_choice":"Copied","damage_taken":0,"max_hp_gain":0,"max_hp_loss":0,"event_name":"Duplicator","floor":46,"gold_loss":0,"cards_obtained":["MostiFishMod:WinterMarkForm"]}],"is_beta":false,"boss_relics":[{"not_picked":["FrostBlade","EasyGame_NEW"],"picked":"ShadowXiaoBlade"},{"not_picked":[]},{"not_picked":["Transparent","aspiration:PoetsPen_weak"],"picked":"GuanYuAspect"},{"not_picked":[]}],"items_purged_floors":[21,21,21,21,21,21,21,21,21,36,36,36],"is_endless":false,"potions_floor_spawned":[6,6,8,12,12,14,14,18,22,23,24,30,33,35,40,41,42,44,47,47],"ascension_level":3}}