{"host":"a5lz0e76zb3fcwkm","time":1611624834,"event":{"mods":["AchievementEnabler","BaseMod","Colored Map","Colored Powertips","Minty Spire (QoL Compilation)","StSLib","SuperFastMode"],"gold_per_floor":[368,383,383,116,133,133,161,172,172,172,190,202,202,230,230,307,307,326,341,72,72,90,122,122,138,138,138,138,170,187,212,212,289,289,300,17,17,29,40,70,70,118,118,118,148,148,181,195,195,195,195,195],"floor_reached":51,"language":"KOR","playtime":1167,"items_purged":["Doubt","Strike_G","Strike_G"],"score":1810,"play_id":"140a9476-b880-4328-ac02-c2fe091fe2a6","local_time":"20210126103354","is_ascension_mode":true,"campfire_choices":[{"data":"Accuracy","floor":6.0,"key":"SMITH"},{"data":"Adrenaline","floor":10.0,"key":"SMITH"},{"data":"Terror","floor":13.0,"key":"SMITH"},{"floor":15.0,"key":"RECALL"},{"floor":28.0,"key":"REST"},{"floor":32.0,"key":"REST"},{"floor":41.0,"key":"REST"},{"floor":49.0,"key":"REST"}],"circlet_count":0,"master_deck":["AscendersBane","Strike_G","Strike_G","Strike_G","Defend_G","Defend_G","Defend_G","Defend_G","Defend_G","Survivor","Neutralize","Backstab","Blade Dance","Accuracy+1","Backflip","Acrobatics","Adrenaline+1","Blade Dance","Terror+1","Blade Dance","Phantasmal Killer+1","Footwork","PiercingWail","Cloak And Dagger+1","Tactician","Corpse Explosion","Blur","Backflip+1","Well Laid Plans+1","Night Terror"],"relics":["Ring of the Snake","Matryoshka","Bag of Marbles","Bottled Tornado","Akabeko","Fusion Hammer","Medical Kit","Molten Egg 2","Anchor","InkBottle","Tingsha","Oddly Smooth Stone","Sozu","Omamori","WarpedTongs","Pen Nib","Dead Branch","Sundial","Dream Catcher","Incense Burner"],"acts_visited":["Exordium","TheCity","TheBeyond"],"potions_floor_usage":[],"damage_taken":[{"damage":0.0,"enemies":"2 Louse","floor":1.0,"turns":4.0},{"damage":0.0,"enemies":"Cultist","floor":2.0,"turns":3.0},{"damage":2.0,"enemies":"Jaw Worm","floor":5.0,"turns":2.0},{"damage":11.0,"enemies":"Gremlin Nob","floor":7.0,"turns":3.0},{"damage":1.0,"enemies":"Large Slime","floor":8.0,"turns":5.0},{"damage":0.0,"enemies":"Red Slaver","floor":11.0,"turns":1.0},{"damage":0.0,"enemies":"3 Louse","floor":12.0,"turns":2.0},{"damage":7.0,"enemies":"3 Sentries","floor":14.0,"turns":5.0},{"damage":0.0,"enemies":"Slime Boss","floor":16.0,"turns":2.0},{"damage":0.0,"enemies":"3 Byrds","floor":18.0,"turns":2.0},{"damage":0.0,"enemies":"Chosen","floor":19.0,"turns":1.0},{"damage":0.0,"enemies":"3 Cultists","floor":22.0,"turns":3.0},{"damage":0.0,"enemies":"Gremlin Leader","floor":23.0,"turns":3.0},{"damage":18.0,"enemies":"Snake Plant","floor":25.0,"turns":3.0},{"damage":9.0,"enemies":"Slavers","floor":29.0,"turns":4.0},{"damage":0.0,"enemies":"Centurion and Healer","floor":30.0,"turns":2.0},{"damage":15.0,"enemies":"Book of Stabbing","floor":31.0,"turns":3.0},{"damage":11.0,"enemies":"Collector","floor":33.0,"turns":5.0},{"damage":0.0,"enemies":"Orb Walker","floor":35.0,"turns":1.0},{"damage":0.0,"enemies":"3 Darklings","floor":38.0,"turns":3.0},{"damage":0.0,"enemies":"Sphere and 2 Shapes","floor":39.0,"turns":2.0},{"damage":0.0,"enemies":"Giant Head","floor":40.0,"turns":5.0},{"damage":0.0,"enemies":"2 Orb Walkers","floor":42.0,"turns":2.0},{"damage":0.0,"enemies":"Nemesis","floor":45.0,"turns":3.0},{"damage":0.0,"enemies":"Reptomancer","floor":47.0,"turns":1.0},{"damage":0.0,"enemies":"Jaw Worm Horde","floor":48.0,"turns":2.0},{"damage":38.0,"enemies":"Time Eater","floor":50.0,"turns":5.0},{"damage":35,"enemies":"Awakened One","floor":51,"turns":3}],"seed_played":"1477962563724474765","potions_obtained":[{"floor":1.0,"key":"Fire Potion"},{"floor":2.0,"key":"Explosive Potion"},{"floor":8.0,"key":"Regen Potion"}],"is_trial":false,"path_per_floor":["M","M","?","$","M","R","E","M","T","R","M","M","R","E","R","B",null,"M","M","$","?","M","E","$","M","T","?","R","E","M","E","R","B",null,"M","$","?","M","M","E","R","?","T","T","E","?","E","M","R","B","B"],"character_chosen":"THE_SILENT","items_purchased":["Accuracy","Backflip","SteroidPotion","Medical Kit","Omamori"],"campfire_rested":4,"item_purchase_floors":[4,4,4,20,36],"current_hp_per_floor":[59,59,59,59,57,57,46,45,45,45,45,45,45,38,38,38,59,59,59,59,59,59,59,59,41,41,37,56,47,47,41,60,49,62,62,62,62,62,62,62,66,66,66,66,66,66,66,66,66,28,0,0],"gold":195,"neow_bonus":"TWO_FIFTY_GOLD","is_daily":false,"chose_seed":false,"campfire_upgraded":3,"win_rate":0.0,"timestamp":1611624834,"path_taken":["M","M","?","$","M","R","E","M","T","R","M","?","R","E","R","BOSS","M","M","$","?","M","E","?","M","T","?","R","E","M","E","R","BOSS","M","$","?","M","?","E","R","?","T","?","E","?","E","M","R","BOSS","BOSS"],"items_purchased_type":["Card","Card","Potion","Relic","Relic"],"build_version":"2020-12-22","purchased_purges":3,"victory":false,"max_hp_per_floor":[66,66,66,66,66,66,66,66,66,66,66,66,66,66,66,66,66,66,66,66,66,66,66,66,66,66,66,66,66,66,66,66,66,66,66,66,66,66,66,66,66,66,66,66,66,66,66,66,66,66,66,66],"card_choices":[{"not_picked":["Acrobatics","PiercingWail"],"picked":"Backstab","floor":1.0},{"not_picked":["Deadly Poison","Blur"],"picked":"Blade Dance","floor":2.0},{"not_picked":["Reflex","Poisoned Stab"],"picked":"Acrobatics","floor":5.0},{"not_picked":["Calculated Gamble","Backflip"],"picked":"Adrenaline","floor":7.0},{"not_picked":["Flying Knee","Riddle With Holes"],"picked":"Blade Dance","floor":8.0},{"not_picked":["Deadly Poison","Outmaneuver","Poisoned Stab"],"picked":"SKIP","floor":11.0},{"not_picked":["PiercingWail","Well Laid Plans"],"picked":"Terror","floor":12.0},{"not_picked":["Backstab","Bane"],"picked":"Blade Dance","floor":14.0},{"not_picked":["Glass Knife","Envenom"],"picked":"Phantasmal Killer","floor":16.0},{"not_picked":["Dagger Spray","Flying Knee+1"],"picked":"Footwork","floor":18.0},{"not_picked":["Slice","Skewer","Bouncing Flask"],"picked":"SKIP","floor":19.0},{"not_picked":["Riddle With Holes","Terror","Heel Hook"],"picked":"SKIP","floor":22.0},{"not_picked":["Flying Knee+1","Reflex"],"picked":"PiercingWail","floor":23.0},{"not_picked":["Flechettes+1","Sucker Punch+1"],"picked":"Cloak And Dagger+1","floor":25.0},{"not_picked":["Distraction","Tactician","PiercingWail"],"picked":"SKIP","floor":29.0},{"not_picked":["Distraction","PiercingWail"],"picked":"Tactician","floor":29.0},{"not_picked":["Setup+1","Deadly Poison+1","Phantasmal Killer"],"picked":"SKIP","floor":30.0},{"not_picked":["Dash+1","Backstab+1","Accuracy"],"picked":"SKIP","floor":31.0},{"not_picked":["Burst","Envenom"],"picked":"Corpse Explosion","floor":33.0},{"not_picked":["Well Laid Plans","Quick Slash+1","Sucker Punch+1"],"picked":"SKIP","floor":35.0},{"not_picked":["Tactician","Quick Slash+1","Flying Knee+1"],"picked":"SKIP","floor":38.0},{"not_picked":["Concentrate+1","Outmaneuver","Sucker Punch+1"],"picked":"SKIP","floor":39.0},{"not_picked":["Crippling Poison","Acrobatics"],"picked":"Blur","floor":40.0},{"not_picked":["Bouncing Flask","PiercingWail","Distraction"],"picked":"SKIP","floor":45.0},{"not_picked":["PiercingWail+1","Cloak And Dagger"],"picked":"Backflip+1","floor":47.0},{"not_picked":["Sucker Punch+1","Underhanded Strike+1"],"picked":"Well Laid Plans+1","floor":48.0},{"not_picked":["Acrobatics+1","Flying Knee+1"],"picked":"Night Terror","floor":49.0}],"player_experience":1804520,"relics_obtained":[{"floor":7.0,"key":"Matryoshka"},{"floor":9.0,"key":"Bag of Marbles"},{"floor":9.0,"key":"Bottled Tornado"},{"floor":14.0,"key":"Akabeko"},{"floor":23.0,"key":"Molten Egg 2"},{"floor":26.0,"key":"Anchor"},{"floor":26.0,"key":"InkBottle"},{"floor":29.0,"key":"Tingsha"},{"floor":31.0,"key":"Oddly Smooth Stone"},{"floor":40.0,"key":"Pen Nib"},{"floor":42.0,"key":"Dead Branch"},{"floor":44.0,"key":"Sundial"},{"floor":45.0,"key":"Dream Catcher"},{"floor":47.0,"key":"Incense Burner"}],"event_choices":[{"damage_healed":0.0,"max_hp_gain":0.0,"max_hp_loss":0.0,"gold_gain":0.0,"event_name":"Match and Keep!","player_choice":"0 cards matched","floor":3.0,"gold_loss":0.0,"damage_taken":0.0,"cards_obtained":[]},{"damage_healed":0.0,"max_hp_gain":0.0,"max_hp_loss":0.0,"gold_gain":0.0,"event_name":"Lab","player_choice":"Got Potions","floor":21.0,"gold_loss":0.0,"damage_taken":0.0},{"damage_healed":0.0,"max_hp_gain":0.0,"max_hp_loss":0.0,"gold_gain":0.0,"event_name":"The Woman in Blue","player_choice":"Bought 0 Potions","floor":27.0,"gold_loss":0.0,"damage_taken":0.0},{"damage_healed":0.0,"max_hp_gain":0.0,"max_hp_loss":0.0,"gold_gain":0.0,"event_name":"Accursed Blacksmith","player_choice":"Rummage","floor":37.0,"gold_loss":0.0,"damage_taken":0.0,"relics_obtained":["WarpedTongs"],"cards_obtained":["Pain"]},{"damage_healed":0.0,"max_hp_gain":0.0,"max_hp_loss":0.0,"gold_gain":0.0,"event_name":"Mysterious Sphere","player_choice":"Fight","floor":42.0,"gold_loss":0.0,"damage_taken":0.0},{"damage_healed":0.0,"max_hp_gain":0.0,"max_hp_loss":0.0,"gold_gain":0.0,"event_name":"Upgrade Shrine","player_choice":"Upgraded","floor":46.0,"gold_loss":0.0,"damage_taken":0.0,"cards_upgraded":["Phantasmal Killer"]}],"is_beta":false,"boss_relics":[{"not_picked":["Busted Crown","Ring of the Serpent"],"picked":"Fusion Hammer"},{"not_picked":["Velvet Choker","Pandora\u0027s Box"],"picked":"Sozu"}],"items_purged_floors":[4,20,36],"is_endless":false,"potions_floor_spawned":[1,2,8,16,18,25,29,35,38,39,40],"killed_by":"Awakened One","ascension_level":20}}