{"host":"Rich","time":1611624336,"event":{"mods":["AchievementEnabler","BaseMod","Highlight Path","Minty Spire (QoL Compilation)","Relic Stats"],"gold_per_floor":[114,128,143,153,153,192,162,183,183,183,54,69,89,165,165,259,259,277,8,8,8,29,29,29,29],"floor_reached":24,"language":"ENG","playtime":1012,"items_purged":["Strike_G","Strike_G"],"score":496,"play_id":"b70ad31e-e8ff-4413-8105-eda1715bd70f","local_time":"20210125202536","is_ascension_mode":true,"campfire_choices":[{"floor":10.0,"key":"REST"},{"floor":15.0,"key":"REST"},{"data":"Blade Dance","floor":23.0,"key":"SMITH"}],"circlet_count":0,"master_deck":["AscendersBane","Strike_G+1","Strike_G+1","Strike_G+1","Defend_G+1","Defend_G+1","Defend_G+1","Defend_G+1","Defend_G+1","Survivor","Neutralize","Blur","Dagger Throw","Poisoned Stab","Dagger Spray","Backflip","Blade Dance","Noxious Fumes","Cloak And Dagger","Finisher","Corpse Explosion","CurseOfTheBell","Deflect","Blade Dance+1","Backflip"],"relics":["Ring of the Snake","Lizard Tail","Golden Idol","Smiling Mask","InkBottle","Kunai","Calling Bell","Toy Ornithopter","Matryoshka","Tingsha","Lee\u0027s Waffle"],"acts_visited":["Exordium","TheCity"],"potions_floor_usage":[],"damage_taken":[{"damage":1.0,"enemies":"Cultist","floor":1.0,"turns":5.0},{"damage":0.0,"enemies":"Jaw Worm","floor":2.0,"turns":7.0},{"damage":0.0,"enemies":"Small Slimes","floor":3.0,"turns":4.0},{"damage":19.0,"enemies":"Exordium Thugs","floor":4.0,"turns":7.0},{"damage":39.0,"enemies":"3 Sentries","floor":6.0,"turns":14.0},{"damage":12.0,"enemies":"Exordium Wildlife","floor":8.0,"turns":3.0},{"damage":7.0,"enemies":"Large Slime","floor":12.0,"turns":4.0},{"damage":14.0,"enemies":"3 Louse","floor":13.0,"turns":3.0},{"damage":0.0,"enemies":"Slime Boss","floor":16.0,"turns":7.0},{"damage":12.0,"enemies":"3 Byrds","floor":18.0,"turns":5.0},{"damage":3.0,"enemies":"Shell Parasite","floor":22.0,"turns":4.0},{"damage":68,"enemies":"Gremlin Leader","floor":24,"turns":8}],"seed_played":"-2756213812594139527","potions_obtained":[{"floor":1.0,"key":"Energy Potion"},{"floor":2.0,"key":"Fire Potion"},{"floor":7.0,"key":"ColorlessPotion"},{"floor":7.0,"key":"BlessingOfTheForge"},{"floor":13.0,"key":"Energy Potion"},{"floor":16.0,"key":"DistilledChaos"}],"is_trial":false,"path_per_floor":["M","M","M","M","?","E","?","M","T","R","$","M","M","T","R","B",null,"M","$","?","?","M","R","E"],"character_chosen":"THE_SILENT","items_purchased":["Noxious Fumes","Lee\u0027s Waffle","Blade Dance"],"campfire_rested":2,"item_purchase_floors":[11,19,19],"current_hp_per_floor":[58,58,58,39,39,27,27,15,15,31,31,24,10,10,26,26,47,35,61,61,61,61,61,0,0],"gold":29,"neow_bonus":"ONE_RARE_RELIC","is_daily":false,"chose_seed":false,"campfire_upgraded":1,"win_rate":0.0,"timestamp":1611624336,"path_taken":["M","M","?","M","?","E","?","M","T","R","$","M","?","?","R","BOSS","M","$","?","?","M","R","E"],"items_purchased_type":["Card","Relic","Card"],"build_version":"2020-12-18","purchased_purges":2,"victory":false,"max_hp_per_floor":[60,60,60,60,54,54,54,54,54,54,54,54,54,54,54,54,54,54,61,61,61,61,61,61,61],"relic_stats":{"Lizard Tail":27,"Lee\u0027s Waffle":26,"counters":[12,71],"Golden Idol":46,"Tingsha":[15],"Kunai":[18],"Smiling Mask":75,"obtain_stats":[{"Calling Bell":17,"Lizard Tail":0,"Lee\u0027s Waffle":19,"Matryoshka":17,"Golden Idol":5,"Tingsha":17,"Kunai":14,"Smiling Mask":6,"InkBottle":9,"Toy Ornithopter":17,"Ring of the Snake":0},{"Calling Bell":9,"Lizard Tail":0,"Lee\u0027s Waffle":10,"Matryoshka":9,"Golden Idol":4,"Tingsha":9,"Kunai":8,"Smiling Mask":5,"InkBottle":6,"Toy Ornithopter":9,"Ring of the Snake":0},{"Calling Bell":54,"Lizard Tail":0,"Lee\u0027s Waffle":59,"Matryoshka":54,"Golden Idol":23,"Tingsha":54,"Kunai":47,"Smiling Mask":37,"InkBottle":40,"Toy Ornithopter":54,"Ring of the Snake":0}],"InkBottle":[14],"Toy Ornithopter":3,"Ring of the Snake":[24]},"card_choices":[{"not_picked":["Deflect","Prepared"],"picked":"Blur","floor":1.0},{"not_picked":["Acrobatics","Bane"],"picked":"Dagger Throw","floor":2.0},{"not_picked":["Underhanded Strike","Venomology"],"picked":"Poisoned Stab","floor":3.0},{"not_picked":["Dodge and Roll","Prepared"],"picked":"Dagger Spray","floor":4.0},{"not_picked":["Outmaneuver","Eviscerate"],"picked":"Backflip","floor":6.0},{"not_picked":["Masterful Stab","Riddle With Holes"],"picked":"Blade Dance","floor":8.0},{"not_picked":["Quick Slash","Deflect"],"picked":"Cloak And Dagger","floor":12.0},{"not_picked":["Bane","Acrobatics"],"picked":"Finisher","floor":13.0},{"not_picked":["Phantasmal Killer","Grand Finale"],"picked":"Corpse Explosion","floor":16.0},{"not_picked":["Quick Slash","Escape Plan"],"picked":"Deflect","floor":18.0},{"not_picked":["Bane","Dagger Throw"],"picked":"Backflip","floor":22.0}],"player_experience":2016885,"relics_obtained":[{"floor":6.0,"key":"Smiling Mask"},{"floor":9.0,"key":"InkBottle"},{"floor":14.0,"key":"Kunai"},{"floor":17.0,"key":"Toy Ornithopter"},{"floor":17.0,"key":"Matryoshka"},{"floor":17.0,"key":"Tingsha"}],"event_choices":[{"damage_healed":0.0,"max_hp_gain":0.0,"max_hp_loss":6.0,"gold_gain":0.0,"event_name":"Golden Idol","player_choice":"Lose Max HP","floor":5.0,"gold_loss":0.0,"damage_taken":0.0,"relics_obtained":["Golden Idol"]},{"damage_healed":0.0,"max_hp_gain":0.0,"max_hp_loss":0.0,"gold_gain":0.0,"event_name":"The Woman in Blue","player_choice":"Bought 2 Potions","floor":7.0,"gold_loss":0.0,"damage_taken":0.0},{"damage_healed":0.0,"max_hp_gain":0.0,"max_hp_loss":0.0,"gold_gain":0.0,"event_name":"Back to Basics","player_choice":"Simplicity","floor":20.0,"gold_loss":0.0,"damage_taken":0.0,"cards_upgraded":["Strike_G","Strike_G","Strike_G","Defend_G","Defend_G","Defend_G","Defend_G","Defend_G"]},{"damage_healed":0.0,"max_hp_gain":0.0,"max_hp_loss":0.0,"gold_gain":0.0,"event_name":"N\u0027loth","player_choice":"Ignored","floor":21.0,"gold_loss":0.0,"damage_taken":0.0}],"is_beta":true,"boss_relics":[{"not_picked":["Sozu","Busted Crown"],"picked":"Calling Bell"}],"items_purged_floors":[11,19],"is_endless":false,"potions_floor_spawned":[1,2,3,13,16],"killed_by":"Gremlin Leader","ascension_level":20}}