{"host":"uvmuduost5bzvojs","time":1611629344,"event":{"mods":["Aspiration","Bard","BaseMod","Better Match","Block Reminder","Conspire","Hermit","Highlight Path","Hubris","Infinite Spire","Jorbs\u0027s Wanderer Trilogy","Mad Scientist","Marisa????????","Mimic Mod","Minty Spire (QoL Compilation)","Potionbrewer","Replay The Spire","Robot Space Explorer","StSLib","The Blackbeard","The Construct","The Cursed","The Disciple","The Hayseed","The Hierophant","The Juggle","The Jungle","The Poker Player","The Runesmith","The Servant 0.9.4","The Spell Scribe","The Valiant","TheBandit"],"gold_per_floor":[111,125,46,121,135,135,153,153,153,153,172,172,172,172,172],"floor_reached":13,"language":"ENG","playtime":527,"items_purged":[],"score":75,"play_id":"db90fb40-2ecb-4c88-87d2-65f9a6b93ece","local_time":"20210125214904","is_ascension_mode":false,"metric_token":2130,"campfire_choices":[{"data":"PokerPlayerMod:BadJoker","floor":6,"key":"SMITH"},{"data":"PokerPlayerMod:Configure","floor":12,"key":"SMITH"}],"circlet_count":0,"master_deck":["PokerPlayerMod:Diamond1","PokerPlayerMod:Diamond2","PokerPlayerMod:Diamond3","PokerPlayerMod:Diamond4","PokerPlayerMod:Diamond5","PokerPlayerMod:Spade1","PokerPlayerMod:Spade2","PokerPlayerMod:Spade3","PokerPlayerMod:Spade4","PokerPlayerMod:Club1","PokerPlayerMod:Club2","PokerPlayerMod:Heart2","PokerPlayerMod:TrumpStrike","PokerPlayerMod:BadJoker+1","PokerPlayerMod:Mulligan","PokerPlayerMod:MagicTrick","PokerPlayerMod:Diamond7","PokerPlayerMod:Sharpen","PokerPlayerMod:Club5","PokerPlayerMod:Diamond8","PokerPlayerMod:Configure+1"],"relics":["PokerPlayerMod:DeckCase","NeowsBlessing","Replay:Bottled Steam"],"acts_visited":["Exordium"],"potions_floor_usage":[13],"damage_taken":[{"damage":0,"enemies":"Jaw Worm","floor":1,"turns":1},{"damage":0,"enemies":"2 Louse","floor":2,"turns":1},{"damage":0,"enemies":"Small Slimes","floor":5,"turns":1},{"damage":0,"enemies":"2 Fungi Beasts","floor":7,"turns":1},{"damage":37,"enemies":"Exordium Thugs","floor":11,"turns":4},{"damage":6,"enemies":"3 Sentries","floor":13,"turns":1}],"seed_played":"3106352605373867851","potions_obtained":[{"floor":1,"key":"Adrenaline Potion"},{"floor":11,"key":"Strength Potion"}],"is_trial":false,"path_per_floor":["M","M","$","?","M","R","M","$","T","?","M","R","E"],"character_chosen":"THE_POKER_PLAYER","items_purchased":["PokerPlayerMod:Sharpen"],"campfire_rested":0,"item_purchase_floors":[3],"current_hp_per_floor":[52,52,52,41,41,41,41,41,41,41,6,6,0,0,0],"gold":172,"neow_bonus":"THREE_ENEMY_KILL","is_daily":false,"chose_seed":false,"campfire_upgraded":2,"win_rate":0.0,"timestamp":1611629344,"path_taken":["M","M","$","?","M","R","M","$","T","?","M","R","E"],"items_purchased_type":["Card"],"build_version":"2020-12-22","purchased_purges":0,"victory":false,"max_hp_per_floor":[52,52,52,52,52,52,52,52,52,52,52,52,52,52,52],"card_choices":[{"not_picked":["PokerPlayerMod:Diamond2","PokerPlayerMod:Spade2"],"picked":"PokerPlayerMod:MagicTrick","floor":1},{"not_picked":["PokerPlayerMod:Diamond4","PokerPlayerMod:Configure"],"picked":"PokerPlayerMod:Diamond7","floor":2},{"not_picked":["PokerPlayerMod:JackOfSpades","PokerPlayerMod:Heart5"],"picked":"PokerPlayerMod:Club5","floor":5},{"not_picked":["PokerPlayerMod:Diamond2","PokerPlayerMod:Heart3"],"picked":"PokerPlayerMod:Diamond8","floor":7},{"not_picked":["PokerPlayerMod:Diamond2","PokerPlayerMod:Diamond3"],"picked":"PokerPlayerMod:Configure","floor":11}],"player_experience":1809524,"relics_obtained":[{"floor":9,"key":"Replay:Bottled Steam"}],"event_choices":[{"damage_healed":0,"gold_gain":75,"player_choice":"Gather Gold","damage_taken":11,"max_hp_gain":0,"max_hp_loss":0,"event_name":"World of Goop","floor":4,"gold_loss":0}],"is_beta":false,"boss_relics":[],"items_purged_floors":[],"is_endless":false,"potions_floor_spawned":[1,11],"killed_by":"3 Sentries","ascension_level":0}}