{"host":"p62uqwu04pp7leh9","time":1611623068,"event":{"mods":["BaseMod","Block Reminder","Colored Map","Colored Powertips","Minty Spire (QoL Compilation)","Relic Stats"],"gold_per_floor":[110,125,139,58,58,58,72,88,88,105,105,30,30,30],"floor_reached":13,"language":"ENG","playtime":753,"items_purged":["Defend_B"],"score":77,"play_id":"cfec15c2-61e1-430e-9c4a-b2764a1e52d9","local_time":"20210125190428","is_ascension_mode":false,"campfire_choices":[{"data":"Deep Breath","floor":6,"key":"SMITH"}],"circlet_count":0,"master_deck":["Strike_B","Strike_B","Defend_B","Defend_B","Zap","Dualcast","Hologram","White Noise","Deep Breath+1","White Noise"],"relics":["Cracked Core","Peace Pipe","Pear"],"acts_visited":["Exordium"],"potions_floor_usage":[3,13],"damage_taken":[{"damage":1,"enemies":"Small Slimes","floor":1,"turns":4},{"damage":2,"enemies":"2 Louse","floor":2,"turns":3},{"damage":0,"enemies":"Cultist","floor":3,"turns":3},{"damage":9,"enemies":"2 Fungi Beasts","floor":7,"turns":4},{"damage":29,"enemies":"Gremlin Gang","floor":8,"turns":4},{"damage":0,"enemies":"Large Slime","floor":10,"turns":4},{"damage":27,"enemies":"Lagavulin","floor":13,"turns":5}],"seed_played":"4797768180644600738","potions_obtained":[{"floor":1,"key":"ColorlessPotion"},{"floor":10,"key":"Explosive Potion"}],"is_trial":false,"path_per_floor":["M","M","M","$","?","R","M","M","T","M","?","$","E"],"character_chosen":"DEFECT","items_purchased":["Deep Breath"],"campfire_rested":0,"item_purchase_floors":[4],"current_hp_per_floor":[53,51,51,51,51,51,42,13,13,13,20,20,0,0],"gold":30,"neow_bonus":"REMOVE_TWO","is_daily":false,"chose_seed":false,"campfire_upgraded":1,"win_rate":0.0,"timestamp":1611623068,"path_taken":["M","M","M","$","?","R","M","M","T","M","?","$","E"],"items_purchased_type":["Card"],"build_version":"2020-12-22","purchased_purges":1,"victory":false,"max_hp_per_floor":[75,75,75,75,75,75,75,75,75,75,85,85,85,85],"relic_stats":{"Peace Pipe":0,"counters":[7,27],"obtain_stats":[{"Peace Pipe":9,"Pear":11,"Cracked Core":0},{"Peace Pipe":5,"Pear":6,"Cracked Core":0},{"Peace Pipe":18,"Pear":22,"Cracked Core":0}]},"card_choices":[{"not_picked":["Go for the Eyes","Beam Cell"],"picked":"Hologram","floor":1},{"not_picked":["Cold Snap","Streamline"],"picked":"White Noise","floor":2},{"not_picked":["Go for the Eyes","Reprogram","Leap"],"picked":"SKIP","floor":3},{"not_picked":["Glacier","Scrape","Cold Snap"],"picked":"SKIP","floor":7},{"not_picked":["Beam Cell","Ball Lightning","Sweeping Beam"],"picked":"SKIP","floor":8},{"not_picked":["Auto Shields","Hologram"],"picked":"White Noise","floor":10}],"player_experience":357037,"relics_obtained":[{"floor":9,"key":"Peace Pipe"}],"event_choices":[{"cards_removed":["Defend_B"],"damage_healed":0,"gold_gain":0,"player_choice":"Forget","damage_taken":0,"max_hp_gain":0,"max_hp_loss":0,"event_name":"Living Wall","floor":5,"gold_loss":0},{"damage_healed":0,"gold_gain":0,"player_choice":"Success","damage_taken":3,"relics_obtained":["Pear"],"max_hp_gain":0,"max_hp_loss":0,"event_name":"Scrap Ooze","floor":11,"gold_loss":0}],"is_beta":false,"boss_relics":[],"items_purged_floors":[12],"is_endless":false,"potions_floor_spawned":[1,10],"killed_by":"Lagavulin","ascension_level":0}}