{"host":"6xsbn6ynqlzwllfm","time":1611671177,"event":{"mods":["2.2 Compatiblity","BaseMod","Bestiary","Colored Map","Colored Powertips","Curses Come First","Highlight Path","Keyboard Shortcuts","Minty Spire (QoL Compilation)","Relic Stats","Slay the Relics Exporter","StSLib","SuperFastMode"],"gold_per_floor":[112,112,112,162,179,213,213,240,264,292,292,321,333,344,344,419,419,433,433,444,63,79,79,79],"floor_reached":23,"language":"ENG","playtime":1263,"items_purged":["Strike_R"],"score":488,"play_id":"8ece560f-ea99-4b2c-8f4c-ee2473d7a287","local_time":"20210126092617","is_ascension_mode":true,"campfire_choices":[{"data":"Sword Boomerang","floor":7,"key":"SMITH"},{"data":"Pommel Strike","floor":11,"key":"SMITH"},{"data":"Limit Break","floor":15,"key":"SMITH"}],"circlet_count":0,"master_deck":["AscendersBane","Strike_R","Strike_R+1","Defend_R","Defend_R","Defend_R","Defend_R","Bash+1","Disarm","Warcry","Sword Boomerang+1","Pommel Strike+1","Cleave","Dropkick","Rage","Limit Break+1","Seeing Red","Double Tap","Iron Wave","PanicButton","Power Through"],"relics":["Burning Blood","NeowsBlessing","Vajra","Shuriken","Bronze Scales","StrikeDummy","Pantograph","Black Star","Medical Kit"],"acts_visited":["Exordium","TheCity"],"potions_floor_usage":[8,16,16,22,23],"damage_taken":[{"damage":0,"enemies":"Jaw Worm","floor":1,"turns":1},{"damage":0,"enemies":"Small Slimes","floor":5,"turns":1},{"damage":0,"enemies":"Gremlin Nob","floor":6,"turns":1},{"damage":13,"enemies":"Lagavulin","floor":8,"turns":5},{"damage":20,"enemies":"3 Sentries","floor":10,"turns":5},{"damage":6,"enemies":"Gremlin Nob","floor":12,"turns":3},{"damage":0,"enemies":"Cultist","floor":13,"turns":2},{"damage":2,"enemies":"2 Fungi Beasts","floor":14,"turns":2},{"damage":22,"enemies":"Hexaghost","floor":16,"turns":6},{"damage":40,"enemies":"Shell Parasite","floor":18,"turns":3},{"damage":33,"enemies":"3 Byrds","floor":20,"turns":5},{"damage":6,"enemies":"Snake Plant","floor":22,"turns":3},{"damage":21,"enemies":"Gremlin Leader","floor":23,"turns":4}],"seed_played":"-1645453119639660172","potions_obtained":[{"floor":5,"key":"SkillPotion"},{"floor":12,"key":"HeartOfIron"},{"floor":13,"key":"Weak Potion"},{"floor":14,"key":"LiquidBronze"},{"floor":20,"key":"Block Potion"}],"is_trial":false,"path_per_floor":["M","?","?","?","M","E","R","E","T","E","R","E","M","M","R","B",null,"M","?","M","$","M","E"],"character_chosen":"IRONCLAD","items_purchased":["SteroidPotion","PanicButton","Medical Kit"],"campfire_rested":0,"item_purchase_floors":[21,21,21],"current_hp_per_floor":[74,74,51,51,57,63,63,56,56,42,42,42,48,52,52,59,71,37,37,10,10,10,0,0],"gold":79,"neow_bonus":"THREE_ENEMY_KILL","is_daily":false,"chose_seed":false,"campfire_upgraded":3,"win_rate":0.0,"timestamp":1611671177,"path_taken":["M","?","?","?","?","E","R","E","T","E","R","E","M","M","R","BOSS","M","?","?","$","M","E"],"items_purchased_type":["Potion","Card","Relic"],"build_version":"2020-12-22","purchased_purges":1,"victory":false,"max_hp_per_floor":[75,75,75,75,75,75,75,75,75,75,75,75,75,75,75,75,75,75,75,75,75,75,75,75],"relic_stats":{"counters":[13,41],"Shuriken":[11],"Bronze Scales":[112],"Pantograph":23,"Black Star":0,"Medical Kit":[1],"obtain_stats":[{"NeowsBlessing":0,"Shuriken":8,"Bronze Scales":9,"Pantograph":12,"Vajra":6,"Black Star":17,"StrikeDummy":10,"Medical Kit":21,"Burning Blood":0},{"NeowsBlessing":0,"Shuriken":4,"Bronze Scales":4,"Pantograph":6,"Vajra":3,"Black Star":9,"StrikeDummy":5,"Medical Kit":11,"Burning Blood":0},{"NeowsBlessing":0,"Shuriken":8,"Bronze Scales":8,"Pantograph":16,"Vajra":3,"Black Star":26,"StrikeDummy":13,"Medical Kit":34,"Burning Blood":0}],"Burning Blood":72},"card_choices":[{"not_picked":["Flex","Second Wind"],"picked":"Disarm","floor":1},{"not_picked":["Pummel","Havoc"],"picked":"Sword Boomerang","floor":5},{"not_picked":["Shrug It Off","Power Through"],"picked":"Pommel Strike","floor":6},{"not_picked":["Rupture","Fire Breathing"],"picked":"Cleave","floor":8},{"not_picked":["Havoc","Perfected Strike"],"picked":"Dropkick","floor":10},{"not_picked":["Carnage","Thunderclap"],"picked":"Rage","floor":12},{"not_picked":["Searing Blow","Spot Weakness"],"picked":"Limit Break","floor":13},{"not_picked":["Havoc","Warcry"],"picked":"Seeing Red","floor":14},{"not_picked":["Bludgeon","Berserk"],"picked":"Double Tap","floor":16},{"not_picked":["Intimidate","Cleave"],"picked":"Iron Wave","floor":18},{"not_picked":["Perfected Strike+1","Searing Blow","Fire Breathing"],"picked":"SKIP","floor":20},{"not_picked":["Wild Strike+1","True Grit"],"picked":"Power Through","floor":22}],"player_experience":1117716,"relics_obtained":[{"floor":6,"key":"Vajra"},{"floor":8,"key":"Shuriken"},{"floor":9,"key":"Bronze Scales"},{"floor":10,"key":"StrikeDummy"},{"floor":12,"key":"Pantograph"}],"event_choices":[{"damage_healed":0,"gold_gain":0,"cards_transformed":["Strike_R"],"player_choice":"Change","damage_taken":0,"max_hp_gain":0,"max_hp_loss":0,"event_name":"Living Wall","floor":2,"gold_loss":0,"cards_obtained":["Warcry"]},{"damage_healed":0,"gold_gain":0,"player_choice":"Entered Light","damage_taken":23,"max_hp_gain":0,"max_hp_loss":0,"event_name":"Shining Light","floor":3,"gold_loss":0,"cards_upgraded":["Bash","Strike_R"]},{"damage_healed":0,"gold_gain":50,"player_choice":"Pray","damage_taken":0,"max_hp_gain":0,"max_hp_loss":0,"event_name":"Golden Shrine","floor":4,"gold_loss":0},{"cards_removed":["Strike_R"],"damage_healed":0,"gold_gain":0,"player_choice":"Offered Basic","damage_taken":0,"max_hp_gain":0,"max_hp_loss":0,"event_name":"Bonfire Elementals","floor":19,"gold_loss":0}],"is_beta":false,"boss_relics":[{"not_picked":["SlaversCollar","Fusion Hammer"],"picked":"Black Star"}],"items_purged_floors":[21],"is_endless":false,"potions_floor_spawned":[5,12,13,14,20],"killed_by":"Gremlin Leader","ascension_level":20}}