{"host":"h0xw20cia6ppa69g","time":1611642451,"event":{"mods":["AchievementEnabler","BaseMod","Colored Map","Filter the Spire","Googly Eyes","Minty Spire (QoL Compilation)","Relic Stats","StSLib","The Awakened One except there are too many feathers","everything is the same but u backflip on backflip"],"gold_per_floor":[117,117,8,76,96,123,136,161,216,216,246,261,261,294,294,390,390,408,408,408,422,439,471,485,584,584,602,632,327,427,456,456,555,555,571,219,232,232,66,91,123,123,198,198,198,198,248,275,275,275,275,275,128,157,157],"floor_reached":56,"language":"ENG","playtime":3659,"items_purged":["Strike_G","Caltrops"],"score":1547,"play_id":"be64c114-474a-4f42-b448-1f14d3937258","local_time":"20210126002731","is_ascension_mode":true,"campfire_choices":[{"data":"1","floor":15,"key":"LIFT"},{"data":"2","floor":32,"key":"LIFT"},{"floor":42,"key":"RECALL"},{"data":"3","floor":46,"key":"LIFT"},{"data":"Apotheosis","floor":49,"key":"SMITH"},{"data":"Well Laid Plans","floor":52,"key":"SMITH"}],"circlet_count":0,"master_deck":["Survivor","Neutralize+1","Dagger Spray","Well Laid Plans+1","Dodge and Roll","Blade Dance","Blade Dance","Phantasmal Killer","Terror","Storm of Steel","Outmaneuver","Infinite Blades","Footwork","Adrenaline","Flechettes","Finisher","Dodge and Roll","Finisher+1","Setup+1","Venomology","Bullet Time","Quick Slash+1","Malaise+1","Calculated Gamble+1","PiercingWail+1","Tactician+1","Dodge and Roll+1","Dodge and Roll+1","Acrobatics","PiercingWail","Sucker Punch+1","Dark Shackles","Apotheosis+1","Sucker Punch+1"],"relics":["Ring of the Snake","Torii","Vajra","Girya","Juzu Bracelet","Gremlin Horn","Shuriken","Pandora\u0027s Box","Bag of Preparation","InkBottle","Pear","Strawberry","HandDrill","Art of War","WingedGreaves","Bottled Lightning","Gambling Chip","Astrolabe","Paper Crane","Orrery","Omamori","Oddly Smooth Stone","Mercury Hourglass","Calipers","Blood Vial","Anchor","Tough Bandages"],"acts_visited":["Exordium","TheCity","TheBeyond","TheEnding"],"potions_floor_usage":[8,11,14,23,30,33,37,40,47,54,55,55],"damage_taken":[{"damage":0.0,"enemies":"2 Louse","floor":1.0,"turns":3.0},{"damage":0.0,"enemies":"Cultist","floor":5.0,"turns":4.0},{"damage":22.0,"enemies":"3 Sentries","floor":6.0,"turns":12.0},{"damage":0.0,"enemies":"Jaw Worm","floor":7.0,"turns":2.0},{"damage":22,"enemies":"Lagavulin","floor":8,"turns":8},{"damage":13,"enemies":"3 Sentries","floor":11,"turns":10},{"damage":0,"enemies":"Gremlin Gang","floor":12,"turns":2},{"damage":2,"enemies":"Gremlin Nob","floor":14,"turns":4},{"damage":1,"enemies":"Hexaghost","floor":16,"turns":8},{"damage":11,"enemies":"2 Thieves","floor":18,"turns":3},{"damage":0,"enemies":"Spheric Guardian","floor":21,"turns":1},{"damage":0,"enemies":"Snecko","floor":22,"turns":3},{"damage":8,"enemies":"Slavers","floor":23,"turns":4},{"damage":2,"enemies":"Chosen and Byrds","floor":24,"turns":2},{"damage":0,"enemies":"Centurion and Healer","floor":27,"turns":2},{"damage":1,"enemies":"Gremlin Leader","floor":28,"turns":3},{"damage":16,"enemies":"Colosseum Slavers","floor":30,"turns":4},{"damage":7,"enemies":"Colosseum Nobs","floor":30,"turns":3},{"damage":0,"enemies":"Slavers","floor":31,"turns":1},{"damage":12,"enemies":"Champ","floor":33,"turns":5},{"damage":0,"enemies":"3 Shapes","floor":35,"turns":2},{"damage":0,"enemies":"3 Darklings","floor":37,"turns":3},{"damage":0,"enemies":"Giant Head","floor":40,"turns":1},{"damage":0,"enemies":"Nemesis","floor":41,"turns":3},{"damage":3,"enemies":"Mind Bloom Boss Battle","floor":47,"turns":3},{"damage":0,"enemies":"Reptomancer","floor":48,"turns":2},{"damage":11,"enemies":"Awakened One","floor":50,"turns":7},{"damage":37,"enemies":"Shield and Spear","floor":54,"turns":4},{"damage":35,"enemies":"The Heart","floor":55,"turns":9}],"seed_played":"-3265652441021163111","potions_obtained":[{"floor":1.0,"key":"EntropicBrew"},{"floor":7.0,"key":"Regen Potion"},{"floor":8,"key":"SneckoOil"},{"floor":14,"key":"Dexterity Potion"},{"floor":18,"key":"DuplicationPotion"},{"floor":23,"key":"Fire Potion"},{"floor":24,"key":"SteroidPotion"},{"floor":31,"key":"Strength Potion"},{"floor":41,"key":"Ancient Potion"}],"is_trial":false,"path_per_floor":["M","?","$","T","M","E","M","E","T","?","E","M","?","E","R","B",null,"M","?","?","M","M","E","M","?","T","M","E","$","?","E","R","B",null,"M","$","M","?","$","E","E","R","T","?","?","R","?","E","R","B",null,"R","$","E","B",null],"character_chosen":"THE_SILENT","items_purchased":["Caltrops","HandDrill","Art of War","Paper Crane","Orrery","Acrobatics","Anchor"],"campfire_rested":0,"item_purchase_floors":[3,29,29,36,39,39,53],"current_hp_per_floor":[49,49,49,49,49,27,27,20,20,25,12,12,12,10,10,9,75,64,64,64,64,64,56,54,54,64,64,70,70,47,47,47,35,92,92,92,92,87,87,87,87,87,87,87,77,77,74,74,74,65,87,87,87,50,17],"gold":157,"neow_bonus":"ONE_RARE_RELIC","is_daily":false,"chose_seed":false,"campfire_upgraded":2,"win_rate":0.0,"timestamp":1611642451,"path_taken":["M","?","?","?","?","E","?","E","T","?","E","M","?","E","R","BOSS","M","?","?","M","M","E","M","?","T","M","E","$","?","E","R","BOSS","M","$","M","?","$","E","E","R","T","?","?","R","?","E","R","BOSS","R","$","E","BOSS"],"items_purchased_type":["Card","Relic","Relic","Relic","Relic","Card","Relic"],"build_version":"2020-12-22","purchased_purges":2,"victory":true,"max_hp_per_floor":[70,70,70,70,70,70,70,70,70,75,75,75,75,75,75,75,75,75,75,75,75,75,75,75,75,85,85,92,92,92,92,92,92,92,92,92,92,87,87,87,87,87,87,87,87,87,87,87,87,87,87,87,87,87,87],"relic_stats":{"Torii":59,"Gremlin Horn":[27,27],"counters":[29,118],"Astrolabe":["Quick Slash","Malaise","Calculated Gamble"],"Juzu Bracelet":1,"Bag of Preparation":[38],"Mercury Hourglass":[90],"Blood Vial":4,"Tough Bandages":[48],"Shuriken":[78],"Gambling Chip":[39],"Pandora\u0027s Box":["Terror","A Thousand Cuts","Storm of Steel","Outmaneuver","Infinite Blades","Footwork","Adrenaline","Flechettes"],"HandDrill":[16],"Art of War":[3],"obtain_stats":[{"Calipers":47,"Torii":0,"Gremlin Horn":11,"Vajra":6,"Juzu Bracelet":9,"Bag of Preparation":19,"Blood Vial":48,"Tough Bandages":54,"Strawberry":28,"Gambling Chip":31,"WingedGreaves":30,"HandDrill":29,"InkBottle":23,"Ring of the Snake":0,"Girya":8,"Pear":26,"Astrolabe":34,"Oddly Smooth Stone":41,"Omamori":40,"Paper Crane":36,"Mercury Hourglass":43,"Anchor":53,"Shuriken":14,"Orrery":39,"Pandora\u0027s Box":17,"Art of War":29,"Bottled Lightning":30},{"Calipers":25,"Torii":0,"Gremlin Horn":6,"Vajra":3,"Juzu Bracelet":5,"Bag of Preparation":10,"Blood Vial":26,"Tough Bandages":28,"Strawberry":16,"Gambling Chip":19,"WingedGreaves":18,"HandDrill":16,"InkBottle":13,"Ring of the Snake":0,"Girya":5,"Pear":14,"Astrolabe":20,"Oddly Smooth Stone":24,"Omamori":23,"Paper Crane":21,"Mercury Hourglass":24,"Anchor":27,"Shuriken":8,"Orrery":22,"Pandora\u0027s Box":9,"Art of War":16,"Bottled Lightning":18},{"Calipers":96,"Torii":0,"Gremlin Horn":39,"Vajra":19,"Juzu Bracelet":29,"Bag of Preparation":56,"Blood Vial":98,"Tough Bandages":109,"Strawberry":71,"Gambling Chip":79,"WingedGreaves":78,"HandDrill":71,"InkBottle":64,"Ring of the Snake":0,"Girya":29,"Pear":66,"Astrolabe":84,"Oddly Smooth Stone":93,"Omamori":90,"Paper Crane":86,"Mercury Hourglass":93,"Anchor":105,"Shuriken":45,"Orrery":89,"Pandora\u0027s Box":53,"Art of War":71,"Bottled Lightning":78}],"InkBottle":[37],"Ring of the Snake":[58]},"card_choices":[{"not_picked":["Expertise","Deflect"],"picked":"Catalyst","floor":1.0},{"not_picked":["Prepared","Caltrops"],"picked":"Deadly Poison","floor":5.0},{"not_picked":["Blade Dance","Leg Sweep"],"picked":"Dagger Spray","floor":6.0},{"not_picked":["Dagger Spray","PiercingWail"],"picked":"Well Laid Plans","floor":7.0},{"not_picked":["Finisher","Deflect","Setup"],"picked":"SKIP","floor":8},{"not_picked":["Distraction","Heel Hook"],"picked":"Dodge and Roll","floor":11},{"not_picked":["Dash","Quick Slash"],"picked":"Blade Dance","floor":12},{"not_picked":["Underhanded Strike","Eviscerate"],"picked":"Blade Dance","floor":14},{"not_picked":["Grand Finale","Night Terror"],"picked":"Phantasmal Killer","floor":16},{"not_picked":["Blade Dance","Dagger Spray"],"picked":"Finisher","floor":18},{"not_picked":["Bane+1","Quick Slash+1","Acrobatics"],"picked":"SKIP","floor":21},{"not_picked":["Flying Knee","Blade Dance"],"picked":"Dodge and Roll","floor":22},{"not_picked":["Quick Slash","Deflect"],"picked":"Finisher+1","floor":23},{"not_picked":["Heel Hook","Dagger Spray","Endless Agony+1"],"picked":"SKIP","floor":24},{"not_picked":["Finisher","Distraction+1","Concentrate"],"picked":"SKIP","floor":27},{"not_picked":["Distraction","PiercingWail"],"picked":"Setup+1","floor":28},{"not_picked":["Deflect","Catalyst+1"],"picked":"Venomology","floor":31},{"not_picked":["Storm of Steel","Corpse Explosion"],"picked":"Bullet Time","floor":33},{"not_picked":["Bane","Outmaneuver","Catalyst+1"],"picked":"SKIP","floor":35},{"not_picked":["Caltrops","Blade Dance+1"],"picked":"PiercingWail+1","floor":37},{"not_picked":["Flying Knee+1","Choke"],"picked":"Tactician+1","floor":39},{"not_picked":["Blade Dance","Deadly Poison"],"picked":"Dodge and Roll+1","floor":39},{"not_picked":["Escape Plan","Eviscerate+1"],"picked":"Dodge and Roll+1","floor":39},{"not_picked":["Poisoned Stab+1","Underhanded Strike"],"picked":"PiercingWail","floor":40},{"not_picked":["Masterful Stab","Choke"],"picked":"Sucker Punch+1","floor":41},{"not_picked":["Transmutation","Swift Strike"],"picked":"Dark Shackles","floor":45},{"not_picked":["Discovery","Dramatic Entrance"],"picked":"Apotheosis","floor":45},{"not_picked":["Bullet Time","Slice+1"],"picked":"Sucker Punch+1","floor":48},{"not_picked":["Underhanded Strike","Outmaneuver+1","Flying Knee+1"],"picked":"SKIP","floor":54}],"player_experience":3769294,"relics_obtained":[{"floor":6.0,"key":"Vajra"},{"floor":8,"key":"Girya"},{"floor":9,"key":"Juzu Bracelet"},{"floor":11,"key":"Gremlin Horn"},{"floor":14,"key":"Shuriken"},{"floor":23,"key":"InkBottle"},{"floor":26,"key":"Pear"},{"floor":28,"key":"Strawberry"},{"floor":30,"key":"WingedGreaves"},{"floor":30,"key":"Bottled Lightning"},{"floor":31,"key":"Gambling Chip"},{"floor":40,"key":"Omamori"},{"floor":41,"key":"Oddly Smooth Stone"},{"floor":43,"key":"Mercury Hourglass"},{"floor":47,"key":"Calipers"},{"floor":48,"key":"Blood Vial"},{"floor":54,"key":"Tough Bandages"}],"event_choices":[{"damage_healed":0.0,"max_hp_gain":0.0,"max_hp_loss":0.0,"gold_gain":0.0,"event_name":"Upgrade Shrine","player_choice":"Upgraded","floor":2.0,"gold_loss":0.0,"damage_taken":0.0,"cards_upgraded":["Neutralize"]},{"damage_healed":0,"gold_gain":0,"player_choice":"Donut","damage_taken":0,"max_hp_gain":5,"max_hp_loss":0,"event_name":"Big Fish","floor":10,"gold_loss":0},{"damage_healed":0,"gold_gain":0,"cards_transformed":["Strike_G"],"player_choice":"Change","damage_taken":0,"max_hp_gain":0,"max_hp_loss":0,"event_name":"Living Wall","floor":13,"gold_loss":0,"cards_obtained":["Dash"]},{"damage_healed":0,"gold_gain":0,"player_choice":"Opened","damage_taken":0,"relics_obtained":["Bag of Preparation"],"max_hp_gain":0,"max_hp_loss":0,"event_name":"The Mausoleum","floor":19,"gold_loss":0},{"damage_healed":0,"gold_gain":0,"player_choice":"Ignored","damage_taken":0,"max_hp_gain":0,"max_hp_loss":0,"event_name":"Ghosts","floor":20,"gold_loss":0},{"damage_healed":0,"gold_gain":99,"player_choice":"Stole From Cult","damage_taken":0,"max_hp_gain":0,"max_hp_loss":0,"event_name":"Nest","floor":25,"gold_loss":0},{"damage_healed":0,"gold_gain":0,"player_choice":"Fight","damage_taken":0,"max_hp_gain":0,"max_hp_loss":0,"event_name":"Colosseum","floor":30,"gold_loss":0},{"damage_healed":0,"gold_gain":0,"player_choice":"Fought Nobs","damage_taken":0,"max_hp_gain":0,"max_hp_loss":0,"event_name":"Colosseum","floor":30,"gold_loss":0},{"damage_healed":0,"gold_gain":0,"player_choice":"Max HP","damage_taken":0,"max_hp_gain":0,"max_hp_loss":5,"event_name":"Winding Halls","floor":38,"gold_loss":0},{"cards_removed":["Dash"],"damage_healed":0,"gold_gain":0,"player_choice":"Offered Uncommon","damage_taken":0,"max_hp_gain":0,"max_hp_loss":0,"event_name":"Bonfire Elementals","floor":44,"gold_loss":0},{"damage_healed":0,"gold_gain":0,"player_choice":"Memory 3","damage_taken":10,"max_hp_gain":0,"max_hp_loss":0,"event_name":"SensoryStone","floor":45,"gold_loss":0},{"damage_healed":0,"gold_gain":0,"player_choice":"Fight","damage_taken":0,"max_hp_gain":0,"max_hp_loss":0,"event_name":"MindBloom","floor":47,"gold_loss":0}],"is_beta":false,"boss_relics":[{"not_picked":["Coffee Dripper","Snecko Eye"],"picked":"Pandora\u0027s Box"},{"not_picked":["Ring of the Serpent","Empty Cage"],"picked":"Astrolabe"}],"items_purged_floors":[3,36],"is_endless":false,"potions_floor_spawned":[1,7,8,14,18,23,24,27,31,35,40,41],"ascension_level":1}}