{"host":"bplbr8uekuotory4","time":1611660343,"event":{"mods":["Act Like it!","BaseMod","Minty Spire (QoL Compilation)","Quick Restart","Replay The Spire","Spicy Shops","StSLib","TestMod","The Blackbeard","[IsaacMod]以撒尖塔"],"gold_per_floor":[12,12,0,0,20,20,50,50,77,91,110,129,163,47,47,146,146,157,157],"floor_reached":18,"language":"ZHS","playtime":466,"items_purged":["Strike_P","Defend_P"],"score":394,"play_id":"c6d72854-94cf-403f-9de3-58957b4896df","local_time":"20210126192543","is_ascension_mode":true,"campfire_choices":[{"data":"Eruption","floor":6,"key":"SMITH"},{"data":"Wallop","floor":8,"key":"SMITH"},{"data":"Prostrate","floor":15,"key":"SMITH"}],"circlet_count":0,"master_deck":["AscendersBane","Strike_P","Strike_P","Defend_P","Eruption+1","Vigilance","Wallop+1","EmptyBody","FollowUp","Prostrate+1","Scrawl","Tantrum"],"relics":["PureWater","testmod-TestBox","HushsDoor","MaYiHuaBei","testmod-Nine","SteamSale","Mercury Hourglass","Pet Ghost","testmod-TurbochargingSystem","Replay:Ancient Bell","GuppysTail","GuppysHead"],"acts_visited":["Exordium","TheCity"],"potions_floor_usage":[7,13,13],"damage_taken":[{"damage":0,"enemies":"2 Louse","floor":1,"turns":2},{"damage":19,"enemies":"Jaw Worm","floor":5,"turns":2},{"damage":45,"enemies":"Lagavulin","floor":7,"turns":6},{"damage":0,"enemies":"Small Slimes","floor":10,"turns":2},{"damage":0,"enemies":"2 Fungi Beasts","floor":11,"turns":2},{"damage":4,"enemies":"3 Louse","floor":12,"turns":2},{"damage":8,"enemies":"Gremlin Nob","floor":13,"turns":3},{"damage":0,"enemies":"Hexaghost","floor":16,"turns":8},{"damage":0,"enemies":"Shell Parasite","floor":18,"turns":2}],"seed_played":"55967465708225668","potions_obtained":[{"floor":1,"key":"Venom Potion"},{"floor":10,"key":"Ancient Potion"},{"floor":11,"key":"FearPotion"},{"floor":12,"key":"AttackPotion"}],"is_trial":false,"path_per_floor":["M","?","$","?","M","R","E","R","T","M","M","M","E","$","R","B",null,"M"],"character_chosen":"WATCHER","items_purchased":["SteamSale","testmod-TurbochargingSystem","GuppysTail","GuppysHead","Tantrum"],"campfire_rested":0,"item_purchase_floors":[3,14,17,17,17],"current_hp_per_floor":[65,65,65,137,118,118,73,73,73,73,73,69,61,61,61,61,102,102,102],"gold":157,"neow_bonus":"REMOVE_TWO","is_daily":false,"chose_seed":false,"campfire_upgraded":3,"win_rate":0.0,"timestamp":1611660343,"path_taken":["M","?","$","?","M","R","E","R","T","M","M","M","E","$","R","BOSS","M"],"items_purchased_type":["Relic","Relic","Relic","Relic","Card"],"build_version":"2020-12-22","purchased_purges":2,"victory":false,"max_hp_per_floor":[72,72,72,144,144,144,144,144,144,144,144,144,144,144,144,144,116,116,116],"card_choices":[{"not_picked":["Replay:Vibes","Consecrate"],"picked":"Wallop","floor":1},{"not_picked":["Replay:AtTheReady","Meditate"],"picked":"Bomb","floor":5},{"not_picked":["Replay:LoomingThreat","FollowUp"],"picked":"EmptyBody","floor":7},{"not_picked":["Replay:ManipulateFuture","Crescendo","Replay:BluntJabs"],"picked":"SKIP","floor":10},{"not_picked":["ConjureBlade","BowlingBash"],"picked":"FollowUp","floor":11},{"not_picked":["WreathOfFlame","ClearTheMind"],"picked":"Prostrate","floor":12},{"not_picked":["Weave","Replay:BluntJabs","Prostrate"],"picked":"SKIP","floor":13},{"not_picked":["Devotion","SpiritShield"],"picked":"Scrawl","floor":16}],"player_experience":499358,"relics_obtained":[{"floor":7,"key":"Mercury Hourglass"},{"floor":13,"key":"Pet Ghost"}],"event_choices":[{"damage_healed":0,"gold_gain":0,"player_choice":"Swap Relic","damage_taken":0,"relics_obtained":["testmod-HarvestTotem"],"max_hp_gain":0,"max_hp_loss":0,"event_name":"给自己的盒子","floor":4,"relics_lost":["testmod-HarvestTotem"],"gold_loss":0}],"is_beta":false,"boss_relics":[{"not_picked":["SacredBark","testmod-BloodSacrificeSpiritualization"],"picked":"Replay:Ancient Bell"},{"not_picked":[]}],"items_purged_floors":[14,17],"is_endless":false,"potions_floor_spawned":[1,10,11,12],"killed_by":"Shell Parasite","ascension_level":11}}