{"host":"lte3xujvwediduij","time":1611679573,"event":{"mods":["Aspiration","BaseMod","Better-Laid Plans","BetterRewards","Challenge The Spire","Colored Map","Colored Powertips","Energized Spire","GifTheSpireLib","Minty Spire (QoL Compilation)","Permanent Neow","Replay The Spire","Spicy Shops","StSLib","The Runesmith","¡¾ÒÅÎï¿¨ÅÆ¡¿REMEMod","óô»ðÖ¸ÄÏ"],"gold_per_floor":[114,114,55,55,100,30,92,22,22],"floor_reached":8,"language":"ZHS","playtime":1144,"items_purged":["Runesmith:Defend_RS"],"score":66,"play_id":"4fea151a-f020-4b34-a2a9-8b3c2572d87a","local_time":"20210127004613","is_ascension_mode":false,"campfire_choices":[],"circlet_count":0,"master_deck":["Runesmith:Strike_RS","Runesmith:Strike_RS","Runesmith:Strike_RS","Runesmith:Strike_RS","Runesmith:Defend_RS+1","Runesmith:Defend_RS+1","Runesmith:Defend_RS+1","Runesmith:CraftFirestone+1","Runesmith:Fortify+1","Runesmith:Firestorm+1","Runesmith:EarthShield+1","Wish+1","Runesmith:Firewall+1","Runesmith:HeatExchange","Runesmith:ChaoticBlast","Runesmith:RunicBlueprint","Runesmith:OneForEveryone"],"relics":["Runesmith:BrokenRuby","REME_ComplimentaryCards","Replay:Wax Seal","Lee\u0027s Waffle","Runesmith:EmergencyProvisions","Membership Card","WingedGreaves","CultistMask","Toy Ornithopter","Replay:Ringing Soul"],"acts_visited":["Exordium"],"potions_floor_usage":[0,0],"damage_taken":[{"damage":5,"enemies":"2 Louse","floor":1,"turns":3},{"damage":11,"enemies":"Jaw Worm","floor":3,"turns":4},{"damage":9,"enemies":"Cultist","floor":5,"turns":5},{"damage":14,"enemies":"3 Sentries","floor":6,"turns":6},{"damage":16,"enemies":"Lagavulin","floor":7,"turns":8},{"damage":20,"enemies":"Gremlin Nob","floor":8,"turns":6}],"seed_played":"1877136274919659790","potions_obtained":[{"floor":6,"key":"SteroidPotion"}],"is_trial":false,"path_per_floor":["M","?","M","?","M","E","E","E"],"character_chosen":"RUNESMITH_CLASS","items_purchased":["Replay:Wax Seal","Lee\u0027s Waffle","Runesmith:EmergencyProvisions","Runesmith:Firestorm+1","Membership Card","WingedGreaves","REME_GoldPotion","REME_GoldPotion","Juzu Bracelet","Runesmith:EarthShield"],"campfire_rested":0,"item_purchase_floors":[0,0,0,0,0,0,0,0,0,0],"current_hp_per_floor":[72,72,61,61,52,38,25,5,5],"gold":22,"neow_bonus":"","is_daily":false,"chose_seed":false,"campfire_upgraded":0,"win_rate":0.0,"timestamp":1611679573,"path_taken":["M","?","M","?","?","E","E","E"],"items_purchased_type":["Relic","Relic","Relic","Card","Relic","Relic","Potion","Potion","Relic","Card"],"build_version":"2020-12-22","purchased_purges":1,"victory":false,"max_hp_per_floor":[77,77,77,77,77,77,80,80,80],"card_choices":[{"not_picked":["Runesmith:CraftObretio","Runesmith:HammerThrow"],"picked":"Runesmith:Firewall","floor":1},{"not_picked":["Runesmith:MakeshiftArmor","Runesmith:HammerThrow"],"picked":"Runesmith:HeatExchange","floor":3},{"not_picked":["Runesmith:EnergizedChisel","Runesmith:HeatedChisel"],"picked":"Runesmith:ChaoticBlast","floor":5},{"not_picked":["Runesmith:MetallurgicalResearch","Runesmith:HeatedChisel"],"picked":"Runesmith:RunicBlueprint","floor":6},{"not_picked":["Runesmith:RuneHurl","Runesmith:HammerThrow"],"picked":"Runesmith:OneForEveryone","floor":7}],"player_experience":79727,"relics_obtained":[{"floor":6,"key":"Toy Ornithopter"},{"floor":7,"key":"Replay:Ringing Soul"}],"event_choices":[{"damage_healed":0,"gold_gain":0,"player_choice":"Trade","damage_taken":0,"relics_obtained":["CultistMask"],"max_hp_gain":0,"max_hp_loss":0,"event_name":"FaceTrader","floor":4,"gold_loss":0}],"is_beta":false,"boss_relics":[],"items_purged_floors":[0],"is_endless":false,"potions_floor_spawned":[6],"killed_by":"Gremlin Nob","ascension_level":0}}