{"host":"a2lvm7nbw6nkrc91","time":1611634126,"event":{"mods":["BaseMod","Friendly Minions","Hermit","Lobotomy","Minty Spire (QoL Compilation)","Replay The Spire","StSLib"],"gold_per_floor":[113,37,57,57,57,97,97,112,135,153,172,187,3,42,42,165,165,188,201,141,230,64,64,104,104,104],"floor_reached":25,"language":"KOR","playtime":1020,"items_purged":["CrumblingArmor"],"score":256,"play_id":"2374182d-9f3b-4be4-8915-0cb1059bad12","local_time":"20210126130846","is_ascension_mode":false,"campfire_choices":[{"data":"hermit:TakeAim","floor":7.0,"key":"SMITH"},{"data":"hermit:Determination","floor":15.0,"key":"SMITH"},{"data":"hermit:Combo","floor":23.0,"key":"SMITH"}],"circlet_count":0,"master_deck":["hermit:Strike_Hermit","hermit:Strike_Hermit","hermit:Strike_Hermit","hermit:Defend_Hermit","hermit:Snapshot","hermit:Covet","hermit:TakeAim+1","hermit:Enervate","hermit:CalledShot","hermit:Manifest","hermit:Determination+1","hermit:SprayPray+1","LaLuna","hermit:Headshot","Woodsman","hermit:Reprieve","Doubt","Spreading Infection","MeltingLove","hermit:Combo+1","hermit:Ricochet+1","hermit:Dive+1","hermit:FatalDesire"],"relics":["hermit:Momento","CogitoBucket","Golden Idol","Potion Belt","Replay:Wax Seal","BackwardClock","Replay:Accelerometer","Kintsugi","HellTrain","Juzu Bracelet","Membership Card","Replay:Bottled Eggs"],"acts_visited":["Exordium","TheCity"],"potions_floor_usage":[],"damage_taken":[{"damage":4.0,"enemies":"Jaw Worm","floor":1.0,"turns":4.0},{"damage":6.0,"enemies":"Cultist","floor":3.0,"turns":4.0},{"damage":30.0,"enemies":"Gremlin Nob","floor":6.0,"turns":4.0},{"damage":5.0,"enemies":"2 Louse","floor":8.0,"turns":2.0},{"damage":20.0,"enemies":"Looter","floor":10.0,"turns":3.0},{"damage":22.0,"enemies":"Gremlin Gang","floor":11.0,"turns":8.0},{"damage":16.0,"enemies":"2 Fungi Beasts","floor":12.0,"turns":5.0},{"damage":23.0,"enemies":"Replay:BlueRogue","floor":14.0,"turns":6.0},{"damage":72.0,"enemies":"Hexaghost","floor":16.0,"turns":10.0},{"damage":28.0,"enemies":"Chosen","floor":18.0,"turns":6.0},{"damage":40.0,"enemies":"Spheric Guardian","floor":19.0,"turns":3.0},{"damage":90.0,"enemies":"Book of Stabbing","floor":24.0,"turns":5.0},{"damage":16,"enemies":"Snake Plant","floor":25,"turns":3}],"seed_played":"157854835158763379","potions_obtained":[{"floor":3.0,"key":"SteroidPotion"},{"floor":6.0,"key":"BlessingOfTheForge"},{"floor":10.0,"key":"SteroidPotion"},{"floor":12.0,"key":"Toxic Potion"},{"floor":18.0,"key":"hermit:Tonic"},{"floor":21.0,"key":"Ancient Potion"},{"floor":21.0,"key":"LifebloodPotion"}],"is_trial":false,"path_per_floor":["M","$","M","?","?","E","R","M","T","M","M","M","$","E","R","B",null,"M","M","?","?","$","R","E","M"],"character_chosen":"HERMIT","items_purchased":["hermit:Brawl","hermit:Determination","hermit:SprayPray+1","Membership Card","hermit:Dive+1"],"campfire_rested":0,"item_purchase_floors":[2,13,13,22,22],"current_hp_per_floor":[71,71,65,65,65,35,35,30,30,10,47,31,31,8,8,59,69,61,33,33,33,33,33,10,0,0],"gold":104,"neow_bonus":"","is_daily":false,"chose_seed":false,"campfire_upgraded":3,"win_rate":0.0,"timestamp":1611634126,"path_taken":["M","$","M","?","?","E","R","M","T","?","M","M","$","E","R","BOSS","M","M","?","?","$","R","E","M"],"items_purchased_type":["Card","Card","Card","Relic","Card"],"build_version":"2020-12-22","purchased_purges":1,"victory":false,"max_hp_per_floor":[75,75,75,69,69,69,69,69,69,69,69,69,69,69,69,69,69,69,69,69,69,69,69,69,69,69],"card_choices":[{"not_picked":["CherryBlossoms","SpiderBud"],"picked":"CrumblingArmor","floor":1.0},{"not_picked":["hermit:Horror","hermit:LowProfile"],"picked":"hermit:TakeAim","floor":1.0},{"not_picked":["hermit:Cheat","hermit:BigShot"],"picked":"hermit:Enervate","floor":3.0},{"not_picked":["LittlePrince","MeatLantern","WallGazer"],"picked":"Singing Bowl","floor":6.0},{"not_picked":["Scarecrow","MeatLantern"],"picked":"SnowQueen","floor":6.0},{"not_picked":["hermit:Spite","hermit:Roulette","hermit:Purgatory"],"picked":"SKIP","floor":6.0},{"not_picked":["hermit:Feint","hermit:Roulette","hermit:FullyLoaded"],"picked":"SKIP","floor":8.0},{"not_picked":["hermit:Feint","hermit:Roulette","hermit:FullyLoaded"],"picked":"SKIP","floor":8.0},{"not_picked":["WallGazer","MeatLantern","HappyTeddy"],"picked":"Singing Bowl","floor":10.0},{"not_picked":["hermit:HighCaliber","hermit:NoHoldsBarred"],"picked":"hermit:CalledShot","floor":10.0},{"not_picked":["hermit:Feint","hermit:LuckOfTheDraw"],"picked":"hermit:Manifest","floor":11.0},{"not_picked":["hermit:LowProfile","hermit:HoleUp","hermit:Roulette"],"picked":"SKIP","floor":12.0},{"not_picked":["CherryBlossoms","BlackSwan"],"picked":"LaLuna","floor":14.0},{"not_picked":["hermit:BodyArmor","hermit:Dive"],"picked":"hermit:Headshot","floor":14.0},{"not_picked":["CrumblingArmor","UniverseFragment"],"picked":"Woodsman","floor":16.0},{"not_picked":["hermit:HighNoon","hermit:Roughhouse"],"picked":"hermit:Reprieve","floor":16.0},{"not_picked":["OSAHOGD","Bloodbath"],"picked":"MeltingLove","floor":18.0},{"not_picked":["hermit:SprayPray","hermit:Brawl+1","hermit:Virtue+1"],"picked":"SKIP","floor":18.0},{"not_picked":["BeautyBeast","UniverseFragment","CrumblingArmor"],"picked":"Singing Bowl","floor":19.0},{"not_picked":["hermit:Vantage","hermit:LowProfile+1"],"picked":"hermit:Combo","floor":19.0},{"not_picked":["hermit:Gestalt+1","hermit:TrackingShot"],"picked":"hermit:Ricochet+1","floor":21.0},{"not_picked":["hermit:LowProfile","hermit:GhostlyPresence"],"picked":"hermit:FatalDesire","floor":24}],"player_experience":508181,"relics_obtained":[{"floor":6.0,"key":"Potion Belt"},{"floor":9.0,"key":"Replay:Wax Seal"},{"floor":14.0,"key":"Replay:Accelerometer"},{"floor":21.0,"key":"Juzu Bracelet"},{"floor":24,"key":"Replay:Bottled Eggs"}],"event_choices":[{"damage_healed":0.0,"max_hp_gain":0.0,"max_hp_loss":6.0,"gold_gain":0.0,"event_name":"Golden Idol","player_choice":"Lose Max HP","floor":4.0,"gold_loss":0.0,"damage_taken":0.0,"relics_obtained":["Golden Idol"]},{"cards_removed":["hermit:Defend_Hermit"],"damage_healed":0.0,"max_hp_gain":0.0,"max_hp_loss":0.0,"gold_gain":0.0,"event_name":"Bonfire Elementals","player_choice":"Offered Basic","floor":5.0,"gold_loss":0.0,"damage_taken":0.0}],"is_beta":false,"boss_relics":[{"not_picked":["Ectoplasm","Replay:Ancient Bell"],"picked":"Kintsugi"}],"items_purged_floors":[13],"is_endless":false,"potions_floor_spawned":[3,6,10,12,18],"killed_by":"Snake Plant","ascension_level":0}}