{"host":"deirlxtsw53uoa9y","time":1611678866,"event":{"mods":["AchievementEnabler","BaseMod","DeckTracker","Lobotomy","Minty Spire (QoL Compilation)","Permanent Neow","Rare Cards Sparkle","StSLib","The Hierophant","everything is the same but u backflip on backflip"],"gold_per_floor":[118,118,130,11,29,29,39,56,81,81,6,20,38,67,67,67,67],"floor_reached":16,"language":"KOR","playtime":637,"items_purged":["BeautyBeast"],"score":104,"play_id":"4b839f64-270a-4e53-90c9-c872a69db2a3","local_time":"20210127013426","is_ascension_mode":false,"campfire_choices":[{"data":"hierophant:Flagellation","floor":6,"key":"SMITH"},{"floor":15,"key":"REST"}],"circlet_count":0,"master_deck":["hierophant:Strike_Hierophant","hierophant:Strike_Hierophant","hierophant:Strike_Hierophant","hierophant:Strike_Hierophant","hierophant:Punish","hierophant:Defend_Hierophant","hierophant:Defend_Hierophant","hierophant:Defend_Hierophant","hierophant:Defend_Hierophant","hierophant:ChurchCoffers","NakedNest","hierophant:Flagellation+1","UniverseFragment","hierophant:Smite","hierophant:Repentance+1","hierophant:Zeal","LittleHelper","hierophant:Flagellation","ShyLook","hierophant:Smite","QueenOfHatred","hierophant:HolyVerse","OldLady","WallGazer"],"relics":["hierophant:PropheticMaskRelic","CogitoBucket","Oddly Smooth Stone"],"acts_visited":["Exordium"],"potions_floor_usage":[12,16],"damage_taken":[{"damage":11,"enemies":"Jaw Worm","floor":1,"turns":3},{"damage":2,"enemies":"Cultist","floor":3,"turns":4},{"damage":0,"enemies":"Small Slimes","floor":5,"turns":2},{"damage":13,"enemies":"Exordium Thugs","floor":7,"turns":2},{"damage":4,"enemies":"2 Fungi Beasts","floor":8,"turns":2},{"damage":5,"enemies":"Looter","floor":12,"turns":2},{"damage":18,"enemies":"Gremlin Gang","floor":13,"turns":2},{"damage":23,"enemies":"Gremlin Nob","floor":14,"turns":3},{"damage":30,"enemies":"Hexaghost","floor":16,"turns":8}],"seed_played":"-5366588735272918328","potions_obtained":[{"floor":7,"key":"Swift Potion"},{"floor":8,"key":"SteroidPotion"},{"floor":12,"key":"Dexterity Potion"},{"floor":14,"key":"SteroidPotion"}],"is_trial":false,"path_per_floor":["M","?","M","$","M","R","M","M","T","?","$","M","M","E","R","B"],"character_chosen":"HIEROPHANT","items_purchased":["hierophant:Repentance","hierophant:Zeal"],"campfire_rested":1,"item_purchase_floors":[4,4],"current_hp_per_floor":[64,64,62,62,62,62,49,45,45,45,45,40,28,5,27,0,0],"gold":67,"neow_bonus":"","is_daily":false,"chose_seed":false,"campfire_upgraded":1,"win_rate":0.0,"timestamp":1611678866,"path_taken":["M","?","M","$","?","R","M","M","T","?","$","M","M","E","R","BOSS"],"items_purchased_type":["Card","Card"],"build_version":"2020-12-22","purchased_purges":1,"victory":false,"max_hp_per_floor":[75,75,75,75,75,75,75,75,75,75,75,75,75,75,75,75,75],"card_choices":[{"not_picked":["MeatLantern","WallGazer"],"picked":"NakedNest","floor":1},{"not_picked":["hierophant:SealAway","hierophant:FlamingChariot"],"picked":"hierophant:Flagellation","floor":1},{"not_picked":["FairyFestival","CrumblingArmor","Scorched"],"picked":"Singing Bowl","floor":3},{"not_picked":["PunishingBird","MHz"],"picked":"UniverseFragment","floor":3},{"not_picked":["hierophant:SealAway","hierophant:Alms"],"picked":"hierophant:Smite","floor":3},{"not_picked":["RedShoes","MeatLantern"],"picked":"BeautyBeast","floor":5},{"not_picked":["hierophant:Upheaval","hierophant:AuricBeam","hierophant:FlamingChariot"],"picked":"SKIP","floor":5},{"not_picked":["CherryBlossoms","PunishingBird"],"picked":"LittleHelper","floor":7},{"not_picked":["hierophant:Levitation","hierophant:RustyCrate"],"picked":"hierophant:Flagellation","floor":7},{"not_picked":["OSAHOGD","VoidDream"],"picked":"ShyLook","floor":8},{"not_picked":["hierophant:Purify","hierophant:ConvertCurrency"],"picked":"hierophant:Smite","floor":8},{"not_picked":["Yin","DreamingCurrent"],"picked":"QueenOfHatred","floor":12},{"not_picked":["hierophant:Sermon","hierophant:Rebuild"],"picked":"hierophant:HolyVerse","floor":12},{"not_picked":["MeatLantern","Scorched"],"picked":"OldLady","floor":13},{"not_picked":["hierophant:RustyCrate","hierophant:Remorse","hierophant:DisplayOfPower"],"picked":"SKIP","floor":13},{"not_picked":["Bloodbath","Rudolta"],"picked":"WallGazer","floor":14},{"not_picked":["hierophant:Doubloon","hierophant:Alms","hierophant:Glossolalia"],"picked":"SKIP","floor":14}],"player_experience":64454,"relics_obtained":[{"floor":14,"key":"Oddly Smooth Stone"}],"event_choices":[{"damage_healed":0,"gold_gain":0,"player_choice":"Ignored","damage_taken":0,"max_hp_gain":0,"max_hp_loss":0,"event_name":"NoteForYourself","floor":2,"gold_loss":0},{"damage_healed":0,"gold_gain":0,"player_choice":"Grow","damage_taken":0,"max_hp_gain":0,"max_hp_loss":0,"event_name":"Living Wall","floor":10,"gold_loss":0,"cards_upgraded":["hierophant:Repentance"]}],"is_beta":false,"boss_relics":[],"items_purged_floors":[11],"is_endless":false,"potions_floor_spawned":[7,8,12,14],"killed_by":"Hexaghost","ascension_level":0}}