{"host":"jxa9z6fuoi260gno","time":1611696195,"event":{"mods":["2.2 Compatiblity","Abigail Mod","AchievementEnabler","Act Like it!","BaseMod","Colored Map","Colored Powertips","Defuse TimeMaze Blight","Friendly Minions","GifTheSpireLib","Hallownest","Hubris","Infinite Spire","Kiyohime????","Marisa????????","Minty Spire (QoL Compilation)","Prisma Mod","Railgun Mod","Relic Stats","Replay The Spire","StSLib","Td1madao Mod","The Animator","The Bug Knight","The Jungle","The Wild Card"],"gold_per_floor":[129,129,129,129,158,158,170,170,197,207,234,266,302,302,321,321,321,424,424,440,440],"floor_reached":20,"language":"ENG","playtime":1278,"items_purged":[],"score":168,"play_id":"f962c8cb-8672-4e25-aaee-f451abb840f5","local_time":"20210126222315","is_ascension_mode":false,"campfire_choices":[{"data":"animator:Pride","floor":8,"key":"SMITH"},{"data":"animator:Demiurge","floor":14,"key":"SMITH"},{"floor":17,"key":"REST"}],"circlet_count":0,"master_deck":["animator:Strike_FullmetalAlchemist","animator:Defend_FullmetalAlchemist","animator:Strike","animator:Strike","animator:Strike","animator:Defend","animator:Defend","animator:Defend","animator:ElricEdward+1","animator:ElricAlphonse","animator:Pride+1","animator:Souei","animator:WinryRockbell","animator:Scar","animator:MaesHughes","animator:Demiurge+1","animator:Sloth","animator:ElricEdward","animator:Envy"],"relics":["animator:LivingPicture","animator:TheMissingPiece","NeowsBlessing","CultistMask","infinitespire:Bottled Soul"],"acts_visited":["Exordium","TheCity"],"potions_floor_usage":[12,18,18],"damage_taken":[{"damage":0,"enemies":"Jaw Worm","floor":1,"turns":1},{"damage":0,"enemies":"Cultist","floor":5,"turns":2},{"damage":0,"enemies":"Small Slimes","floor":7,"turns":2},{"damage":9,"enemies":"2 Fungi Beasts","floor":9,"turns":4},{"damage":6,"enemies":"Blue Slaver","floor":10,"turns":4},{"damage":16,"enemies":"Exordium Wildlife","floor":12,"turns":4},{"damage":17,"enemies":"Exordium Thugs","floor":13,"turns":5},{"damage":10,"enemies":"Blue Slaver","floor":15,"turns":4},{"damage":25,"enemies":"The Guardian","floor":18,"turns":9},{"damage":17,"enemies":"Chosen","floor":20,"turns":6}],"seed_played":"-6135027702862469163","potions_obtained":[{"floor":5,"key":"LiquidMemories"},{"floor":7,"key":"Strength Potion"},{"floor":10,"key":"Dexterity Potion"},{"floor":15,"key":"Energy Potion"},{"floor":18,"key":"SteroidPotion"}],"is_trial":false,"path_per_floor":["M","?","PTL","PTL","M","?","M","R","M","M","T","M","M","R","M","T","R","B",null,"M"],"character_chosen":"THE_ANIMATOR","items_purchased":[],"campfire_rested":1,"item_purchase_floors":[],"current_hp_per_floor":[66,66,66,66,66,66,67,67,58,53,53,37,20,20,10,10,30,7,70,53,53],"gold":440,"neow_bonus":"THREE_ENEMY_KILL","is_daily":false,"chose_seed":false,"campfire_upgraded":2,"win_rate":0.0,"timestamp":1611696195,"path_taken":["M","?","PTL","PTL","?","?","M","R","M","?","T","M","M","R","M","?","R","BOSS","M"],"items_purchased_type":[],"build_version":"2020-12-22","purchased_purges":0,"victory":false,"max_hp_per_floor":[66,66,66,66,66,66,67,67,67,68,68,68,68,68,68,68,68,70,70,70,70],"relic_stats":{"counters":[10,39],"obtain_stats":[{"NeowsBlessing":0,"infinitespire:Bottled Soul":16,"animator:TheMissingPiece":0,"animator:LivingPicture":0,"CultistMask":6},{"NeowsBlessing":0,"infinitespire:Bottled Soul":8,"animator:TheMissingPiece":0,"animator:LivingPicture":0,"CultistMask":2},{"NeowsBlessing":0,"infinitespire:Bottled Soul":24,"animator:TheMissingPiece":0,"animator:LivingPicture":0,"CultistMask":2}]},"card_choices":[{"not_picked":["animator:KyokoSakura","animator:Illya"],"picked":"animator:Pride","floor":1},{"not_picked":["animator:IrohaTamaki","animator:YuiTsuruno"],"picked":"animator:Souei","floor":5},{"not_picked":["animator:OrikoMikuni","animator:SakuraMatou"],"picked":"animator:WinryRockbell","floor":7},{"not_picked":["animator:MaesHughes","animator:ElricEdward"],"picked":"animator:Scar","floor":9},{"not_picked":["animator:Shalltear","animator:Sonic"],"picked":"animator:MaesHughes","floor":10},{"not_picked":["animator:HomuraAkemi","animator:TukaLunaMarceau"],"picked":"animator:Demiurge","floor":12},{"not_picked":["animator:Genos","animator:Cocytus"],"picked":"animator:Sloth","floor":13},{"not_picked":["animator:Scar","animator:Sloth"],"picked":"animator:ElricEdward","floor":15},{"not_picked":["animator:Gilgamesh","animator:Ainz"],"picked":"animator:Envy","floor":18}],"player_experience":142940,"relics_obtained":[{"floor":16,"key":"infinitespire:Bottled Soul"}],"event_choices":[{"damage_healed":0,"gold_gain":0,"player_choice":"Upgraded","damage_taken":0,"max_hp_gain":0,"max_hp_loss":0,"event_name":"Upgrade Shrine","floor":2,"gold_loss":0,"cards_upgraded":["animator:ElricEdward"]},{"damage_healed":0,"gold_gain":0,"player_choice":"Trade","damage_taken":0,"relics_obtained":["CultistMask"],"max_hp_gain":0,"max_hp_loss":0,"event_name":"FaceTrader","floor":6,"gold_loss":0}],"is_beta":false,"boss_relics":[{"not_picked":["Kintsugi","infinitespire:Cupcake","Fusion Hammer"]}],"items_purged_floors":[],"is_endless":false,"potions_floor_spawned":[5,7,10,15,18],"killed_by":"Chosen","ascension_level":0}}