{"host":"e4udrxcgdvpx3wcj","time":1611694351,"event":{"mods":["Act Like it!","Aspiration","Astrologer","BaseMod","Downfall","Gensokyo","Highlight Path","Infinite Spire","Koishi","Marisa????????","Minty Spire (QoL Compilation)","Replay The Spire","StSLib","SuperFastMode","The Bug Knight","The Construct","The Jungle","The Runesmith","The Servant 0.9.4","TheBandit"],"gold_per_floor":[115,134,134,134,5,5,23,56,109,109,136,150,8,8,8,84,84,96,96,0,0,13,39,39,55,126,126,160,177,177,92,92,170,170,187,239,256,276,286,286,315,315,315,315,315,340,352,363,461,461,461,461],"floor_reached":51,"language":"ENG","playtime":2780,"items_purged":[],"score":1451,"play_id":"f138b3bf-68c0-4d90-b35f-540b738144ee","local_time":"20210126155231","is_ascension_mode":true,"campfire_choices":[{"data":"SilverBlades","floor":6.0,"key":"SMITH"},{"data":"StarChef","floor":10.0,"key":"SMITH"},{"data":"Exchange","floor":15.0,"key":"SMITH"},{"data":"Initiator","floor":24.0,"key":"SMITH"},{"data":"Dilation","floor":30.0,"key":"SMITH"},{"data":"FanOfKnives","floor":32.0,"key":"SMITH"},{"data":"SilverBlades","floor":40.0,"key":"SMITH"},{"data":"FlawlessForm","floor":42.0,"key":"SMITH"},{"floor":44.0,"key":"RECALL"}],"circlet_count":0,"master_deck":["AscendersBane","Strike_S+1","Strike_S+1","Strike_S+1","Strike_S+1","Defend_S+1","Defend_S+1","Defend_S+1","Defend_S+1","Exchange+1","SilverMatrix","SilverBlades+1","SpecialFormula","Clumsy","ShatteredReality+1","FanOfKnives","GearUp","StarChef+1","FastForward","Initiator+1","FanOfKnives+1","InstantArmor","SilverBlades+1","Orbit","MurderousAura","Dilation+1","KillingDoll","TimeTheft","InstantArmor","Rearm+1","InstantArmor+1","Desolation+1","KillingDoll","BottledTime+1","Luminosity"],"relics":["Uniform","Gensokyo:NagashiBinaDoll","Gensokyo:Mercy","Mirror","InkBottle","Pan","Sozu","Enchiridion","Bird Faced Urn","PaperSwan","Akabeko","construct:BoolHorns","Replay:Bronze Core","construct:FoamFinger","Smiling Mask","Replay:Bottled Snecko","Bag of Marbles"],"acts_visited":["Gensokyo:Gensokyo","TheCity","Gensokyo:Gensokyoest"],"potions_floor_usage":[50],"damage_taken":[{"damage":0.0,"enemies":"Gensokyo:3_Fairies","floor":1.0,"turns":5.0},{"damage":3.0,"enemies":"Gensokyo:Python","floor":2.0,"turns":4.0},{"damage":0.0,"enemies":"Gensokyo:Gryphon","floor":7.0,"turns":3.0},{"damage":3.0,"enemies":"Gensokyo:Mamizou","floor":8.0,"turns":11.0},{"damage":12.0,"enemies":"Gensokyo:Aya","floor":11.0,"turns":7.0},{"damage":6.0,"enemies":"Gensokyo:VengefulSpirit","floor":12.0,"turns":5.0},{"damage":7.0,"enemies":"Gensokyo:Yukari","floor":16.0,"turns":13.0},{"damage":15.0,"enemies":"Chosen","floor":18.0,"turns":4.0},{"damage":4.0,"enemies":"Spheric Guardian","floor":22.0,"turns":4.0},{"damage":0.0,"enemies":"Gremlin Leader","floor":23.0,"turns":7.0},{"damage":0.0,"enemies":"Snecko","floor":25.0,"turns":2.0},{"damage":11.0,"enemies":"Book of Stabbing","floor":28.0,"turns":4.0},{"damage":0.0,"enemies":"Centurion and Healer","floor":29.0,"turns":1.0},{"damage":44.0,"enemies":"Collector","floor":33.0,"turns":8.0},{"damage":0.0,"enemies":"Gensokyo:3_Boulders","floor":35.0,"turns":4.0},{"damage":0.0,"enemies":"Gensokyo:AncientGuardian","floor":37.0,"turns":4.0},{"damage":0.0,"enemies":"Gensokyo:3_Boulders","floor":38.0,"turns":2.0},{"damage":0.0,"enemies":"Gensokyo:SeedOfUnknown","floor":39.0,"turns":5.0},{"damage":3.0,"enemies":"Gensokyo:Marisa","floor":41.0,"turns":4.0},{"damage":0,"enemies":"Gensokyo:Doremy","floor":46,"turns":4},{"damage":0,"enemies":"Gensokyo:Rafflesia","floor":47,"turns":5},{"damage":0,"enemies":"Gensokyo:AtlasGolem","floor":48,"turns":5},{"damage":58,"enemies":"Gensokyo:Shinki","floor":50,"turns":10},{"damage":0,"enemies":"Gensokyo:Yuyuko","floor":51,"turns":3}],"seed_played":"-965392336364619337","potions_obtained":[{"floor":1.0,"key":"SkillPotion"},{"floor":7.0,"key":"FearPotion"},{"floor":12.0,"key":"SpeedPotion"},{"floor":16.0,"key":"SmokeBomb"}],"is_trial":false,"path_per_floor":["M","M","?","?","$","R","M","E","T","R","E","M","COS","?","R","B",null,"M","?","?","?","M","E","R","M","T","?","E","M","R","?","R","B",null,"M","?","M","M","M","R","E","R","T","R","?","E","M","M","R","B","B"],"character_chosen":"THE_SERVANT","items_purchased":["ShatteredReality+1","FanOfKnives"],"campfire_rested":0,"item_purchase_floors":[5,5],"current_hp_per_floor":[54,51,51,51,51,51,56,58,58,58,48,47,47,47,47,45,56,45,45,45,24,20,25,25,34,34,34,29,31,31,31,31,4,46,52,33,50,58,60,60,59,59,59,59,60,60,60,60,60,7,0,0],"gold":461,"neow_bonus":"ONE_RANDOM_RARE_CARD","is_daily":false,"chose_seed":false,"campfire_upgraded":8,"win_rate":0.0,"timestamp":1611694351,"path_taken":["M","M","?","?","?","R","M","E","T","R","E","M","COS","?","R","BOSS","M","?","?","?","M","E","R","M","T","?","E","?","R","?","R","BOSS","M","?","?","M","M","R","E","R","T","R","?","E","M","M","R","BOSS","BOSS"],"items_purchased_type":["Card","Card"],"build_version":"2020-12-22","purchased_purges":0,"victory":false,"max_hp_per_floor":[60,60,60,60,60,60,60,60,60,60,60,60,60,60,60,60,60,60,60,60,60,60,60,60,60,60,60,60,60,60,60,60,60,60,60,60,60,60,60,60,60,60,60,60,60,60,60,60,60,60,1,1],"card_choices":[{"not_picked":["Unruled","TimeWarp"],"picked":"SilverBlades","floor":1.0},{"not_picked":["FanOfKnives","Spin"],"picked":"SpecialFormula","floor":2.0},{"not_picked":["BottledTime","FastForward"],"picked":"GearUp","floor":7.0},{"not_picked":["Alleviate","FastForward"],"picked":"StarChef","floor":8.0},{"not_picked":["Unruled","Revamp","Alleviate"],"picked":"SKIP","floor":11.0},{"not_picked":["DoubleEdge","Duplication"],"picked":"FastForward","floor":12.0},{"not_picked":["SoulSculpture","ForgedInTime"],"picked":"Initiator","floor":16.0},{"not_picked":["Revamp","Unruled"],"picked":"FanOfKnives","floor":18.0},{"not_picked":["Unruled","Revamp"],"picked":"InstantArmor","floor":22.0},{"not_picked":["FastForward","Comet"],"picked":"SilverBlades","floor":23.0},{"not_picked":["DoubleEdge+1","Potential"],"picked":"Orbit","floor":25.0},{"not_picked":["Potential","Revamp"],"picked":"Dilation","floor":28.0},{"not_picked":["DoubleEdge","Potential","Rearm"],"picked":"SKIP","floor":29.0},{"not_picked":["SoulSculpture","PendulumOfEternity"],"picked":"KillingDoll","floor":33.0},{"not_picked":["ShiftingGears","Alleviate"],"picked":"TimeTheft","floor":35.0},{"not_picked":["Revamp+1","FastForward"],"picked":"InstantArmor","floor":36.0},{"not_picked":["Starlight+1","Rearm"],"picked":"FlawlessForm","floor":37.0},{"not_picked":["Potential","Defy+1"],"picked":"Rearm+1","floor":38.0},{"not_picked":["Moonlight","Rearm"],"picked":"InstantArmor+1","floor":39.0},{"not_picked":["TimeWarp","Alleviate+1"],"picked":"Desolation+1","floor":41.0},{"not_picked":["Advance","Rearm"],"picked":"KillingDoll","floor":46},{"not_picked":["FastForward+1","ShatteredReality"],"picked":"BottledTime+1","floor":47},{"not_picked":["Collapse","Replace"],"picked":"Luminosity","floor":48}],"player_experience":2494928,"relics_obtained":[{"floor":8.0,"key":"Mirror"},{"floor":11.0,"key":"InkBottle"},{"floor":21.0,"key":"Enchiridion"},{"floor":23.0,"key":"Bird Faced Urn"},{"floor":26.0,"key":"PaperSwan"},{"floor":28.0,"key":"Akabeko"},{"floor":36.0,"key":"construct:FoamFinger"},{"floor":41.0,"key":"Smiling Mask"},{"floor":43.0,"key":"Replay:Bottled Snecko"},{"floor":46,"key":"Bag of Marbles"}],"event_choices":[{"damage_healed":0.0,"max_hp_gain":0.0,"max_hp_loss":0.0,"gold_gain":0.0,"event_name":"Back to Basics","player_choice":"Simplicity","floor":19.0,"gold_loss":0.0,"damage_taken":0.0,"cards_upgraded":["Strike_S","Strike_S","Strike_S","Strike_S","Defend_S","Defend_S","Defend_S","Defend_S"]},{"damage_healed":0.0,"max_hp_gain":0.0,"max_hp_loss":0.0,"gold_gain":0.0,"event_name":"Masked Bandits","player_choice":"Paid Fearfully","floor":20.0,"gold_loss":96.0,"damage_taken":0.0},{"damage_healed":0.0,"max_hp_gain":0.0,"max_hp_loss":0.0,"gold_gain":0.0,"event_name":"Cursed Tome","player_choice":"Obtained Book","floor":21.0,"gold_loss":0.0,"damage_taken":21.0},{"damage_healed":0.0,"max_hp_gain":0.0,"max_hp_loss":0.0,"gold_gain":0.0,"event_name":"Match and Keep!","player_choice":"1 cards matched","floor":27.0,"gold_loss":0.0,"damage_taken":0.0,"cards_obtained":["MurderousAura"]},{"damage_healed":0.0,"max_hp_gain":0.0,"max_hp_loss":0.0,"gold_gain":0.0,"event_name":"Addict","player_choice":"Obtained Relic","floor":31.0,"gold_loss":85.0,"damage_taken":0.0,"relics_obtained":["construct:BoolHorns"]}],"is_beta":false,"boss_relics":[{"not_picked":["SacredBark","Runic Dome"],"picked":"Sozu"},{"not_picked":["Black Star","aspiration:RitualDagger"],"picked":"Replay:Bronze Core"}],"items_purged_floors":[],"is_endless":false,"potions_floor_spawned":[1,7,12,16,23,25,29,33,37,39,46,47],"killed_by":"Gensokyo:Yuyuko","ascension_level":20}}