{"host":"x205naxbihvu3p76","time":1611662932,"event":{"mods":["AchievementEnabler","BaseMod","Minty Spire (QoL Compilation)","StSLib","SuperFastMode"],"gold_per_floor":[117,131,131,131,131,156,172,189,238,272,57,57,76,1,1,74,74,93,106,106,126,136,136,36,55,80,80,93,105,105,105,105],"floor_reached":31,"language":"KOR","playtime":625,"items_purged":["Strike_B","Amplify+1"],"score":548,"play_id":"f0aab6dd-4218-4661-9e2e-a198a811f2c8","local_time":"20210126210852","is_ascension_mode":true,"campfire_choices":[{"data":"Barrage","floor":12,"key":"SMITH"},{"data":"Defragment","floor":15,"key":"SMITH"},{"floor":23,"key":"REST"},{"floor":27,"key":"REST"}],"circlet_count":0,"master_deck":["AscendersBane","Defend_B","Defend_B","Defend_B","Defend_B","Zap","Dualcast","Chill","Capacitor","Ball Lightning","Biased Cognition","Barrage+1","Defragment+1","Core Surge+1","Rip and Tear+1","Genetic Algorithm","White Noise","Undo","Reinforced Body","Go for the Eyes","Capacitor","Self Repair+1"],"relics":["Cracked Core","NeowsBlessing","Blue Candle","Nunchaku","Centennial Puzzle","Question Card","Astrolabe","Vajra","Bag of Preparation"],"acts_visited":["Exordium","TheCity"],"potions_floor_usage":[10,16,16,28],"damage_taken":[{"damage":0,"enemies":"Cultist","floor":1,"turns":1},{"damage":0,"enemies":"2 Louse","floor":2,"turns":1},{"damage":0,"enemies":"Lagavulin","floor":6,"turns":1},{"damage":0,"enemies":"Jaw Worm","floor":7,"turns":4},{"damage":7,"enemies":"Blue Slaver","floor":8,"turns":4},{"damage":5,"enemies":"3 Sentries","floor":10,"turns":2},{"damage":6,"enemies":"Large Slime","floor":13,"turns":4},{"damage":21,"enemies":"Slime Boss","floor":16,"turns":8},{"damage":27,"enemies":"3 Byrds","floor":18,"turns":4},{"damage":3,"enemies":"Chosen","floor":19,"turns":4},{"damage":8,"enemies":"Centurion and Healer","floor":21,"turns":5},{"damage":19,"enemies":"Snake Plant","floor":22,"turns":3},{"damage":5,"enemies":"Chosen and Byrds","floor":25,"turns":4},{"damage":14,"enemies":"Shelled Parasite and Fungi","floor":28,"turns":4},{"damage":18,"enemies":"Centurion and Healer","floor":29,"turns":5},{"damage":11,"enemies":"Snecko","floor":31,"turns":2}],"seed_played":"4936612244336151718","potions_obtained":[{"floor":1,"key":"FearPotion"},{"floor":7,"key":"Strength Potion"},{"floor":8,"key":"PowerPotion"},{"floor":10,"key":"LiquidMemories"},{"floor":19,"key":"Energy Potion"},{"floor":25,"key":"FearPotion"},{"floor":28,"key":"Swift Potion"}],"is_trial":false,"path_per_floor":["M","M","?","$","?","E","M","M","T","E","$","R","M","$","R","B",null,"M","M","?","M","M","R","$","M","T","R","M","M","$","M"],"character_chosen":"DEFECT","items_purchased":["Biased Cognition","Barrage"],"campfire_rested":2,"item_purchase_floors":[11,11],"current_hp_per_floor":[64,64,69,69,51,51,51,44,44,39,39,39,33,33,33,12,60,33,30,30,22,3,25,25,20,20,42,28,10,10,0,0],"gold":105,"neow_bonus":"THREE_ENEMY_KILL","is_daily":false,"chose_seed":false,"campfire_upgraded":2,"win_rate":0.0,"timestamp":1611662932,"path_taken":["M","?","?","?","?","E","M","M","T","E","?","R","M","$","R","BOSS","M","M","?","M","M","R","$","M","T","R","?","M","$","M"],"items_purchased_type":["Card","Card"],"build_version":"2020-12-22","purchased_purges":2,"victory":false,"max_hp_per_floor":[71,71,76,76,76,76,76,76,76,76,76,76,76,76,76,76,76,76,76,76,76,76,76,76,76,76,76,76,76,76,76,76],"card_choices":[{"not_picked":["Go for the Eyes","Gash"],"picked":"Chill","floor":1},{"not_picked":["Recycle","Scrape","Turbo"],"picked":"SKIP","floor":2},{"not_picked":["Amplify","Hologram","Tempest"],"picked":"SKIP","floor":6},{"not_picked":["Leap","Glacier"],"picked":"Capacitor","floor":7},{"not_picked":["Stack","Sunder"],"picked":"Ball Lightning","floor":8},{"not_picked":["Coolheaded","Redo","Turbo"],"picked":"SKIP","floor":10},{"not_picked":["Steam Power","White Noise","Conserve Battery"],"picked":"Defragment","floor":13},{"not_picked":["Steam Power","Barrage","Defragment"],"picked":"Genetic Algorithm","floor":18},{"not_picked":["Sunder+1","Rebound","Beam Cell"],"picked":"White Noise","floor":19},{"not_picked":["Streamline","Rebound","Coolheaded"],"picked":"Undo","floor":21},{"not_picked":["Barrage","Redo","Scrape"],"picked":"Reinforced Body","floor":22},{"not_picked":["Fusion","Stack","Beam Cell+1"],"picked":"Go for the Eyes","floor":25},{"not_picked":["White Noise","Leap+1","Genetic Algorithm+1"],"picked":"Capacitor","floor":28},{"not_picked":["Ball Lightning","Fusion","Storm"],"picked":"Self Repair+1","floor":29}],"player_experience":998573,"relics_obtained":[{"floor":6,"key":"Nunchaku"},{"floor":9,"key":"Centennial Puzzle"},{"floor":10,"key":"Question Card"},{"floor":20,"key":"Vajra"},{"floor":26,"key":"Bag of Preparation"}],"event_choices":[{"damage_healed":0,"gold_gain":0,"player_choice":"Donut","damage_taken":0,"max_hp_gain":5,"max_hp_loss":0,"event_name":"Big Fish","floor":3,"gold_loss":0},{"damage_healed":0,"gold_gain":0,"player_choice":"Success","damage_taken":18,"relics_obtained":["Blue Candle"],"max_hp_gain":0,"max_hp_loss":0,"event_name":"Scrap Ooze","floor":5,"gold_loss":0},{"damage_healed":0,"gold_gain":0,"player_choice":"Relic","damage_taken":0,"max_hp_gain":0,"max_hp_loss":0,"event_name":"Wheel of Change","floor":20,"gold_loss":0}],"is_beta":false,"boss_relics":[{"not_picked":["Calling Bell","Snecko Eye"],"picked":"Astrolabe"}],"items_purged_floors":[14,24],"is_endless":false,"potions_floor_spawned":[1,7,8,10,19,25,28],"killed_by":"Snecko","ascension_level":20}}