{"host":"x53duhd0kwoqa3yo","time":1611694352,"event":{"mods":["BaseMod","Downfall","Koishi","Marisa????????","Minty Spire (QoL Compilation)","Prisma Mod","Quick Restart","StSLib","The Cursed","The Disciple","The IronCluck","The Judge","The Senshi","The Servant 0.9.4"],"gold_per_floor":[112,112,127,141,141,174,174,186,267,267,299,318,350,369,369,469,469,479,494,83,100,114,140,140,160,160,171,188,204,235,150,150,247,247,264,11,30,40,40,70,90,90,90,110,137,149,161,190,202,209],"floor_reached":51,"language":"ENG","playtime":8013,"items_purged":["Koishi:BasicDefend","Injury"],"score":775,"play_id":"204080bc-531f-4017-bc50-910a60a9d33e","local_time":"20210126215232","is_ascension_mode":false,"campfire_choices":[{"floor":7.0,"key":"REST"},{"data":"Koishi:SubconsciousSweep","floor":10.0,"key":"SMITH"},{"floor":15.0,"key":"DIG"},{"floor":24.0,"key":"REST"},{"floor":32.0,"key":"REST"},{"floor":42,"key":"REST"},{"floor":46,"key":"REST"},{"floor":49,"key":"REST"}],"circlet_count":0,"master_deck":["Koishi:BasicStrike","Koishi:BasicStrike","Koishi:BasicStrike","Koishi:BasicStrike","Koishi:BasicDefend","Koishi:BasicDefend","Koishi:BasicDefend+1","Koishi:Provoke+1","Koishi:HauntingSlash","Koishi:SubconsciousSweep+1","Koishi:RorschachInDanmaku","Koishi:LastRemote","Koishi:SilentAndRestless","Koishi:VengefulSpirit","Koishi:UnconsciousUprising","Koishi:ReleaseOfTheId","Koishi:LastRemote","Koishi:SubconsciousSweep","Koishi:Untouchable","Koishi:Prune","Koishi:TerrifyingSpectre","Koishi:LastRemote","Koishi:HeartAttack","Koishi:Prune","Koishi:DreadfulBlow","Koishi:SpiritedAway","Koishi:LastRemote+1","Koishi:JumpScare","Koishi:Heartbroken","Koishi:FreudianInstinct+1","Koishi:SprinkleStarAndHeart+1","Koishi:HeartAttack+1","WordoMod:Infected","Koishi:HeartAttack","Magnetism","Koishi:EmbryosDream+1"],"relics":["Koishi:ImaginaryFriend","NeowsBlessing","Mango","Anchor","Meat on the Bone","Mercury Hourglass","Shovel","Koishi:EchoesOfADeadGirl","Cursed Key","Oddly Smooth Stone","DollysMirror","theSenshi:SailorFukuRelic","Dead Branch","Tiny Chest","Omamori","Calling Bell","Koishi:BloodstainedWhiteRose","Question Card","Gambling Chip","Blood Vial","Toxic Egg 2","Vajra","MawBank"],"acts_visited":["TheBeyond"],"potions_floor_usage":[45,48],"damage_taken":[{"damage":0.0,"enemies":"Jaw Worm","floor":1.0,"turns":1.0},{"damage":0.0,"enemies":"Cultist","floor":3.0,"turns":1.0},{"damage":0.0,"enemies":"2 Louse","floor":4.0,"turns":1.0},{"damage":12.0,"enemies":"3 Sentries","floor":6.0,"turns":8.0},{"damage":0.0,"enemies":"2 Fungi Beasts","floor":8.0,"turns":3.0},{"damage":6.0,"enemies":"Gremlin Nob","floor":11.0,"turns":5.0},{"damage":0.0,"enemies":"Exordium Wildlife","floor":12.0,"turns":2.0},{"damage":19.0,"enemies":"Lagavulin","floor":13.0,"turns":6.0},{"damage":0.0,"enemies":"Large Slime","floor":14.0,"turns":4.0},{"damage":16.0,"enemies":"Hexaghost","floor":16.0,"turns":11.0},{"damage":0.0,"enemies":"2 Thieves","floor":18.0,"turns":5.0},{"damage":2.0,"enemies":"Shell Parasite","floor":19.0,"turns":4.0},{"damage":27.0,"enemies":"Cultist and Chosen","floor":21.0,"turns":5.0},{"damage":0.0,"enemies":"Chosen and Byrds","floor":22.0,"turns":4.0},{"damage":39.0,"enemies":"Slavers","floor":23.0,"turns":6.0},{"damage":0.0,"enemies":"Centurion and Healer","floor":25.0,"turns":4.0},{"damage":12.0,"enemies":"Snake Plant","floor":27.0,"turns":4.0},{"damage":10.0,"enemies":"Cultist and Chosen","floor":28.0,"turns":5.0},{"damage":0.0,"enemies":"3 Cultists","floor":29.0,"turns":3.0},{"damage":9.0,"enemies":"Gremlin Leader","floor":30.0,"turns":6.0},{"damage":8.0,"enemies":"Automaton","floor":33.0,"turns":9.0},{"damage":27.0,"enemies":"3 Darklings","floor":35.0,"turns":4.0},{"damage":0.0,"enemies":"Orb Walker","floor":37.0,"turns":3.0},{"damage":14.0,"enemies":"Jaw Worm Horde","floor":38.0,"turns":4.0},{"damage":5,"enemies":"Reptomancer","floor":40,"turns":5},{"damage":16,"enemies":"3 Darklings","floor":41,"turns":4},{"damage":37,"enemies":"Transient","floor":44,"turns":5},{"damage":4,"enemies":"Nemesis","floor":45,"turns":7},{"damage":15,"enemies":"Writhing Mass","floor":48,"turns":5},{"damage":20,"enemies":"Awakened One","floor":50,"turns":9}],"seed_played":"5915512699129038687","potions_obtained":[{"floor":1.0,"key":"Weak Potion"},{"floor":8.0,"key":"EssenceOfSteel"},{"floor":12.0,"key":"Swift Potion"},{"floor":14.0,"key":"SneckoOil"},{"floor":16.0,"key":"SteroidPotion"},{"floor":21.0,"key":"Block Potion"},{"floor":23.0,"key":"Energy Potion"},{"floor":28.0,"key":"hexamod:SoulburnPotion"},{"floor":29.0,"key":"GamblersBrew"},{"floor":30.0,"key":"DuplicationPotion"},{"floor":35.0,"key":"hexamod:SoulburnPotion"},{"floor":37.0,"key":"Guardian:BlockOnCardUsePotion"},{"floor":45,"key":"PowerPotion"}],"is_trial":false,"path_per_floor":["M","?","M","M","?","E","R","M","T","R","E","M","E","M","R","B",null,"M","M","$","M","M","E","R","M","T","M","M","M","E","?","R","B",null,"M","$","M","M","?","E","M","R","T","M","E","R","?","M","R","B",null],"character_chosen":"KOISHI","items_purchased":["Oddly Smooth Stone","DollysMirror","Blood Vial"],"campfire_rested":6,"item_purchase_floors":[20,20,36],"current_hp_per_floor":[60,48,48,48,62,50,72,73,73,73,69,69,51,52,52,38,74,74,73,73,53,53,27,49,50,50,39,43,44,49,49,71,67,74,52,52,58,51,51,52,43,65,65,42,44,66,66,56,74,54],"gold":221,"neow_bonus":"THREE_ENEMY_KILL","is_daily":false,"chose_seed":false,"campfire_upgraded":1,"win_rate":0.0,"timestamp":1611694352,"path_taken":["M","?","M","M","?","E","R","?","T","R","E","?","E","M","R","BOSS","M","?","$","M","M","E","R","M","T","M","M","M","E","?","R","BOSS","M","$","M","M","?","E","M","R","T","M","E","R","?","M","R","BOSS"],"items_purchased_type":["Relic","Relic","Relic"],"build_version":"2020-12-22","purchased_purges":2,"victory":true,"max_hp_per_floor":[60,60,60,60,74,74,74,74,74,74,74,74,74,74,74,74,74,74,74,74,74,74,74,74,74,74,74,74,74,74,74,74,74,74,74,74,74,74,74,74,74,74,74,74,74,74,74,74,74,74],"card_choices":[{"not_picked":["Koishi:Catatonia","Koishi:ReflexRadar"],"picked":"Koishi:SubconsciousSweep","floor":1.0},{"not_picked":["Koishi:EmbryosDream","Koishi:UnansweredLove"],"picked":"Koishi:RorschachInDanmaku","floor":3.0},{"not_picked":["Koishi:DreadfulBlow","Koishi:ReleaseOfTheId"],"picked":"Koishi:LastRemote","floor":4.0},{"not_picked":["Koishi:SpiritedAway","Koishi:MentalBreakdown"],"picked":"Koishi:SilentAndRestless","floor":6.0},{"not_picked":["Koishi:BramblyRoseGarden","Koishi:DNAsFlaw"],"picked":"Koishi:VengefulSpirit","floor":8.0},{"not_picked":["Koishi:UnseenTerror","Koishi:DanmakuParanoia"],"picked":"Koishi:UnconsciousUprising","floor":11.0},{"not_picked":["Koishi:StingingMind","Koishi:PhantomBarrier"],"picked":"Koishi:ReleaseOfTheId","floor":12.0},{"not_picked":["Koishi:UnconsciousUprising","Koishi:BloodcurdlingScream"],"picked":"Koishi:LastRemote","floor":13.0},{"not_picked":["Koishi:TremblingHands","Koishi:BramblyRoseGarden"],"picked":"Koishi:SubconsciousSweep","floor":14.0},{"not_picked":["Koishi:SilentAndRestless","Koishi:RoseHell"],"picked":"Koishi:Untouchable","floor":16.0},{"not_picked":["Koishi:ApparitionsStalkTheNight","Koishi:StingingMind+1"],"picked":"Koishi:Prune","floor":18.0},{"not_picked":["Koishi:Jaunt","Koishi:PhantomBarrier+1"],"picked":"Koishi:TerrifyingSpectre","floor":19.0},{"not_picked":["Koishi:FleetingPhantom","Koishi:Vanish+1"],"picked":"Koishi:HeartAttack","floor":21.0},{"not_picked":["Koishi:TerrifyingSpectre+1","Koishi:SprinkleStarAndHeart+1"],"picked":"Koishi:Prune","floor":22.0},{"not_picked":["Koishi:RoseHell","Koishi:Prune","Koishi:PhantomBarrier"],"picked":"SKIP","floor":23.0},{"not_picked":["Koishi:Catatonia","Koishi:EmbryosDream"],"picked":"Koishi:DreadfulBlow","floor":25.0},{"not_picked":["Koishi:ParalyzingFear","Koishi:HeartfeltFancy"],"picked":"Koishi:SpiritedAway","floor":27.0},{"not_picked":["Koishi:Prune","Koishi:MindNumbingTerror"],"picked":"Koishi:LastRemote+1","floor":28.0},{"not_picked":["Koishi:GeneticsOfTheUnconscious","Koishi:Prune","Koishi:SubterraneanRose"],"picked":"SKIP","floor":29.0},{"not_picked":["Koishi:ConditionedTeleport","Koishi:Catatonia"],"picked":"Koishi:JumpScare","floor":30.0},{"not_picked":["Koishi:RoseHell","Koishi:ConditionedTeleport"],"picked":"Koishi:Heartbroken","floor":33.0},{"not_picked":["Koishi:BloodcurdlingScream","Koishi:ParalyzingFear","Koishi:PredatoryInstincts+1"],"picked":"Koishi:FreudianInstinct+1","floor":35.0},{"not_picked":["Koishi:HeartfeltFancy+1","Koishi:ReflexRadar+1","Koishi:TremblingHands","Koishi:SpiritedAway"],"picked":"SKIP","floor":37.0},{"not_picked":["Koishi:MentalBreakdown","Koishi:ParalyzingFear","Koishi:PhantomStrike+1","Koishi:SubconsciousSweep"],"picked":"SKIP","floor":38.0},{"not_picked":["Koishi:RacingHeart","Koishi:DreadfulBlow","Koishi:CatchAndRose+1"],"picked":"Koishi:SprinkleStarAndHeart+1","floor":40},{"not_picked":["Koishi:PhantomBarrier+1","Koishi:ReflexRadar+1","Koishi:StingingMind+1"],"picked":"Koishi:HeartAttack+1","floor":41},{"not_picked":["Koishi:DreadfulBlow","Koishi:IdleWhim+1","Koishi:SprinkleStarAndHeart+1","Koishi:FourthEye+1"],"picked":"SKIP","floor":44},{"not_picked":["Koishi:HeartfeltFancy+1","Koishi:RuptureMind","Koishi:ParalyzingFear"],"picked":"Koishi:HeartAttack","floor":45},{"not_picked":["Panacea+1","The Bomb+1","Finesse+1"],"picked":"Magnetism","floor":47},{"not_picked":["Koishi:Prune+1","Koishi:BloodcurdlingScream","Koishi:Jaunt+1"],"picked":"Koishi:EmbryosDream+1","floor":48}],"player_experience":110762,"relics_obtained":[{"floor":6.0,"key":"Anchor"},{"floor":9.0,"key":"Meat on the Bone"},{"floor":11.0,"key":"Mercury Hourglass"},{"floor":13.0,"key":"Shovel"},{"floor":15.0,"key":"Koishi:EchoesOfADeadGirl"},{"floor":23.0,"key":"theSenshi:SailorFukuRelic"},{"floor":26.0,"key":"Dead Branch"},{"floor":30.0,"key":"Tiny Chest"},{"floor":34.0,"key":"Koishi:BloodstainedWhiteRose"},{"floor":34.0,"key":"Question Card"},{"floor":34.0,"key":"Gambling Chip"},{"floor":40,"key":"Toxic Egg 2"},{"floor":43,"key":"Vajra"},{"floor":45,"key":"MawBank"}],"event_choices":[{"damage_healed":0.0,"max_hp_gain":0.0,"max_hp_loss":0.0,"gold_gain":0.0,"event_name":"Shining Light","player_choice":"Entered Light","floor":2.0,"gold_loss":0.0,"damage_taken":12.0,"cards_upgraded":["Koishi:BasicDefend","Koishi:Provoke"]},{"damage_healed":0.0,"max_hp_gain":0.0,"max_hp_loss":0.0,"gold_gain":0.0,"event_name":"WeMeetAgain","player_choice":"Gave Potion","floor":5.0,"gold_loss":0.0,"damage_taken":0.0,"relics_obtained":["Mango"]},{"damage_healed":0.0,"max_hp_gain":0.0,"max_hp_loss":0.0,"gold_gain":0.0,"event_name":"Addict","player_choice":"Obtained Relic","floor":31.0,"gold_loss":85.0,"damage_taken":0.0,"relics_obtained":["Omamori"]},{"damage_healed":0,"gold_gain":0,"player_choice":"Ignored","damage_taken":0,"max_hp_gain":0,"max_hp_loss":0,"event_name":"OrinTheCat","floor":39,"gold_loss":0},{"damage_healed":0,"gold_gain":0,"player_choice":"Memory 1","damage_taken":0,"max_hp_gain":0,"max_hp_loss":0,"event_name":"SensoryStone","floor":47,"gold_loss":0}],"is_beta":false,"boss_relics":[{"not_picked":["Runic Dome","Busted Crown"],"picked":"Cursed Key"},{"not_picked":["Koishi:ColorfulDays","Philosopher\u0027s Stone"],"picked":"Calling Bell"}],"items_purged_floors":[20,36],"is_endless":false,"potions_floor_spawned":[1,8,12,14,16,21,23,28,29,30,35,37,45],"ascension_level":0}}