{"host":"lh9qfzqeqctr28d2","time":1611638836,"event":{"mods":["BaseMod","Luminous","Minty Spire (QoL Compilation)","Quick Restart","Relic Stats","Remilia£®¿Ÿ√◊¿Ú—«£©","Replay The Spire","StSLib","Yakumo Yukari mod"],"gold_per_floor":[117,192,192,204,204,204,220,255,255,272,282,282,297,310,310,310,310],"floor_reached":16,"language":"ZHS","playtime":286,"items_purged":[],"score":104,"play_id":"010f2dfa-af17-45cf-b765-121f6007aea2","local_time":"20210126132716","is_ascension_mode":false,"campfire_choices":[{"data":"Run Through","floor":6,"key":"SMITH"},{"data":"Armaments","floor":12,"key":"SMITH"},{"data":"Cleave","floor":15,"key":"SMITH"}],"circlet_count":0,"master_deck":["Strike_R","Strike_R","Strike_R","Strike_R","Defend_R","Defend_R","Defend_R","Defend_R","Bash+1","Run Through+1","Thunderclap","Cleave+1","Flex","Armaments+1"],"relics":["Burning Blood","NeowsBlessing","Ice Cream","Darkstone Periapt"],"acts_visited":["Exordium"],"potions_floor_usage":[8],"damage_taken":[{"damage":0,"enemies":"Jaw Worm","floor":1,"turns":1},{"damage":0,"enemies":"2 Louse","floor":4,"turns":1},{"damage":0,"enemies":"Cultist","floor":7,"turns":1},{"damage":47,"enemies":"Lagavulin","floor":8,"turns":7},{"damage":13,"enemies":"Exordium Wildlife","floor":10,"turns":3},{"damage":5,"enemies":"Looter","floor":11,"turns":4},{"damage":4,"enemies":"3 Louse","floor":13,"turns":2},{"damage":1,"enemies":"2 Fungi Beasts","floor":14,"turns":3},{"damage":0,"enemies":"The Guardian","floor":16,"turns":1}],"seed_played":"4276805364373515425","potions_obtained":[{"floor":4,"key":"ColorlessPotion"},{"floor":7,"key":"Regen Potion"},{"floor":11,"key":"FairyPotion"},{"floor":14,"key":"Energy Potion"}],"is_trial":false,"path_per_floor":["M","?","?","M","?","R","M","E","T","M","M","R","M","M","R","B"],"character_chosen":"IRONCLAD","items_purchased":[],"campfire_rested":0,"item_purchase_floors":[],"current_hp_per_floor":[80,69,69,75,75,75,80,48,48,41,42,42,44,49,49,49,49],"gold":310,"neow_bonus":"THREE_ENEMY_KILL","is_daily":false,"chose_seed":false,"campfire_upgraded":3,"win_rate":0.0,"timestamp":1611638836,"path_taken":["M","?","?","M","?","R","M","E","T","M","M","R","M","?","R","BOSS"],"items_purchased_type":[],"build_version":"2020-12-22","purchased_purges":0,"victory":false,"max_hp_per_floor":[80,80,80,80,80,80,80,80,80,80,80,80,80,80,80,80,80],"relic_stats":{"Darkstone Periapt":0,"counters":[9,23],"obtain_stats":[{"Ice Cream":8,"Darkstone Periapt":9,"NeowsBlessing":0,"Burning Blood":0},{"Ice Cream":4,"Darkstone Periapt":4,"NeowsBlessing":0,"Burning Blood":0},{"Ice Cream":10,"Darkstone Periapt":10,"NeowsBlessing":0,"Burning Blood":0}],"Burning Blood":41},"card_choices":[{"not_picked":["True Grit","Pummel"],"picked":"Run Through","floor":1},{"not_picked":["Wild Strike","Fiend Fire"],"picked":"Thunderclap","floor":4},{"not_picked":["Reckless Charge","Sever Soul"],"picked":"Cleave","floor":7},{"not_picked":["Dual Wield","Perfected Strike"],"picked":"Flex","floor":8},{"not_picked":["Sword Boomerang","Cleave","Dual Wield"],"picked":"SKIP","floor":10},{"not_picked":["Cleave","Run Through"],"picked":"Armaments","floor":11},{"not_picked":["Fiend Fire","Thunderclap","True Grit"],"picked":"SKIP","floor":13},{"not_picked":["Headbutt","Rampage","Perfected Strike"],"picked":"SKIP","floor":14}],"player_experience":460268,"relics_obtained":[{"floor":8,"key":"Ice Cream"},{"floor":9,"key":"Darkstone Periapt"}],"event_choices":[{"damage_healed":0,"gold_gain":75,"player_choice":"Gather Gold","damage_taken":11,"max_hp_gain":0,"max_hp_loss":0,"event_name":"World of Goop","floor":2,"gold_loss":0},{"damage_healed":0,"gold_gain":0,"player_choice":"Upgraded","damage_taken":0,"max_hp_gain":0,"max_hp_loss":0,"event_name":"Upgrade Shrine","floor":5,"gold_loss":0,"cards_upgraded":["Bash"]}],"is_beta":false,"boss_relics":[],"items_purged_floors":[],"is_endless":false,"potions_floor_spawned":[4,7,11,14],"killed_by":"The Guardian","ascension_level":0}}