{"host":"y76clbnovzmw9ubx","time":1611665821,"event":{"mods":["AchievementEnabler","BaseMod","Minty Spire (QoL Compilation)","Permanent Neow","Relic Stats"],"gold_per_floor":[113,113,130,141,152,183,199,199,199],"floor_reached":8,"language":"ENG","playtime":357,"items_purged":[],"score":120,"play_id":"54ef5f7d-edb2-47fb-879a-7b9d24d73c1f","local_time":"20210126075701","is_ascension_mode":true,"campfire_choices":[],"circlet_count":0,"master_deck":["AscendersBane","Strike_G","Strike_G","Strike_G","Strike_G","Strike_G","Defend_G","Defend_G","Defend_G","Defend_G","Defend_G","Survivor","Neutralize","Glass Knife+1","Backstab","Leg Sweep","Escape Plan","Dagger Spray"],"relics":["Ring of the Snake","Juzu Bracelet"],"acts_visited":["Exordium"],"potions_floor_usage":[5,6,8],"damage_taken":[{"damage":0,"enemies":"2 Louse","floor":1,"turns":2},{"damage":0,"enemies":"Cultist","floor":3,"turns":2},{"damage":0,"enemies":"Small Slimes","floor":4,"turns":1},{"damage":6,"enemies":"Exordium Thugs","floor":5,"turns":6},{"damage":35,"enemies":"Gremlin Nob","floor":6,"turns":5},{"damage":0,"enemies":"Looter","floor":7,"turns":2},{"damage":24,"enemies":"3 Sentries","floor":8,"turns":4}],"seed_played":"-3847615398433686384","potions_obtained":[{"floor":1,"key":"AttackPotion"},{"floor":3,"key":"AttackPotion"},{"floor":5,"key":"EssenceOfSteel"}],"is_trial":false,"path_per_floor":["M","?","M","M","M","E","M","E"],"character_chosen":"THE_SILENT","items_purchased":[],"campfire_rested":0,"item_purchase_floors":[],"current_hp_per_floor":[59,59,59,59,53,18,18,0,0],"gold":199,"neow_bonus":"ONE_RANDOM_RARE_CARD","is_daily":false,"chose_seed":false,"campfire_upgraded":0,"win_rate":0.0,"timestamp":1611665821,"path_taken":["M","?","M","M","?","E","M","E"],"items_purchased_type":[],"build_version":"2020-12-22","purchased_purges":0,"victory":false,"max_hp_per_floor":[66,66,66,66,66,66,66,66,66],"relic_stats":{"counters":[7,22],"Juzu Bracelet":0,"obtain_stats":[{"Juzu Bracelet":6,"Ring of the Snake":0},{"Juzu Bracelet":5,"Ring of the Snake":0},{"Juzu Bracelet":16,"Ring of the Snake":0}],"Ring of the Snake":[14]},"card_choices":[{"not_picked":["Footwork","Accuracy"],"picked":"Backstab","floor":1},{"not_picked":["Catalyst","Acrobatics","Dodge and Roll"],"picked":"SKIP","floor":3},{"not_picked":["Deadly Poison","Cloak And Dagger"],"picked":"Leg Sweep","floor":4},{"not_picked":["Acrobatics","Reflex"],"picked":"Escape Plan","floor":5},{"not_picked":["Setup","Backflip"],"picked":"Dagger Spray","floor":6},{"not_picked":["Prepared","PiercingWail","Dagger Spray"],"picked":"SKIP","floor":7}],"player_experience":3131982,"relics_obtained":[{"floor":6,"key":"Juzu Bracelet"}],"event_choices":[{"damage_healed":0,"gold_gain":0,"player_choice":"Forge","damage_taken":0,"max_hp_gain":0,"max_hp_loss":0,"event_name":"Accursed Blacksmith","floor":2,"gold_loss":0,"cards_upgraded":["Glass Knife"]}],"is_beta":false,"boss_relics":[],"items_purged_floors":[],"is_endless":false,"potions_floor_spawned":[1,3,4,5],"killed_by":"3 Sentries","ascension_level":20}}