{"host":"0awa854l6bexpjrv","time":1611700858,"event":{"mods":["BaseMod","Block Reminder","Colored Map","Colored Powertips","Downfall","Highlight Path","Minty Spire (QoL Compilation)","Quick Restart","Rare Cards Sparkle","StSLib","SuperFastMode"],"gold_per_floor":[99,111,131,231,231,231,231,247,247,265,279,106,106,121,133,238,238,238,248,348,88,88,88,113,113,143,43,56,67,97,47,67,166,166,166,184,234,234,309,309,355,32,32,58,58,58,58,74,94,94],"floor_reached":51,"language":"ENG","playtime":5719,"items_purged":["champ:Strike","champ:Defend","champ:Defend"],"score":828,"play_id":"96c0041f-fd3f-4010-a1f8-2e9b535c6e83","local_time":"20210126144058","is_ascension_mode":false,"campfire_choices":[{"data":"champ:Taunt","floor":1.0,"key":"SMITH"},{"floor":9.0,"key":"REST"},{"data":"champ:Improvising","floor":13.0,"key":"SMITH"},{"data":"champ:ShieldThrow","floor":18.0,"key":"SMITH"},{"data":"champ:DefensiveStyle","floor":23.0,"key":"SMITH"},{"data":"champ:HoldFirm","floor":25.0,"key":"SMITH"},{"data":"champ:Duel","floor":27.0,"key":"SMITH"},{"data":"champ:GladiatorForm","floor":35.0,"key":"SMITH"},{"floor":40,"key":"DIG"},{"data":"champ:HoldFirm","floor":43,"key":"SMITH"},{"floor":45,"key":"DIG"},{"floor":47,"key":"DIG"}],"circlet_count":0,"master_deck":["champ:Defend","champ:Defend","champ:Execute","champ:Taunt+1","champ:DefensiveStyle+1","champ:FaceSlap","champ:BringItOn","champ:ArenaPreparation","champ:Improvising+1","champ:HoldFirm+1","champ:TornadoPunch","champ:Parry","champ:Duel+1","champ:FocusedBerserking","champ:ShieldThrow+1","champ:BringItOn+1","champ:AdrenalArmor","champ:RisingSlash+1","J.A.X.","champ:FaceSlap","champ:DefensiveShout+1","champ:Duel","champ:GladiatorForm+1","champ:HoldFirm+1","champ:CheapShot","champ:Parry","champ:Improvising","champ:Taunt","champ:VampiricStrike","champ:TornadoPunch+1"],"relics":["champ:ChampionCrown","Toy Ornithopter","downfall:ShatteredFragment","Ancient Tea Set","Velvet Choker","MutagenicStrength","Akabeko","PreservedInsect","Pen Nib","Tiny Chest","downfall:HeartBlessingGreen","HornCleat","Philosopher\u0027s Stone","Shovel","Mummified Hand","Vajra","Smiling Mask","Bottled Flame","StoneCalendar","Potion Belt","Whetstone","Centennial Puzzle"],"acts_visited":["Exordium","TheCity","TheBeyond"],"potions_floor_usage":[44,44],"damage_taken":[{"damage":21.0,"enemies":"2 Louse","floor":2.0,"turns":3.0},{"damage":10.0,"enemies":"Small Slimes","floor":3.0,"turns":4.0},{"damage":5.0,"enemies":"Cultist","floor":8.0,"turns":4.0},{"damage":5.0,"enemies":"Exordium Thugs","floor":10.0,"turns":5.0},{"damage":12.0,"enemies":"3 Louse","floor":11.0,"turns":4.0},{"damage":20.0,"enemies":"downfall:FleeingMerchant","floor":12.0,"turns":4.0},{"damage":10.0,"enemies":"2 Fungi Beasts","floor":14.0,"turns":1.0},{"damage":17.0,"enemies":"Exordium Wildlife","floor":15.0,"turns":3.0},{"damage":46.0,"enemies":"DF_ARCHETYPE_STREAMLINE","floor":16.0,"turns":5.0},{"damage":0.0,"enemies":"Chosen","floor":19.0,"turns":3.0},{"damage":43.0,"enemies":"downfall:Augmenter","floor":20.0,"turns":6.0},{"damage":20.0,"enemies":"downfall:FleeingMerchant","floor":21.0,"turns":4.0},{"damage":0.0,"enemies":"Slavers","floor":26.0,"turns":2.0},{"damage":14.0,"enemies":"Spheric Guardian","floor":28.0,"turns":3.0},{"damage":0.0,"enemies":"Shelled Parasite and Fungi","floor":29.0,"turns":3.0},{"damage":0.0,"enemies":"Book of Stabbing","floor":30.0,"turns":2.0},{"damage":24.0,"enemies":"Centurion and Healer","floor":32.0,"turns":3.0},{"damage":8.0,"enemies":"IC_MUSHROOM_ARCHETYPE","floor":33.0,"turns":5.0},{"damage":15.0,"enemies":"3 Shapes","floor":36.0,"turns":2.0},{"damage":13.0,"enemies":"3 Shapes","floor":37.0,"turns":5.0},{"damage":0,"enemies":"downfall:FleeingMerchant","floor":42,"turns":2},{"damage":5,"enemies":"Reptomancer","floor":44,"turns":3},{"damage":15,"enemies":"3 Darklings","floor":48,"turns":3},{"damage":10,"enemies":"Transient","floor":49,"turns":5},{"damage":17,"enemies":"WA_ARCHETYPE_DIVINITY","floor":50,"turns":6}],"seed_played":"3471772193015934541","potions_obtained":[{"floor":3.0,"key":"AttackPotion"},{"floor":8.0,"key":"SteroidPotion"},{"floor":10.0,"key":"Strength Potion"},{"floor":14.0,"key":"PowerPotion"},{"floor":20.0,"key":"Strength Potion"},{"floor":26.0,"key":"SpeedPotion"},{"floor":29.0,"key":"Energy Potion"},{"floor":32.0,"key":"DuplicationPotion"},{"floor":33.0,"key":"AttackPotion"},{"floor":36.0,"key":"Regen Potion"},{"floor":48,"key":"Slimebound:ThreeZeroPotion"}],"is_trial":false,"path_per_floor":["R","M","M","?","?","?","T","M","R","M","M","$","R","M","M","B",null,"R","M","?","$","?","R","T","R","E","R","M","M","E","?","M","B",null,"R","M","?","?","T","R","T","$","R","E","R","$","R","M","M","B",null],"character_chosen":"THE_CHAMP","items_purchased":["champ:TornadoPunch","champ:Parry","Akabeko","Bottled Flame","champ:VampiricStrike","StoneCalendar"],"campfire_rested":1,"item_purchase_floors":[12,12,21,42,42,42],"current_hp_per_floor":[90,89,79,79,52,52,52,52,79,79,77,72,72,72,65,44,90,90,90,72,72,72,72,72,72,77,77,73,73,73,90,81,83,90,90,90,87,87,87,87,87,87,87,90,90,90,90,90,90,73],"gold":94,"neow_bonus":"RANDOM_COMMON_RELIC","is_daily":false,"chose_seed":false,"campfire_upgraded":8,"win_rate":0.0,"timestamp":1611700858,"path_taken":["R","M","M","?","?","?","T","?","R","M","M","$","R","M","M","BOSS","R","M","?","$","?","R","T","R","E","R","M","M","E","?","M","BOSS","R","M","?","?","?","R","T","?","R","E","R","?","R","?","M","BOSS"],"items_purchased_type":["Card","Card","Relic","Relic","Card","Relic"],"build_version":"2020-12-22","purchased_purges":3,"victory":true,"max_hp_per_floor":[90,90,90,90,90,90,90,90,90,90,90,90,90,90,90,90,90,90,90,90,90,90,90,90,90,90,90,90,90,90,90,90,90,90,90,90,90,90,90,90,90,90,90,90,90,90,90,90,90,90],"card_choices":[{"not_picked":["champ:BladeFlurry","champ:IronFortress"],"picked":"champ:DefensiveStyle","floor":2.0},{"not_picked":["champ:PerfectedStrike","champ:AdrenalArmor"],"picked":"champ:FaceSlap","floor":3.0},{"not_picked":["champ:ArenaPreparation","champ:BladeFlurry"],"picked":"champ:BringItOn","floor":8.0},{"not_picked":["champ:PerfectedStrike","champ:GladiatorStyle"],"picked":"champ:ArenaPreparation","floor":10.0},{"not_picked":["champ:PerfectedStrike","champ:EndlessRage"],"picked":"champ:Improvising","floor":11.0},{"not_picked":["champ:CrownThrow","champ:BringItOn"],"picked":"champ:HoldFirm","floor":12.0},{"not_picked":["champ:FanOfKnives","champ:BerserkersShout"],"picked":"champ:Duel","floor":14.0},{"not_picked":["champ:FlashCut","champ:RapidStrikes"],"picked":"champ:FocusedBerserking","floor":15.0},{"not_picked":["champ:Improvising","champ:UltimateStance"],"picked":"champ:ShieldThrow","floor":16.0},{"not_picked":["champ:ShieldSlam","champ:DefensiveShout+1"],"picked":"champ:BringItOn+1","floor":19.0},{"not_picked":[],"picked":"J.A.X.","floor":20.0},{"not_picked":["champ:BladeFlurry","champ:DefensiveStyle"],"picked":"champ:FaceSlap","floor":20.0},{"not_picked":["champ:CrookedStrike","champ:Circumvent"],"picked":"champ:DefensiveShout+1","floor":21.0},{"not_picked":["champ:PreciseThrust+1","champ:Encircle"],"picked":"champ:Duel","floor":26.0},{"not_picked":["champ:FaceSlap","champ:StanceDance","champ:SkillfulDodge+1"],"picked":"SKIP","floor":28.0},{"not_picked":["champ:FocusedDefense","champ:Backstep"],"picked":"champ:GladiatorForm","floor":29.0},{"not_picked":["champ:AdrenalArmor+1","champ:StanceDance"],"picked":"champ:HoldFirm","floor":30.0},{"not_picked":["champ:Parry","champ:EndlessRage","champ:Backstep"],"picked":"SKIP","floor":32.0},{"not_picked":["champ:TripleStrike","champ:SteelEdge"],"picked":"champ:CheapShot","floor":33.0},{"not_picked":["champ:EnragedBash+1","champ:Duel+1","champ:BerserkersShout"],"picked":"SKIP","floor":36.0},{"not_picked":["champ:GutPunch+1","champ:TornadoPunch"],"picked":"champ:Parry","floor":37.0},{"not_picked":["champ:HeavySlash","champ:BladeFlurry+1","champ:Duel+1"],"picked":"SKIP","floor":42},{"not_picked":["champ:PerfectedStrike","champ:FanOfKnives+1"],"picked":"champ:TornadoPunch","floor":44},{"not_picked":["champ:EnragedBash+1","champ:GutPunch+1","champ:RapidStrikes+1"],"picked":"SKIP","floor":48},{"not_picked":["champ:FanOfKnives+1","champ:Parry","champ:CrownThrow"],"picked":"SKIP","floor":49}],"player_experience":636224,"relics_obtained":[{"floor":7.0,"key":"Ancient Tea Set"},{"floor":20.0,"key":"MutagenicStrength"},{"floor":24.0,"key":"Pen Nib"},{"floor":26.0,"key":"Tiny Chest"},{"floor":30.0,"key":"HornCleat"},{"floor":37.0,"key":"Shovel"},{"floor":39,"key":"Mummified Hand"},{"floor":40,"key":"Vajra"},{"floor":41,"key":"Smiling Mask"},{"floor":44,"key":"Potion Belt"},{"floor":45,"key":"Whetstone"},{"floor":47,"key":"Centennial Puzzle"}],"event_choices":[],"is_beta":false,"boss_relics":[{"not_picked":["Runic Dome","Coffee Dripper"],"picked":"Velvet Choker"},{"not_picked":["Sozu","Calling Bell"],"picked":"Philosopher\u0027s Stone"}],"items_purged_floors":[12,21,42],"is_endless":false,"potions_floor_spawned":[3,8,10,14,20,26,29,32,33,36,48],"ascension_level":0}}