{"host":"r53pw7z744tg3fxg","time":1611691074,"event":{"mods":["AchievementEnabler","BaseMod","Colored Map","Colored Powertips","Highlight Path","Minty Spire (QoL Compilation)","Quick Restart","Transform Curses"],"gold_per_floor":[109,31,31,31,46,46,79,54,81,111,111,136,136,149,149,220,220,239,239,252,268,268,268,302,302,327,345,376,386,386,418,418,490,490,502,502,516,516,529,529,29,48,72,92,92,117,117,117],"floor_reached":47,"language":"ENG","playtime":1896,"items_purged":[],"score":1047,"play_id":"842ab100-8cad-47aa-b3a9-bcd243a94e74","local_time":"20210126125754","is_ascension_mode":true,"campfire_choices":[{"floor":11.0,"key":"REST"},{"data":"ForeignInfluence","floor":13.0,"key":"SMITH"},{"floor":15.0,"key":"REST"},{"data":"MasterReality","floor":23.0,"key":"SMITH"},{"floor":25.0,"key":"REST"},{"floor":30.0,"key":"REST"},{"floor":32.0,"key":"REST"},{"floor":40.0,"key":"REST"},{"floor":45,"key":"REST"}],"circlet_count":0,"master_deck":["AscendersBane","Strike_P","Strike_P","Strike_P","Strike_P","Defend_P","Defend_P","Defend_P+1","Defend_P","Eruption+1","Vigilance","BattleHymn","LikeWater+1","ForeignInfluence+1","FlurryOfBlows","BowlingBash","MasterReality+1","CurseOfTheBell","Consecrate+1","Prostrate","Evaluate","WindmillStrike+1","CutThroughFate+1","Devotion","SashWhip+1","DevaForm","Halt","FollowUp+1","Alpha","PathToVictory","Adaptation","Fasting2","CrushJoints+1","EmptyBody"],"relics":["PureWater","Singing Bowl","Centennial Puzzle","Letter Opener","Odd Mushroom","Calling Bell","Akabeko","Molten Egg 2","FossilizedHelix","Nunchaku","Art of War","Bottled Flame","Incense Burner","Black Star","Du-Vu Doll","Pen Nib","Lantern","Ice Cream"],"acts_visited":["Exordium","TheCity","TheBeyond"],"potions_floor_usage":[47],"damage_taken":[{"damage":15.0,"enemies":"Small Slimes","floor":1.0,"turns":7.0},{"damage":1.0,"enemies":"2 Louse","floor":5.0,"turns":3.0},{"damage":0.0,"enemies":"Lagavulin","floor":7.0,"turns":4.0},{"damage":0.0,"enemies":"Gremlin Nob","floor":10.0,"turns":3.0},{"damage":8.0,"enemies":"The Mushroom Lair","floor":12.0,"turns":3.0},{"damage":0.0,"enemies":"Jaw Worm","floor":14.0,"turns":4.0},{"damage":19.0,"enemies":"Slime Boss","floor":16.0,"turns":5.0},{"damage":2.0,"enemies":"Shell Parasite","floor":18.0,"turns":4.0},{"damage":12.0,"enemies":"Spheric Guardian","floor":20.0,"turns":4.0},{"damage":9.0,"enemies":"Centurion and Healer","floor":21.0,"turns":6.0},{"damage":41.0,"enemies":"Book of Stabbing","floor":24.0,"turns":7.0},{"damage":16.0,"enemies":"Snecko","floor":27.0,"turns":5.0},{"damage":8.0,"enemies":"Slavers","floor":28.0,"turns":5.0},{"damage":12.0,"enemies":"Snake Plant","floor":29.0,"turns":4.0},{"damage":12.0,"enemies":"Gremlin Leader","floor":31.0,"turns":2.0},{"damage":20.0,"enemies":"Automaton","floor":33.0,"turns":7.0},{"damage":30.0,"enemies":"Orb Walker","floor":35.0,"turns":5.0},{"damage":20.0,"enemies":"3 Shapes","floor":37.0,"turns":6.0},{"damage":0.0,"enemies":"Maw","floor":39.0,"turns":7.0},{"damage":0,"enemies":"Jaw Worm Horde","floor":42,"turns":3},{"damage":12,"enemies":"4 Shapes","floor":44,"turns":6},{"damage":20,"enemies":"Mind Bloom Boss Battle","floor":46,"turns":8},{"damage":46,"enemies":"Reptomancer","floor":47,"turns":3}],"seed_played":"-6811556740219306431","potions_obtained":[{"floor":1.0,"key":"BlessingOfTheForge"},{"floor":5.0,"key":"FearPotion"},{"floor":10.0,"key":"Explosive Potion"},{"floor":14.0,"key":"SteroidPotion"},{"floor":21.0,"key":"Strength Potion"},{"floor":24.0,"key":"GamblersBrew"},{"floor":28.0,"key":"Explosive Potion"},{"floor":29.0,"key":"Energy Potion"},{"floor":46,"key":"FearPotion"}],"is_trial":false,"path_per_floor":["M","$","?","?","M","?","E","$","T","E","R","?","R","M","R","B",null,"M","?","M","M","?","R","E","R","T","M","E","M","R","E","R","B",null,"M","?","M","?","M","R","$","M","T","M","R","?","E"],"character_chosen":"WATCHER","items_purchased":["LikeWater","FlurryOfBlows","Du-Vu Doll","Pen Nib"],"campfire_rested":7,"item_purchase_floors":[2,8,41,41],"current_hp_per_floor":[52,52,52,30,29,29,29,29,29,31,53,47,47,47,70,51,71,69,78,66,57,57,57,16,39,39,23,15,3,26,16,40,20,65,35,35,15,15,15,39,39,39,39,27,51,31,0,0],"gold":117,"neow_bonus":"TEN_PERCENT_HP_BONUS","is_daily":false,"chose_seed":false,"campfire_upgraded":2,"win_rate":0.0,"timestamp":1611691074,"path_taken":["M","$","?","?","?","?","E","?","T","E","R","?","R","M","R","BOSS","M","?","?","M","?","R","E","R","T","M","E","M","R","E","R","BOSS","M","?","M","?","M","R","$","M","T","?","R","?","E"],"items_purchased_type":["Card","Card","Relic","Relic"],"build_version":"2020-12-22","purchased_purges":0,"victory":false,"max_hp_per_floor":[74,74,74,74,74,74,74,74,74,76,76,78,78,78,78,78,78,78,78,78,78,78,78,78,78,78,78,78,78,78,80,80,80,80,80,80,80,80,80,80,80,80,80,80,80,80,80,80],"card_choices":[{"not_picked":["Weave","Pray"],"picked":"BattleHymn","floor":1.0},{"not_picked":["CrushJoints","Perseverance"],"picked":"InnerPeace","floor":5.0},{"not_picked":["Consecrate","JustLucky"],"picked":"ForeignInfluence","floor":7.0},{"not_picked":["Protect","FlurryOfBlows","CrushJoints"],"picked":"Singing Bowl","floor":10.0},{"not_picked":["JustLucky","SashWhip","EmptyBody"],"picked":"Singing Bowl","floor":12.0},{"not_picked":["EmptyBody","Protect"],"picked":"BowlingBash","floor":14.0},{"not_picked":["Ragnarok","Vault"],"picked":"MasterReality","floor":16.0},{"not_picked":["MentalFortress","Adaptation"],"picked":"Consecrate+1","floor":18.0},{"not_picked":["Collect","Crescendo"],"picked":"Prostrate","floor":20.0},{"not_picked":["Collect","SignatureMove+1"],"picked":"Evaluate","floor":21.0},{"not_picked":["Protect","FollowUp+1"],"picked":"WindmillStrike+1","floor":24.0},{"not_picked":["Fasting2","Weave+1"],"picked":"CutThroughFate+1","floor":27.0},{"not_picked":["PathToVictory","CutThroughFate+1"],"picked":"Devotion","floor":28.0},{"not_picked":["CutThroughFate+1","BowlingBash+1"],"picked":"SashWhip+1","floor":29.0},{"not_picked":["Halt+1","JustLucky+1","Protect"],"picked":"Singing Bowl","floor":31.0},{"not_picked":["SpiritShield","Brilliance+1"],"picked":"DevaForm","floor":33.0},{"not_picked":["ClearTheMind","MentalFortress"],"picked":"Halt","floor":35.0},{"not_picked":["BattleHymn","JustLucky+1"],"picked":"FollowUp+1","floor":37.0},{"not_picked":["Crescendo+1","Protect"],"picked":"Adaptation","floor":39.0},{"not_picked":["SashWhip+1","Conclude+1"],"picked":"Fasting2","floor":42},{"not_picked":["ClearTheMind","Tantrum+1"],"picked":"CrushJoints+1","floor":44},{"not_picked":["Consecrate+1","Fasting2+1"],"picked":"EmptyBody","floor":46}],"player_experience":1367609,"relics_obtained":[{"floor":7.0,"key":"Singing Bowl"},{"floor":9.0,"key":"Centennial Puzzle"},{"floor":10.0,"key":"Letter Opener"},{"floor":12.0,"key":"Odd Mushroom"},{"floor":17.0,"key":"Akabeko"},{"floor":17.0,"key":"Molten Egg 2"},{"floor":17.0,"key":"FossilizedHelix"},{"floor":24.0,"key":"Nunchaku"},{"floor":26.0,"key":"Art of War"},{"floor":28.0,"key":"Bottled Flame"},{"floor":31.0,"key":"Incense Burner"},{"floor":43,"key":"Lantern"},{"floor":46,"key":"Ice Cream"}],"event_choices":[{"damage_healed":0.0,"max_hp_gain":0.0,"max_hp_loss":0.0,"gold_gain":0.0,"event_name":"Liars Game","player_choice":"Ignored","floor":3.0,"gold_loss":0.0,"damage_taken":0.0},{"damage_healed":0.0,"max_hp_gain":0.0,"max_hp_loss":0.0,"gold_gain":0.0,"event_name":"Shining Light","player_choice":"Entered Light","floor":4.0,"gold_loss":0.0,"damage_taken":22.0,"cards_upgraded":["Defend_P","LikeWater"]},{"damage_healed":0.0,"max_hp_gain":0.0,"max_hp_loss":0.0,"gold_gain":0.0,"event_name":"Living Wall","player_choice":"Grow","floor":6.0,"gold_loss":0.0,"damage_taken":0.0,"cards_upgraded":["Eruption"]},{"damage_healed":0.0,"max_hp_gain":0.0,"max_hp_loss":0.0,"gold_gain":0.0,"event_name":"Mushrooms","player_choice":"Fought Mushrooms","floor":12.0,"gold_loss":0.0,"damage_taken":0.0},{"cards_removed":["InnerPeace"],"damage_healed":9.0,"max_hp_gain":0.0,"max_hp_loss":0.0,"gold_gain":0.0,"event_name":"Bonfire Elementals","player_choice":"Offered Uncommon","floor":19.0,"gold_loss":0.0,"damage_taken":0.0},{"damage_healed":0.0,"max_hp_gain":0.0,"max_hp_loss":0.0,"gold_gain":0.0,"event_name":"Ghosts","player_choice":"Ignored","floor":22.0,"gold_loss":0.0,"damage_taken":0.0},{"damage_healed":0.0,"max_hp_gain":0.0,"max_hp_loss":0.0,"gold_gain":0.0,"event_name":"Tomb of Lord Red Mask","player_choice":"Ignored","floor":36.0,"gold_loss":0.0,"damage_taken":0.0},{"damage_healed":0.0,"max_hp_gain":0.0,"max_hp_loss":0.0,"gold_gain":0.0,"event_name":"Match and Keep!","player_choice":"2 cards matched","floor":38.0,"gold_loss":0.0,"damage_taken":0.0,"cards_obtained":["Alpha","PathToVictory"]},{"damage_healed":0,"gold_gain":0,"player_choice":"Fight","damage_taken":0,"max_hp_gain":0,"max_hp_loss":0,"event_name":"MindBloom","floor":46,"gold_loss":0}],"is_beta":false,"boss_relics":[{"not_picked":["Sozu","Cursed Key"],"picked":"Calling Bell"},{"not_picked":["SacredBark","Pandora\u0027s Box"],"picked":"Black Star"}],"items_purged_floors":[],"is_endless":false,"potions_floor_spawned":[1,5,10,14,21,24,28,29,46],"killed_by":"Reptomancer","ascension_level":17}}