{"host":"4ag909k4xupnj24b","time":1611660335,"event":{"mods":["BaseMod","Minty Spire (QoL Compilation)","StSLib"],"gold_per_floor":[99,99,99,99,69,69,69,69,69,69,13,13,13,13,13,13,13,13,13,13,13,13,13],"floor_reached":22,"language":"ENG","playtime":823,"items_purged":[],"score":324,"play_id":"ba2fb187-952b-4aab-8bc1-aa5d9751f72e","local_time":"20210126032535","is_ascension_mode":true,"campfire_choices":[{"floor":6,"key":"REST"},{"floor":8,"key":"REST"},{"data":"Defragment","floor":10,"key":"SMITH"},{"data":"Darkness","floor":12,"key":"SMITH"},{"data":"Tempest","floor":15,"key":"SMITH"}],"circlet_count":0,"master_deck":["AscendersBane","Strike_B+1","Strike_B","Strike_B","Strike_B+1","Defend_B","Defend_B","Defend_B","Defend_B","Zap","Dualcast","Rip and Tear","Genetic Algorithm","Defragment+1","Sweeping Beam","Darkness+1","Coolheaded","Tempest+1","Ball Lightning","Biased Cognition","Chill","Decay"],"relics":["Ectoplasm","Whetstone","Philosopher\u0027s Stone"],"acts_visited":["Exordium","TheCity"],"potions_floor_usage":[5],"damage_taken":[{"damage":13,"enemies":"Small Slimes","floor":1,"turns":3},{"damage":2,"enemies":"Jaw Worm","floor":2,"turns":3},{"damage":0,"enemies":"Cultist","floor":3,"turns":3},{"damage":12,"enemies":"Large Slime","floor":4,"turns":6},{"damage":32,"enemies":"Exordium Thugs","floor":5,"turns":5},{"damage":11,"enemies":"Red Slaver","floor":7,"turns":3},{"damage":9,"enemies":"Exordium Wildlife","floor":13,"turns":4},{"damage":1,"enemies":"2 Fungi Beasts","floor":14,"turns":3},{"damage":18,"enemies":"Slime Boss","floor":16,"turns":6},{"damage":7,"enemies":"Spheric Guardian","floor":18,"turns":4},{"damage":5,"enemies":"Shell Parasite","floor":21,"turns":4},{"damage":22,"enemies":"Snake Plant","floor":22,"turns":1}],"seed_played":"-4716599579807456477","potions_obtained":[{"floor":1,"key":"ColorlessPotion"},{"floor":3,"key":"Ancient Potion"},{"floor":5,"key":"SteroidPotion"}],"is_trial":false,"path_per_floor":["M","M","M","M","M","R","M","R","T","R","$","R","M","M","R","B",null,"M","?","?","M","M"],"character_chosen":"DEFECT","items_purchased":["Coolheaded"],"campfire_rested":2,"item_purchase_floors":[11],"current_hp_per_floor":[51,49,49,37,5,26,15,36,36,36,36,36,27,26,26,8,55,48,27,27,22,0,0],"gold":13,"neow_bonus":"BOSS_RELIC","is_daily":false,"chose_seed":false,"campfire_upgraded":3,"win_rate":0.0,"timestamp":1611660335,"path_taken":["M","M","M","M","M","R","M","R","T","R","$","R","M","M","R","BOSS","M","?","?","?","M"],"items_purchased_type":["Card"],"build_version":"2020-12-22","purchased_purges":0,"victory":false,"max_hp_per_floor":[71,71,71,71,71,71,71,71,71,71,71,71,71,71,71,71,71,71,71,71,71,71,71],"card_choices":[{"not_picked":["Skim","Aggregate"],"picked":"Rip and Tear","floor":1},{"not_picked":["Sweeping Beam","Leap"],"picked":"Genetic Algorithm","floor":2},{"not_picked":["Hologram","Stack"],"picked":"Defragment","floor":3},{"not_picked":["Darkness","Ball Lightning"],"picked":"Sweeping Beam","floor":4},{"not_picked":["Compile Driver","Aggregate"],"picked":"Darkness","floor":5},{"not_picked":["Compile Driver","Thunder Strike","Redo"],"picked":"SKIP","floor":7},{"not_picked":["Gash","Leap"],"picked":"Tempest","floor":13},{"not_picked":["Redo","Beam Cell"],"picked":"Ball Lightning","floor":14},{"not_picked":["Seek","Machine Learning"],"picked":"Biased Cognition","floor":16},{"not_picked":["Genetic Algorithm","Force Field"],"picked":"Chill","floor":18},{"not_picked":["Streamline","Sweeping Beam","Ball Lightning+1"],"picked":"SKIP","floor":21}],"player_experience":876175,"relics_obtained":[{"floor":9,"key":"Whetstone"}],"event_choices":[{"damage_healed":0,"gold_gain":0,"player_choice":"Obtained Book","damage_taken":21,"max_hp_gain":0,"max_hp_loss":0,"event_name":"Cursed Tome","floor":19,"gold_loss":0},{"damage_healed":0,"gold_gain":0,"player_choice":"Cursed","damage_taken":0,"max_hp_gain":0,"max_hp_loss":0,"event_name":"Wheel of Change","floor":20,"gold_loss":0,"cards_obtained":["Decay"]}],"is_beta":false,"boss_relics":[{"not_picked":["Snecko Eye","Astrolabe"],"picked":"Philosopher\u0027s Stone"}],"items_purged_floors":[],"is_endless":false,"potions_floor_spawned":[1,3,5,13,18],"killed_by":"Snake Plant","ascension_level":16}}