{"host":"qbvxbacgnxuisbbe","time":1611682565,"event":{"mods":["Alarm Clock","BaseMod","Humility","Minty Spire (QoL Compilation)","StSLib"],"gold_per_floor":[18,32,50,50,50,77,77,2,74,74,91,173,173,203,203,203,203],"floor_reached":16,"language":"ENG","playtime":380,"items_purged":["Strike_R"],"score":196,"play_id":"e870f8f0-a57c-4768-9af9-3e18ff488714","local_time":"20210126173605","is_ascension_mode":true,"campfire_choices":[{"data":"Pommel Strike","floor":15,"key":"SMITH"}],"circlet_count":0,"master_deck":["AscendersBane","Strike_R","Strike_R","Strike_R","Defend_R","Defend_R","Defend_R","Bash","Ghostly Armor","Uppercut","Twin Strike","Limit Break","Pommel Strike+1","Parasite","Sword Boomerang"],"relics":["Burning Blood","Juzu Bracelet","Bag of Marbles","Bottled Flame","Ornamental Fan"],"acts_visited":["Exordium"],"potions_floor_usage":[16],"damage_taken":[{"damage":6.0,"enemies":"Small Slimes","floor":1.0,"turns":4.0},{"damage":21.0,"enemies":"Jaw Worm","floor":2.0,"turns":5.0},{"damage":0.0,"enemies":"2 Louse","floor":3.0,"turns":3.0},{"damage":49.0,"enemies":"Lagavulin","floor":6.0,"turns":6.0},{"damage":25.0,"enemies":"Exordium Thugs","floor":11.0,"turns":5.0},{"damage":21,"enemies":"Slime Boss","floor":16,"turns":5}],"seed_played":"7115392266228251332","potions_obtained":[{"floor":2.0,"key":"FairyPotion"},{"floor":3.0,"key":"LiquidBronze"},{"floor":6.0,"key":"FearPotion"}],"is_trial":false,"path_per_floor":["M","M","M","?","?","E","?","$","T","?","M","T","?","?","R","B"],"character_chosen":"IRONCLAD","items_purchased":[],"campfire_rested":0,"item_purchase_floors":[],"current_hp_per_floor":[68,53,59,59,48,28,28,28,28,46,27,27,27,27,27,6,6],"gold":203,"neow_bonus":"TRANSFORM_TWO_CARDS","is_daily":false,"chose_seed":false,"campfire_upgraded":1,"win_rate":0.0,"timestamp":1611682565,"path_taken":["M","M","M","?","?","E","?","$","T","?","M","?","?","?","R","BOSS"],"items_purchased_type":[],"build_version":"2020-12-22","purchased_purges":1,"victory":false,"max_hp_per_floor":[75,75,75,75,75,75,75,75,75,75,75,75,75,75,75,75,75],"card_choices":[{"not_picked":["Perfected Strike","Thunderclap"],"picked":"Twin Strike","floor":1.0},{"not_picked":["Heavy Blade","Bloodletting"],"picked":"Limit Break","floor":2.0},{"not_picked":["Rampage","Dropkick","Havoc"],"picked":"SKIP","floor":3.0},{"not_picked":["Sever Soul","Bloodletting"],"picked":"Pommel Strike","floor":6.0},{"not_picked":["Warcry","Iron Wave"],"picked":"Sword Boomerang","floor":11.0}],"player_experience":136644,"relics_obtained":[{"floor":6.0,"key":"Bag of Marbles"},{"floor":9.0,"key":"Bottled Flame"},{"floor":12.0,"key":"Ornamental Fan"}],"event_choices":[{"damage_healed":0.0,"max_hp_gain":0.0,"max_hp_loss":0.0,"gold_gain":0.0,"event_name":"The Cleric","player_choice":"Leave","floor":4.0,"gold_loss":0.0,"damage_taken":0.0},{"damage_healed":0.0,"max_hp_gain":0.0,"max_hp_loss":0.0,"gold_gain":0.0,"event_name":"Scrap Ooze","player_choice":"Success","floor":5.0,"gold_loss":0.0,"damage_taken":11.0,"relics_obtained":["Juzu Bracelet"]},{"damage_healed":0.0,"max_hp_gain":0.0,"max_hp_loss":0.0,"gold_gain":0.0,"event_name":"Golden Idol","player_choice":"Ignored","floor":7.0,"gold_loss":0.0,"damage_taken":0.0},{"damage_healed":18.0,"max_hp_gain":0.0,"max_hp_loss":0.0,"gold_gain":0.0,"event_name":"Mushrooms","player_choice":"Healed and dodged fight","floor":10.0,"gold_loss":0.0,"damage_taken":0.0,"cards_obtained":["Parasite"]},{"damage_healed":0.0,"max_hp_gain":0.0,"max_hp_loss":0.0,"gold_gain":0.0,"event_name":"Shining Light","player_choice":"Ignored","floor":13.0,"gold_loss":0.0,"damage_taken":0.0},{"damage_healed":0,"gold_gain":30,"player_choice":"Searched \u00271\u0027 times","damage_taken":0,"max_hp_gain":0,"max_hp_loss":0,"event_name":"Dead Adventurer","floor":14,"gold_loss":0}],"is_beta":false,"boss_relics":[],"items_purged_floors":[8],"is_endless":false,"potions_floor_spawned":[2,3,6],"killed_by":"Slime Boss","ascension_level":20,"is_humility":true}}