{"host":"u1da1lc0tpe6m2ba","time":1611677991,"event":{"mods":["AchievementEnabler","Act Like it!","BaseMod","BetterRewards","Card Forge","Colored Powertips","Gensokyo","Infinite Spire","Koishi","Marisa????????","Minty Spire (QoL Compilation)","Permanent Neow","Remilia??????","Shop Mod","StSLib","SuperFastMode","The Cursed","The Servant 0.9.4"],"gold_per_floor":[211,230,230,248,228,255,268,299,367,367,367,392,392,25,25,129,129,139,121,0,0,0,0,20,20,43,43,73,73,73,123,123,236,236,261,329,329,357,0,0,0,0,26,70,106,118,149,184,196,222],"floor_reached":51,"language":"ENG","playtime":2697,"items_purged":[],"score":919,"play_id":"7a3541f9-abe2-4f1e-9ef1-5038d76b155a","local_time":"20210126161951","is_ascension_mode":true,"campfire_choices":[{"floor":11,"key":"REST"},{"data":"Ricochet","floor":13,"key":"SMITH"},{"floor":15,"key":"REST"},{"floor":27,"key":"REST"},{"data":"Solidify","floor":29,"key":"SMITH"},{"data":"infinitespire:FutureSight","floor":32,"key":"SMITH"},{"data":"MurderousAura","floor":40,"key":"SMITH"},{"floor":42,"key":"REST"},{"floor":49,"key":"REST"}],"circlet_count":0,"master_deck":["Strike_S+1","Strike_S+1","Strike_S+1","Strike_S+1","Defend_S+1","Defend_S+1","Defend_S+1","Defend_S+1","KidneyShot+1","Exchange+1","Desolation+1","SilverBlades+1","Orbit+1","FlawlessForm+1","InstantArmor+1","Snipe+1","Ricochet+1","LightFlow+1","Contraction+1","TrueSight+1","CurseOfTheBell","Moonlight+1","Misdirection+1","Gouge+1","Necronomicurse","Luminosity+1","Solidify+1","infinitespire:Starlight+1","infinitespire:FutureSight+1","Desolation+1","MurderousAura+1","Manipulate+1","SurpressingFire+1","ShatteredReality+1","Rearm+1","Deny+1","infinitespire:Starlight+1","RealityMarble+1","MoonPhase+1"],"relics":["SplendidAttire","Hammer of Thor","Seething Fire","Anvil of the Gods","infinitespire:Eraser","Pocketwatch","Matryoshka","Nunchaku","Boot","Calling Bell","Broom","KneeBrace","infinitespire:Joker Card","Necronomicon","infinitespire:PuzzleCube","infinitespire:Lucky Rock","infinitespire:Midas Blood","Kunai","Tiny House","Torii","Red Mask","infinitespire:Bottled Soul","MawBank","Happy Flower","AntiCross","Cursed Key"],"acts_visited":["Exordium","TheCity","TheBeyond"],"potions_floor_usage":[6,6,7,19,33,50],"damage_taken":[{"damage":0,"enemies":"2 Louse","floor":1,"turns":5},{"damage":12,"enemies":"infinitespire:Voidling","floor":2,"turns":5},{"damage":6,"enemies":"Jaw Worm","floor":4,"turns":4},{"damage":23,"enemies":"Lagavulin","floor":6,"turns":6},{"damage":12,"enemies":"Gremlin Gang","floor":7,"turns":4},{"damage":0,"enemies":"Gremlin Nob","floor":8,"turns":3},{"damage":1,"enemies":"3 Sentries","floor":12,"turns":3},{"damage":6,"enemies":"The Guardian","floor":16,"turns":8},{"damage":13,"enemies":"Shell Parasite","floor":18,"turns":5},{"damage":0,"enemies":"2 Thieves","floor":19,"turns":4},{"damage":0,"enemies":"Snecko","floor":24,"turns":6},{"damage":10,"enemies":"Gremlin Leader","floor":28,"turns":4},{"damage":12,"enemies":"Collector","floor":33,"turns":7},{"damage":22,"enemies":"3 Shapes","floor":35,"turns":3},{"damage":0,"enemies":"Mind Bloom Boss Battle","floor":36,"turns":4},{"damage":22,"enemies":"3 Darklings","floor":38,"turns":3},{"damage":0,"enemies":"Reptomancer","floor":44,"turns":1},{"damage":0,"enemies":"Writhing Mass","floor":45,"turns":5},{"damage":0,"enemies":"Sphere and 2 Shapes","floor":47,"turns":3},{"damage":1,"enemies":"Maw","floor":48,"turns":3},{"damage":25,"enemies":"Time Eater","floor":50,"turns":4}],"seed_played":"1919052697750965588","potions_obtained":[{"floor":2,"key":"Strength Potion"},{"floor":4,"key":"Dexterity Potion"},{"floor":5,"key":"Block Potion"},{"floor":8,"key":"SpeedPotion"},{"floor":24,"key":"Fire Potion"},{"floor":28,"key":"FairyPotion"},{"floor":31,"key":"DistilledChaos"},{"floor":35,"key":"BlessingOfTheForge"},{"floor":47,"key":"infinitespire:BlackPotion"}],"is_trial":false,"path_per_floor":["M","M","?","M","?","E","M","E","T","?","R","E","R","$","R","B",null,"M","M","$","?","?","?","M","?","T","R","E","R","$","AVR","R","B",null,"M","?","?","M","?","R","?","R","T","E","M","AVR","M","M","R","B",null],"character_chosen":"THE_SERVANT","items_purchased":["LightFlow","Boot","Contraction","Gouge","Rearm"],"campfire_rested":5,"item_purchase_floors":[14,14,14,20,20],"current_hp_per_floor":[65,53,53,47,47,24,12,12,12,12,31,30,30,30,49,43,65,52,52,52,36,36,36,36,36,36,55,45,45,45,50,50,48,70,48,58,58,36,36,36,36,57,57,57,70,70,70,69,70,69],"gold":234,"neow_bonus":"HUNDRED_GOLD","is_daily":false,"chose_seed":false,"campfire_upgraded":4,"win_rate":0.0,"timestamp":1611677991,"path_taken":["M","M","?","M","?","E","?","E","T","?","R","E","R","$","R","BOSS","M","?","$","?","?","?","?","?","T","R","E","R","?","AVR","R","BOSS","M","?","?","M","?","R","?","R","T","E","M","AVR","M","?","R","BOSS"],"items_purchased_type":["Card","Relic","Card","Card","Card"],"build_version":"2020-12-22","purchased_purges":0,"victory":true,"max_hp_per_floor":[65,65,65,65,65,65,65,65,65,65,65,65,65,65,65,65,65,65,65,65,65,65,65,65,65,65,65,65,65,65,70,70,70,70,70,70,70,70,70,70,70,70,70,70,70,70,70,70,70,70],"card_choices":[{"not_picked":["Barrier","Shuttle"],"picked":"Desolation","floor":1},{"not_picked":["FanOfKnives","Defy"],"picked":"SilverBlades","floor":2},{"not_picked":["DoubleEdge","Starlight"],"picked":"Orbit","floor":4},{"not_picked":["GearUp","Moonlight"],"picked":"FlawlessForm","floor":6},{"not_picked":["Collapse","Starlight"],"picked":"InstantArmor","floor":7},{"not_picked":["Collapse","ShatteredReality"],"picked":"Snipe","floor":8},{"not_picked":["Read","Potential"],"picked":"Ricochet","floor":12},{"not_picked":["SilverMatrix","Deny"],"picked":"TrueSight","floor":16},{"not_picked":["Rewind","WasteNot"],"picked":"Moonlight","floor":18},{"not_picked":["Starlight","Rewind"],"picked":"Misdirection","floor":19},{"not_picked":["Starlight","Misdirection"],"picked":"Luminosity","floor":24},{"not_picked":["Read","Misdirection+1"],"picked":"Solidify","floor":28},{"not_picked":["Moonlight","FastForward+1"],"picked":"Desolation","floor":31},{"not_picked":["TheWorld","KillingDoll"],"picked":"MurderousAura","floor":33},{"not_picked":["Unruled+1","Orbit"],"picked":"Manipulate","floor":35},{"not_picked":["Alleviate+1","Starlight+1"],"picked":"SurpressingFire","floor":36},{"not_picked":["Revamp","Gouge"],"picked":"ShatteredReality","floor":38},{"not_picked":["Revamp","FastForward"],"picked":"Rearm","floor":44},{"not_picked":["FastForward","Replace"],"picked":"Deny","floor":45},{"not_picked":["Spin","Sabotage+1"],"picked":"RealityMarble+1","floor":47},{"not_picked":["Moonlight+1","FastForward+1"],"picked":"MoonPhase+1","floor":48}],"player_experience":165236,"relics_obtained":[{"floor":6,"key":"infinitespire:Eraser"},{"floor":8,"key":"Pocketwatch"},{"floor":9,"key":"Matryoshka"},{"floor":12,"key":"Nunchaku"},{"floor":17,"key":"Broom"},{"floor":17,"key":"KneeBrace"},{"floor":17,"key":"infinitespire:Joker Card"},{"floor":21,"key":"Necronomicon"},{"floor":26,"key":"infinitespire:PuzzleCube"},{"floor":26,"key":"infinitespire:Lucky Rock"},{"floor":28,"key":"infinitespire:Midas Blood"},{"floor":36,"key":"Torii"},{"floor":43,"key":"infinitespire:Bottled Soul"},{"floor":43,"key":"MawBank"},{"floor":44,"key":"Happy Flower"}],"event_choices":[{"damage_healed":0,"gold_gain":0,"player_choice":"Grow","damage_taken":0,"max_hp_gain":0,"max_hp_loss":0,"event_name":"Living Wall","floor":3,"gold_loss":0,"cards_upgraded":["SilverBlades"]},{"damage_healed":0,"gold_gain":0,"player_choice":"Bought 1 Potion","damage_taken":0,"max_hp_gain":0,"max_hp_loss":0,"event_name":"The Woman in Blue","floor":5,"gold_loss":0},{"damage_healed":0,"gold_gain":0,"player_choice":"Forge","damage_taken":0,"max_hp_gain":0,"max_hp_loss":0,"event_name":"Accursed Blacksmith","floor":10,"gold_loss":0,"cards_upgraded":["Snipe"]},{"damage_healed":0,"gold_gain":0,"player_choice":"Obtained Book","damage_taken":16,"max_hp_gain":0,"max_hp_loss":0,"event_name":"Cursed Tome","floor":21,"gold_loss":0},{"damage_healed":0,"gold_gain":0,"player_choice":"Ignored","damage_taken":0,"max_hp_gain":0,"max_hp_loss":0,"event_name":"Ghosts","floor":22,"gold_loss":0},{"damage_healed":0,"gold_gain":0,"player_choice":"Upgraded","damage_taken":0,"max_hp_gain":0,"max_hp_loss":0,"event_name":"Upgrade Shrine","floor":23,"gold_loss":0,"cards_upgraded":["Misdirection"]},{"damage_healed":0,"gold_gain":0,"player_choice":"Ignored","damage_taken":0,"max_hp_gain":0,"max_hp_loss":0,"event_name":"Purifier","floor":25,"gold_loss":0},{"damage_healed":0,"gold_gain":0,"player_choice":"Fight","damage_taken":0,"max_hp_gain":0,"max_hp_loss":0,"event_name":"MindBloom","floor":36,"gold_loss":0},{"cards_removed":["Rearm"],"damage_healed":0,"gold_gain":0,"player_choice":"Removed Skill","damage_taken":0,"max_hp_gain":0,"max_hp_loss":0,"event_name":"Falling","floor":37,"gold_loss":0},{"damage_healed":0,"gold_gain":0,"player_choice":"Paid","damage_taken":0,"relics_obtained":["Red Mask"],"max_hp_gain":0,"max_hp_loss":0,"event_name":"Tomb of Lord Red Mask","floor":39,"gold_loss":357},{"damage_healed":0,"gold_gain":0,"player_choice":"Upgraded","damage_taken":0,"max_hp_gain":0,"max_hp_loss":0,"event_name":"Upgrade Shrine","floor":41,"gold_loss":0,"cards_upgraded":["infinitespire:Starlight"]}],"is_beta":false,"boss_relics":[{"not_picked":["infinitespire:Cupcake","Snecko Eye"],"picked":"Calling Bell"},{"not_picked":["SacredBark","Philosopher\u0027s Stone"],"picked":"SplendidAttire"}],"items_purged_floors":[],"is_endless":false,"potions_floor_spawned":[2,4,8,24,28,35,45,47,48],"ascension_level":1}}