{"host":"bxn2em57qlx5u4i0","time":1611637338,"event":{"mods":["BaseMod","Colored Map","Colored Powertips","Highlight Path","Minty Spire (QoL Compilation)","Random Character Button","Relic Sorter","Relic Stats","StSLib","SuperFastMode"],"gold_per_floor":[119,119,138,213,51,81,81,110,158,184,184,200,200,200,200,271,271,291,301,351,21,55,90,124,158,158,193,193,227,227,252,252,329,329,346,346,19,32,43,76,110,142,168,203,229,256,293,40,40,40,40],"floor_reached":52,"language":"ENG","playtime":1946,"items_purged":[],"score":3237,"play_id":"f32197d0-ed7e-4826-be24-80dfabbb6b53","local_time":"20210126000218","daily_mods":["Flight","DeadlyEvents"],"is_ascension_mode":true,"campfire_choices":[{"data":"The Bomb","floor":7,"key":"SMITH"},{"data":"The Bomb","floor":11,"key":"SMITH"},{"data":"Self Repair","floor":13,"key":"SMITH"},{"data":"The Bomb","floor":15,"key":"SMITH"},{"floor":30,"key":"REST"},{"floor":32,"key":"REST"},{"floor":49,"key":"DIG"}],"circlet_count":0,"master_deck":["The Bomb+1","The Bomb+1","The Bomb+1","The Bomb+1","Conserve Battery+1","Self Repair+1","Biased Cognition","Conserve Battery+1","Loop","Finesse+1","Defragment","Coolheaded","Echo Form","Defragment","Loop","Coolheaded+1","Loop"],"relics":["FrozenCore","Runic Capacitor","Inserter","Anchor","HornCleat","CaptainsWheel","DataDisk","Strawberry","Bag of Preparation","Boot","Vajra","Anchor","Fusion Hammer","DataDisk","PreservedInsect","Oddly Smooth Stone","Nunchaku","Meat on the Bone","StoneCalendar","Bag of Marbles","Akabeko","War Paint","Cursed Key","Orichalcum","Lee\u0027s Waffle","Darkstone Periapt","Shovel","Omamori","Art of War","Girya","MealTicket","MawBank","Pen Nib","Membership Card","Emotion Chip"],"acts_visited":["Exordium","TheCity","TheBeyond"],"potions_floor_usage":[40,40,47,47,50],"damage_taken":[{"damage":0,"enemies":"Small Slimes","floor":1,"turns":3},{"damage":0,"enemies":"Jaw Worm","floor":3,"turns":3},{"damage":0,"enemies":"Gremlin Nob","floor":6,"turns":4},{"damage":0,"enemies":"Lagavulin","floor":8,"turns":5},{"damage":0,"enemies":"3 Sentries","floor":10,"turns":3},{"damage":0,"enemies":"Cultist","floor":12,"turns":4},{"damage":6,"enemies":"The Guardian","floor":16,"turns":7},{"damage":0,"enemies":"Chosen","floor":18,"turns":4},{"damage":0,"enemies":"3 Byrds","floor":19,"turns":3},{"damage":0,"enemies":"Book of Stabbing","floor":22,"turns":5},{"damage":4,"enemies":"Slavers","floor":23,"turns":3},{"damage":0,"enemies":"Book of Stabbing","floor":24,"turns":4},{"damage":0,"enemies":"Slavers","floor":25,"turns":3},{"damage":10,"enemies":"Gremlin Leader","floor":27,"turns":5},{"damage":0,"enemies":"Slavers","floor":29,"turns":4},{"damage":0,"enemies":"Book of Stabbing","floor":31,"turns":5},{"damage":0,"enemies":"Automaton","floor":33,"turns":7},{"damage":0,"enemies":"3 Shapes","floor":35,"turns":3},{"damage":0,"enemies":"3 Darklings","floor":38,"turns":5},{"damage":0,"enemies":"Jaw Worm Horde","floor":39,"turns":4},{"damage":23,"enemies":"Reptomancer","floor":40,"turns":6},{"damage":0,"enemies":"Giant Head","floor":41,"turns":8},{"damage":38,"enemies":"Reptomancer","floor":42,"turns":5},{"damage":0,"enemies":"Giant Head","floor":44,"turns":9},{"damage":37,"enemies":"Reptomancer","floor":45,"turns":6},{"damage":0,"enemies":"Nemesis","floor":46,"turns":9},{"damage":23,"enemies":"Reptomancer","floor":47,"turns":6},{"damage":0,"enemies":"Time Eater","floor":50,"turns":12},{"damage":16,"enemies":"Awakened One","floor":51,"turns":16}],"seed_played":"6071077629909027149","potions_obtained":[{"floor":6,"key":"SteroidPotion"},{"floor":10,"key":"SmokeBomb"},{"floor":12,"key":"AttackPotion"},{"floor":16,"key":"Strength Potion"},{"floor":24,"key":"Block Potion"},{"floor":31,"key":"Swift Potion"},{"floor":45,"key":"Fruit Juice"},{"floor":46,"key":"Block Potion"},{"floor":47,"key":"CultistPotion"}],"is_trial":true,"path_per_floor":["M","?","M","?","$","E","R","E","T","E","R","M","R","?","R","B",null,"M","M","?","$","E","E","E","E","T","E","$","E","R","E","R","B",null,"M","?","$","M","M","E","E","E","T","E","E","E","E","$","R","B","B",null],"character_chosen":"DEFECT","items_purchased":["Strawberry","DataDisk","Loop","Finesse","Orichalcum","Lee\u0027s Waffle","Membership Card","Loop","FocusPotion","SpeedPotion"],"campfire_rested":2,"item_purchase_floors":[5,21,21,21,37,37,48,48,48,48],"current_hp_per_floor":[64,43,43,32,39,39,39,39,39,39,39,39,39,39,39,43,69,78,78,78,78,78,78,78,78,78,78,78,78,78,78,78,78,78,78,78,85,85,85,72,85,67,67,85,58,78,70,85,85,90,90],"gold":40,"neow_bonus":"","is_daily":false,"chose_seed":false,"campfire_upgraded":4,"win_rate":0.0,"timestamp":1611637338,"path_taken":["M","?","M","?","$","E","R","E","T","E","R","?","R","?","R","BOSS","M","?","?","$","?","E","E","E","T","E","$","E","R","E","R","BOSS","M","?","$","?","M","E","E","E","T","?","E","E","E","?","R","BOSS","BOSS"],"items_purchased_type":["Relic","Relic","Card","Card","Relic","Relic","Relic","Card","Potion","Potion"],"build_version":"2020-12-22","purchased_purges":0,"victory":true,"max_hp_per_floor":[71,71,71,71,78,78,78,78,78,78,78,78,78,78,78,78,78,78,78,78,78,78,78,78,78,78,78,78,78,78,78,78,78,78,78,78,85,85,85,85,85,85,85,85,85,85,90,90,90,90,90],"relic_stats":{"Darkstone Periapt":0,"Lee\u0027s Waffle":7,"Inserter":[73],"counters":[29,161],"StoneCalendar":[312],"PreservedInsect":809,"Pen Nib":[0],"Bag of Preparation":[48],"War Paint":["Finesse","Conserve Battery"],"Orichalcum":[6],"Boot":[0],"Cursed Key":1,"MawBank":24,"FrozenCore":[137],"Nunchaku":[0],"Emotion Chip":[8,0,8,0,0],"Shovel":1,"MealTicket":15,"Art of War":[52],"obtain_stats":[{"Darkstone Periapt":40,"Vajra":9,"StoneCalendar":26,"Runic Capacitor":0,"Bag of Preparation":6,"Boot":8,"Cursed Key":34,"FrozenCore":0,"Nunchaku":24,"Emotion Chip":49,"HornCleat":0,"Shovel":41,"Strawberry":5,"MealTicket":45,"Fusion Hammer":17,"Cracked Core":0,"Girya":44,"Lee\u0027s Waffle":37,"Inserter":0,"Oddly Smooth Stone":23,"PreservedInsect":22,"Pen Nib":47,"Omamori":42,"War Paint":31,"Orichalcum":37,"MawBank":46,"Akabeko":29,"Anchor":0,"CaptainsWheel":0,"DataDisk":0,"Bag of Marbles":27,"Art of War":43,"Membership Card":48,"Meat on the Bone":25},{"Darkstone Periapt":21,"Vajra":4,"StoneCalendar":13,"Runic Capacitor":0,"Bag of Preparation":3,"Boot":4,"Cursed Key":17,"FrozenCore":0,"Nunchaku":12,"Emotion Chip":27,"HornCleat":0,"Shovel":22,"Strawberry":2,"MealTicket":25,"Fusion Hammer":7,"Cracked Core":0,"Girya":24,"Lee\u0027s Waffle":18,"Inserter":0,"Oddly Smooth Stone":11,"PreservedInsect":10,"Pen Nib":27,"Omamori":23,"War Paint":16,"Orichalcum":18,"MawBank":26,"Akabeko":15,"Anchor":0,"CaptainsWheel":0,"DataDisk":0,"Bag of Marbles":14,"Art of War":23,"Membership Card":27,"Meat on the Bone":13},{"Darkstone Periapt":90,"Vajra":15,"StoneCalendar":51,"Runic Capacitor":0,"Bag of Preparation":10,"Boot":15,"Cursed Key":72,"FrozenCore":0,"Nunchaku":48,"Emotion Chip":133,"HornCleat":0,"Shovel":98,"Strawberry":6,"MealTicket":118,"Fusion Hammer":29,"Cracked Core":0,"Girya":112,"Lee\u0027s Waffle":75,"Inserter":0,"Oddly Smooth Stone":44,"PreservedInsect":41,"Pen Nib":133,"Omamori":103,"War Paint":65,"Orichalcum":75,"MawBank":127,"Akabeko":60,"Anchor":0,"CaptainsWheel":0,"DataDisk":0,"Bag of Marbles":56,"Art of War":103,"Membership Card":133,"Meat on the Bone":51}],"Meat on the Bone":0},"card_choices":[{"not_picked":["White Noise","Leap"],"picked":"Conserve Battery","floor":1},{"not_picked":["Undo","Leap","Steam Power"],"picked":"SKIP","floor":3},{"not_picked":["Streamline","Ball Lightning","Beam Cell"],"picked":"SKIP","floor":6},{"not_picked":["BootSequence","Rip and Tear","Turbo"],"picked":"SKIP","floor":8},{"not_picked":["Storm","Rebound","Aggregate"],"picked":"SKIP","floor":10},{"not_picked":["Go for the Eyes","Undo"],"picked":"Self Repair","floor":12},{"not_picked":["Echo Form","Hyperbeam"],"picked":"Biased Cognition","floor":16},{"not_picked":["Scrape","Cold Snap"],"picked":"Conserve Battery","floor":18},{"not_picked":["Reinforced Body","Steam","Turbo+1"],"picked":"SKIP","floor":19},{"not_picked":["Gash","Go for the Eyes","Doom and Gloom"],"picked":"SKIP","floor":22},{"not_picked":["Turbo+1","Compile Driver","Meteor Strike"],"picked":"SKIP","floor":23},{"not_picked":["Stack+1","Amplify"],"picked":"Defragment","floor":24},{"not_picked":["Scrape","Barrage","Streamline"],"picked":"SKIP","floor":25},{"not_picked":["Ball Lightning","Biased Cognition","Streamline"],"picked":"SKIP","floor":27},{"not_picked":["FTL","Fusion","Hologram"],"picked":"SKIP","floor":29},{"not_picked":["Go for the Eyes","Auto Shields+1"],"picked":"Coolheaded","floor":31},{"not_picked":["Hyperbeam","Fission"],"picked":"Echo Form","floor":33},{"not_picked":["Coolheaded","Turbo+1","Lockon"],"picked":"SKIP","floor":35},{"not_picked":["Gash","Turbo","Scrape+1"],"picked":"SKIP","floor":38},{"not_picked":["Barrage","Heatsinks"],"picked":"Loop","floor":39},{"not_picked":["Self Repair","Leap+1","Double Energy+1"],"picked":"SKIP","floor":40},{"not_picked":["Tempest","Blizzard","Undo+1"],"picked":"SKIP","floor":41},{"not_picked":["Rip and Tear","Steam Power+1","Hologram"],"picked":"SKIP","floor":42},{"not_picked":["Chill","Cold Snap","Stack+1"],"picked":"SKIP","floor":44},{"not_picked":["Rip and Tear","Lockon"],"picked":"Coolheaded+1","floor":45},{"not_picked":["Melter","All For One","Darkness"],"picked":"SKIP","floor":46},{"not_picked":["Darkness+1","Conserve Battery","Streamline"],"picked":"SKIP","floor":47}],"player_experience":2935594,"relics_obtained":[{"floor":6,"key":"Bag of Preparation"},{"floor":8,"key":"Boot"},{"floor":9,"key":"Vajra"},{"floor":10,"key":"Anchor"},{"floor":22,"key":"PreservedInsect"},{"floor":23,"key":"Oddly Smooth Stone"},{"floor":24,"key":"Nunchaku"},{"floor":25,"key":"Meat on the Bone"},{"floor":26,"key":"StoneCalendar"},{"floor":27,"key":"Bag of Marbles"},{"floor":29,"key":"Akabeko"},{"floor":31,"key":"War Paint"},{"floor":40,"key":"Darkstone Periapt"},{"floor":41,"key":"Shovel"},{"floor":42,"key":"Omamori"},{"floor":43,"key":"Art of War"},{"floor":44,"key":"Girya"},{"floor":45,"key":"MealTicket"},{"floor":46,"key":"MawBank"},{"floor":47,"key":"Pen Nib"},{"floor":49,"key":"Emotion Chip"}],"event_choices":[{"damage_healed":0,"gold_gain":0,"player_choice":"Entered Light","damage_taken":21,"max_hp_gain":0,"max_hp_loss":0,"event_name":"Shining Light","floor":2,"gold_loss":0,"cards_upgraded":["Conserve Battery","The Bomb"]},{"damage_healed":0,"gold_gain":75,"player_choice":"Gather Gold","damage_taken":11,"max_hp_gain":0,"max_hp_loss":0,"event_name":"World of Goop","floor":4,"gold_loss":0},{"cards_removed":["The Bomb"],"damage_healed":0,"gold_gain":0,"player_choice":"Purged","damage_taken":0,"max_hp_gain":0,"max_hp_loss":0,"event_name":"Purifier","floor":14,"gold_loss":0},{"damage_healed":0,"gold_gain":50,"player_choice":"Stole From Cult","damage_taken":0,"max_hp_gain":0,"max_hp_loss":0,"event_name":"Nest","floor":20,"gold_loss":0},{"damage_healed":0,"gold_gain":0,"player_choice":"Copied","damage_taken":0,"max_hp_gain":0,"max_hp_loss":0,"event_name":"Duplicator","floor":36,"gold_loss":0,"cards_obtained":["Defragment"]}],"is_beta":false,"boss_relics":[{"not_picked":["Pandora\u0027s Box","Empty Cage"],"picked":"Fusion Hammer"},{"not_picked":["Astrolabe","Calling Bell"],"picked":"Cursed Key"}],"items_purged_floors":[],"is_endless":false,"potions_floor_spawned":[6,10,12,16,22,24,31,35,39,45,46,47],"ascension_level":20}}