{"host":"zrtolk9726p85qr7","time":1611632079,"event":{"mods":["BaseMod","BetterRewards","Colored Powertips","Minty Spire (QoL Compilation)","Permanent Neow","Quick Restart","Spire Arcade","StSLib","The Animator","The Necromancer"],"gold_per_floor":[112,112,128,138,154,154,186,186,186,200,215,244,244,260,260,364,364,376,78,38,55,66,66,85,85,85,104,138,149,149,149],"floor_reached":30,"language":"ENG","playtime":1298,"items_purged":[],"score":266,"play_id":"3f07cd17-3046-4a71-86ee-a2c6d5c1b6a2","local_time":"20210126043439","is_ascension_mode":false,"campfire_choices":[{"floor":6,"key":"REST"},{"floor":8,"key":"REST"},{"floor":15,"key":"REST"},{"floor":23,"key":"REST"},{"floor":25,"key":"REST"}],"circlet_count":0,"master_deck":["Strike_G+1","Strike_G","Strike_G+1","Strike_G","Strike_G","Defend_G","Defend_G","Defend_G","Defend_G","Defend_G","Survivor","Neutralize","Swift Strike","Bane","Flying Knee","Poisoned Stab","Crippling Poison","Deadly Poison","Die Die Die","Noxious Fumes+1","Bouncing Flask","Backstab","Catalyst","Quick Slash+1","Catalyst","Blur"],"relics":["Ring of the Snake","Bronze Scales","Oddly Smooth Stone","Meat on the Bone","Lee\u0027s Waffle","Omamori"],"acts_visited":["Exordium","TheCity"],"potions_floor_usage":[7,7,11,27,28,28,29],"damage_taken":[{"damage":0,"enemies":"2 Louse","floor":1,"turns":3},{"damage":0,"enemies":"Small Slimes","floor":3,"turns":4},{"damage":0,"enemies":"Jaw Worm","floor":4,"turns":3},{"damage":2,"enemies":"Red Slaver","floor":5,"turns":4},{"damage":38,"enemies":"Lagavulin","floor":7,"turns":10},{"damage":0,"enemies":"Looter","floor":10,"turns":3},{"damage":2,"enemies":"Large Slime","floor":11,"turns":4},{"damage":9,"enemies":"Gremlin Nob","floor":12,"turns":4},{"damage":14,"enemies":"Exordium Wildlife","floor":14,"turns":3},{"damage":43,"enemies":"The Guardian","floor":16,"turns":9},{"damage":13,"enemies":"Shell Parasite","floor":18,"turns":5},{"damage":11,"enemies":"Spheric Guardian","floor":21,"turns":4},{"damage":30,"enemies":"Snake Plant","floor":22,"turns":3},{"damage":31,"enemies":"Shelled Parasite and Fungi","floor":24,"turns":4},{"damage":9,"enemies":"Snecko","floor":27,"turns":4},{"damage":48,"enemies":"Gremlin Leader","floor":28,"turns":5},{"damage":10,"enemies":"Cultist and Chosen","floor":29,"turns":5},{"damage":21,"enemies":"Slavers","floor":30,"turns":2}],"seed_played":"-1552624318602189225","potions_obtained":[{"floor":1,"key":"Explosive Potion"},{"floor":3,"key":"Dexterity Potion"},{"floor":10,"key":"EssenceOfSteel"},{"floor":14,"key":"SneckoOil"},{"floor":16,"key":"LiquidMemories"},{"floor":18,"key":"Poison Potion"},{"floor":28,"key":"Block Potion"}],"is_trial":false,"path_per_floor":["M","?","M","M","M","R","E","R","T","M","M","E","?","M","R","B",null,"M","$","?","M","M","R","M","R","T","M","E","M","E"],"character_chosen":"THE_SILENT","items_purchased":["Lee\u0027s Waffle","Bouncing Flask","Backstab"],"campfire_rested":5,"item_purchase_floors":[19,19,19],"current_hp_per_floor":[70,56,56,56,54,70,32,53,53,53,51,42,42,40,61,30,70,57,77,77,66,48,71,40,63,63,54,18,20,0,0],"gold":149,"neow_bonus":"RANDOM_COLORLESS","is_daily":false,"chose_seed":false,"campfire_upgraded":0,"win_rate":0.0,"timestamp":1611632079,"path_taken":["M","?","M","M","M","R","E","R","T","M","M","E","?","M","R","BOSS","M","$","?","M","M","R","M","R","T","M","E","?","E"],"items_purchased_type":["Relic","Card","Card"],"build_version":"2020-12-22","purchased_purges":0,"victory":false,"max_hp_per_floor":[70,70,70,70,70,70,70,70,70,70,70,70,70,70,70,70,70,70,77,77,77,77,77,77,77,77,77,77,77,77,77],"card_choices":[{"not_picked":["Panacea","Flash of Steel"],"picked":"Swift Strike","floor":0},{"not_picked":["Heel Hook","Outmaneuver","Acrobatics"],"picked":"SKIP","floor":1},{"not_picked":["Dodge and Roll","Underhanded Strike"],"picked":"Bane","floor":3},{"not_picked":["Blade Dance","PiercingWail","Footwork"],"picked":"SKIP","floor":4},{"not_picked":["Underhanded Strike","Acrobatics","Escape Plan"],"picked":"SKIP","floor":5},{"not_picked":["Slice","Venomology"],"picked":"Flying Knee","floor":7},{"not_picked":["Acrobatics","Flying Knee"],"picked":"Poisoned Stab","floor":10},{"not_picked":["Deadly Poison","Terror"],"picked":"Crippling Poison","floor":11},{"not_picked":["Deflect","Doppelganger","Tactician"],"picked":"SKIP","floor":12},{"not_picked":["Flying Knee","Eviscerate"],"picked":"Deadly Poison","floor":14},{"not_picked":["Adrenaline","Grand Finale"],"picked":"Die Die Die","floor":16},{"not_picked":["Leg Sweep","Poisoned Stab"],"picked":"Noxious Fumes","floor":18},{"not_picked":["Dagger Spray","Infinite Blades"],"picked":"Catalyst","floor":21},{"not_picked":["Cloak And Dagger+1","Underhanded Strike","Quick Slash"],"picked":"SKIP","floor":22},{"not_picked":["Dagger Throw","Blade Dance+1"],"picked":"Quick Slash+1","floor":24},{"not_picked":["Calculated Gamble","Prepared","Backflip"],"picked":"SKIP","floor":27},{"not_picked":["Predator","PiercingWail"],"picked":"Catalyst","floor":28},{"not_picked":["Outmaneuver","Glass Knife"],"picked":"Blur","floor":29}],"player_experience":102742,"relics_obtained":[{"floor":7,"key":"Bronze Scales"},{"floor":9,"key":"Oddly Smooth Stone"},{"floor":12,"key":"Meat on the Bone"},{"floor":28,"key":"Omamori"}],"event_choices":[{"damage_healed":0,"gold_gain":0,"player_choice":"Entered Light","damage_taken":14,"max_hp_gain":0,"max_hp_loss":0,"event_name":"Shining Light","floor":2,"gold_loss":0,"cards_upgraded":["Strike_G","Strike_G"]},{"damage_healed":0,"gold_gain":0,"player_choice":"Ignored","damage_taken":0,"max_hp_gain":0,"max_hp_loss":0,"event_name":"Liars Game","floor":13,"gold_loss":0},{"damage_healed":0,"gold_gain":0,"player_choice":"Upgrade","damage_taken":0,"max_hp_gain":0,"max_hp_loss":0,"event_name":"Designer","floor":20,"gold_loss":40,"cards_upgraded":["Noxious Fumes"]}],"is_beta":false,"boss_relics":[{"not_picked":["Philosopher\u0027s Stone","Astrolabe","Coffee Dripper"]}],"items_purged_floors":[],"is_endless":false,"potions_floor_spawned":[1,3,10,14,16,18,28],"killed_by":"Slavers","ascension_level":0}}