{"host":"bhbf7zxbh2qxgvbr","time":1611646089,"event":{"mods":["BaseMod","Chen","Friendly Minions","Marisa£®ÏF”Í°°ƒß¿Ì…≥£©","Minty Spire (QoL Compilation)","Quick Restart","Reimu£®≤©¿ˆ¡È√Œ£©","Remilia£®¿Ÿ√◊¿Ú—«£©","StSLib","The Administrix","The Servant 0.9.4","Youmu£®ªÍ∆«—˝√Œ£©"],"gold_per_floor":[113,17,92,52,70,100,100,127,127,127,52,52,5,35,35,139,139,155,155,55,74,74,101,1,1,1,1,1,1,1,15,15,45,45,84,0,0,71,98,133,145,190,226,286,68,131,150,229,229,229,229,229,109,163,163,163],"floor_reached":55,"language":"ZHS","playtime":2208,"items_purged":["Strike_MRS","Strike_MRS","Strike_MRS","Defend_MRS"],"score":1088,"play_id":"bb8cd313-c6e4-4ef6-a64e-b207f9dbd01a","local_time":"20210126152809","is_ascension_mode":true,"campfire_choices":[{"data":"PulseMagic","floor":7.0,"key":"SMITH"},{"data":"MagicChant","floor":10.0,"key":"SMITH"},{"data":"AsteroidBelt","floor":12.0,"key":"SMITH"},{"data":"AsteroidBelt","floor":15.0,"key":"SMITH"},{"data":"RitualDagger","floor":25.0,"key":"SMITH"},{"data":"ShootTheMoon","floor":27.0,"key":"SMITH"},{"data":"MasterSpark","floor":32.0,"key":"SMITH"},{"data":"OortCloud","floor":41,"key":"SMITH"},{"floor":49,"key":"RECALL"},{"data":"EnergyFlow","floor":52,"key":"SMITH"}],"circlet_count":0,"master_deck":["Defend_MRS","Defend_MRS+1","Defend_MRS+1","MasterSpark+1","UpSweep+1","AsteroidBelt+1","PulseMagic+1","GrandCross+1","SporeBomb","MagicChant+1","AsteroidBelt+1","TreasureHunter","RitualDagger+1","ShootTheMoon+1","Robbery+1","Acceleration+1","OortCloud+1","GrandCross+1","EnergyFlow+1"],"relics":["MiniHakkero","NeowsBlessing","PaintedHorse:ReiMu","MagicBroom","Bag of Preparation","Shuriken","Pantograph","RampagingMagicTools","The Courier","MealTicket","CrazyTorch:ReiMu","PureWhite:ReiMu","Black Star","Red Mask","BreadOfAWashokuLover","Dream Catcher","MawBank","Ornamental Fan","Strawberry","SimpleLauncher","Bronze Scales","Whetstone","Juzu Bracelet","War Paint","Du-Vu Doll","Blood Vial"],"acts_visited":["Exordium","TheCity","TheBeyond","TheEnding"],"potions_floor_usage":[46,55,55],"damage_taken":[{"damage":0.0,"enemies":"Cultist","floor":1.0,"turns":1.0},{"damage":0.0,"enemies":"Jaw Worm","floor":5.0,"turns":1.0},{"damage":0.0,"enemies":"Lagavulin","floor":6.0,"turns":1.0},{"damage":26.0,"enemies":"Gremlin Nob","floor":8.0,"turns":4.0},{"damage":0.0,"enemies":"Lagavulin","floor":14.0,"turns":4.0},{"damage":16.0,"enemies":"Hexaghost","floor":16.0,"turns":7.0},{"damage":0.0,"enemies":"3 Byrds","floor":18.0,"turns":6.0},{"damage":0.0,"enemies":"Spheric Guardian","floor":21.0,"turns":3.0},{"damage":10.0,"enemies":"Slavers","floor":23.0,"turns":6.0},{"damage":0.0,"enemies":"3 Cultists","floor":31.0,"turns":3.0},{"damage":31.0,"enemies":"Champ","floor":33.0,"turns":8.0},{"damage":27.0,"enemies":"3 Darklings","floor":35.0,"turns":7.0},{"damage":0.0,"enemies":"Orb Walker","floor":38.0,"turns":3.0},{"damage":0.0,"enemies":"Spire Growth","floor":39.0,"turns":3.0},{"damage":4,"enemies":"Nemesis","floor":40,"turns":3},{"damage":24,"enemies":"4 Shapes","floor":42,"turns":3},{"damage":0,"enemies":"Reptomancer","floor":44,"turns":2},{"damage":21,"enemies":"Nemesis","floor":46,"turns":3},{"damage":0,"enemies":"Sphere and 2 Shapes","floor":47,"turns":3},{"damage":6,"enemies":"Reptomancer","floor":48,"turns":3},{"damage":16,"enemies":"Time Eater","floor":50,"turns":4},{"damage":48,"enemies":"Shield and Spear","floor":54,"turns":6},{"damage":73,"enemies":"The Heart","floor":55,"turns":3}],"seed_played":"-191864284148328189","potions_obtained":[{"floor":1.0,"key":"Fruit Juice"},{"floor":14.0,"key":"Weak Potion"},{"floor":16.0,"key":"PowerPotion"},{"floor":18.0,"key":"ShroomBrew"},{"floor":23.0,"key":"AttackPotion"},{"floor":39.0,"key":"FearPotion"},{"floor":40,"key":"Weak Potion"},{"floor":42,"key":"Regen Potion"},{"floor":46,"key":"SkillPotion"}],"is_trial":false,"path_per_floor":["M","$","?","?","M","E","R","E","T","R","$","R","$","E","R","B",null,"M","?","$","M","?","E","$","R","T","R","T","$","?","M","R","B",null,"M","?","?","M","M","E","R","M","T","E","$","E","M","E","R","B",null,"R","$","E","B"],"character_chosen":"MARISA","items_purchased":["PulseMagic","GrandCross","AsteroidBelt","SimpleLauncher"],"campfire_rested":0,"item_purchase_floors":[2,2,13,45],"current_hp_per_floor":[80,80,69,69,69,69,69,43,43,43,43,43,43,43,43,52,80,80,74,74,74,74,64,79,79,79,79,79,80,80,80,80,49,80,53,53,53,53,53,49,49,27,27,34,49,28,28,22,22,31,87,87,87,39,0,0],"gold":163,"neow_bonus":"THREE_ENEMY_KILL","is_daily":false,"chose_seed":false,"campfire_upgraded":9,"win_rate":0.0,"timestamp":1611646089,"path_taken":["M","$","?","?","M","E","R","E","T","R","$","R","?","E","R","BOSS","M","?","$","M","?","E","$","R","T","R","?","$","?","M","R","BOSS","M","?","?","M","?","E","R","M","T","E","?","E","M","E","R","BOSS","R","$","E","BOSS"],"items_purchased_type":["Card","Card","Card","Relic"],"build_version":"2020-12-22","purchased_purges":4,"victory":false,"max_hp_per_floor":[80,80,80,80,80,80,80,80,80,80,80,80,80,80,80,80,80,80,80,80,80,80,80,80,80,80,80,80,80,80,80,80,80,80,80,80,80,80,80,80,80,80,80,87,87,87,87,87,87,87,87,87,87,87,87,87],"card_choices":[{"not_picked":["DragonMeteor","Robbery"],"picked":"AsteroidBelt","floor":1.0},{"not_picked":["DarkMatter","MeteoricShower","ShootingEcho"],"picked":"SKIP","floor":5.0},{"not_picked":["LuminesStrike","DarkSpark"],"picked":"SporeBomb","floor":6.0},{"not_picked":["WitchOfGreed","MagicAbsorber"],"picked":"MagicChant","floor":8.0},{"not_picked":["BlazeAway","SuperPerseids","Singularity"],"picked":"SKIP","floor":14.0},{"not_picked":["JA","BigCrunch"],"picked":"TreasureHunter","floor":16.0},{"not_picked":["ShootingEcho+1","GravityBeat+1","SporeBomb"],"picked":"SKIP","floor":18.0},{"not_picked":["PowerUp","ShootingEcho","MilkyWay+1"],"picked":"SKIP","floor":21.0},{"not_picked":["StarBarrage","NonDirectionalLaser"],"picked":"ShootTheMoon","floor":23.0},{"not_picked":["EnergyFlow","MilkyWay"],"picked":"Robbery+1","floor":31.0},{"not_picked":["DragonMeteor+1","AsteroidBelt+1"],"picked":"Acceleration+1","floor":35.0},{"not_picked":["OpenUniverse","WitchLeyline+1"],"picked":"OortCloud","floor":38.0},{"not_picked":["GalacticHalo","ShootingEcho+1","MilkyWay+1"],"picked":"SKIP","floor":39.0},{"not_picked":["DoubleSpark+1","WitchOfGreed","OpenUniverse+1"],"picked":"SKIP","floor":40},{"not_picked":["DoubleSpark+1","ShootingEcho+1","ShootTheMoon"],"picked":"SKIP","floor":42},{"not_picked":["PropBag","MilkyWay","AsteroidBelt+1"],"picked":"SKIP","floor":44},{"not_picked":["OneTimeOff","DarkMatter","SatelliteIllusion"],"picked":"SKIP","floor":46},{"not_picked":["GalacticHalo+1","AsteroidBelt"],"picked":"GrandCross+1","floor":47},{"not_picked":["EscapeVelocity","MachineGunSpark+1"],"picked":"EnergyFlow","floor":48},{"not_picked":["DarkMatter","GalacticHalo","WitchLeyline+1"],"picked":"SKIP","floor":54}],"player_experience":375214,"relics_obtained":[{"floor":6.0,"key":"MagicBroom"},{"floor":8.0,"key":"Bag of Preparation"},{"floor":9.0,"key":"Shuriken"},{"floor":14.0,"key":"Pantograph"},{"floor":23.0,"key":"The Courier"},{"floor":23.0,"key":"MealTicket"},{"floor":26.0,"key":"CrazyTorch:ReiMu"},{"floor":28.0,"key":"PureWhite:ReiMu"},{"floor":40,"key":"BreadOfAWashokuLover"},{"floor":40,"key":"Dream Catcher"},{"floor":40,"key":"MawBank"},{"floor":44,"key":"Ornamental Fan"},{"floor":44,"key":"Strawberry"},{"floor":46,"key":"Bronze Scales"},{"floor":46,"key":"Whetstone"},{"floor":48,"key":"Juzu Bracelet"},{"floor":48,"key":"War Paint"},{"floor":54,"key":"Du-Vu Doll"},{"floor":54,"key":"Blood Vial"}],"event_choices":[{"damage_healed":0.0,"max_hp_gain":0.0,"max_hp_loss":0.0,"gold_gain":75.0,"event_name":"World of Goop","player_choice":"Gather Gold","floor":3.0,"gold_loss":0.0,"damage_taken":11.0},{"damage_healed":0.0,"max_hp_gain":0.0,"max_hp_loss":0.0,"gold_gain":0.0,"event_name":"yidonshenshe","player_choice":"»˚«Æ","floor":4.0,"gold_loss":40.0,"damage_taken":0.0,"relics_obtained":["PaintedHorse:ReiMu"]},{"damage_healed":0.0,"max_hp_gain":0.0,"max_hp_loss":0.0,"gold_gain":0.0,"event_name":"Nest","player_choice":"Joined the Cult","floor":19.0,"gold_loss":0.0,"damage_taken":6.0,"cards_obtained":["RitualDagger"]},{"damage_healed":0.0,"max_hp_gain":0.0,"max_hp_loss":0.0,"gold_gain":0.0,"event_name":"Vampires","player_choice":"Ignored","floor":22.0,"gold_loss":0.0,"damage_taken":0.0},{"damage_healed":0.0,"max_hp_gain":0.0,"max_hp_loss":0.0,"gold_gain":0.0,"event_name":"The Mausoleum","player_choice":"Ignored","floor":30.0,"gold_loss":0.0,"damage_taken":0.0},{"damage_healed":0.0,"max_hp_gain":0.0,"max_hp_loss":0.0,"gold_gain":0.0,"event_name":"Tomb of Lord Red Mask","player_choice":"Paid","floor":36.0,"gold_loss":84.0,"damage_taken":0.0,"relics_obtained":["Red Mask"]},{"cards_removed":["Strike_MRS"],"damage_healed":0.0,"max_hp_gain":0.0,"max_hp_loss":0.0,"gold_gain":0.0,"event_name":"Purifier","player_choice":"Purged","floor":37.0,"gold_loss":0.0,"damage_taken":0.0}],"is_beta":false,"boss_relics":[{"not_picked":["Philosopher\u0027s Stone","Velvet Choker"],"picked":"RampagingMagicTools"},{"not_picked":["Pandora\u0027s Box","Tiny House"],"picked":"Black Star"}],"items_purged_floors":[11,20,24,53],"is_endless":false,"potions_floor_spawned":[1,14,16,18,23,33,39,40,42,44,46],"killed_by":"The Heart","ascension_level":4}}