{"host":"bvp2uifzy1c463d9","time":1611677466,"event":{"mods":["BaseMod","Block Reminder","Colored Map","Colored Powertips","Hermit","Highlight Path","Infinite Spire","Minty Spire (QoL Compilation)","Random Character Button","Relic Stats","Replay The Spire","StSLib","The Jungle"],"gold_per_floor":[109,284,296,296,296,315,315,315,340,340,415,447,466,466,479,498,498,498,498],"floor_reached":18,"language":"ENG","playtime":1605,"items_purged":[],"score":133,"play_id":"8c5213d3-c44f-49b7-8292-35e9d40059e1","local_time":"20210126101105","is_ascension_mode":true,"campfire_choices":[{"data":"Neutralize","floor":8.0,"key":"SMITH"},{"floor":10,"key":"REST"}],"circlet_count":0,"master_deck":["Strike_G","Strike_G","Strike_G","Strike_G","Strike_G","Defend_G","Defend_G","Defend_G","Defend_G","Defend_G","Survivor+1","Neutralize+1","Well Laid Plans","Reflex+1","Prepared","Dagger Throw","Flechettes","Noxious Fumes+1","Cloak And Dagger","Dagger Throw+1","ReplayTheSpireMod:Shiv Toss"],"relics":["Ring of the Snake","Spirit Poop","War Paint","Ninja Scroll","Frozen Egg 2"],"acts_visited":["Exordium"],"potions_floor_usage":[16,18,18,18],"damage_taken":[{"damage":5.0,"enemies":"2 Louse","floor":1.0,"turns":5.0},{"damage":9.0,"enemies":"Jaw Worm","floor":3.0,"turns":8.0},{"damage":0.0,"enemies":"Cultist","floor":6.0,"turns":4.0},{"damage":31,"enemies":"3 Sentries","floor":9,"turns":13},{"damage":10,"enemies":"Lagavulin","floor":12,"turns":7},{"damage":17,"enemies":"Exordium Wildlife","floor":13,"turns":3},{"damage":15,"enemies":"Lots of Slimes","floor":15,"turns":4},{"damage":0,"enemies":"2 Fungi Beasts","floor":16,"turns":2},{"damage":31,"enemies":"Slime Boss","floor":18,"turns":8}],"seed_played":"-4422257829778274045","potions_obtained":[{"floor":13,"key":"Explosive Potion"},{"floor":14,"key":"BlessingOfTheForge"},{"floor":14,"key":"Weak Potion"},{"floor":14,"key":"Flashbang"},{"floor":16,"key":"Languid Potion"}],"is_trial":false,"path_per_floor":["M","?","M","PTL","PTL","M","?","R","E","R","T","E","M","?","M","M","R_BF","B"],"character_chosen":"THE_SILENT","items_purchased":[],"campfire_rested":1,"item_purchase_floors":[],"current_hp_per_floor":[65,65,56,56,56,56,56,56,25,46,46,36,19,19,4,4,25,0,0],"gold":498,"neow_bonus":"THREE_CARDS","is_daily":false,"chose_seed":false,"campfire_upgraded":1,"win_rate":0.0,"timestamp":1611677465,"path_taken":["M","?","M","PTL","PTL","M","?","R","E","R","T","E","?","?","?","M","R_BF","BOSS"],"items_purchased_type":[],"build_version":"2020-12-22","purchased_purges":0,"victory":false,"max_hp_per_floor":[70,70,70,70,70,70,70,70,70,70,70,70,70,70,70,70,70,70,70],"relic_stats":{"counters":[9,54],"War Paint":["Survivor","Reflex"],"obtain_stats":[{"Ninja Scroll":11,"Spirit Poop":7,"War Paint":9,"Frozen Egg 2":12,"Ring of the Snake":0},{"Ninja Scroll":4,"Spirit Poop":3,"War Paint":4,"Frozen Egg 2":5,"Ring of the Snake":0},{"Ninja Scroll":30,"Spirit Poop":17,"War Paint":30,"Frozen Egg 2":37,"Ring of the Snake":0}],"Ring of the Snake":[18]},"card_choices":[{"not_picked":["Acrobatics","Dagger Throw"],"picked":"Well Laid Plans","floor":0.0},{"not_picked":["Accuracy","PiercingWail"],"picked":"Reflex","floor":1.0},{"not_picked":["Fluid Movement","Poisoned Stab"],"picked":"Prepared","floor":3.0},{"not_picked":["Acrobatics","Underhanded Strike"],"picked":"Dagger Throw","floor":6.0},{"not_picked":["Prepared","Bouncing Flask"],"picked":"Flechettes","floor":9},{"not_picked":["Slice","Deflect"],"picked":"Noxious Fumes+1","floor":12},{"not_picked":["Finisher","Dagger Spray"],"picked":"Cloak And Dagger","floor":13},{"not_picked":["Dagger Spray","Die Die Die"],"picked":"Dagger Throw","floor":15},{"not_picked":["Hidden Blade","Blade Dance"],"picked":"ReplayTheSpireMod:Shiv Toss","floor":16}],"player_experience":175367,"relics_obtained":[{"floor":9,"key":"War Paint"},{"floor":11,"key":"Ninja Scroll"},{"floor":12,"key":"Frozen Egg 2"}],"event_choices":[{"damage_healed":0.0,"max_hp_gain":0.0,"max_hp_loss":0.0,"gold_gain":175.0,"event_name":"Liars Game","player_choice":"AGREE","floor":2.0,"gold_loss":0.0,"damage_taken":0.0,"cards_obtained":["Doubt"]},{"cards_removed":["Doubt"],"damage_healed":0.0,"max_hp_gain":0.0,"max_hp_loss":0.0,"gold_gain":0.0,"event_name":"Bonfire Elementals","player_choice":"Offered Curse","floor":7.0,"gold_loss":0.0,"damage_taken":0.0,"relics_obtained":["Spirit Poop"]},{"damage_healed":0,"gold_gain":0,"player_choice":"Got Potions","damage_taken":0,"max_hp_gain":0,"max_hp_loss":0,"event_name":"Lab","floor":14,"gold_loss":0}],"is_beta":false,"boss_relics":[],"items_purged_floors":[],"is_endless":false,"potions_floor_spawned":[13,16],"killed_by":"Slime Boss","ascension_level":2}}