{"host":"6jcxerjfmuawfds2","time":1611639577,"event":{"mods":["BaseMod","Infinite Spire","Minty Spire (QoL Compilation)","StSLib"],"gold_per_floor":[368,368,468,145,156,156,170,195,243,268,280,280,11,30,30,128,128,140,239,251,268,23,53,53,69,69,100,116,41,16,16,16,116,116,131,181,181,197,217,249,249,249,302,302,1,34,60,89,89,89],"floor_reached":51,"language":"KOR","playtime":1740,"items_purged":["Writhe","Bash","Strike_R","Strike_R","Defend_R","Double Tap"],"score":1083,"play_id":"b661124b-140a-44d4-b674-fed71d228ea2","local_time":"20210126143937","is_ascension_mode":true,"campfire_choices":[{"data":"Sever Soul","floor":6.0,"key":"SMITH"},{"data":"Dual Wield","floor":15.0,"key":"SMITH"},{"data":"Clash","floor":24.0,"key":"SMITH"},{"floor":32.0,"key":"REST"},{"data":"Rage","floor":41.0,"key":"SMITH"},{"data":"Clash","floor":49,"key":"SMITH"}],"circlet_count":0,"master_deck":["Strike_R","Strike_R","Strike_R","Defend_R+1","Defend_R+1","Clash+1","Sever Soul+1","Rage+1","Clash+1","Battle Trance","Dual Wield+1","infinitespire:Starlight","infinitespire:OneForAll+1","Dark Shackles","Reaper"],"relics":["Cracked Core","infinitespire:Cubic Diamond","Matryoshka","infinitespire:Beetle Shell","Boot","War Paint","Anchor","Membership Card","Runic Cube","Lee\u0027s Waffle","infinitespire:PuzzleCube","infinitespire:WardingShard","Eternal Feather","StrikeDummy","infinitespire:CheckeredPen","Girya","SacredBark","StoneCalendar","infinitespire:Eraser","Orichalcum","Lantern","Pear","Juzu Bracelet","Art of War"],"acts_visited":["Exordium","TheCity","TheBeyond"],"potions_floor_usage":[],"damage_taken":[{"damage":8.0,"enemies":"2 Louse","floor":1.0,"turns":3.0},{"damage":7.0,"enemies":"Jaw Worm","floor":5.0,"turns":3.0},{"damage":0.0,"enemies":"Cultist","floor":7.0,"turns":2.0},{"damage":0.0,"enemies":"Gremlin Nob","floor":8.0,"turns":2.0},{"damage":4.0,"enemies":"3 Sentries","floor":10.0,"turns":7.0},{"damage":0.0,"enemies":"Blue Slaver","floor":11.0,"turns":2.0},{"damage":0.0,"enemies":"Exordium Wildlife","floor":14.0,"turns":2.0},{"damage":13.0,"enemies":"Slime Boss","floor":16.0,"turns":6.0},{"damage":7.0,"enemies":"Shell Parasite","floor":18.0,"turns":4.0},{"damage":17.0,"enemies":"3 Byrds","floor":20.0,"turns":5.0},{"damage":8.0,"enemies":"Shelled Parasite and Fungi","floor":21.0,"turns":6.0},{"damage":40.0,"enemies":"Gremlin Leader","floor":23.0,"turns":9.0},{"damage":0.0,"enemies":"Cultist and Chosen","floor":25.0,"turns":4.0},{"damage":30.0,"enemies":"Slavers","floor":27.0,"turns":7.0},{"damage":4.0,"enemies":"Snecko","floor":28.0,"turns":4.0},{"damage":48.0,"enemies":"Champ","floor":33.0,"turns":7.0},{"damage":16.0,"enemies":"Orb Walker","floor":35.0,"turns":4.0},{"damage":1.0,"enemies":"Mind Bloom Boss Battle","floor":36.0,"turns":3.0},{"damage":7.0,"enemies":"3 Shapes","floor":38.0,"turns":5.0},{"damage":5.0,"enemies":"Sphere and 2 Shapes","floor":39.0,"turns":3.0},{"damage":7.0,"enemies":"Giant Head","floor":40.0,"turns":4.0},{"damage":43,"enemies":"Nemesis","floor":46,"turns":5},{"damage":8,"enemies":"Giant Head","floor":48,"turns":6},{"damage":87,"enemies":"Time Eater","floor":50,"turns":10}],"seed_played":"420018722468694212","potions_obtained":[{"floor":5.0,"key":"SkillPotion"},{"floor":7.0,"key":"PowerPotion"},{"floor":16.0,"key":"Block Potion"},{"floor":21.0,"key":"BlessingOfTheForge"},{"floor":27.0,"key":"Regen Potion"},{"floor":28.0,"key":"Dexterity Potion"},{"floor":33.0,"key":"Strength Potion"},{"floor":35.0,"key":"FearPotion"},{"floor":36.0,"key":"Explosive Potion"}],"is_trial":false,"path_per_floor":["M","?","?","$","M","R","M","E","T","E","M","?","$","M","R","B",null,"M","?","M","M","$","E","R","M","T","E","M","?","$","AVR","R","B",null,"M","?","AVR","M","M","E","R","?","T","?","$","E","T","E","R","B",null],"character_chosen":"IRONCLAD","items_purchased":["Matryoshka","Membership Card","Clash","Battle Trance","BlessingOfTheForge","Lee\u0027s Waffle","infinitespire:PuzzleCube","DuplicationPotion","PowerPotion","Reaper","Lantern","FairyPotion","BloodPotion"],"campfire_rested":1,"item_purchase_floors":[4,13,13,13,13,22,22,22,30,45,45,45,45],"current_hp_per_floor":[70,70,70,70,63,63,63,63,63,59,59,64,64,64,64,51,77,70,70,53,45,92,52,52,52,52,22,27,27,27,27,60,22,75,69,78,78,81,86,88,92,92,92,87,87,54,54,56,65,82],"gold":89,"neow_bonus":"TWO_FIFTY_GOLD","is_daily":false,"chose_seed":false,"campfire_upgraded":5,"win_rate":0.0,"timestamp":1611639577,"path_taken":["M","?","?","$","?","R","M","E","T","E","M","?","$","M","R","BOSS","M","?","M","M","$","E","R","M","T","E","M","?","?","AVR","R","BOSS","M","?","AVR","M","M","E","R","?","T","?","$","E","?","E","R","BOSS"],"items_purchased_type":["Relic","Relic","Card","Card","Potion","Relic","Relic","Potion","Potion","Card","Relic","Potion","Potion"],"build_version":"2020-12-22","purchased_purges":6,"victory":true,"max_hp_per_floor":[80,80,80,80,80,80,80,80,80,80,80,85,85,85,85,85,85,85,85,85,85,92,92,92,92,92,92,92,92,92,92,92,92,92,92,92,92,92,92,92,92,92,92,87,87,97,97,97,97,97],"card_choices":[{"not_picked":["Searing Blow","Carnage"],"picked":"Clash","floor":1.0},{"not_picked":["Dark Embrace","Dual Wield"],"picked":"Sever Soul","floor":5.0},{"not_picked":["Cleave","Searing Blow","Dropkick"],"picked":"SKIP","floor":7.0},{"not_picked":["Thunderclap","Whirlwind","Clothesline"],"picked":"SKIP","floor":8.0},{"not_picked":["Pummel","Heavy Blade","Flex"],"picked":"SKIP","floor":10.0},{"not_picked":["True Grit","Heavy Blade"],"picked":"Rage","floor":11.0},{"not_picked":["True Grit","Flame Barrier"],"picked":"Dual Wield","floor":14.0},{"not_picked":["Fiend Fire","Berserk"],"picked":"Double Tap","floor":16.0},{"not_picked":["Metallicize","Pommel Strike+1","Reckless Charge"],"picked":"SKIP","floor":18.0},{"not_picked":["Armaments","Flex","Havoc"],"picked":"SKIP","floor":20.0},{"not_picked":["Anger+1","Clothesline+1","Spot Weakness"],"picked":"SKIP","floor":21.0},{"not_picked":["Perfected Strike","Sword Boomerang","Twin Strike"],"picked":"SKIP","floor":23.0},{"not_picked":["Thunderclap","Havoc+1","Sword Boomerang"],"picked":"SKIP","floor":25.0},{"not_picked":["Dual Wield","Juggernaut","Thunderclap+1"],"picked":"SKIP","floor":27.0},{"not_picked":["Sever Soul","Body Slam","Battle Trance+1"],"picked":"SKIP","floor":28.0},{"not_picked":["Havoc+1","Battle Trance+1","Sword Boomerang+1"],"picked":"SKIP","floor":35.0},{"not_picked":["Armaments+1","Pommel Strike+1","Entrench"],"picked":"SKIP","floor":38.0},{"not_picked":["Power Through","Clothesline","Heavy Blade+1"],"picked":"SKIP","floor":39.0},{"not_picked":["Sword Boomerang","Sentinel"],"picked":"infinitespire:OneForAll+1","floor":40.0},{"not_picked":["Discovery","Jack Of All Trades"],"picked":"Dark Shackles","floor":42.0},{"not_picked":["Brutality","Flex+1","Armaments"],"picked":"SKIP","floor":46},{"not_picked":["Brutality","Flex+1","Armaments"],"picked":"SKIP","floor":46},{"not_picked":["True Grit","Offering","Wild Strike+1"],"picked":"SKIP","floor":48}],"player_experience":255061,"relics_obtained":[{"floor":8.0,"key":"infinitespire:Beetle Shell"},{"floor":9.0,"key":"Boot"},{"floor":9.0,"key":"War Paint"},{"floor":10.0,"key":"Anchor"},{"floor":23.0,"key":"infinitespire:WardingShard"},{"floor":26.0,"key":"Eternal Feather"},{"floor":26.0,"key":"StrikeDummy"},{"floor":27.0,"key":"infinitespire:CheckeredPen"},{"floor":36.0,"key":"StoneCalendar"},{"floor":40.0,"key":"infinitespire:Eraser"},{"floor":43.0,"key":"Orichalcum"},{"floor":46,"key":"Pear"},{"floor":47,"key":"Juzu Bracelet"},{"floor":48,"key":"Art of War"}],"event_choices":[{"damage_healed":0.0,"max_hp_gain":0.0,"max_hp_loss":0.0,"gold_gain":100.0,"event_name":"Golden Shrine","player_choice":"Pray","floor":3.0,"gold_loss":0.0,"damage_taken":0.0},{"damage_healed":0.0,"max_hp_gain":5.0,"max_hp_loss":0.0,"gold_gain":0.0,"event_name":"Big Fish","player_choice":"Donut","floor":12.0,"gold_loss":0.0,"damage_taken":0.0},{"damage_healed":0.0,"max_hp_gain":0.0,"max_hp_loss":0.0,"gold_gain":99.0,"event_name":"Nest","player_choice":"Stole From Cult","floor":19.0,"gold_loss":0.0,"damage_taken":0.0},{"cards_removed":["Defend_R"],"damage_healed":0.0,"max_hp_gain":0.0,"max_hp_loss":0.0,"gold_gain":0.0,"event_name":"Beggar","player_choice":"Gave Gold","floor":29.0,"gold_loss":75.0,"damage_taken":0.0},{"damage_healed":0.0,"max_hp_gain":0.0,"max_hp_loss":0.0,"gold_gain":0.0,"event_name":"MindBloom","player_choice":"Fight","floor":36.0,"gold_loss":0.0,"damage_taken":0.0},{"damage_healed":0.0,"max_hp_gain":0.0,"max_hp_loss":0.0,"gold_gain":0.0,"event_name":"SensoryStone","player_choice":"Memory 1","floor":42.0,"gold_loss":0.0,"damage_taken":0.0},{"damage_healed":0.0,"max_hp_gain":0.0,"max_hp_loss":5.0,"gold_gain":0.0,"event_name":"Winding Halls","player_choice":"Max HP","floor":44.0,"gold_loss":0.0,"damage_taken":0.0}],"is_beta":false,"boss_relics":[{"not_picked":["Sozu","Velvet Choker"],"picked":"Runic Cube"},{"not_picked":["Fusion Hammer","Runic Dome"],"picked":"SacredBark"}],"items_purged_floors":[4,13,22,31,37,45],"is_endless":false,"potions_floor_spawned":[5,7,16,21,27,28,33,35,36,39],"ascension_level":6}}