{"host":"scy0o1xotfn36lpl","time":1611632667,"event":{"mods":["AchievementEnabler","Aspiration","BaseMod","Better Altar","Better Note","Better Sensory Stone","Better Skull","Better Third Choice","Colored Map","Curses Come First","Downfall","GifTheSpireLib","Googly Eyes","Highlight Path","Minty Spire (QoL Compilation)","Permanent Neow","Spicy Shops","StSLib","everything is the same but u backflip on backflip"],"gold_per_floor":[114,132,147,166,184,214,226,49,117,117,135,148,177,177,177,177,177],"floor_reached":16,"language":"ENG","playtime":1231,"items_purged":["Normality"],"score":116,"play_id":"a3376bb5-1d2c-46b7-bbee-51118fd05ee2","local_time":"20210125194427","is_ascension_mode":false,"campfire_choices":[{"data":"Eruption","floor":10,"key":"SMITH"},{"floor":15,"key":"REST"}],"circlet_count":0,"master_deck":["Strike_P","Strike_P","Strike_P","Strike_P","Defend_P","Defend_P","Defend_P","Defend_P","Eruption+1","Vigilance","BattleHymn","CutThroughFate","FlurryOfBlows","InnerPeace","FearNoEvil","FollowUp","Injury"],"relics":["PureWater","NeowsBlessing","aspiration:Lifesprig","Membership Card","Juzu Bracelet","Pear","Molten Egg 2","Toxic Egg 2"],"acts_visited":["Exordium"],"potions_floor_usage":[4,4,7,16,16],"damage_taken":[{"damage":0,"enemies":"Cultist","floor":1,"turns":1},{"damage":0,"enemies":"2 Louse","floor":2,"turns":1},{"damage":0,"enemies":"Jaw Worm","floor":3,"turns":1},{"damage":12,"enemies":"Blue Slaver","floor":4,"turns":2},{"damage":0,"enemies":"2 Fungi Beasts","floor":5,"turns":3},{"damage":16,"enemies":"Lagavulin","floor":6,"turns":7},{"damage":3,"enemies":"Gremlin Gang","floor":7,"turns":4},{"damage":0,"enemies":"3 Louse","floor":11,"turns":2},{"damage":10,"enemies":"Lots of Slimes","floor":12,"turns":2},{"damage":14,"enemies":"3 Sentries","floor":13,"turns":4},{"damage":44,"enemies":"The Guardian","floor":16,"turns":8}],"seed_played":"-1373726031968209525","potions_obtained":[{"floor":1,"key":"Block Potion"},{"floor":3,"key":"sneckomod:MuddlingPotion"},{"floor":5,"key":"LiquidBronze"},{"floor":6,"key":"Energy Potion"},{"floor":13,"key":"Fire Potion"}],"is_trial":false,"path_per_floor":["M","M","M","M","M","E","M","$","T","R","M","M","E","?","R","B"],"character_chosen":"WATCHER","items_purchased":["Membership Card","Juzu Bracelet"],"campfire_rested":1,"item_purchase_floors":[8,8],"current_hp_per_floor":[72,72,72,60,60,44,41,41,51,51,51,41,27,27,51,7,7],"gold":177,"neow_bonus":"THREE_ENEMY_KILL","is_daily":false,"chose_seed":false,"campfire_upgraded":1,"win_rate":0.0,"timestamp":1611632667,"path_taken":["M","M","M","M","M","E","M","$","T","R","M","M","E","?","R","BOSS"],"items_purchased_type":["Relic","Relic"],"build_version":"2020-12-22","purchased_purges":1,"victory":false,"max_hp_per_floor":[72,72,72,72,72,72,72,72,82,82,82,82,82,82,82,82,82],"card_choices":[{"not_picked":["PathToVictory","DeceiveReality"],"picked":"BattleHymn","floor":1},{"not_picked":["ThirdEye","Prostrate"],"picked":"CutThroughFate","floor":2},{"not_picked":["WreathOfFlame","FollowUp"],"picked":"FlurryOfBlows","floor":3},{"not_picked":["ClearTheMind","Pray"],"picked":"InnerPeace","floor":4},{"not_picked":["Protect","Study","WreathOfFlame"],"picked":"SKIP","floor":5},{"not_picked":["Study","WindmillStrike","SashWhip"],"picked":"SKIP","floor":6},{"not_picked":["SignatureMove","Nirvana"],"picked":"FearNoEvil","floor":7},{"not_picked":["SashWhip","Worship","Indignation"],"picked":"SKIP","floor":11},{"not_picked":["FlyingSleeves","FearNoEvil"],"picked":"FollowUp","floor":12},{"not_picked":["Worship","EmptyBody","Protect"],"picked":"SKIP","floor":13}],"player_experience":56258,"relics_obtained":[{"floor":6,"key":"aspiration:Lifesprig"},{"floor":9,"key":"Pear"},{"floor":13,"key":"Molten Egg 2"}],"event_choices":[],"is_beta":false,"boss_relics":[],"items_purged_floors":[8],"is_endless":false,"potions_floor_spawned":[1,3,5,6,13],"killed_by":"The Guardian","ascension_level":0}}