{"host":"xmrw7jl1ir2912vf","time":1611627075,"event":{"mods":["BaseMod","Minty Spire (QoL Compilation)","Relic Stats"],"gold_per_floor":[117,129,129,143,68,68,100,114,190,190,214,42,42,60,60,134,134,151,151,10,29,29,29,29,29,29],"floor_reached":25,"language":"ENG","playtime":925,"items_purged":["Strike_R","Strike_R"],"score":388,"play_id":"2bd56c84-b6c4-4575-85be-6e35917a6fca","local_time":"20210125211115","is_ascension_mode":true,"campfire_choices":[{"data":"Bash","floor":6,"key":"SMITH"},{"data":"Entrench","floor":10,"key":"SMITH"},{"floor":13,"key":"REST"},{"data":"Body Slam","floor":15,"key":"SMITH"},{"data":"Flame Barrier","floor":23,"key":"SMITH"}],"circlet_count":0,"master_deck":["AscendersBane","Strike_R","Strike_R","Defend_R","Defend_R","Defend_R","Defend_R","Bash+1","Sword Boomerang","Pummel","Entrench+1","Battle Trance","Shrug It Off","Body Slam+1","Double Tap","Metallicize","Flame Barrier+1"],"relics":["Burning Blood","Calipers","Blue Candle","Pen Nib","Bronze Scales","Coffee Dripper"],"acts_visited":["Exordium","TheCity"],"potions_floor_usage":[7,16,16],"damage_taken":[{"damage":12,"enemies":"Cultist","floor":1,"turns":4},{"damage":9,"enemies":"Jaw Worm","floor":2,"turns":4},{"damage":7,"enemies":"Small Slimes","floor":4,"turns":3},{"damage":40,"enemies":"3 Sentries","floor":7,"turns":8},{"damage":25,"enemies":"2 Fungi Beasts","floor":8,"turns":6},{"damage":4,"enemies":"Looter","floor":14,"turns":3},{"damage":21,"enemies":"The Guardian","floor":16,"turns":11},{"damage":33,"enemies":"Shell Parasite","floor":18,"turns":5},{"damage":18,"enemies":"Chosen","floor":21,"turns":4},{"damage":39,"enemies":"Gremlin Leader","floor":25,"turns":4}],"seed_played":"-2469815091140445952","potions_obtained":[{"floor":2,"key":"CultistPotion"},{"floor":7,"key":"HeartOfIron"},{"floor":14,"key":"SteroidPotion"},{"floor":18,"key":"SpeedPotion"}],"is_trial":false,"path_per_floor":["M","M","T","M","$","R","E","M","T","R","T","$","R","M","R","B",null,"M","?","$","M","$","R","$","E"],"character_chosen":"IRONCLAD","items_purchased":["Bronze Scales","Flame Barrier"],"campfire_rested":1,"item_purchase_floors":[12,20],"current_hp_per_floor":[69,66,66,65,65,65,31,12,12,12,12,12,36,38,38,23,67,40,40,40,28,28,28,28,0,0],"gold":29,"neow_bonus":"TEN_PERCENT_HP_BONUS","is_daily":false,"chose_seed":false,"campfire_upgraded":4,"win_rate":0.0,"timestamp":1611627075,"path_taken":["M","M","?","M","$","R","E","M","T","R","?","$","R","M","R","BOSS","M","?","?","M","$","R","$","E"],"items_purchased_type":["Relic","Card"],"build_version":"2020-12-22","purchased_purges":2,"victory":false,"max_hp_per_floor":[82,82,82,82,82,82,82,82,82,82,82,82,82,82,82,82,82,82,82,82,82,82,82,82,82,82],"relic_stats":{"counters":[10,52],"Blue Candle":[0],"Bronze Scales":[92],"Pen Nib":[4],"obtain_stats":[{"Calipers":3,"Blue Candle":7,"Bronze Scales":12,"Pen Nib":11,"Coffee Dripper":17,"Burning Blood":0},{"Calipers":2,"Blue Candle":4,"Bronze Scales":5,"Pen Nib":5,"Coffee Dripper":7,"Burning Blood":0},{"Calipers":8,"Blue Candle":19,"Bronze Scales":25,"Pen Nib":25,"Coffee Dripper":39,"Burning Blood":0}],"Burning Blood":54},"card_choices":[{"not_picked":["Clothesline","Anger"],"picked":"Sword Boomerang","floor":1},{"not_picked":["Ghostly Armor","Havoc"],"picked":"Pummel","floor":2},{"not_picked":["Thunderclap","Dark Embrace"],"picked":"Entrench","floor":4},{"not_picked":["Wild Strike","Thunderclap"],"picked":"Battle Trance","floor":7},{"not_picked":["Limit Break","Twin Strike"],"picked":"Shrug It Off","floor":8},{"not_picked":["Dark Embrace","Headbutt"],"picked":"Body Slam","floor":14},{"not_picked":["Reaper","Fiend Fire"],"picked":"Double Tap","floor":16},{"not_picked":["Dual Wield","Perfected Strike","Heavy Blade"],"picked":"SKIP","floor":18},{"not_picked":["Anger","Thunderclap","Rampage"],"picked":"SKIP","floor":21}],"player_experience":467638,"relics_obtained":[{"floor":3,"key":"Calipers"},{"floor":7,"key":"Blue Candle"},{"floor":11,"key":"Pen Nib"}],"event_choices":[{"damage_healed":0,"gold_gain":0,"cards_transformed":["Strike_R"],"player_choice":"Transformed","damage_taken":0,"max_hp_gain":0,"max_hp_loss":0,"event_name":"Transmorgrifier","floor":19,"gold_loss":0,"cards_obtained":["Metallicize"]}],"is_beta":false,"boss_relics":[{"not_picked":["Runic Dome","Empty Cage"],"picked":"Coffee Dripper"}],"items_purged_floors":[5,20],"is_endless":false,"potions_floor_spawned":[2,7,14,18],"killed_by":"Gremlin Leader","ascension_level":19}}