{"host":"e4hse1vg61zltgzv","time":1611667744,"event":{"mods":["AchievementEnabler","BaseMod","Block Reminder","Colored Map","DeckTracker","GifTheSpireLib","Minty Spire (QoL Compilation)","Rare Cards Sparkle","StSLib","SuperFastMode","The Poker Player","everything is the same but u backflip on backflip"],"gold_per_floor":[30,61,120,45,81,95,153,153,179,179,237,237,328,386,386,386,386],"floor_reached":16,"language":"KOR","playtime":439,"items_purged":["Defend_R"],"score":228,"play_id":"4635622f-62c7-48a9-a1b6-574a78f19cc7","local_time":"20210126222904","is_ascension_mode":true,"campfire_choices":[{"data":"HandOfGreed","floor":10,"key":"SMITH"},{"floor":12,"key":"REST"},{"data":"Flame Barrier","floor":15,"key":"SMITH"}],"circlet_count":0,"master_deck":["AscendersBane","Strike_R","Strike_R","Strike_R","Strike_R","Strike_R","Defend_R","Defend_R","Defend_R","Bash","HandOfGreed+1","Flame Barrier+1","Ghostly Armor","Shrug It Off","Bludgeon","Shockwave","Blood for Blood","Battle Trance"],"relics":["Burning Blood","The Courier","Potion Belt","Nunchaku","Toy Ornithopter"],"acts_visited":["Exordium"],"potions_floor_usage":[6,11,14],"damage_taken":[{"damage":7.0,"enemies":"Cultist","floor":1.0,"turns":4.0},{"damage":7.0,"enemies":"Jaw Worm","floor":2.0,"turns":6.0},{"damage":12.0,"enemies":"2 Louse","floor":3.0,"turns":7.0},{"damage":8.0,"enemies":"Blue Slaver","floor":5.0,"turns":4.0},{"damage":0,"enemies":"Looter","floor":6,"turns":4},{"damage":30,"enemies":"Large Slime","floor":7,"turns":8},{"damage":29,"enemies":"Gremlin Nob","floor":11,"turns":5},{"damage":9,"enemies":"3 Louse","floor":13,"turns":8},{"damage":9,"enemies":"Lagavulin","floor":14,"turns":7},{"damage":34,"enemies":"Hexaghost","floor":16,"turns":7}],"seed_played":"1315569866447878611","potions_obtained":[{"floor":2.0,"key":"LiquidBronze"},{"floor":3.0,"key":"SmokeBomb"},{"floor":7,"key":"Ancient Potion"},{"floor":13,"key":"HeartOfIron"}],"is_trial":false,"path_per_floor":["M","M","M","$","M","M","M","?","T","R","E","R","M","E","R","B"],"character_chosen":"IRONCLAD","items_purchased":[],"campfire_rested":1,"item_purchase_floors":[],"current_hp_per_floor":[67,66,60,60,58,64,40,35,35,35,12,34,31,28,28,0,0],"gold":386,"neow_bonus":"RANDOM_COLORLESS_2","is_daily":false,"chose_seed":false,"campfire_upgraded":2,"win_rate":0.0,"timestamp":1611667744,"path_taken":["M","M","M","$","M","M","M","?","T","R","E","R","M","E","R","BOSS"],"items_purchased_type":[],"build_version":"2020-12-22","purchased_purges":1,"victory":false,"max_hp_per_floor":[75,75,75,75,75,75,75,75,75,75,75,75,75,75,75,75,75],"card_choices":[{"not_picked":["Chrysalis","Transmutation"],"picked":"HandOfGreed","floor":0.0},{"not_picked":["Headbutt","Clash"],"picked":"Flame Barrier","floor":1.0},{"not_picked":["Flex","Warcry"],"picked":"Ghostly Armor","floor":2.0},{"not_picked":["Twin Strike","Flex"],"picked":"Shrug It Off","floor":3.0},{"not_picked":["Thunderclap","Whirlwind"],"picked":"Bludgeon","floor":5.0},{"not_picked":["Flex","Iron Wave"],"picked":"Shockwave","floor":6},{"not_picked":["Cleave","Entrench","Shrug It Off"],"picked":"SKIP","floor":7},{"not_picked":["Thunderclap","Sever Soul","Entrench"],"picked":"SKIP","floor":11},{"not_picked":["Sword Boomerang","Intimidate"],"picked":"Blood for Blood","floor":13},{"not_picked":["Anger","Flex"],"picked":"Battle Trance","floor":14}],"player_experience":814448,"relics_obtained":[{"floor":9,"key":"Potion Belt"},{"floor":11,"key":"Nunchaku"},{"floor":14,"key":"Toy Ornithopter"}],"event_choices":[{"damage_healed":0,"gold_gain":0,"player_choice":"Success","damage_taken":5,"relics_obtained":["The Courier"],"max_hp_gain":0,"max_hp_loss":0,"event_name":"Scrap Ooze","floor":8,"gold_loss":0}],"is_beta":false,"boss_relics":[],"items_purged_floors":[4],"is_endless":false,"potions_floor_spawned":[2,3,7,13],"killed_by":"Hexaghost","ascension_level":20}}