{"host":"¹Ëziping","time":1611640958,"event":{"mods":["BaseMod","Minty Spire (QoL Compilation)","StSLib"],"gold_per_floor":[119,138,152,152,166,201,219,76,102,102,128,128,144,144,144,248,248,267,18,18,52,66,96,96,107,159,159,489,129,44,44,44,145,145,155,174,24,44,44,73,73,73,73,92,142,170,183,218,218,218],"floor_reached":51,"language":"ZHS","playtime":1625,"items_purged":["Strike_R","Strike_R","Strike_R","Strike_R"],"score":1366,"play_id":"9836dabb-5c2f-4da7-a040-0595ccaa8e77","local_time":"20210126140238","is_ascension_mode":true,"campfire_choices":[{"data":"Carnage","floor":10.0,"key":"SMITH"},{"data":"Bash","floor":12.0,"key":"SMITH"},{"data":"Fiend Fire","floor":15.0,"key":"SMITH"},{"data":"Double Tap","floor":24.0,"key":"SMITH"},{"data":"Demon Form","floor":27.0,"key":"SMITH"},{"floor":32.0,"key":"REST"},{"floor":41.0,"key":"REST"},{"floor":49.0,"key":"REST"}],"circlet_count":0,"master_deck":["AscendersBane","Strike_R","Defend_R","Defend_R","Defend_R","Bash+1","Carnage+1","Fiend Fire+1","Carnage+1","Shrug It Off","Demon Form+1","Disarm","Double Tap+1","Flame Barrier","Whirlwind","Demon Form+1","Bludgeon","Evolve","Barricade","Impervious","Bludgeon"],"relics":["Snecko Eye","Potion Belt","Bag of Preparation","Blood Vial","Mark of Pain","Medical Kit","Red Mask","Bronze Scales","Pen Nib","Old Coin","Bag of Marbles","Letter Opener","Fusion Hammer","Eternal Feather","HornCleat","Magic Flower","Paper Frog","Incense Burner"],"acts_visited":["Exordium","TheCity","TheBeyond"],"potions_floor_usage":[50,50,50],"damage_taken":[{"damage":1.0,"enemies":"Cultist","floor":1.0,"turns":3.0},{"damage":12.0,"enemies":"Small Slimes","floor":2.0,"turns":2.0},{"damage":3.0,"enemies":"2 Louse","floor":3.0,"turns":2.0},{"damage":4.0,"enemies":"Lots of Slimes","floor":5.0,"turns":3.0},{"damage":35.0,"enemies":"Lagavulin","floor":6.0,"turns":4.0},{"damage":4.0,"enemies":"2 Fungi Beasts","floor":7.0,"turns":3.0},{"damage":0.0,"enemies":"Gremlin Nob","floor":11.0,"turns":2.0},{"damage":0.0,"enemies":"Looter","floor":13.0,"turns":1.0},{"damage":19.0,"enemies":"The Guardian","floor":16.0,"turns":5.0},{"damage":22.0,"enemies":"2 Thieves","floor":18.0,"turns":3.0},{"damage":2.0,"enemies":"Masked Bandits","floor":21.0,"turns":3.0},{"damage":1.0,"enemies":"Chosen","floor":22.0,"turns":2.0},{"damage":0.0,"enemies":"Book of Stabbing","floor":23.0,"turns":2.0},{"damage":0.0,"enemies":"Snecko","floor":25.0,"turns":2.0},{"damage":53.0,"enemies":"Gremlin Leader","floor":28.0,"turns":3.0},{"damage":10.0,"enemies":"Champ","floor":33.0,"turns":4.0},{"damage":2.0,"enemies":"3 Shapes","floor":35.0,"turns":3.0},{"damage":0.0,"enemies":"3 Darklings","floor":36.0,"turns":1.0},{"damage":9.0,"enemies":"Writhing Mass","floor":38.0,"turns":2.0},{"damage":4.0,"enemies":"Nemesis","floor":40.0,"turns":3.0},{"damage":0.0,"enemies":"Transient","floor":44.0,"turns":5.0},{"damage":0.0,"enemies":"Mind Bloom Boss Battle","floor":45.0,"turns":2.0},{"damage":9.0,"enemies":"Giant Head","floor":46.0,"turns":4.0},{"damage":6.0,"enemies":"Sphere and 2 Shapes","floor":47.0,"turns":3.0},{"damage":0.0,"enemies":"Reptomancer","floor":48.0,"turns":1.0},{"damage":26,"enemies":"Time Eater","floor":50,"turns":4}],"seed_played":"-5843613414179082697","potions_obtained":[{"floor":1.0,"key":"ColorlessPotion"},{"floor":5.0,"key":"BloodPotion"},{"floor":13.0,"key":"Fruit Juice"},{"floor":18.0,"key":"LiquidMemories"},{"floor":23.0,"key":"ElixirPotion"},{"floor":25.0,"key":"Swift Potion"},{"floor":28.0,"key":"Weak Potion"},{"floor":38.0,"key":"Strength Potion"},{"floor":47.0,"key":"DistilledChaos"}],"is_trial":false,"path_per_floor":["M","M","M","?","M","E","M","$","T","R","E","R","M","?","R","B",null,"M","$","$","?","M","E","R","M","T","R","E","$","?","?","R","B",null,"M","M","$","M","?","E","R","?","T","M","?","E","M","E","R","B",null],"character_chosen":"IRONCLAD","items_purchased":["Carnage","Medical Kit","Whirlwind","Bag of Marbles"],"campfire_rested":3,"item_purchase_floors":[8,19,29,29],"current_hp_per_floor":[71,59,56,56,52,17,29,29,29,29,29,29,36,41,41,24,70,50,50,50,50,51,53,53,55,55,55,4,4,4,4,29,21,69,69,71,71,64,64,62,85,81,81,81,81,72,69,72,81,55],"gold":218,"neow_bonus":"BOSS_RELIC","is_daily":false,"chose_seed":false,"campfire_upgraded":5,"win_rate":0.0,"timestamp":1611640958,"path_taken":["M","?","?","?","M","E","M","$","T","R","E","R","?","?","R","BOSS","M","?","$","?","M","E","R","M","T","R","E","$","?","?","R","BOSS","M","?","$","M","?","E","R","?","T","M","?","E","?","E","R","BOSS"],"items_purchased_type":["Card","Relic","Card","Relic"],"build_version":"2020-12-18","purchased_purges":4,"victory":true,"max_hp_per_floor":[80,80,80,80,80,80,80,80,80,80,80,80,85,85,85,85,85,85,85,85,85,85,85,85,85,85,85,85,85,85,85,85,85,85,85,85,85,85,85,85,85,81,81,81,81,81,81,81,81,81],"card_choices":[{"not_picked":["Intimidate","Havoc"],"picked":"Carnage","floor":1.0},{"not_picked":["Cleave","Perfected Strike","Clothesline"],"picked":"SKIP","floor":2.0},{"not_picked":["Clothesline","Fire Breathing"],"picked":"Heavy Blade","floor":3.0},{"not_picked":["Headbutt","Pummel","Intimidate"],"picked":"SKIP","floor":5.0},{"not_picked":["Warcry","Dropkick","Intimidate"],"picked":"SKIP","floor":6.0},{"not_picked":["Headbutt","Perfected Strike"],"picked":"Fiend Fire","floor":7.0},{"not_picked":["Power Through","Uppercut","Sentinel"],"picked":"SKIP","floor":11.0},{"not_picked":["Wild Strike","Body Slam"],"picked":"Shrug It Off","floor":13.0},{"not_picked":["Barricade","Brutality"],"picked":"Demon Form","floor":16.0},{"not_picked":["Rupture","Reckless Charge"],"picked":"Disarm","floor":18.0},{"not_picked":["Second Wind","Pummel","Cleave"],"picked":"SKIP","floor":22.0},{"not_picked":["Heavy Blade","Wild Strike"],"picked":"Double Tap","floor":23.0},{"not_picked":["Pommel Strike","Warcry+1","Thunderclap+1"],"picked":"SKIP","floor":25.0},{"not_picked":["Carnage","Infernal Blade+1","Flame Barrier"],"picked":"SKIP","floor":28.0},{"not_picked":["Carnage","Infernal Blade+1"],"picked":"Flame Barrier","floor":28.0},{"not_picked":["Exhume","Juggernaut"],"picked":"Bludgeon","floor":33.0},{"not_picked":["Armaments+1","Flame Barrier","Sever Soul"],"picked":"SKIP","floor":35.0},{"not_picked":["Havoc","Second Wind+1","Wild Strike+1"],"picked":"SKIP","floor":36.0},{"not_picked":["Shrug It Off+1","Metallicize+1"],"picked":"Evolve","floor":38.0},{"not_picked":["Clash","Sentinel"],"picked":"Barricade","floor":40.0},{"not_picked":["Dual Wield+1","Inflame","Perfected Strike+1"],"picked":"SKIP","floor":44.0},{"not_picked":["Headbutt+1","Seeing Red+1"],"picked":"Impervious","floor":46.0},{"not_picked":["Carnage+1","Heavy Blade+1","Infernal Blade+1"],"picked":"SKIP","floor":47.0},{"not_picked":["Shrug It Off+1","Armaments"],"picked":"Bludgeon","floor":48.0}],"player_experience":483703,"relics_obtained":[{"floor":6.0,"key":"Potion Belt"},{"floor":9.0,"key":"Bag of Preparation"},{"floor":11.0,"key":"Blood Vial"},{"floor":21.0,"key":"Red Mask"},{"floor":23.0,"key":"Bronze Scales"},{"floor":26.0,"key":"Pen Nib"},{"floor":28.0,"key":"Old Coin"},{"floor":40.0,"key":"Eternal Feather"},{"floor":43.0,"key":"HornCleat"},{"floor":45.0,"key":"Magic Flower"},{"floor":46.0,"key":"Paper Frog"},{"floor":48.0,"key":"Incense Burner"}],"event_choices":[{"damage_healed":0.0,"max_hp_gain":0.0,"max_hp_loss":0.0,"gold_gain":0.0,"event_name":"Accursed Blacksmith","player_choice":"Forge","floor":4.0,"gold_loss":0.0,"damage_taken":0.0,"cards_upgraded":["Carnage"]},{"cards_removed":["Heavy Blade"],"damage_healed":5.0,"max_hp_gain":0.0,"max_hp_loss":0.0,"gold_gain":0.0,"event_name":"Bonfire Elementals","player_choice":"Offered Common","floor":14.0,"gold_loss":0.0,"damage_taken":0.0},{"cards_removed":["Heavy Blade"],"damage_healed":5.0,"max_hp_gain":0.0,"max_hp_loss":0.0,"gold_gain":0.0,"event_name":"Bonfire Elementals","player_choice":"Offered Special","floor":14.0,"gold_loss":0.0,"damage_taken":0.0},{"damage_healed":0.0,"max_hp_gain":0.0,"max_hp_loss":0.0,"gold_gain":0.0,"event_name":"Masked Bandits","player_choice":"Fought Bandits","floor":21.0,"gold_loss":0.0,"damage_taken":0.0},{"damage_healed":0.0,"max_hp_gain":0.0,"max_hp_loss":0.0,"gold_gain":0.0,"event_name":"Addict","player_choice":"Obtained Relic","floor":30.0,"gold_loss":85.0,"damage_taken":0.0,"relics_obtained":["Letter Opener"]},{"damage_healed":0.0,"max_hp_gain":0.0,"max_hp_loss":0.0,"gold_gain":0.0,"event_name":"Duplicator","player_choice":"Copied","floor":31.0,"gold_loss":0.0,"damage_taken":0.0,"cards_obtained":["Demon Form"]},{"cards_removed":["Defend_R"],"damage_healed":0.0,"max_hp_gain":0.0,"max_hp_loss":0.0,"gold_gain":0.0,"event_name":"Falling","player_choice":"Removed Skill","floor":39.0,"gold_loss":0.0,"damage_taken":0.0},{"damage_healed":0.0,"max_hp_gain":0.0,"max_hp_loss":4.0,"gold_gain":0.0,"event_name":"Winding Halls","player_choice":"Max HP","floor":42.0,"gold_loss":0.0,"damage_taken":0.0},{"damage_healed":0.0,"max_hp_gain":0.0,"max_hp_loss":0.0,"gold_gain":0.0,"event_name":"MindBloom","player_choice":"Fight","floor":45.0,"gold_loss":0.0,"damage_taken":0.0}],"is_beta":true,"boss_relics":[{"not_picked":["Ectoplasm","Cursed Key"],"picked":"Mark of Pain"},{"not_picked":["Coffee Dripper","Pandora\u0027s Box"],"picked":"Fusion Hammer"}],"items_purged_floors":[8,19,29,37],"is_endless":false,"potions_floor_spawned":[1,5,13,18,23,25,28,38,47,48],"ascension_level":11}}