{"host":"1qxljlv0g0hslid3","time":1611631357,"event":{"mods":["2.2 Compatiblity","AchievementEnabler","Act Like it!","Astrologer","BaseMod","Beaked The Cultist","BetterRewards","Clawfect","Conspire","Custom Start","Dio Mod","Elementarium","Energized Spire","Gensokyo","GungeonMod","Hallownest","Hermit","Hero for Fun","Hubris","Infinite Spire","Jorbs\u0027s Wanderer Trilogy","LagranYue(???·?)","Lobotomy","LobotomyExtend","Magitek Elite","Marisa????????","Minty Spire (QoL Compilation)","Prisma Mod","Random Character Button","Remilia??????","Replay The Spire","Shade Mod","Shop Mod","StSLib","The Administrix","The Alterego","The Animator","The Bladedancer","The Bug Knight","The Cursed","The Death Knight","The Elementalist","The Hierophant","The Jungle","The Mystic","The Necromancer","The Runesmith","The Saiyan","The Senshi","The Servant 0.9.4","TheSwordswoman","Wandering Minibosses","everything is the same but u backflip on backflip","slay the spire mod where everything is the same but ironclad has a cowboy hat"],"gold_per_floor":[110,128,75,75,4,4,37,50,50,50,85,85,85,96,96,191,191,203,203,213,213,133,163,188,188,188],"floor_reached":25,"language":"ENG","playtime":978,"items_purged":["CrumblingArmor"],"score":277,"play_id":"61e3f066-d8cd-47a3-aec2-80b00e6fd47f","local_time":"20210125212237","is_ascension_mode":false,"campfire_choices":[{"data":"alterego_mod:ChallengeComplete","floor":6,"key":"SMITH"},{"data":"alterego_mod:SakuraLabyrinth","floor":10,"key":"SMITH"}],"circlet_count":0,"master_deck":["alterego_mod:Strike","alterego_mod:Strike+1","alterego_mod:Strike","alterego_mod:Strike","alterego_mod:Defend+1","alterego_mod:Defend","alterego_mod:Defend","alterego_mod:Defend","alterego_mod:Impale+1","alterego_mod:BigMeatyClaws","alterego_mod:BrynhildrsRune","OSAHOGD","alterego_mod:Birthday","alterego_mod:Bounce","alterego_mod:ChallengeComplete+1","MeatLantern","alterego_mod:Bounce","alterego_mod:SakuraLabyrinth+1","QueenBee","alterego_mod:Bunnysuit+1","WhitesApple","alterego_mod:Lift","Parasite","Bloodbath","alterego_mod:Rip","WallGazer","alterego_mod:Birthday","alterego_mod:Support","Parasite"],"relics":["alterego_mod:MasochisticConstitution","LagranYue:RandomDrawCardRelic","CogitoBucket","LetterFromLob","hubris:ToyBattleship","Tiny Chest","Boot","TreeSap","energizedSpire:OgreHead","Coffee Dripper","White Beast Statue","Simple Rune","StoneCalendar","Blue Doll"],"acts_visited":["Exordium","Elementarium:Elementarium"],"potions_floor_usage":[14,16],"damage_taken":[{"damage":16,"enemies":"Cultist","floor":1,"turns":5},{"damage":17,"enemies":"Jaw Worm","floor":2,"turns":4},{"damage":0,"enemies":"3 Sentries","floor":7,"turns":9},{"damage":1,"enemies":"Small Slimes","floor":8,"turns":3},{"damage":0,"enemies":"Lagavulin","floor":11,"turns":5},{"damage":0,"enemies":"2 Fungi Beasts","floor":14,"turns":2},{"damage":3,"enemies":"Hexaghost","floor":16,"turns":4},{"damage":69,"enemies":"Elementarium:MUD_AND_TAR_GOLEMS","floor":18,"turns":4},{"damage":12,"enemies":"Elementarium:Cyclone","floor":20,"turns":2},{"damage":3,"enemies":"Nightmare","floor":23,"turns":7},{"damage":25,"enemies":"Elementarium:Hydrostalker","floor":25,"turns":1}],"seed_played":"8159874580599144331","potions_obtained":[{"floor":8,"key":"Dexterity Potion"},{"floor":11,"key":"AttackPotion"},{"floor":14,"key":"DemoMod:LeadSkinPotion"},{"floor":20,"key":"Energy Potion"},{"floor":23,"key":"Dexterity Potion"}],"is_trial":false,"path_per_floor":["M","M","$","?","$","R","E","M","T","R","E","T","M","M","R","B",null,"M","AVR","M","?","$","NM","T","M"],"character_chosen":"The_Alterego","items_purchased":["alterego_mod:Bounce","alterego_mod:ChallengeComplete","alterego_mod:Support"],"campfire_rested":0,"item_purchase_floors":[3,5,22],"current_hp_per_floor":[55,39,39,39,39,39,48,50,50,50,52,52,52,52,73,72,74,19,19,10,10,10,19,19,0,0],"gold":188,"neow_bonus":"","is_daily":false,"chose_seed":false,"campfire_upgraded":2,"win_rate":0.0,"timestamp":1611631357,"path_taken":["M","M","$","?","?","R","E","M","T","R","E","?","?","M","R","BOSS","M","AVR","M","?","$","NM","?","?"],"items_purchased_type":["Card","Card","Card"],"build_version":"2020-12-22","purchased_purges":1,"victory":false,"max_hp_per_floor":[71,72,72,72,72,72,72,73,73,73,73,73,73,73,73,74,74,75,75,76,69,69,70,70,70,70],"card_choices":[{"not_picked":["MHz","SpiderBud"],"picked":"DespairKnight","floor":1},{"not_picked":["alterego_mod:Exercise","alterego_mod:Skirt","alterego_mod:BeGentle"],"picked":"SKIP","floor":1},{"not_picked":["CherryBlossoms","ShyLook","Murderer"],"picked":"Singing Bowl","floor":2},{"not_picked":["SpiderBud","LittlePrince"],"picked":"OSAHOGD","floor":2},{"not_picked":["alterego_mod:MagicResistance","alterego_mod:BiFurious"],"picked":"alterego_mod:Birthday","floor":2},{"not_picked":["PunishingBird","FairyFestival","FieryBird"],"picked":"Singing Bowl","floor":7},{"not_picked":["Murderer","WallGazer"],"picked":"MeatLantern","floor":7},{"not_picked":["alterego_mod:Punishment","alterego_mod:Birthday"],"picked":"alterego_mod:Bounce","floor":7},{"not_picked":["Porccubus","Woodsman","UniverseFragment"],"picked":"Singing Bowl","floor":8},{"not_picked":["alterego_mod:Valentines","alterego_mod:Birthday"],"picked":"alterego_mod:SakuraLabyrinth","floor":8},{"not_picked":["Wellcheers","SpiderBud"],"picked":"QueenBee","floor":11},{"not_picked":["alterego_mod:Cushion","alterego_mod:Cycle","alterego_mod:DestructionOfProperty"],"picked":"SKIP","floor":11},{"not_picked":["LittlePrince","ShyLook"],"picked":"CrumblingArmor","floor":14},{"not_picked":["alterego_mod:AlterEgo","alterego_mod:Mirror"],"picked":"alterego_mod:Bunnysuit","floor":14},{"not_picked":["LongBird","UniverseFragment"],"picked":"WhitesApple","floor":16},{"not_picked":["alterego_mod:VirginLaserPalladion","alterego_mod:ClassAdvantage"],"picked":"alterego_mod:Lift","floor":16},{"not_picked":["Scarecrow","Murderer"],"picked":"Bloodbath","floor":18},{"not_picked":["alterego_mod:MagicResistance","alterego_mod:Clones"],"picked":"alterego_mod:Rip","floor":18},{"not_picked":["ShyLook","Yin"],"picked":"WallGazer","floor":20},{"not_picked":["alterego_mod:SakuraPetals+1","alterego_mod:Rip"],"picked":"alterego_mod:Birthday","floor":20},{"not_picked":["UniverseFragment","Scorched","BlackSwan"],"picked":"Singing Bowl","floor":23},{"not_picked":["alterego_mod:PurpleHair","alterego_mod:Complex","alterego_mod:Mirror"],"picked":"SKIP","floor":23}],"player_experience":618868,"relics_obtained":[{"floor":1,"key":"LetterFromLob"},{"floor":7,"key":"hubris:ToyBattleship"},{"floor":11,"key":"Tiny Chest"},{"floor":12,"key":"Boot"},{"floor":23,"key":"StoneCalendar"},{"floor":24,"key":"Blue Doll"}],"event_choices":[{"damage_healed":0,"gold_gain":0,"player_choice":"Upgraded","damage_taken":0,"max_hp_gain":0,"max_hp_loss":0,"event_name":"Upgrade Shrine","floor":4,"gold_loss":0,"cards_upgraded":["alterego_mod:Impale"]},{"damage_healed":0,"gold_gain":0,"player_choice":"Essence","damage_taken":0,"relics_obtained":["Simple Rune"],"max_hp_gain":0,"max_hp_loss":7,"event_name":"Elementarium:ShatteredPortal","floor":21,"gold_loss":0}],"is_beta":false,"boss_relics":[{"not_picked":["Honey Jar","energizedSpire:SpiderWeb"],"picked":"energizedSpire:OgreHead"}],"items_purged_floors":[19],"is_endless":false,"potions_floor_spawned":[8,11,14,20,23],"killed_by":"Elementarium:Hydrostalker","ascension_level":0}}