{"host":"qgvpd00zvzorrg7j","time":1611621886,"event":{"mods":["BaseMod","Colored Map","Minty Spire (QoL Compilation)","Quick Restart","StSLib"],"gold_per_floor":[119,294,294,307,232,267,267,286,286,286,324,324,324,362,362,493,493,508,241,264,264,264],"floor_reached":21,"language":"ENG","playtime":432,"items_purged":["Defend_B","Pain"],"score":330,"play_id":"4f01fd60-68f6-4930-8008-a5306e1575b6","local_time":"20210125194446","is_ascension_mode":true,"campfire_choices":[{"data":"Zap","floor":7.0,"key":"SMITH"},{"data":"Dualcast","floor":12.0,"key":"SMITH"},{"floor":15.0,"key":"REST"}],"circlet_count":0,"master_deck":["AscendersBane","Strike_B","Strike_B","Strike_B","Strike_B","Defend_B","Defend_B","Defend_B","Zap+1","Dualcast+1","Go for the Eyes","Gash","Reboot","Beam Cell","Electrodynamics","Recycle"],"relics":["Cracked Core","NeowsBlessing","Torii","Girya","Golden Idol","Ancient Tea Set","WarpedTongs","Smiling Mask","Busted Crown","Centennial Puzzle"],"acts_visited":[],"potions_floor_usage":[],"damage_taken":[{"damage":0.0,"enemies":"Jaw Worm","floor":1.0,"turns":1.0},{"damage":0.0,"enemies":"Small Slimes","floor":4.0,"turns":1.0},{"damage":0.0,"enemies":"3 Sentries","floor":6.0,"turns":1.0},{"damage":0.0,"enemies":"2 Louse","floor":8.0,"turns":2.0},{"damage":36.0,"enemies":"Lagavulin","floor":11.0,"turns":7.0},{"damage":29.0,"enemies":"Gremlin Nob","floor":14.0,"turns":4.0},{"damage":9.0,"enemies":"Slime Boss","floor":16.0,"turns":8.0},{"damage":17.0,"enemies":"2 Thieves","floor":18.0,"turns":3.0},{"damage":7.0,"enemies":"3 Byrds","floor":20.0,"turns":2.0},{"damage":36,"enemies":"Snecko","floor":21,"turns":4}],"seed_played":"-6686292886490015654","potions_obtained":[{"floor":4.0,"key":"Explosive Potion"},{"floor":6.0,"key":"Regen Potion"},{"floor":8.0,"key":"Ancient Potion"},{"floor":14.0,"key":"Strength Potion"}],"is_trial":false,"path_per_floor":["M","?","?","M","$","E","R","M","T","?","E","R","?","E","R","B",null,"M","$","M","M"],"character_chosen":"DEFECT","items_purchased":["Recycle","Centennial Puzzle"],"campfire_rested":1,"item_purchase_floors":[19,19],"current_hp_per_floor":[68,68,61,61,61,61,61,61,61,61,37,37,37,8,28,19,57,40,40,33,0,0],"gold":264,"neow_bonus":"THREE_ENEMY_KILL","is_daily":false,"chose_seed":false,"campfire_upgraded":2,"win_rate":0.0,"timestamp":1611621886,"path_taken":["M","?","?","M","$","E","R","M","T","?","E","R","?","E","R","BOSS","M","$","M","M"],"items_purchased_type":["Card","Relic"],"build_version":"2020-12-22","purchased_purges":2,"victory":false,"max_hp_per_floor":[75,75,75,75,75,75,75,75,75,69,69,69,69,69,69,69,69,69,69,69,69,69],"card_choices":[{"not_picked":["Barrage","Skim","Stack"],"picked":"SKIP","floor":1.0},{"not_picked":["Coolheaded","Rebound"],"picked":"Go for the Eyes","floor":4.0},{"not_picked":["Go for the Eyes","Loop","Stack"],"picked":"SKIP","floor":6.0},{"not_picked":["Go for the Eyes","Heatsinks"],"picked":"Gash","floor":8.0},{"not_picked":["Leap","Streamline"],"picked":"Reboot","floor":11.0},{"not_picked":["Coolheaded","Compile Driver"],"picked":"Beam Cell","floor":14.0},{"not_picked":["Meteor Strike","Echo Form"],"picked":"Electrodynamics","floor":16.0},{"not_picked":["Barrage+1"],"picked":"SKIP","floor":18.0},{"not_picked":["Static Discharge"],"picked":"SKIP","floor":20.0}],"player_experience":559366,"relics_obtained":[{"floor":6.0,"key":"Torii"},{"floor":9.0,"key":"Girya"},{"floor":11.0,"key":"Ancient Tea Set"},{"floor":14.0,"key":"Smiling Mask"}],"event_choices":[{"damage_healed":0.0,"max_hp_gain":0.0,"max_hp_loss":0.0,"gold_gain":175.0,"event_name":"Liars Game","player_choice":"AGREE","floor":2.0,"gold_loss":0.0,"damage_taken":0.0,"cards_obtained":["Doubt"]},{"cards_removed":["Doubt"],"damage_healed":0.0,"max_hp_gain":0.0,"max_hp_loss":0.0,"gold_gain":0.0,"event_name":"Golden Wing","player_choice":"Card Removal","floor":3.0,"gold_loss":0.0,"damage_taken":7.0},{"damage_healed":0.0,"max_hp_gain":0.0,"max_hp_loss":6.0,"gold_gain":0.0,"event_name":"Golden Idol","player_choice":"Lose Max HP","floor":10.0,"gold_loss":0.0,"damage_taken":0.0,"relics_obtained":["Golden Idol"]},{"damage_healed":0.0,"max_hp_gain":0.0,"max_hp_loss":0.0,"gold_gain":0.0,"event_name":"Accursed Blacksmith","player_choice":"Rummage","floor":13.0,"gold_loss":0.0,"damage_taken":0.0,"relics_obtained":["WarpedTongs"],"cards_obtained":["Pain"]}],"is_beta":false,"boss_relics":[{"not_picked":["Cursed Key","Sozu"],"picked":"Busted Crown"}],"items_purged_floors":[5,19],"is_endless":false,"potions_floor_spawned":[4,6,8,14],"killed_by":"Snecko","ascension_level":10}}