{"host":"344lv32hnei0mdhu","time":1611624005,"event":{"mods":["Act Like it!","BaseMod","Better Match","Better Sensory Stone","Better Skull","Better Third Choice","Better Vampires","Colored Powertips","Highlight Path","Minty Spire (QoL Compilation)","Quick Restart","Random Character Button","Rare Cards Sparkle","StSLib"],"gold_per_floor":[109,109,120,120,120,153,153,181,181,201,217,64,64,84,84,184,184,199,199,298,314,20,20,38,38,38,64,64,75,89,106,106,106,106],"floor_reached":33,"language":"ENG","playtime":2154,"items_purged":[],"score":493,"play_id":"b001aa67-54d3-415d-ad23-fdc580552811","local_time":"20210125192005","is_ascension_mode":true,"campfire_choices":[{"floor":7.0,"key":"RECALL"},{"floor":13.0,"key":"REST"},{"floor":15.0,"key":"REST"},{"floor":23,"key":"REST"},{"data":"PathToVictory","floor":28,"key":"SMITH"},{"data":"PathToVictory","floor":32,"key":"SMITH"}],"circlet_count":0,"master_deck":["AscendersBane","Strike_P+1","Strike_P","Strike_P","Strike_P","Defend_P","Defend_P","Defend_P+1","Defend_P","Eruption+1","Vigilance","PathToVictory+1","PathToVictory","PathToVictory+1","ClearTheMind+1","Prostrate+1","Evaluate+1","PathToVictory+1","WheelKick","Protect+1","Omniscience+1","EmptyMind+1","Protect+1","Conclude+1","DeceiveReality+1","CarveReality+1"],"relics":["PureWater","NeowsBlessing","Toxic Egg 2","Question Card","Letter Opener","SacredBark","Thread and Needle","White Beast Statue"],"acts_visited":["Exordium","TheCity"],"potions_floor_usage":[27,27,33],"damage_taken":[{"damage":0.0,"enemies":"Jaw Worm","floor":1.0,"turns":1.0},{"damage":0.0,"enemies":"Small Slimes","floor":3.0,"turns":1.0},{"damage":0.0,"enemies":"Gremlin Nob","floor":6.0,"turns":1.0},{"damage":19.0,"enemies":"3 Sentries","floor":8.0,"turns":8.0},{"damage":0.0,"enemies":"2 Louse","floor":10.0,"turns":2.0},{"damage":7.0,"enemies":"Gremlin Gang","floor":11.0,"turns":3.0},{"damage":10.0,"enemies":"Lots of Slimes","floor":14.0,"turns":3.0},{"damage":3.0,"enemies":"The Guardian","floor":16.0,"turns":7.0},{"damage":25.0,"enemies":"2 Thieves","floor":18.0,"turns":4.0},{"damage":4.0,"enemies":"Chosen","floor":21.0,"turns":2.0},{"damage":12,"enemies":"3 Cultists","floor":24,"turns":5},{"damage":3,"enemies":"Book of Stabbing","floor":27,"turns":5},{"damage":3,"enemies":"Cultist and Chosen","floor":29,"turns":7},{"damage":0,"enemies":"Centurion and Healer","floor":30,"turns":4},{"damage":2,"enemies":"Snecko","floor":31,"turns":3},{"damage":84,"enemies":"Champ","floor":33,"turns":10}],"seed_played":"4396096796616534402","potions_obtained":[{"floor":3.0,"key":"EntropicBrew"},{"floor":11.0,"key":"Energy Potion"},{"floor":21,"key":"Weak Potion"},{"floor":29,"key":"SmokeBomb"},{"floor":30,"key":"AttackPotion"}],"is_trial":false,"path_per_floor":["M","?","M","?","?","E","R","E","T","M","M","$","R","M","R","B",null,"M","?","?","M","$","R","M","?","T","E","R","M","M","M","R","B"],"character_chosen":"WATCHER","items_purchased":["Brilliance","WheelKick","Thread and Needle"],"campfire_rested":3,"item_purchase_floors":[12,12,22],"current_hp_per_floor":[65,51,51,51,55,55,55,36,36,36,29,29,50,40,61,58,69,44,44,44,40,40,61,49,82,82,79,79,76,76,74,74,0,0],"gold":106,"neow_bonus":"THREE_ENEMY_KILL","is_daily":false,"chose_seed":false,"campfire_upgraded":2,"win_rate":0.0,"timestamp":1611624005,"path_taken":["M","?","M","?","?","E","R","E","T","M","?","?","R","?","R","BOSS","M","?","?","M","$","R","M","?","T","E","R","?","M","?","R","BOSS"],"items_purchased_type":["Card","Card","Relic"],"build_version":"2020-12-22","purchased_purges":0,"victory":false,"max_hp_per_floor":[72,72,72,72,72,72,72,72,72,72,72,72,72,72,72,72,72,72,72,72,72,72,72,72,82,82,82,82,82,82,82,82,82,82],"card_choices":[{"not_picked":["JustLucky","CutThroughFate"],"picked":"PathToVictory","floor":1.0},{"not_picked":["JustLucky","CutThroughFate"],"picked":"PathToVictory","floor":1.0},{"not_picked":["ThirdEye","Consecrate"],"picked":"PathToVictory","floor":3.0},{"not_picked":["Crescendo+1","Pray+1"],"picked":"ClearTheMind+1","floor":6.0},{"not_picked":["ThirdEye+1","EmptyFist"],"picked":"Prostrate+1","floor":8.0},{"not_picked":["CutThroughFate","BowlingBash","PathToVictory+1"],"picked":"Evaluate+1","floor":10.0},{"not_picked":["CrushJoints","Consecrate","JustLucky"],"picked":"PathToVictory+1","floor":11.0},{"not_picked":["EmptyBody+1","SashWhip","Pray+1"],"picked":"Protect+1","floor":14.0},{"not_picked":["Devotion","Blasphemy+1","DevaForm"],"picked":"Omniscience+1","floor":16.0},{"not_picked":["Adaptation","FollowUp","JustLucky+1"],"picked":"EmptyMind+1","floor":18.0},{"not_picked":["TalkToTheHand+1","CrushJoints","ClearTheMind+1"],"picked":"Protect+1","floor":21},{"not_picked":["Nirvana","Fasting2","Crescendo+1","TalkToTheHand"],"picked":"SKIP","floor":24},{"not_picked":["EmptyBody+1","FollowUp","Weave"],"picked":"Conclude+1","floor":27},{"not_picked":["Brilliance","Nirvana","EmptyFist+1"],"picked":"DeceiveReality+1","floor":29},{"not_picked":["FollowUp","SashWhip","Evaluate+1"],"picked":"CarveReality+1","floor":30},{"not_picked":["CutThroughFate","TalkToTheHand","FlurryOfBlows","Weave"],"picked":"SKIP","floor":31}],"player_experience":382848,"relics_obtained":[{"floor":6.0,"key":"Toxic Egg 2"},{"floor":8.0,"key":"Question Card"},{"floor":9.0,"key":"Letter Opener"},{"floor":27,"key":"White Beast Statue"}],"event_choices":[{"damage_healed":65.0,"max_hp_gain":0.0,"max_hp_loss":72.0,"gold_gain":0.0,"event_name":"betterThird:BetterShining","player_choice":"Upgrade","floor":2.0,"gold_loss":0.0,"damage_taken":14.0,"cards_upgraded":["Defend_P","Strike_P"]},{"damage_healed":0.0,"max_hp_gain":0.0,"max_hp_loss":0.0,"gold_gain":0.0,"event_name":"Living Wall","player_choice":"Grow","floor":4.0,"gold_loss":0.0,"damage_taken":0.0,"cards_upgraded":["Eruption"]},{"damage_healed":4.0,"max_hp_gain":0.0,"max_hp_loss":0.0,"gold_gain":0.0,"event_name":"betterSkull:BetterSkull","player_choice":"LEAVE ","floor":5.0,"gold_loss":0.0,"damage_taken":0.0,"cards_upgraded":[],"relics_obtained":[]},{"damage_healed":0.0,"max_hp_gain":0.0,"max_hp_loss":0.0,"gold_gain":99.0,"event_name":"betterThird:BetterNest","player_choice":"Steal","floor":20.0,"gold_loss":0.0,"damage_taken":0.0},{"cards_removed":["Brilliance"],"damage_healed":23,"gold_gain":0,"player_choice":"Offered Rare","damage_taken":0,"max_hp_gain":10,"max_hp_loss":0,"event_name":"Bonfire Elementals","floor":25,"gold_loss":0}],"is_beta":false,"boss_relics":[{"not_picked":["Fusion Hammer","Coffee Dripper"],"picked":"SacredBark"}],"items_purged_floors":[],"is_endless":false,"potions_floor_spawned":[3,11,14,16,18,21,29,30,31],"killed_by":"Champ","ascension_level":11}}