{"host":"svsgd28wab078f8l","time":1611649400,"event":{"mods":["100% Spire Juice","Act Like it!","Arknights The Spire","BaseMod","Decade(王小明)","Gensokyo","Marked Mod","Minty Spire (QoL Compilation)","MostiFishMod","Remilia（蕾米莉亚）","StSLib","noobMod","【遗物卡牌】REMEMod"],"gold_per_floor":[109,123,134,134,38,38,63,63,63,80,80,80,129,159,159,260,260,277,277,277,288,213,243,243,243,243,261,279,295,395,395,395,494,494,504,504,524,524,524,559,269,287,287,319,219,219,429,447,447,447,447,447,86,111,111],"floor_reached":56,"language":"ZHS","playtime":3847,"items_purged":["Moonworks:Strike","Moonworks:EvilMastermind","Moonworks:Strike"],"score":1393,"play_id":"6892de13-c2eb-4a86-a5b0-7afd6980cbb5","local_time":"20210126162320","is_ascension_mode":false,"campfire_choices":[{"data":"Gensokyo:Dawn","floor":6,"key":"SMITH"},{"data":"Moonworks:Accelerator","floor":15,"key":"SMITH"},{"data":"Night Terror","floor":24,"key":"SMITH"},{"floor":32,"key":"RECALL"},{"data":"Moonworks:Strike","floor":49,"key":"PURGE"},{"data":"Moonworks:Defend","floor":52,"key":"PURGE"}],"circlet_count":0,"master_deck":["Moonworks:Strike","Moonworks:Defend","Moonworks:Defend","Moonworks:Ambush","Moonworks:LongDistanceShot","Gensokyo:Dawn+1","Moonworks:EvilSpyWorkPreparation","Moonworks:LulusLuckyEgg","Moonworks:NicePresent+1","Moonworks:DevilHand","Moonworks:LuckyCharm","Moonworks:Accelerator+1","Moonworks:CloudOfSeagulls","Moonworks:OutOfAmmo+1","Moonworks:MixPhenomenon+1","Night Terror+1","Moonworks:SweetBattle","Moonworks:CompletionReward+1","Moonworks:SakisCookie+1","Moonworks:MeltingMemories+1","Moonworks:NicePresent","Moonworks:IndiscriminateFireSupport+1","Gensokyo:PrivateSquare","Moonworks:Flamethrower+1","Moonworks:NicePresent","Moonworks:MetallicMonocoque+1","Moonworks:CloudOfSeagulls+1","Gensokyo:DreamlikeParadise+1","Moonworks:CloudOfSeagulls+1","Moonworks:TreasureThief","Moonworks:PlushieMaster","Moonworks:x16BigRocket"],"relics":["Moonworks:BrokenBomb","Moonworks:Homemark","ice","REME_ComplimentaryCards","DaveBox","Pocketwatch","ArrowTower","SynthV:TestCard","HornCleat","Pear","Gensokyo:PortableGap","Omamori","Calipers","Frozen Egg 2","xbg","Gensokyo:ChorusOfJoy","Bottled Tornado","Letter Opener","Mercury Hourglass","Unceasing Top","Mango","Fusion Hammer","Ornamental Fan","SynthV","Question Card","Boot","Peace Pipe","SynthV:C4"],"acts_visited":["Gensokyo:Gensokyo","Gensokyo:Gensokyoer","Gensokyo:Gensokyoest","TheEnding"],"potions_floor_usage":[7,13],"damage_taken":[{"damage":0.0,"enemies":"Gensokyo:3_Fairies","floor":1.0,"turns":3.0},{"damage":0.0,"enemies":"Gensokyo:Python","floor":2.0,"turns":2.0},{"damage":0.0,"enemies":"Gensokyo:2_Kodama","floor":3.0,"turns":3.0},{"damage":8,"enemies":"Gensokyo:Aya","floor":7,"turns":4},{"damage":0,"enemies":"Gensokyo:LivingMonolith","floor":10,"turns":2},{"damage":0,"enemies":"Gensokyo:Cirno","floor":13,"turns":4},{"damage":18,"enemies":"Gensokyo:Mamizou","floor":14,"turns":5},{"damage":16,"enemies":"Gensokyo:Reimu","floor":16,"turns":6},{"damage":0,"enemies":"Gensokyo:Chomper","floor":18,"turns":3},{"damage":14,"enemies":"Gensokyo:3_Dogs","floor":21,"turns":4},{"damage":15,"enemies":"Gensokyo:Tenshi","floor":23,"turns":4},{"damage":0,"enemies":"Gensokyo:Chomper_and_Gloop","floor":27,"turns":3},{"damage":8,"enemies":"Gensokyo:Wraith","floor":28,"turns":4},{"damage":14,"enemies":"Gensokyo:Slime_Group","floor":29,"turns":2},{"damage":8,"enemies":"Gensokyo:Slime_Group","floor":30,"turns":4},{"damage":26,"enemies":"Gensokyo:Eiki","floor":33,"turns":5},{"damage":22,"enemies":"Gensokyo:AncientGuardian","floor":35,"turns":4},{"damage":0,"enemies":"Gensokyo:3_Boulders","floor":37,"turns":2},{"damage":32,"enemies":"Gensokyo:Kasen","floor":40,"turns":5},{"damage":13,"enemies":"Gensokyo:Sharpion","floor":42,"turns":4},{"damage":0,"enemies":"Gensokyo:Doremy","floor":44,"turns":3},{"damage":0,"enemies":"Gensokyo:Doremy","floor":46,"turns":6},{"damage":0,"enemies":"Gensokyo:AtlasGolem","floor":47,"turns":4},{"damage":23,"enemies":"Gensokyo:4_Bats","floor":48,"turns":1},{"damage":2,"enemies":"Gensokyo:Yuyuko","floor":50,"turns":4},{"damage":25,"enemies":"Shield and Spear","floor":54,"turns":2},{"damage":41,"enemies":"The Heart","floor":55,"turns":7}],"seed_played":"-2096336114113466400","potions_obtained":[{"floor":1.0,"key":"Regen Potion"},{"floor":2.0,"key":"DuplicationPotion"},{"floor":27,"key":"Moonworks:OneHundredPercentOrangeJuicePotion"},{"floor":33,"key":"PowerPotion"},{"floor":37,"key":"AttackPotion"}],"is_trial":false,"path_per_floor":["M","M","M","?","COS","R","E","?","T","M","?","?","E","E","R","B",null,"M","?","?","M","$","E","R","?","T","M","M","M","?","?","R","B",null,"M","?","M","?","?","E","COS","M","T","E","$","?","M","M","R","B",null,"R","$","E","B",null],"character_chosen":"THE_STARBREAKER","items_purchased":["Moonworks:PlushieMaster","Moonworks:x16BigRocket"],"campfire_rested":0,"item_purchase_floors":[53,53],"current_hp_per_floor":[54,54,54,54,54,54,46,46,46,46,41,41,55,37,37,21,55,55,55,50,36,36,29,29,29,29,33,41,27,45,45,45,26,65,49,49,49,49,49,46,46,33,33,40,40,40,46,23,23,23,65,65,65,43,74],"gold":111,"neow_bonus":"ONE_RARE_RELIC","is_daily":false,"chose_seed":false,"campfire_upgraded":3,"win_rate":0.0,"timestamp":1611649400,"path_taken":["M","M","M","?","COS","R","E","?","T","M","?","?","E","E","R","BOSS","M","?","?","?","?","E","R","?","T","M","?","M","?","?","R","BOSS","M","?","M","?","?","E","COS","M","T","E","$","?","M","M","R","BOSS","R","$","E","BOSS"],"items_purchased_type":["Card","Card"],"build_version":"2020-12-22","purchased_purges":3,"victory":true,"max_hp_per_floor":[54,54,54,54,54,54,54,54,54,54,64,58,55,55,55,55,55,55,55,55,55,55,55,55,51,51,51,51,51,65,65,65,65,65,65,65,65,65,65,65,65,65,65,65,65,65,65,65,65,65,65,65,65,65,135],"card_choices":[{"not_picked":["Moonworks:CloudOfSeagulls","Moonworks:ImOnFire","Moonworks:BigMagnum"],"picked":"SKIP","floor":1.0},{"not_picked":["Moonworks:x16BigRocket","Moonworks:DeployBits","Moonworks:CloudOfSeagulls","Moonworks:NicePresent"],"picked":"Moonworks:EvilSpyWorkPreparation","floor":2.0},{"not_picked":["Moonworks:SelfDestruct","Moonworks:Dash","Moonworks:DeployBits","Moonworks:CloudOfSeagulls"],"picked":"Moonworks:LulusLuckyEgg","floor":3.0},{"not_picked":["Moonworks:Dinner","Moonworks:FinalSurgery","Moonworks:JonathanRush","Moonworks:CloudOfSeagulls"],"picked":"Moonworks:DevilHand","floor":7},{"not_picked":["Moonworks:SakisCookie","Moonworks:IndiscriminateFireSupport","Moonworks:RagingMadness","Moonworks:CastOff"],"picked":"Moonworks:LuckyCharm","floor":10},{"not_picked":["Moonworks:BeyondHell","Moonworks:OutOfAmmo","Moonworks:NicePresent","Moonworks:LulusLuckyEgg"],"picked":"Moonworks:Accelerator","floor":13},{"not_picked":["Moonworks:CastOff","Moonworks:JonathanRush","Moonworks:IntelligenceOfficer","Moonworks:ReproductionOfRecords"],"picked":"Moonworks:CloudOfSeagulls","floor":14},{"not_picked":["Moonworks:Blazing+1","Moonworks:EvilMastermind","Moonworks:AnotherUltimateWeapon+1","Moonworks:Encore+1"],"picked":"Moonworks:OutOfAmmo+1","floor":16},{"not_picked":["Moonworks:Bloodlust","Moonworks:BigBangBell","Moonworks:Assault","Moonworks:JonathanRush+1"],"picked":"Moonworks:MixPhenomenon+1","floor":18},{"not_picked":["Moonworks:EvilSpyWorkPreparation+1","Moonworks:ImOnFire","Moonworks:TacticalRetreat","Moonworks:BigMagnum"],"picked":"Moonworks:SweetBattle","floor":21},{"not_picked":["Moonworks:TacticalRetreat","Moonworks:DeployBits+1","Moonworks:Dinner","Moonworks:CloudOfSeagulls","Moonworks:JonathanRush+1"],"picked":"SKIP","floor":23},{"not_picked":["Moonworks:TacticalRetreat","Moonworks:DeployBits+1","Moonworks:Dinner","Moonworks:CloudOfSeagulls","Moonworks:JonathanRush+1"],"picked":"SKIP","floor":23},{"not_picked":["Moonworks:TreasureThief","Moonworks:ImOnFire","Moonworks:AngelHand","Moonworks:IndiscriminateFireSupport"],"picked":"Moonworks:EvilMastermind","floor":27},{"not_picked":["Moonworks:UnluckyCharm+1","Moonworks:DeployBits","Moonworks:Assault+1","Moonworks:LulusLuckyEgg"],"picked":"Moonworks:CompletionReward+1","floor":28},{"not_picked":["Moonworks:JonathanRush","Moonworks:ImOnFire","Moonworks:SelfDestruct","Moonworks:CastOff","Moonworks:BigMagnum"],"picked":"SKIP","floor":29},{"not_picked":["Moonworks:ImOnFire","Moonworks:Gamble","Moonworks:DeployBits","Moonworks:Assault"],"picked":"Moonworks:SakisCookie+1","floor":30},{"not_picked":["Moonworks:Accelerator+1","Moonworks:EvilMastermind","Moonworks:Blazing+1","Moonworks:Gamble"],"picked":"Moonworks:MeltingMemories+1","floor":33},{"not_picked":["Moonworks:JonathanRush+1","Moonworks:FinalSurgery","Moonworks:BigMagnum+1","Moonworks:Assault"],"picked":"Moonworks:NicePresent","floor":35},{"not_picked":["Moonworks:SakisCookie","Moonworks:JonathanRush","Moonworks:UnpaidWork","Moonworks:UnluckyCharm"],"picked":"Moonworks:IndiscriminateFireSupport+1","floor":37},{"not_picked":["Moonworks:Assault","Moonworks:BigBangBell+1","Moonworks:SakisCookie","Moonworks:RocketCannon"],"picked":"Moonworks:Flamethrower+1","floor":40},{"not_picked":["Moonworks:JonathanRush","Moonworks:SakisCookie","Moonworks:CloudOfSeagulls","Moonworks:DeployBits"],"picked":"Moonworks:NicePresent","floor":42},{"not_picked":["Moonworks:PlushieMaster","Moonworks:StarBlastingFuse","Moonworks:Blazing","Moonworks:OutOfAmmo","Moonworks:CrystalBarrier"],"picked":"Moonworks:MetallicMonocoque","floor":44},{"not_picked":["Moonworks:ImOnFire+1","Moonworks:RedAndBlue+1","Moonworks:IndiscriminateFireSupport+1","Moonworks:ImmovableObject+1","Moonworks:CastOff+1"],"picked":"Moonworks:CloudOfSeagulls+1","floor":44},{"not_picked":["Moonworks:GoAway","Moonworks:BigMagnum+1","Moonworks:DeployBits","Moonworks:Assault","Moonworks:LulusLuckyEgg","Moonworks:BackdoorTrade+1"],"picked":"SKIP","floor":44},{"not_picked":["Gensokyo:HouraiInAPot+1","Gensokyo:RisingWorld+1"],"picked":"Gensokyo:DreamlikeParadise+1","floor":46},{"not_picked":["Moonworks:BigBangBell","Moonworks:AngelHand+1","Moonworks:DeployBits","Moonworks:EvilSpyWorkPreparation+1","Moonworks:NicePresent+1"],"picked":"Moonworks:CloudOfSeagulls+1","floor":47},{"not_picked":["Moonworks:UnluckyCharm+1","Moonworks:LulusLuckyEgg+1","Moonworks:Assault+1","Moonworks:NicePresent+1","Moonworks:CloudOfSeagulls"],"picked":"Moonworks:TreasureThief","floor":48},{"not_picked":["Moonworks:AngelHand+1","Moonworks:SubspaceTunnel","Moonworks:ImmovableObject","Moonworks:CookingTime+1","Moonworks:MixPhenomenon","Moonworks:LulusLuckyEgg"],"picked":"SKIP","floor":54}],"player_experience":198081,"relics_obtained":[{"floor":1.0,"key":"SynthV:TestCard"},{"floor":7,"key":"HornCleat"},{"floor":13,"key":"Calipers"},{"floor":14,"key":"Frozen Egg 2"},{"floor":23,"key":"Bottled Tornado"},{"floor":26,"key":"Mercury Hourglass"},{"floor":30,"key":"Unceasing Top"},{"floor":30,"key":"Mango"},{"floor":40,"key":"Ornamental Fan"},{"floor":43,"key":"Question Card"},{"floor":44,"key":"Peace Pipe"},{"floor":54,"key":"SynthV:C4"}],"event_choices":[],"is_beta":false,"boss_relics":[{"not_picked":["SacredBark","Cursed Key"],"picked":"xbg"},{"not_picked":["HaiYi:Twilight","Runic Pyramid"],"picked":"Fusion Hammer"}],"items_purged_floors":[22,45,53],"is_endless":false,"potions_floor_spawned":[1,2,27,30,33,37,47,48,54],"ascension_level":0}}