{"host":"bz117y9xf3ld4j6r","time":1611675602,"event":{"mods":["Aspiration","BaseMod","Dota2Spire","Minty Spire (QoL Compilation)","Spicy Shops","StSLib","TestMod","[IsaacMod]ÒÔÈö¼âËþ"],"gold_per_floor":[111,185,198,217,8,42,42,70,95,108,140,140,170,181,181,284,284,296,309,322,341,341,341,351,381,431,457,457,472,472,497,497,602,602,616,635,635,171,184,210,210,238,261,277,177,208,279,296,296,296,296,296,5,36,36],"floor_reached":56,"language":"ZHS","playtime":1928,"items_purged":["Strike_R","Strike_R","Strike_R","Strike_R"],"score":1763,"play_id":"c7d7a3b5-1c58-4f7f-8184-7ba922212d4f","local_time":"20210126234002","is_ascension_mode":true,"campfire_choices":[{"floor":12.0,"key":"REST"},{"data":"Uppercut","floor":15.0,"key":"SMITH"},{"data":"Feed","floor":23.0,"key":"SMITH"},{"data":"Entrench","floor":30.0,"key":"SMITH"},{"floor":32.0,"key":"REST"},{"floor":41.0,"key":"RECALL"},{"floor":49.0,"key":"REST"},{"data":"Limit Break","floor":52.0,"key":"SMITH"}],"circlet_count":0,"master_deck":["Strike_R","Defend_R","Defend_R","Defend_R","Defend_R+1","Bash","Inflame","Burning Pact","Uppercut+1","Pommel Strike","Battle Trance","Feed+1","Entrench+1","Flex+1","Shrug It Off","Sword Boomerang+1","Dark Embrace","Feel No Pain","Barricade","Limit Break+1","Evolve","Seeing Red+1","testmod-SelfRegulatingSystem","Coolheaded+1","testmod-Mystery+1","Body Slam+1","Evaluate+1"],"relics":["Burning Blood","testmod-TestBox","HushsDoor","aspiration:Nostalgia","Ring of the Snake","DeadEye","testmod-OneHitWonder","Dota2Spire:ArcaneBoots","BFFS","testmod-DragonStarHat","Bag of Marbles","testmod-AssaultLearning","Gremlin Horn","testmod-StringDisintegrator","GuppysPaw","aspiration:HiddenCompartment","Centennial Puzzle","Dota2Spire:EtherealBlade","Blue Candle","Dota2Spire:Vanguard","Runic Dome","GuppysHairball","PrismaticShard","Frozen Egg 2","Leech","Juzu Bracelet","Omamori","War Paint","testmod-ArcanaOfDestiny","StrikeDummy"],"acts_visited":["Exordium","TheCity","TheBeyond","TheEnding"],"potions_floor_usage":[55],"damage_taken":[{"damage":7.0,"enemies":"Small Slimes","floor":1.0,"turns":3.0},{"damage":1.0,"enemies":"Cultist","floor":3.0,"turns":3.0},{"damage":2.0,"enemies":"2 Louse","floor":4.0,"turns":4.0},{"damage":49.0,"enemies":"Lagavulin","floor":6.0,"turns":7.0},{"damage":0.0,"enemies":"3 Sentries","floor":8.0,"turns":2.0},{"damage":8.0,"enemies":"Exordium Wildlife","floor":10.0,"turns":2.0},{"damage":19.0,"enemies":"Lagavulin","floor":11.0,"turns":6.0},{"damage":0.0,"enemies":"Gremlin Nob","floor":13.0,"turns":2.0},{"damage":0.0,"enemies":"Looter","floor":14.0,"turns":3.0},{"damage":48.0,"enemies":"Hexaghost","floor":16.0,"turns":8.0},{"damage":0.0,"enemies":"Spheric Guardian","floor":18.0,"turns":2.0},{"damage":19.0,"enemies":"Shell Parasite","floor":19.0,"turns":5.0},{"damage":0.0,"enemies":"Centurion and Healer","floor":20.0,"turns":4.0},{"damage":0.0,"enemies":"Snecko","floor":21.0,"turns":2.0},{"damage":10.0,"enemies":"Sentry and Sphere","floor":24.0,"turns":3.0},{"damage":49.0,"enemies":"Slavers","floor":25.0,"turns":4.0},{"damage":25.0,"enemies":"Book of Stabbing","floor":27.0,"turns":3.0},{"damage":2.0,"enemies":"Chosen and Byrds","floor":29.0,"turns":3.0},{"damage":10.0,"enemies":"Gremlin Leader","floor":31.0,"turns":3.0},{"damage":0.0,"enemies":"Automaton","floor":33.0,"turns":9.0},{"damage":0.0,"enemies":"Orb Walker","floor":35.0,"turns":2.0},{"damage":22.0,"enemies":"3 Darklings","floor":36.0,"turns":3.0},{"damage":11.0,"enemies":"Maw","floor":39.0,"turns":4.0},{"damage":0.0,"enemies":"Nemesis","floor":40.0,"turns":9.0},{"damage":24.0,"enemies":"Reptomancer","floor":42.0,"turns":3.0},{"damage":7.0,"enemies":"4 Shapes","floor":44.0,"turns":3.0},{"damage":22.0,"enemies":"Nemesis","floor":46.0,"turns":8.0},{"damage":2.0,"enemies":"Jaw Worm Horde","floor":48.0,"turns":2.0},{"damage":4.0,"enemies":"Awakened One","floor":50.0,"turns":5.0},{"damage":0.0,"enemies":"Shield and Spear","floor":54.0,"turns":1.0},{"damage":0,"enemies":"Delirium","floor":55,"turns":13}],"seed_played":"-6276439100095140341","potions_obtained":[{"floor":4.0,"key":"Explosive Potion"},{"floor":6.0,"key":"HeartOfIron"},{"floor":11.0,"key":"Weak Potion"},{"floor":14.0,"key":"Energy Potion"},{"floor":16.0,"key":"Explosive Potion"},{"floor":24.0,"key":"testmod-SpacePotion"},{"floor":25.0,"key":"ElixirPotion"},{"floor":31.0,"key":"HeartOfIron"},{"floor":33.0,"key":"Explosive Potion"},{"floor":35.0,"key":"FairyPotion"},{"floor":40.0,"key":"EssenceOfSteel"},{"floor":42.0,"key":"Ancient Potion"},{"floor":48.0,"key":"EssenceOfSteel"}],"is_trial":false,"path_per_floor":["M","?","M","M","$","E","?","E","T","M","E","R","E","M","R","B",null,"M","M","M","M","?","R","M","E","T","E","T","M","R","E","R","B",null,"M","M","?","$","M","E","R","E","T","M","$","E","?","M","R","B",null,"R","$","E","B",null],"character_chosen":"IRONCLAD","items_purchased":["Dota2Spire:ArcaneBoots","Burning Pact","GuppysPaw","Entrench","EntropicBrew","FairyPotion","Limit Break","GuppysHairball","PrismaticShard","Frozen Egg 2","testmod-ArcanaOfDestiny","ColorlessPotion"],"campfire_rested":3,"item_purchase_floors":[5,5,17,17,17,17,34,34,38,38,53,53],"current_hp_per_floor":[79,64,69,73,73,30,23,29,29,27,14,38,44,50,50,8,55,58,48,57,66,66,66,66,27,27,8,8,16,16,12,35,45,62,62,46,46,46,41,51,51,35,35,40,40,34,19,25,47,1,1,1,1,1,1],"gold":36,"neow_bonus":"NOSTALGIA","is_daily":false,"chose_seed":false,"campfire_upgraded":4,"win_rate":0.0,"timestamp":1611675602,"path_taken":["M","?","?","M","$","E","?","E","T","M","E","R","E","M","R","BOSS","M","?","?","M","?","R","M","E","T","E","?","M","R","E","R","BOSS","M","M","?","$","M","E","R","E","T","M","$","E","?","M","R","BOSS","R","$","E","BOSS"],"items_purchased_type":["Relic","Card","Relic","Card","Potion","Potion","Card","Relic","Relic","Relic","Relic","Potion"],"build_version":"2020-12-22","purchased_purges":4,"victory":true,"max_hp_per_floor":[80,80,80,80,80,80,80,80,80,80,80,80,80,80,80,80,55,58,61,64,67,67,67,71,75,75,75,75,79,79,79,79,83,62,62,62,62,62,62,66,66,66,66,70,70,74,74,74,74,1,1,1,1,1,1],"card_choices":[{"not_picked":[],"picked":"Bomb","floor":0.0},{"not_picked":["Headbutt","Wild Strike","Rupture"],"picked":"SKIP","floor":1.0},{"not_picked":["Headbutt","Second Wind"],"picked":"Inflame","floor":3.0},{"not_picked":["Perfected Strike","Havoc","Clash"],"picked":"SKIP","floor":4.0},{"not_picked":["Rampage","Clothesline"],"picked":"Uppercut","floor":6.0},{"not_picked":["Exhume","Reckless Charge"],"picked":"Pommel Strike","floor":8.0},{"not_picked":["Rampage","Headbutt","Perfected Strike"],"picked":"SKIP","floor":10.0},{"not_picked":["Clash","Anger"],"picked":"Bomb","floor":11.0},{"not_picked":["Hemokinesis","Ghostly Armor","Inflame"],"picked":"SKIP","floor":13.0},{"not_picked":["Metallicize","Sever Soul"],"picked":"Battle Trance","floor":14.0},{"not_picked":["Fiend Fire","Immolate"],"picked":"Feed","floor":16.0},{"not_picked":["Twin Strike+1","Thunderclap+1"],"picked":"Flex+1","floor":18.0},{"not_picked":["Pommel Strike","Twin Strike+1"],"picked":"Shrug It Off","floor":19.0},{"not_picked":["Headbutt+1","Armaments"],"picked":"Sword Boomerang+1","floor":20.0},{"not_picked":["Metallicize","Reckless Charge","Intimidate+1"],"picked":"SKIP","floor":21.0},{"not_picked":["Body Slam","Shockwave+1"],"picked":"Dark Embrace","floor":24.0},{"not_picked":["Carnage+1","Perfected Strike","Pommel Strike"],"picked":"SKIP","floor":25.0},{"not_picked":["Heavy Blade","Blood for Blood+1"],"picked":"Feel No Pain","floor":27.0},{"not_picked":["Iron Wave+1","Heavy Blade","Clash"],"picked":"SKIP","floor":29.0},{"not_picked":["Thunderclap","Wild Strike"],"picked":"Barricade","floor":31.0},{"not_picked":["Sword Boomerang+1","Rage"],"picked":"Evolve","floor":35.0},{"not_picked":["Heavy Blade","Blood for Blood+1"],"picked":"Seeing Red","floor":36.0},{"not_picked":["Dramatic Entrance","Forethought"],"picked":"testmod-SelfRegulatingSystem","floor":37.0},{"not_picked":["Flying Knee+1","Dodge and Roll","Barrage+1"],"picked":"SKIP","floor":39.0},{"not_picked":["Fusion","Evaluate","testmod-Illusory"],"picked":"SKIP","floor":40.0},{"not_picked":["Choke","Sword Boomerang"],"picked":"Coolheaded+1","floor":42.0},{"not_picked":["Accuracy+1","LikeWater+1","Gash"],"picked":"SKIP","floor":44.0},{"not_picked":["testmod-RabbitOfFibonacci","Coolheaded"],"picked":"testmod-Mystery+1","floor":46.0},{"not_picked":["Reinforced Body","Footwork+1"],"picked":"Body Slam+1","floor":48.0},{"not_picked":["Mind Blast","Armaments"],"picked":"Evaluate+1","floor":54.0}],"player_experience":1100580,"relics_obtained":[{"floor":6.0,"key":"BFFS"},{"floor":8.0,"key":"Bag of Marbles"},{"floor":11.0,"key":"testmod-AssaultLearning"},{"floor":13.0,"key":"Gremlin Horn"},{"floor":25.0,"key":"aspiration:HiddenCompartment"},{"floor":26.0,"key":"Centennial Puzzle"},{"floor":27.0,"key":"Dota2Spire:EtherealBlade"},{"floor":28.0,"key":"Blue Candle"},{"floor":31.0,"key":"Dota2Spire:Vanguard"},{"floor":40.0,"key":"Leech"},{"floor":42.0,"key":"Juzu Bracelet"},{"floor":43.0,"key":"Omamori"},{"floor":46.0,"key":"War Paint"},{"floor":54.0,"key":"StrikeDummy"}],"event_choices":[{"damage_healed":0.0,"max_hp_gain":0.0,"max_hp_loss":0.0,"gold_gain":0.0,"event_name":"Scrap Ooze","player_choice":"Success","floor":7.0,"gold_loss":0.0,"damage_taken":7.0,"relics_obtained":["testmod-DragonStarHat"]},{"damage_healed":0.0,"max_hp_gain":0.0,"max_hp_loss":0.0,"gold_gain":0.0,"event_name":"Vampires","player_choice":"Ignored","floor":22.0,"gold_loss":0.0,"damage_taken":0.0},{"damage_healed":0.0,"max_hp_gain":0.0,"max_hp_loss":0.0,"gold_gain":0.0,"event_name":"SensoryStone","player_choice":"Memory 1","floor":37.0,"gold_loss":0.0,"damage_taken":0.0}],"is_beta":false,"boss_relics":[{"not_picked":["Coffee Dripper","Black Blood"],"picked":"testmod-StringDisintegrator"},{"not_picked":[]},{"not_picked":["aspiration:PoetsPen_weak","testmod-KeyOfTheVoid"],"picked":"Runic Dome"},{"not_picked":[]}],"items_purged_floors":[17,34,38,45],"is_endless":false,"potions_floor_spawned":[4,6,11,14,16,19,24,25,31,33,35,40,42,48],"ascension_level":1}}