{"host":"aas8f8jvicx6tcxp","time":1611669325,"event":{"mods":["BaseMod","Better Third Choice","BetterRewards","Clockwork Mod","Downfall","Minty Spire (QoL Compilation)","StSLib","The Cursed"],"gold_per_floor":[99,115,3,17,32,52,77,377,388,415,48,61,94,194,213,317,317,317,334,352,364,23,34,88,88,88,88],"floor_reached":25,"language":"ENG","playtime":2934,"items_purged":["downfall:Icky"],"score":253,"play_id":"9f98b872-f00f-42c1-861a-5cbabe7ff912","local_time":"20210126075525","is_ascension_mode":true,"campfire_choices":[],"circlet_count":0,"master_deck":["sneckomod:Strike","sneckomod:Strike","sneckomod:Strike+1","sneckomod:Defend","sneckomod:Defend","sneckomod:Defend","sneckomod:TailWhip","sneckomod:SnekBite","sneckomod:Unknown","sneckomod:Unknown0Cost","bronze:Library","sneckomod:ImprovisedAttack","sneckomod:UnknownUncommonSkill","sneckomod:Nope","sneckomod:MasterEye","sneckomod:SnakeSap","sneckomod:MorePower","downfall:Icky","sneckomod:Rotation","sneckomod:UnknownBoss+1","sneckomod:IronFang+1","sneckomod:UnknownDexterity+1","sneckomod:CheapStock","sneckomod:UnknownStrength","sneckomod:UnknownRarePower+1","sneckomod:DiceBlock","sneckomod:SlitherStrike","sneckomod:UnknownStrength+1","sneckomod:UnknownRareAttack","bronze:SpaghettiCode+1","sneckomod:IronFang","sneckomod:UnknownRareAttack+1","sneckomod:UnknownUncommonPower+1","sneckomod:MasterEye","sneckomod:UnknownClassRED+1"],"relics":["sneckomod:SneckoSoul","Toy Ornithopter","Strawberry","Blood Vial","Whetstone","Fusion Hammer","Art of War","Bronze Scales"],"acts_visited":["Exordium","TheCity"],"potions_floor_usage":[6,10,10,16,16,22],"damage_taken":[{"damage":3,"enemies":"Jaw Worm","floor":2,"turns":4},{"damage":5,"enemies":"downfall:FleeingMerchant","floor":3,"turns":4},{"damage":0,"enemies":"2 Louse","floor":4,"turns":1},{"damage":7,"enemies":"Cultist","floor":5,"turns":4},{"damage":9,"enemies":"Large Slime","floor":6,"turns":4},{"damage":16,"enemies":"Gremlin Gang","floor":9,"turns":4},{"damage":2,"enemies":"3 Sentries","floor":10,"turns":7},{"damage":9,"enemies":"downfall:FleeingMerchant","floor":11,"turns":4},{"damage":5,"enemies":"Blue Slaver","floor":12,"turns":7},{"damage":16,"enemies":"Lagavulin","floor":13,"turns":5},{"damage":0,"enemies":"3 Louse","floor":15,"turns":4},{"damage":28,"enemies":"IC_STATUS_ARCHETYPE","floor":16,"turns":6},{"damage":0,"enemies":"Shell Parasite","floor":19,"turns":4},{"damage":21,"enemies":"Snake Plant","floor":20,"turns":7},{"damage":31,"enemies":"Shelled Parasite and Fungi","floor":21,"turns":5},{"damage":3,"enemies":"downfall:FleeingMerchant","floor":22,"turns":4},{"damage":21,"enemies":"Chosen and Byrds","floor":23,"turns":7},{"damage":35,"enemies":"Slavers","floor":25,"turns":2}],"seed_played":"-4638606222583547912","potions_obtained":[{"floor":4,"key":"champ:CounterPotion"},{"floor":6,"key":"Dexterity Potion"},{"floor":9,"key":"EssenceOfSteel"},{"floor":12,"key":"Ancient Potion"},{"floor":13,"key":"Slimebound:ThreeZeroPotion"},{"floor":21,"key":"SkillPotion"}],"is_trial":false,"path_per_floor":["R","M","$","M","M","M","T","?","M","E","$","M","E","?","M","B",null,"R","M","M","M","$","M","T","E"],"character_chosen":"THE_SNECKO","items_purchased":["sneckomod:Nope","sneckomod:MasterEye","sneckomod:CheapStock","Blood Vial","Dexterity Potion","sneckomod:MasterEye","sneckomod:CheatPotion","Art of War"],"campfire_rested":0,"item_purchase_floors":[3,3,11,11,11,22,22,22],"current_hp_per_floor":[90,87,82,82,75,66,66,66,50,65,56,53,39,39,41,25,97,97,97,76,47,51,32,32,0,0,0],"gold":88,"neow_bonus":"THREE_CARDS","is_daily":false,"chose_seed":false,"campfire_upgraded":0,"win_rate":0.0,"timestamp":1611669325,"path_taken":["R","M","$","M","M","M","T","?","M","E","$","M","E","?","M","BOSS","R","M","M","M","$","M","T","E"],"items_purchased_type":["Card","Card","Card","Relic","Potion","Card","Potion","Relic"],"build_version":"2020-12-22","purchased_purges":1,"victory":false,"max_hp_per_floor":[90,90,90,90,90,90,90,90,90,97,97,97,97,97,97,97,97,97,97,97,97,97,97,97,97,97,97],"card_choices":[{"not_picked":["sneckomod:DiceCrush","sneckomod:QuickMove"],"picked":"sneckomod:Unknown0Cost","floor":0},{"not_picked":["sneckomod:SnekBeam","sneckomod:Unknown2Cost"],"picked":"sneckomod:ImprovisedAttack","floor":2},{"not_picked":["sneckomod:QuickBite","sneckomod:Nope"],"picked":"sneckomod:UnknownUncommonSkill","floor":3},{"not_picked":["sneckomod:QuickBite","sneckomod:DiceBoulder"],"picked":"sneckomod:SnakeSap","floor":4},{"not_picked":["sneckomod:QuickBite","sneckomod:QuickMove","sneckomod:RainOfDice"],"picked":"SKIP","floor":5},{"not_picked":["sneckomod:Unknown1Cost","sneckomod:UnknownUncommonAttack"],"picked":"sneckomod:MorePower","floor":6},{"not_picked":["sneckomod:UnknownDraw","sneckomod:Nope"],"picked":"sneckomod:Rotation","floor":9},{"not_picked":["sneckomod:UnknownX+1","sneckomod:UnknownClassTHE_CURSED_PURPLE+1"],"picked":"sneckomod:UnknownBoss+1","floor":10},{"not_picked":["sneckomod:ImprovisedAttack","sneckomod:QuickBite"],"picked":"sneckomod:IronFang","floor":10},{"not_picked":["sneckomod:UnknownCommonSkill+1","sneckomod:UnknownCommonAttack+1"],"picked":"sneckomod:UnknownDexterity+1","floor":11},{"not_picked":["sneckomod:QuickBite","sneckomod:UnknownDraw","sneckomod:WideSting"],"picked":"SKIP","floor":11},{"not_picked":["sneckomod:UnknownClassCLOCKWORK+1","sneckomod:Unknown3Cost+1"],"picked":"sneckomod:Unknown2Cost+1","floor":12},{"not_picked":["sneckomod:DiceBlock","sneckomod:UnknownCommonSkill"],"picked":"sneckomod:UnknownStrength","floor":12},{"not_picked":["sneckomod:UnknownCommonAttack+1","sneckomod:UnknownUncommonSkill+1"],"picked":"sneckomod:UnknownRarePower+1","floor":13},{"not_picked":["sneckomod:QuickBite","sneckomod:DiceCrush"],"picked":"sneckomod:DiceBlock","floor":13},{"not_picked":["sneckomod:DiceCrush","sneckomod:Nope"],"picked":"sneckomod:SlitherStrike","floor":15},{"not_picked":["sneckomod:UnknownBlock+1","sneckomod:UnknownCommonSkill+1"],"picked":"sneckomod:UnknownStrength+1","floor":16},{"not_picked":["sneckomod:UnknownBoss","sneckomod:DangerNoodle"],"picked":"sneckomod:UnknownRareAttack","floor":16},{"not_picked":["sneckomod:RainOfDice","sneckomod:Memorize"],"picked":"sneckomod:IronFang","floor":19},{"not_picked":["sneckomod:UnknownExhaust+1","sneckomod:UnknownRarePower+1"],"picked":"sneckomod:UnknownRareAttack+1","floor":20},{"not_picked":["sneckomod:QuickBite","sneckomod:DefensiveFlair","sneckomod:UnknownCommonAttack"],"picked":"SKIP","floor":20},{"not_picked":["sneckomod:UnknownStrength+1","sneckomod:UnknownUncommonSkill+1"],"picked":"sneckomod:UnknownUncommonPower+1","floor":21},{"not_picked":["sneckomod:UnknownCommonSkill+1","sneckomod:UnknownClassTHE_BRONZE_AUTOMATON","sneckomod:IronFang"],"picked":"SKIP","floor":21},{"not_picked":["sneckomod:MorePower","sneckomod:QuickBite","sneckomod:UnknownCommonSkill"],"picked":"SKIP","floor":22},{"not_picked":["sneckomod:Unknown1Cost+1","sneckomod:UnknownClassSLIMEBOUND+1"],"picked":"sneckomod:UnknownClassRED+1","floor":23},{"not_picked":["sneckomod:TrashToTreasure","sneckomod:DiceBoulder","sneckomod:UnknownX"],"picked":"SKIP","floor":23}],"player_experience":313577,"relics_obtained":[{"floor":7,"key":"Toy Ornithopter"},{"floor":10,"key":"Strawberry"},{"floor":13,"key":"Whetstone"},{"floor":24,"key":"Bronze Scales"}],"event_choices":[],"is_beta":false,"boss_relics":[{"not_picked":["Busted Crown","Cursed Key"],"picked":"Fusion Hammer"}],"items_purged_floors":[11],"is_endless":false,"potions_floor_spawned":[4,6,9,12,13,21],"killed_by":"Slavers","ascension_level":1}}