{"host":"9xd9wjw6duoy9kbq","time":1611696096,"event":{"mods":["AchievementEnabler","BaseMod","BetterRewards","Infinite Spire","Jorbs\u0027s Wanderer Trilogy","Minty Spire (QoL Compilation)","Replay The Spire","StSLib"],"gold_per_floor":[365,378,17,36,36,67,67,32,32,32,32,44,44,44,44,103,103,207,207,195,195,215,236,257,266,310,322,322,341,350,375,375,394,403,501,501,556,616,678,736,801,810,899,908,908,1006,1095,1192,1201,1306,1315,1315],"floor_reached":53,"language":"ENG","playtime":6493,"items_purged":["Pain"],"score":1120,"play_id":"f4ae8669-899b-4c19-a481-714110f53582","local_time":"20210126212136","is_ascension_mode":false,"campfire_choices":[{"floor":7.0,"key":"REST"},{"floor":10.0,"key":"REST"},{"data":"WaveOfTheHand","floor":13.0,"key":"SMITH"},{"floor":17.0,"key":"REST"},{"data":"DevaForm","floor":25,"key":"SMITH"},{"data":"Wish","floor":34,"key":"SMITH"},{"data":"Replay:Cycle","floor":42,"key":"SMITH"},{"data":"Establishment","floor":49,"key":"SMITH"},{"data":"BattleHymn","floor":51,"key":"SMITH"}],"circlet_count":0,"master_deck":["Eruption","Vigilance","Replay:ManipulateFuture","Replay:ManipulateFuture","Replay:DivineShield","EmptyFist","Replay:DivineShield","Protect","JustLucky","WaveOfTheHand+1","Replay:AtTheReady","SignatureMove","Replay:Cycle+1","DevaForm+1","InnerPeace","CrushJoints","BattleHymn+1","Replay:Battleflow","Wish+1","RitualDagger","Weave","Swivel","Weave+1","CrushJoints+1","Replay:Hum+1","Replay:Anticipation","Establishment+1","ForeignInfluence","JustLucky+1","FlurryOfBlows+1","BattleHymn+1","MentalFortress+1","Indignation"],"relics":["HolyWater","Replay:PocketPolymizer","Thread and Needle","InkBottle","Snack Pack","Gremlin Horn","Replay:Grab Bag","Coffee Dripper","Painkiller Herb","CeramicFish","Replay:Bronze Core","Orichalcum","Kunai","infinitespire:EvilPickle","Black Star","Peace Pipe","Pen Nib","Onion Ring","Mummified Hand","infinitespire:Satchel"],"acts_visited":["Exordium","TheCity","TheBeyond"],"potions_floor_usage":[24,26,40,43,50,52,52],"damage_taken":[{"damage":3.0,"enemies":"Small Slimes","floor":1.0,"turns":4.0},{"damage":0.0,"enemies":"2 Louse","floor":2.0,"turns":2.0},{"damage":8.0,"enemies":"Jaw Worm","floor":4.0,"turns":7.0},{"damage":30.0,"enemies":"Gremlin Nob","floor":6.0,"turns":5.0},{"damage":10.0,"enemies":"Large Slime","floor":12.0,"turns":12.0},{"damage":7.0,"enemies":"3 Sentries","floor":16.0,"turns":12.0},{"damage":13.0,"enemies":"Slime Boss","floor":18.0,"turns":13.0},{"damage":22,"enemies":"2 Thieves","floor":20,"turns":4},{"damage":0,"enemies":"Chosen","floor":22,"turns":3},{"damage":0,"enemies":"Snecko","floor":23,"turns":4},{"damage":11,"enemies":"Cultist and Chosen","floor":24,"turns":6},{"damage":23,"enemies":"Slavers","floor":26,"turns":4},{"damage":0,"enemies":"Shelled Parasite and Fungi","floor":27,"turns":4},{"damage":2,"enemies":"3 Cultists","floor":29,"turns":3},{"damage":0,"enemies":"Snake Plant","floor":31,"turns":3},{"damage":0,"enemies":"Chosen and Byrds","floor":33,"turns":4},{"damage":3,"enemies":"Pondfish","floor":35,"turns":11},{"damage":19,"enemies":"3 Shapes","floor":37,"turns":3},{"damage":7,"enemies":"3 Darklings","floor":38,"turns":4},{"damage":0,"enemies":"Transient","floor":39,"turns":5},{"damage":5,"enemies":"4 Shapes","floor":40,"turns":8},{"damage":11,"enemies":"Writhing Mass","floor":41,"turns":6},{"damage":6,"enemies":"Nemesis","floor":43,"turns":7},{"damage":3,"enemies":"Reptomancer","floor":46,"turns":3},{"damage":1,"enemies":"Sphere and 2 Shapes","floor":47,"turns":3},{"damage":8,"enemies":"Spire Growth","floor":48,"turns":3},{"damage":3,"enemies":"3 Darklings","floor":50,"turns":2},{"damage":11,"enemies":"Awakened One","floor":52,"turns":9}],"seed_played":"5912556667939232203","potions_obtained":[{"floor":2.0,"key":"LiquidBronze"},{"floor":4.0,"key":"Venom Potion"},{"floor":6.0,"key":"BottledMiracle"},{"floor":18.0,"key":"Energy Potion"},{"floor":20,"key":"LifebloodPotion"},{"floor":22,"key":"Dexterity Potion"},{"floor":33,"key":"BottledMiracle"},{"floor":37,"key":"Toxic Potion"},{"floor":46,"key":"Adrenaline Potion"},{"floor":47,"key":"Block Potion"},{"floor":48,"key":"FearPotion"},{"floor":50,"key":"GamblersBrew"}],"is_trial":false,"path_per_floor":["M","M","$","M","?","E","R","?","T","R","$","M","R","PTL","PTL","?","R","B",null,"?","AVR","?","?","?","T","E","?","T","?","?","?","?","?","T","B",null,"?","?","?","?","?","T","E","?","T","E","?","?","T","?","T","B",null],"character_chosen":"WATCHER","items_purchased":["Replay:PocketPolymizer","Replay:DivineShield"],"campfire_rested":3,"item_purchase_floors":[3,3],"current_hp_per_floor":[69,69,69,61,43,13,34,52,52,72,72,63,63,63,63,58,72,63,72,52,52,54,54,47,47,30,34,34,38,32,34,58,62,62,72,72,57,60,68,69,70,70,72,72,72,72,72,64,64,63,63,72],"gold":1315,"neow_bonus":"TWO_FIFTY_GOLD","is_daily":false,"chose_seed":false,"campfire_upgraded":6,"win_rate":0.0,"timestamp":1611696096,"path_taken":["M","M","$","M","?","E","R","?","T","R","?","M","R","PTL","PTL","?","R","BOSS","?","AVR","?","?","?","T","E","?","T","?","?","?","?","?","T","BOSS","?","?","?","?","?","T","E","?","T","E","?","?","T","?","T","BOSS"],"items_purchased_type":["Relic","Card"],"build_version":"2020-12-22","purchased_purges":1,"victory":true,"max_hp_per_floor":[72,72,72,72,72,72,72,72,72,72,72,72,72,72,72,72,72,72,72,72,72,72,72,72,72,72,72,72,72,72,72,72,72,72,72,72,72,72,72,72,72,72,72,72,72,72,72,72,72,72,72,72],"card_choices":[{"not_picked":["Halt","Crescendo"],"picked":"Replay:ManipulateFuture","floor":1.0},{"not_picked":["Crescendo","EmptyFist"],"picked":"Replay:ManipulateFuture","floor":2.0},{"not_picked":["Meditate","ClearTheMind"],"picked":"EmptyFist","floor":4.0},{"not_picked":["Evaluate","CrushJoints"],"picked":"Replay:DivineShield","floor":6.0},{"not_picked":["ThirdEye","BowlingBash"],"picked":"WaveOfTheHand","floor":12.0},{"not_picked":["ThirdEye","Collect"],"picked":"SignatureMove","floor":16.0},{"not_picked":["LessonLearned","Judgement"],"picked":"DevaForm","floor":18.0},{"not_picked":["Evaluate","Replay:ManipulateFuture+1"],"picked":"InnerPeace","floor":20},{"not_picked":["Protect","PathToVictory","Replay:ManipulateFuture+1"],"picked":"SKIP","floor":22},{"not_picked":["EmptyBody+1","Pray"],"picked":"CrushJoints","floor":23},{"not_picked":["Protect","Adaptation"],"picked":"BattleHymn+1","floor":24},{"not_picked":["MentalFortress","Protect"],"picked":"Wish","floor":26},{"not_picked":["JustLucky","SandsOfTime","CutThroughFate"],"picked":"SKIP","floor":27},{"not_picked":["SandsOfTime","Replay:DivineShield","Halt"],"picked":"SKIP","floor":29},{"not_picked":["Replay:Vibes","Alpha"],"picked":"Weave","floor":31},{"not_picked":["CutThroughFate","EmptyFist"],"picked":"SashWhip","floor":33},{"not_picked":["Indignation+1","Crescendo"],"picked":"Weave+1","floor":37},{"not_picked":["Protect","Halt"],"picked":"CrushJoints+1","floor":38},{"not_picked":["Wireheading","Replay:BluntJabs"],"picked":"Replay:Hum+1","floor":39},{"not_picked":["Worship+1","Prostrate","CrushJoints"],"picked":"SKIP","floor":40},{"not_picked":["Vengeance","Wallop","CutThroughFate+1"],"picked":"SKIP","floor":41},{"not_picked":["SignatureMove","FlurryOfBlows"],"picked":"Establishment","floor":43},{"not_picked":["Halt+1","EmptyMind"],"picked":"ForeignInfluence","floor":46},{"not_picked":["SashWhip","Crescendo"],"picked":"JustLucky+1","floor":47},{"not_picked":["Crescendo+1","Collect"],"picked":"FlurryOfBlows+1","floor":48},{"not_picked":["Consecrate","Worship"],"picked":"MentalFortress+1","floor":50}],"player_experience":130341,"relics_obtained":[{"floor":6.0,"key":"InkBottle"},{"floor":9.0,"key":"Snack Pack"},{"floor":16.0,"key":"Gremlin Horn"},{"floor":26,"key":"Orichalcum"},{"floor":28,"key":"Kunai"},{"floor":43,"key":"Peace Pipe"},{"floor":43,"key":"Pen Nib"},{"floor":45,"key":"Onion Ring"},{"floor":46,"key":"Mummified Hand"},{"floor":46,"key":"infinitespire:Satchel"}],"event_choices":[{"damage_healed":0.0,"max_hp_gain":0.0,"max_hp_loss":0.0,"gold_gain":0.0,"event_name":"Scrap Ooze","player_choice":"Success","floor":5.0,"gold_loss":0.0,"damage_taken":18.0,"relics_obtained":["Thread and Needle"]},{"damage_healed":18.0,"max_hp_gain":0.0,"max_hp_loss":0.0,"gold_gain":0.0,"event_name":"The Cleric","player_choice":"Healed","floor":8.0,"gold_loss":35.0,"damage_taken":0.0},{"damage_healed":0.0,"max_hp_gain":0.0,"max_hp_loss":0.0,"gold_gain":0.0,"event_name":"Dead Adventurer","player_choice":"Searched \u00271\u0027 times","floor":16.0,"gold_loss":0.0,"damage_taken":0.0},{"damage_healed":0,"gold_gain":0,"player_choice":"Joined the Cult","damage_taken":6,"max_hp_gain":0,"max_hp_loss":0,"event_name":"Nest","floor":30,"gold_loss":0,"cards_obtained":["RitualDagger"]},{"damage_healed":24,"gold_gain":0,"player_choice":"Heal","damage_taken":0,"max_hp_gain":0,"max_hp_loss":0,"event_name":"The Library","floor":32,"gold_loss":0},{"damage_healed":0,"gold_gain":0,"cards_transformed":["Defend_P"],"player_choice":"Transformed","damage_taken":0,"max_hp_gain":0,"max_hp_loss":0,"event_name":"Transmorgrifier","floor":44,"gold_loss":0,"cards_obtained":["WindmillStrike"]}],"is_beta":false,"boss_relics":[{"not_picked":["Empty Cage","Sozu"],"picked":"Replay:Grab Bag"},{"not_picked":["Ectoplasm","Abe\u0027s Treasure"],"picked":"Coffee Dripper"},{"not_picked":["ChewingGum","ReplayTheSpireMod:DimensionalGlitch"],"picked":"Painkiller Herb"},{"not_picked":["VioletLotus","Astrolabe"],"picked":"HolyWater"},{"not_picked":["Replay:Wanted Poster","Philosopher\u0027s Stone"],"picked":"Black Star"}],"items_purged_floors":[21],"is_endless":false,"potions_floor_spawned":[2,4,6,18,20,22,33,37,46,47,48,50],"ascension_level":0}}