{"host":"f0gpob8hq9vgebej","time":1611638459,"event":{"mods":["AchievementEnabler","BaseMod","Minty Spire (QoL Compilation)","Quick Restart","SuperFastMode"],"gold_per_floor":[35,115,126,126,143,156,190,190,206,276,276,295,295,326,344,344,447,447,466,481,406,424,442,442,461,461,514,514,546,158,173,190,190,190,190],"floor_reached":33,"language":"KOR","playtime":1484,"items_purged":["Strike_P","Defend_P"],"score":340,"play_id":"e65f14af-8cbb-4885-8b38-b67491a559c6","local_time":"20210126142059","is_ascension_mode":true,"campfire_choices":[{"data":"Adaptation","floor":7.0,"key":"SMITH"},{"floor":12.0,"key":"REST"},{"floor":15.0,"key":"REST"},{"floor":23.0,"key":"REST"},{"floor":27.0,"key":"REST"},{"floor":32,"key":"REST"}],"circlet_count":0,"master_deck":["Strike_P+1","Strike_P","Strike_P+1","Defend_P+1","Defend_P+1","Defend_P","Eruption+1","Vigilance+1","FearNoEvil","Adaptation+1","EmptyFist","LessonLearned+1","ClearTheMind+1","Vengeance+1","Crescendo"],"relics":["PureWater","War Paint","Kunai","Calipers","Black Star","Bag of Preparation","Bronze Scales","Gambling Chip","Membership Card","HornCleat"],"acts_visited":["Exordium","TheCity"],"potions_floor_usage":[33,33],"damage_taken":[{"damage":8.0,"enemies":"Jaw Worm","floor":1.0,"turns":5.0},{"damage":1.0,"enemies":"2 Louse","floor":2.0,"turns":3.0},{"damage":8.0,"enemies":"Small Slimes","floor":4.0,"turns":4.0},{"damage":9.0,"enemies":"Blue Slaver","floor":5.0,"turns":5.0},{"damage":35.0,"enemies":"3 Sentries","floor":6.0,"turns":9.0},{"damage":0.0,"enemies":"2 Fungi Beasts","floor":8.0,"turns":3.0},{"damage":3.0,"enemies":"Exordium Thugs","floor":11.0,"turns":5.0},{"damage":14.0,"enemies":"Lagavulin","floor":13.0,"turns":6.0},{"damage":0.0,"enemies":"Exordium Wildlife","floor":14.0,"turns":2.0},{"damage":2.0,"enemies":"The Guardian","floor":16.0,"turns":11.0},{"damage":43.0,"enemies":"3 Byrds","floor":18.0,"turns":8.0},{"damage":0.0,"enemies":"Chosen","floor":19.0,"turns":4.0},{"damage":26.0,"enemies":"Snecko","floor":21.0,"turns":5.0},{"damage":4.0,"enemies":"Chosen and Byrds","floor":22.0,"turns":6.0},{"damage":28.0,"enemies":"Snake Plant","floor":24.0,"turns":7.0},{"damage":18.0,"enemies":"Gremlin Leader","floor":28.0,"turns":7.0},{"damage":0,"enemies":"3 Cultists","floor":30,"turns":4},{"damage":5,"enemies":"Cultist and Chosen","floor":31,"turns":5},{"damage":46,"enemies":"Automaton","floor":33,"turns":6}],"seed_played":"3192709632857383062","potions_obtained":[{"floor":2.0,"key":"Swift Potion"},{"floor":4.0,"key":"Fruit Juice"},{"floor":6.0,"key":"Strength Potion"},{"floor":14.0,"key":"BlessingOfTheForge"},{"floor":16.0,"key":"Weak Potion"},{"floor":18.0,"key":"SteroidPotion"},{"floor":28.0,"key":"SkillPotion"}],"is_trial":false,"path_per_floor":["M","M","?","M","M","E","R","M","T","?","M","R","E","M","R","B",null,"M","M","$","M","M","R","M","?","T","R","E","$","M","M","R","B"],"character_chosen":"WATCHER","items_purchased":["Membership Card","Crescendo","HornCleat","Regen Potion"],"campfire_rested":5,"item_purchase_floors":[29,29,29,29],"current_hp_per_floor":[27,64,63,68,65,56,21,21,21,21,21,18,42,28,28,52,50,82,39,39,39,13,9,33,5,5,5,29,11,11,11,6,30,0,0],"gold":190,"neow_bonus":"UPGRADE_CARD","is_daily":false,"chose_seed":false,"campfire_upgraded":1,"win_rate":0.0,"timestamp":1611638459,"path_taken":["M","M","?","M","M","E","R","M","T","?","M","R","E","M","R","BOSS","M","M","$","M","M","R","M","?","T","R","E","$","M","M","R","BOSS"],"items_purchased_type":["Relic","Card","Relic","Potion"],"build_version":"2020-12-22","purchased_purges":2,"victory":false,"max_hp_per_floor":[79,72,72,77,82,82,82,82,82,82,82,82,82,82,82,82,82,82,82,82,82,82,82,82,82,82,82,82,82,82,82,82,82,82,82],"card_choices":[{"not_picked":["CutThroughFate","Wireheading"],"picked":"FearNoEvil","floor":1.0},{"not_picked":["FollowUp","Prostrate","Protect"],"picked":"SKIP","floor":2.0},{"not_picked":["ForeignInfluence","WaveOfTheHand"],"picked":"Adaptation","floor":4.0},{"not_picked":["SandsOfTime","CarveReality","WreathOfFlame"],"picked":"SKIP","floor":5.0},{"not_picked":["FollowUp","CrushJoints"],"picked":"EmptyFist","floor":6.0},{"not_picked":["Collect","WheelKick","WaveOfTheHand"],"picked":"SKIP","floor":8.0},{"not_picked":["Halt","PathToVictory","Conclude"],"picked":"SKIP","floor":11.0},{"not_picked":["FearNoEvil","Weave","SpiritShield"],"picked":"SKIP","floor":13.0},{"not_picked":["CrushJoints","WaveOfTheHand","CutThroughFate"],"picked":"SKIP","floor":14.0},{"not_picked":["Devotion","Brilliance"],"picked":"LessonLearned","floor":16.0},{"not_picked":["Protect","Study","ThirdEye+1"],"picked":"SKIP","floor":18.0},{"not_picked":["Pray+1","FollowUp+1"],"picked":"ClearTheMind+1","floor":19.0},{"not_picked":["CarveReality","CrushJoints+1","LikeWater"],"picked":"SKIP","floor":21.0},{"not_picked":["CutThroughFate","FlyingSleeves","EmptyBody"],"picked":"SKIP","floor":22.0},{"not_picked":["EmptyFist+1","ReachHeaven+1","FearNoEvil+1"],"picked":"SKIP","floor":24.0},{"not_picked":["WindmillStrike","Indignation"],"picked":"Vengeance","floor":28.0},{"not_picked":["SashWhip","ThirdEye","Protect"],"picked":"SKIP","floor":30},{"not_picked":["JustLucky+1","WreathOfFlame","Indignation+1"],"picked":"SKIP","floor":31}],"player_experience":250331,"relics_obtained":[{"floor":6.0,"key":"War Paint"},{"floor":9.0,"key":"Kunai"},{"floor":13.0,"key":"Calipers"},{"floor":26.0,"key":"Bag of Preparation"},{"floor":28.0,"key":"Bronze Scales"},{"floor":28.0,"key":"Gambling Chip"}],"event_choices":[{"damage_healed":0.0,"max_hp_gain":5.0,"max_hp_loss":0.0,"gold_gain":0.0,"event_name":"Big Fish","player_choice":"Donut","floor":3.0,"gold_loss":0.0,"damage_taken":0.0},{"damage_healed":0.0,"max_hp_gain":0.0,"max_hp_loss":0.0,"gold_gain":0.0,"event_name":"Golden Idol","player_choice":"Ignored","floor":10.0,"gold_loss":0.0,"damage_taken":0.0},{"damage_healed":0.0,"max_hp_gain":0.0,"max_hp_loss":0.0,"gold_gain":0.0,"event_name":"Cursed Tome","player_choice":"Ignored","floor":25.0,"gold_loss":0.0,"damage_taken":0.0}],"is_beta":false,"boss_relics":[{"not_picked":["Ectoplasm","SacredBark"],"picked":"Black Star"}],"items_purged_floors":[20,29],"is_endless":false,"potions_floor_spawned":[2,4,6,14,16,18,19,28,31],"killed_by":"Automaton","ascension_level":4}}