{"host":"4kmvpqjeiacgn1pr","time":1611688838,"event":{"mods":["AchievementEnabler","BaseMod","Better Altar","Better Match","Better Note","Better Sensory Stone","Better Skull","Better Third Choice","Colored Map","Colored Powertips","Curses Come First","Highlight Path","Minty Spire (QoL Compilation)","Permanent Neow","Rare Cards Sparkle","Replay The Spire","Spicy Shops","StSLib"],"gold_per_floor":[119,131,160,63,83,83,83,83,83,83,108,108,138,138,138,138],"floor_reached":15,"language":"ENG","playtime":360,"items_purged":[],"score":174,"play_id":"626d708a-5f42-4787-bcc7-bbe095f16d7b","local_time":"20210126142038","is_ascension_mode":true,"campfire_choices":[{"data":"Infernal Blade","floor":7,"key":"SMITH"},{"data":"Eruption","floor":7,"key":"SMITH"},{"data":"Blade Dance","floor":10,"key":"SMITH"},{"data":"Deflect","floor":10,"key":"SMITH"},{"data":"Neutralize","floor":12,"key":"SMITH"},{"data":"Strike_G","floor":12,"key":"SMITH"}],"circlet_count":0,"master_deck":["AscendersBane","Strike_G","Strike_G","Strike_G","Strike_G","Strike_G+1","Defend_G","Defend_G","Defend_G","Defend_G","Defend_G","Survivor+1","Neutralize+1","Eruption+1","Strike_G","Deflect+1","Bouncing Flask+1","Mind Blast","Blade Dance+1","Infernal Blade+1","Masterful Stab","Burn"],"relics":["Ring of the Snake","Basket Of Snakes","Replay:Arrowhead","Pet Ghost","War Paint","Bag of Marbles"],"acts_visited":["Exordium"],"potions_floor_usage":[13,15],"damage_taken":[{"damage":4,"enemies":"2 Louse","floor":1,"turns":3},{"damage":15,"enemies":"Jaw Worm","floor":2,"turns":3},{"damage":0,"enemies":"Cultist","floor":5,"turns":2},{"damage":0,"enemies":"Gremlin Nob","floor":13,"turns":2},{"damage":32,"enemies":"3 Sentries","floor":15,"turns":2}],"seed_played":"163200652308734225","potions_obtained":[{"floor":2,"key":"Reflective Coating"},{"floor":5,"key":"SkillPotion"}],"is_trial":false,"path_per_floor":["M","M","?","$","M","?","R","PTL","PTL","R","T","R","E","?","E"],"character_chosen":"THE_SILENT","items_purchased":["Mind Blast"],"campfire_rested":0,"item_purchase_floors":[4],"current_hp_per_floor":[59,44,44,44,44,27,27,27,27,27,27,27,27,27,0,0],"gold":138,"neow_bonus":"ONE_RARE_RELIC","is_daily":false,"chose_seed":false,"campfire_upgraded":6,"win_rate":0.0,"timestamp":1611688838,"path_taken":["M","M","?","$","?","?","R","PTL","PTL","R","T","R","E","?","E"],"items_purchased_type":["Card"],"build_version":"2020-12-22","purchased_purges":0,"victory":false,"max_hp_per_floor":[70,70,70,70,70,70,70,70,70,70,70,70,70,70,70,70],"card_choices":[{"not_picked":["Poisoned Stab","Backflip","Sucker Punch"],"picked":"SKIP","floor":1},{"not_picked":["Dagger Spray","Prepared"],"picked":"Deflect","floor":2},{"not_picked":["Deflect","Dagger Throw"],"picked":"Bouncing Flask","floor":3},{"not_picked":["Slice","Dagger Spray"],"picked":"Blade Dance","floor":5},{"not_picked":["Expertise","Caltrops"],"picked":"Masterful Stab","floor":13}],"player_experience":347449,"relics_obtained":[{"floor":3,"key":"Replay:Arrowhead"},{"floor":11,"key":"War Paint"},{"floor":13,"key":"Bag of Marbles"}],"event_choices":[{"damage_healed":27,"gold_gain":0,"player_choice":"Embrace Burn","damage_taken":0,"max_hp_gain":0,"max_hp_loss":70,"event_name":"betterThird:BetterShining","floor":14,"gold_loss":0}],"is_beta":false,"boss_relics":[],"items_purged_floors":[],"is_endless":false,"potions_floor_spawned":[2,5],"killed_by":"3 Sentries","ascension_level":10}}