{"host":"takgv9cv6xf64vhq","time":1611667018,"event":{"mods":["BaseMod","Colored Powertips","Downfall","Hubris","LagranYue(拉格朗・月)","Marisa（F雨　魔理沙）","Minty Spire (QoL Compilation)","Replay The Spire","StSLib","The Cursed","The Jungle","TheHeartMod"],"gold_per_floor":[109,62,62,78,98,98,133,145,171,196,399,409,409,422,422,422,422],"floor_reached":16,"language":"ZHS","playtime":834,"items_purged":[],"score":102,"play_id":"a1b55ec3-5727-4e81-9c0f-7dfb427a1712","local_time":"20210126211658","is_ascension_mode":false,"campfire_choices":[{"data":"Eruption","floor":6,"key":"SMITH"},{"data":"Establishment","floor":13,"key":"SMITH"},{"data":"Replay:ManipulateFuture","floor":15,"key":"SMITH"}],"circlet_count":0,"master_deck":["Strike_P","Strike_P","Strike_P","Defend_P","Defend_P","Defend_P","Defend_P","Eruption+1","Vigilance","Evaluate","EmptyBody","EmptyMind","Replay:ManipulateFuture+1","Establishment+1","ClearTheMind","Fasting2","ReplayTheSpireMod:Splinters","Crescendo","Perseverance","ClearTheMind"],"relics":["SacredBark","hubris:OldNail","Vajra","Odd Mushroom"],"acts_visited":["Exordium"],"potions_floor_usage":[5,7,10,14],"damage_taken":[{"damage":0,"enemies":"Small Slimes","floor":1,"turns":2},{"damage":4,"enemies":"Cultist","floor":4,"turns":5},{"damage":0,"enemies":"Jaw Worm","floor":5,"turns":5},{"damage":6,"enemies":"Lagavulin","floor":7,"turns":7},{"damage":12,"enemies":"Large Slime","floor":8,"turns":10},{"damage":16,"enemies":"The Mushroom Lair","floor":10,"turns":6},{"damage":0,"enemies":"2 Fungi Beasts","floor":12,"turns":4},{"damage":2,"enemies":"Looter","floor":14,"turns":2},{"damage":33,"enemies":"Slime Boss","floor":16,"turns":8}],"seed_played":"9056362294281991801","potions_obtained":[{"floor":4,"key":"AttackPotion"},{"floor":5,"key":"champ:CounterPotion"},{"floor":8,"key":"DuplicationPotion"},{"floor":12,"key":"AttackPotion"}],"is_trial":false,"path_per_floor":["M","$","?","M","M","R","E","M","T","?","?","M","R","M","R","B"],"character_chosen":"WATCHER","items_purchased":["EmptyBody"],"campfire_rested":0,"item_purchase_floors":[2],"current_hp_per_floor":[72,72,72,68,68,68,62,50,50,34,34,34,34,32,32,0,0],"gold":422,"neow_bonus":"BOSS_RELIC","is_daily":false,"chose_seed":false,"campfire_upgraded":3,"win_rate":0.0,"timestamp":1611667018,"path_taken":["M","$","?","?","M","R","E","M","T","?","?","M","R","M","R","BOSS"],"items_purchased_type":["Card"],"build_version":"2020-12-22","purchased_purges":0,"victory":false,"max_hp_per_floor":[72,72,72,72,72,72,72,72,72,72,72,72,72,72,72,72,72],"card_choices":[{"not_picked":["Crescendo","Replay:Hum"],"picked":"Evaluate","floor":1},{"not_picked":["SashWhip","Vengeance"],"picked":"EmptyMind","floor":4},{"not_picked":["Replay:Hum","SashWhip"],"picked":"Replay:ManipulateFuture","floor":5},{"not_picked":["Sanctity","BowlingBash"],"picked":"Establishment","floor":7},{"not_picked":["Meditate","LikeWater"],"picked":"ClearTheMind","floor":8},{"not_picked":["Vengeance","Sanctity"],"picked":"Fasting2","floor":10},{"not_picked":["EmptyFist","CarveReality"],"picked":"Crescendo","floor":11},{"not_picked":["EmptyBody","FlurryOfBlows"],"picked":"Perseverance","floor":12},{"not_picked":["Replay:Hum","ThirdEye"],"picked":"ClearTheMind","floor":14}],"player_experience":85509,"relics_obtained":[{"floor":7,"key":"hubris:OldNail"},{"floor":9,"key":"Vajra"},{"floor":10,"key":"Odd Mushroom"}],"event_choices":[{"cards_removed":["Strike_P"],"damage_healed":0,"gold_gain":0,"player_choice":"Offered Basic","damage_taken":0,"max_hp_gain":0,"max_hp_loss":0,"event_name":"Bonfire Elementals","floor":3,"gold_loss":0},{"damage_healed":0,"gold_gain":0,"player_choice":"Fought Mushrooms","damage_taken":0,"max_hp_gain":0,"max_hp_loss":0,"event_name":"Mushrooms","floor":10,"gold_loss":0}],"is_beta":false,"boss_relics":[],"items_purged_floors":[],"is_endless":false,"potions_floor_spawned":[4,5,8,12],"killed_by":"Slime Boss","ascension_level":0}}