{"host":"och2iitg9ibgz06n","time":1611682339,"event":{"mods":["Abigail Mod","AchievementEnabler","Aspiration","BaseMod","Colored Powertips","Dio Mod","Hubris","Hyrulean Relics","Infinite Spire","Minty Spire (QoL Compilation)","Replay The Spire","Small Relic Pack","StSLib","The Animator","The Bug Knight","The Hierophant","The Jungle","The Saiyan","TheHero","Wandering Minibosses","everything is the same but u backflip on backflip","slay the spire mod where everything is the same but ironclad has a cowboy hat"],"gold_per_floor":[118,118,118,118,135,135,145,170,170,170,170,102,102,51,51,153,153,168,168,168,93,105,105,134,134,134,134,154,154,168,183,183,286,286,298,398,410,410,74,104,104,104,104],"floor_reached":42,"language":"ENG","playtime":2116,"items_purged":[],"score":553,"play_id":"2657c2b7-470c-4263-b853-4a67b64e6a77","local_time":"20210126113219","is_ascension_mode":true,"campfire_choices":[{"data":"animeID:TodorokiShoto","floor":6,"key":"SMITH"},{"floor":11,"key":"REST"},{"data":"animeID:Deku","floor":13,"key":"SMITH"},{"data":"animeID:TetsuTetsu","floor":15,"key":"SMITH"},{"data":"animeID:Hawks","floor":23,"key":"SMITH"},{"data":"animeID:RecoveryGirl","floor":25,"key":"SMITH"},{"floor":27,"key":"RECALL"},{"data":"animeID:EraserHead","floor":32,"key":"SMITH"},{"floor":41,"key":"REST"}],"circlet_count":0,"master_deck":["animeID:Deku+1","animeID:Bakugo","animeID:Smash","animeID:Smash","animeID:Smash","animeID:Smash","animeID:DefendMH","animeID:DefendMH","animeID:DefendMH","animeID:RecoveryGirl+1","Regret","animeID:TodorokiShoto+1","animeID:EraserHead+1","animeID:DelawareSmash","animeID:TetsuTetsu+1","animeID:Iida","animeID:Hawks+1","animeID:Hatsume+1","animeID:DelawareSmash+1","animeID:Bakugo","animeID:DelawareSmash","Decay","animeID:MirioTogata","animeID:ToruHagakure","animeID:PlusUltra","animeID:Mezo+1","infinitespire:Fortify","animeID:Muscular+1","animeID:DelawareSmash","Dark Shackles","animeID:TodorokiShoto+1"],"relics":["animeID:HeroCostume","infinitespire:Lucky Rock","Boot","Replay:Bottled Snecko","Replay:Wax Seal","Bottled Lightning","Replay:Fungal Core","MutagenicStrength","infinitespire:PuzzleCube","Snack Pack","hubris:ScarierMask","Gambling Chip","ReplayTheSpireMod:Shallot","WingedGreaves"],"acts_visited":["Exordium","TheCity","TheBeyond"],"potions_floor_usage":[31,31,40],"damage_taken":[{"damage":0,"enemies":"Small Slimes","floor":1,"turns":1},{"damage":0,"enemies":"2 Louse","floor":5,"turns":2},{"damage":8,"enemies":"Jaw Worm","floor":7,"turns":4},{"damage":48,"enemies":"Gremlin Nob","floor":8,"turns":7},{"damage":60,"enemies":"Hexaghost","floor":16,"turns":18},{"damage":6,"enemies":"Shell Parasite","floor":18,"turns":6},{"damage":17,"enemies":"Chosen","floor":22,"turns":8},{"damage":15,"enemies":"HollowMod:Nosk","floor":24,"turns":10},{"damage":33,"enemies":"Shelled Parasite and Fungi","floor":28,"turns":6},{"damage":16,"enemies":"3 Cultists","floor":30,"turns":5},{"damage":16,"enemies":"Centurion and Healer","floor":31,"turns":9},{"damage":57,"enemies":"hubris:MusketHawk","floor":33,"turns":14},{"damage":12,"enemies":"Orb Walker","floor":35,"turns":5},{"damage":25,"enemies":"infinitespire:Three Voidlings","floor":36,"turns":5},{"damage":54,"enemies":"Nightmare_Alpha","floor":36,"turns":14},{"damage":20,"enemies":"3 Darklings","floor":37,"turns":6},{"damage":53,"enemies":"Reptomancer","floor":40,"turns":9},{"damage":68,"enemies":"Giant Head","floor":42,"turns":9}],"seed_played":"951962591664069519","potions_obtained":[{"floor":0,"key":"GamblersBrew"},{"floor":0,"key":"infinitespire:BlackPotion"},{"floor":0,"key":"EssenceOfSteel"},{"floor":30,"key":"DistilledChaos"},{"floor":33,"key":"Cursed Concoction"}],"is_trial":false,"path_per_floor":["M","?","$","?","M","R","M","E","T","T","R","$","R","$","R","B",null,"M","?","?","?","M","R","E","R","T","R","M","?","M","M","R","B",null,"M","?","M","?","$","E","R","E"],"character_chosen":"THE_HERO","items_purchased":["animeID:TetsuTetsu","animeID:Iida","ReplayTheSpireMod:Shallot","Dark Shackles"],"campfire_rested":2,"item_purchase_floors":[12,14,39,39],"current_hp_per_floor":[75,72,72,72,75,75,69,27,27,27,49,49,49,49,49,5,75,72,72,72,72,62,62,61,61,61,61,46,46,46,58,58,45,75,71,39,31,39,39,10,32,0,0],"gold":104,"neow_bonus":"THREE_SMALL_POTIONS","is_daily":false,"chose_seed":false,"campfire_upgraded":6,"win_rate":0.0,"timestamp":1611682339,"path_taken":["M","?","$","?","M","R","M","E","T","?","R","$","R","?","R","BOSS","M","?","?","?","M","R","E","R","T","R","M","?","M","M","R","BOSS","M","?","M","?","$","E","R","E"],"items_purchased_type":["Card","Card","Relic","Card"],"build_version":"2020-12-22","purchased_purges":0,"victory":false,"max_hp_per_floor":[75,75,75,75,75,75,75,75,75,75,75,75,75,75,75,75,75,75,75,75,75,75,75,75,75,75,75,75,75,75,75,75,75,75,75,75,75,75,75,75,75,75,75],"card_choices":[{"not_picked":["animeID:HighFive","animeID:ToruHagakure"],"picked":"animeID:RecoveryGirl","floor":1},{"not_picked":["animeID:Mezo","animeID:HighFive"],"picked":"animeID:TodorokiShoto","floor":5},{"not_picked":["animeID:Momo","animeID:Aoyama"],"picked":"animeID:EraserHead","floor":7},{"not_picked":["animeID:Crystallize","animeID:Kurono"],"picked":"animeID:DelawareSmash","floor":8},{"not_picked":["animeID:PresentMic","animeID:AllMight"],"picked":"animeID:Hawks","floor":16},{"not_picked":["animeID:Bakugo","animeID:Tomura"],"picked":"animeID:Hatsume+1","floor":18},{"not_picked":["animeID:Dabi","animeID:Iida+1"],"picked":"animeID:DelawareSmash+1","floor":22},{"not_picked":["animeID:Thirteen","animeID:Tengai"],"picked":"animeID:Bakugo","floor":24},{"not_picked":["animeID:Bakugo","animeID:Uraraka"],"picked":"animeID:DelawareSmash","floor":28},{"not_picked":["animeID:Aoyama+1","animeID:Rappa"],"picked":"animeID:MirioTogata","floor":30},{"not_picked":["animeID:Dabi+1","animeID:NightEye"],"picked":"animeID:ToruHagakure","floor":31},{"not_picked":["animeID:RedRiot","animeID:AllMight"],"picked":"animeID:PlusUltra","floor":33},{"not_picked":["animeID:Kirishima","animeID:Momo+1"],"picked":"animeID:Mezo+1","floor":35},{"not_picked":["ReplayTheSpireMod:Haul","infinitespire:SevenWalls"],"picked":"infinitespire:Fortify","floor":36},{"not_picked":["animeID:Himiko+1","animeID:Iida"],"picked":"animeID:Muscular+1","floor":36},{"not_picked":["animeID:Mezo","animeID:Mina+1"],"picked":"animeID:DelawareSmash","floor":37},{"not_picked":["animeID:Tomura","animeID:SkinnyGum"],"picked":"animeID:TodorokiShoto+1","floor":40}],"player_experience":493939,"relics_obtained":[{"floor":8,"key":"Replay:Bottled Snecko"},{"floor":9,"key":"Replay:Wax Seal"},{"floor":10,"key":"Bottled Lightning"},{"floor":24,"key":"infinitespire:PuzzleCube"},{"floor":26,"key":"Snack Pack"},{"floor":36,"key":"Gambling Chip"},{"floor":40,"key":"WingedGreaves"}],"event_choices":[{"damage_healed":0,"gold_gain":0,"player_choice":"Success","damage_taken":3,"relics_obtained":["infinitespire:Lucky Rock"],"max_hp_gain":0,"max_hp_loss":0,"event_name":"Scrap Ooze","floor":2,"gold_loss":0},{"damage_healed":0,"gold_gain":0,"player_choice":"Box","damage_taken":0,"relics_obtained":["Boot"],"max_hp_gain":0,"max_hp_loss":0,"event_name":"Big Fish","floor":4,"gold_loss":0,"cards_obtained":["Regret"]},{"damage_healed":0,"gold_gain":0,"player_choice":"Inject Mutagens","damage_taken":0,"relics_obtained":["MutagenicStrength"],"max_hp_gain":0,"max_hp_loss":0,"event_name":"Drug Dealer","floor":20,"gold_loss":0},{"cards_removed":["animeID:DefendMH"],"damage_healed":0,"gold_gain":0,"player_choice":"Gave Gold","damage_taken":0,"max_hp_gain":0,"max_hp_loss":0,"event_name":"Beggar","floor":21,"gold_loss":75},{"damage_healed":0,"gold_gain":0,"player_choice":"Smashed Altar","damage_taken":0,"max_hp_gain":0,"max_hp_loss":0,"event_name":"Forgotten Altar","floor":29,"gold_loss":0,"cards_obtained":["Decay"]}],"is_beta":false,"boss_relics":[{"not_picked":["Fusion Hammer","Snecko Eye"],"picked":"Replay:Fungal Core"},{"not_picked":["aspiration:FutureDiary","Runic Dome"],"picked":"hubris:ScarierMask"}],"items_purged_floors":[],"is_endless":true,"potions_floor_spawned":[8,22,24,30,33,36],"killed_by":"Giant Head","ascension_level":4}}