{"host":"ormi09wwzv7sq47a","time":1611687268,"event":{"mods":["2.2 Compatiblity","AchievementEnabler","Act Like it!","BaseMod","Bestiary","Better Altar","Better Note","Better Sensory Stone","Better Silent Start","Better Skull","Better Third Choice","Better Vampires","BetterRewards","Block Reminder","Card Forge","Colored Map","Colored Powertips","Curses Come First","DeckTracker","Downfall","Highlight Path","Minty Spire (QoL Compilation)","Permanent Neow","Quick Restart","Rare Cards Sparkle","Relic Stats","Shop Mod","StSLib","The Jungle"],"gold_per_floor":[116,116,116,116,134,134,175,191,191,235,235,235,235,253,253,379,379,399,399,229,229,249,249,249,287,310,310,324,349,349,402,402,534,534,563,588,612,637,646,646,695,695,695,719,743,743,773,805,805,805,805,805,494,529,529],"floor_reached":56,"language":"ENG","playtime":3773,"items_purged":["champ:Strike","champ:Defend"],"score":1627,"play_id":"dd3a6930-4d2d-4f48-83b5-cb7b54a4a401","local_time":"20210126165428","is_ascension_mode":true,"campfire_choices":[{"data":"champ:Taunt","floor":6.0,"key":"SMITH"},{"data":"champ:Duel","floor":11.0,"key":"SMITH"},{"data":"champ:FlashCut","floor":13.0,"key":"SMITH"},{"data":"champ:AdrenalArmor","floor":15.0,"key":"SMITH"},{"data":"champ:RageSigil","floor":23.0,"key":"SMITH"},{"data":"champ:AdrenalArmor","floor":27.0,"key":"SMITH"},{"data":"champ:UltimateStance","floor":30.0,"key":"SMITH"},{"data":"champ:StanceDance","floor":32.0,"key":"SMITH"},{"data":"champ:StanceDance","floor":40.0,"key":"SMITH"},{"floor":42.0,"key":"RECALL"},{"data":"champ:LastStand","floor":46.0,"key":"SMITH"},{"data":"champ:FancyFootwork","floor":49.0,"key":"SMITH"},{"data":"champ:FanOfKnives","floor":52,"key":"SMITH"}],"circlet_count":0,"master_deck":["champ:Defend","champ:Execute","champ:Taunt+1","champ:FlashCut+1","champ:CalledShot","champ:AdrenalArmor+1","champ:Shatter","champ:Duel+1","champ:FanOfKnives+1","champ:UltimateStance+1","champ:ShieldSlam+1","champ:GladiatorForm+1","champ:CrookedStrike+1","champ:StanceDance+1","champ:AdrenalArmor+1","champ:RageSigil+1","champ:Endure+1","champ:Backstep+1","champ:IronFortress+1","champ:LastStand+1","champ:VampiricStrike","champ:StanceDance+1","champ:IronFortress+1","Dark Shackles","champ:IronFortress+1","champ:Backstep+1","champ:RageSigil+1","champ:StanceDance+1","champ:FancyFootwork+1"],"relics":["champ:ChampionCrown","Hammer of Thor","Seething Fire","Anvil of the Gods","Guardian:GemstoneGun","Akabeko","Golden Idol","Sundial","Happy Flower","Meat on the Bone","Astrolabe","MutagenicStrength","Enchiridion","TungstenRod","Toy Ornithopter","Anchor","CeramicFish","SlaversCollar","PreservedInsect","White Beast Statue","champ:BerserkersGuideToSlaughter","champ:DefensiveTrainingManual","Art of War"],"acts_visited":["Exordium","TheCity","TheBeyond","TheEnding"],"potions_floor_usage":[55,55],"damage_taken":[{"damage":0.0,"enemies":"2 Louse","floor":1.0,"turns":1.0},{"damage":11.0,"enemies":"Small Slimes","floor":5.0,"turns":2.0},{"damage":21.0,"enemies":"3 Sentries","floor":7.0,"turns":5.0},{"damage":0.0,"enemies":"Cultist","floor":8.0,"turns":2.0},{"damage":23.0,"enemies":"Gremlin Nob","floor":10.0,"turns":3.0},{"damage":10.0,"enemies":"Looter","floor":14.0,"turns":1.0},{"damage":70.0,"enemies":"Hexaghost","floor":16.0,"turns":8.0},{"damage":31.0,"enemies":"3 Byrds","floor":18.0,"turns":5.0},{"damage":40.0,"enemies":"2 Thieves","floor":22.0,"turns":3.0},{"damage":17.0,"enemies":"Book of Stabbing","floor":25.0,"turns":3.0},{"damage":4.0,"enemies":"Snecko","floor":28.0,"turns":3.0},{"damage":6.0,"enemies":"Snake Plant","floor":29.0,"turns":2.0},{"damage":6.0,"enemies":"Slavers","floor":31.0,"turns":1.0},{"damage":66.0,"enemies":"Collector","floor":33.0,"turns":6.0},{"damage":16.0,"enemies":"3 Darklings","floor":35.0,"turns":4.0},{"damage":21.0,"enemies":"Orb Walker","floor":36.0,"turns":3.0},{"damage":69.0,"enemies":"Maw","floor":37.0,"turns":5.0},{"damage":25.0,"enemies":"Spire Growth","floor":38.0,"turns":4.0},{"damage":49.0,"enemies":"Reptomancer","floor":41.0,"turns":7.0},{"damage":24.0,"enemies":"Writhing Mass","floor":44.0,"turns":3.0},{"damage":45.0,"enemies":"Sphere and 2 Shapes","floor":45.0,"turns":5.0},{"damage":41.0,"enemies":"4 Shapes","floor":47.0,"turns":5.0},{"damage":55.0,"enemies":"Writhing Mass","floor":48.0,"turns":5.0},{"damage":75.0,"enemies":"Time Eater","floor":50.0,"turns":7.0},{"damage":50,"enemies":"Shield and Spear","floor":54,"turns":4},{"damage":127,"enemies":"The Heart","floor":55,"turns":9}],"seed_played":"-3207865562645537020","potions_obtained":[{"floor":1.0,"key":"DuplicationPotion"},{"floor":5.0,"key":"Regen Potion"},{"floor":16.0,"key":"Strength Potion"},{"floor":22.0,"key":"Energy Potion"},{"floor":25.0,"key":"champ:CounterPotion"},{"floor":31.0,"key":"Weak Potion"},{"floor":37.0,"key":"champ:CounterPotion"},{"floor":44.0,"key":"FairyPotion"},{"floor":45.0,"key":"DuplicationPotion"},{"floor":48.0,"key":"DuplicationPotion"}],"is_trial":false,"path_per_floor":["M","?","?","?","M","R","E","M","T","E","R","?","R","M","R","B",null,"M","?","$","?","M","R","?","E","T","R","M","M","R","E","R","B",null,"M","M","M","M","?","R","E","R","T","M","M","R","M","M","R","B",null,"R","$","E","B",null],"character_chosen":"THE_CHAMP","items_purchased":["Guardian:GemstoneGun","Akabeko","champ:StanceDance","champ:AdrenalArmor","champ:BerserkersGuideToSlaughter","champ:DefensiveTrainingManual"],"campfire_rested":0,"item_purchase_floors":[0,0,20,20,53,53],"current_hp_per_floor":[81,59,52,52,51,51,64,64,64,51,51,44,44,56,56,56,90,84,84,84,68,50,50,50,65,65,65,66,70,70,71,71,75,90,90,90,90,90,90,90,90,90,90,90,80,80,90,77,77,89,90,90,90,90,64],"gold":529,"neow_bonus":"","is_daily":false,"chose_seed":false,"campfire_upgraded":12,"win_rate":0.0,"timestamp":1611687268,"path_taken":["M","?","?","?","M","R","E","M","T","E","R","?","R","M","R","BOSS","M","?","$","?","M","R","?","E","T","R","M","M","R","E","R","BOSS","M","?","M","M","?","R","E","R","T","M","M","R","M","M","R","BOSS","R","$","E","BOSS"],"items_purchased_type":["Relic","Relic","Card","Card","Relic","Relic"],"build_version":"2020-12-22","purchased_purges":2,"victory":true,"max_hp_per_floor":[90,90,90,90,90,90,90,90,90,90,90,90,90,90,90,90,90,90,90,90,90,90,90,90,90,90,90,90,90,90,90,90,90,90,90,90,90,90,90,90,90,90,90,90,90,90,90,90,90,90,90,90,90,90,90],"relic_stats":{"Happy Flower":[50],"counters":[110,507],"Golden Idol":208,"Sundial":[16],"Astrolabe":["champ:ShieldSlam","champ:GladiatorForm","champ:CrookedStrike"],"CeramicFish":90,"PreservedInsect":201,"Art of War":[0],"obtain_stats":[{"Gremlin Horn":7,"CeramicFish":31,"Hammer of Thor":0,"Whetstone":9,"Ginger":9,"Boot":9,"Sozu":34,"Blood Vial":39,"Centennial Puzzle":20,"downfall:BrokenWingStatue":3,"DollysMirror":20,"Sundial":3,"champ:DefensiveTrainingManual":53,"Kunai":26,"Happy Flower":7,"Blue Candle":27,"Astrolabe":17,"Velvet Choker":17,"Eternal Feather":2,"Letter Opener":34,"Akabeko":0,"champ:PowerArmor":17,"SlaversCollar":34,"Anvil of the Gods":0,"Shuriken":26,"Bronze Scales":37,"MutagenicStrength":19,"Meat on the Bone":30,"Pocketwatch":11,"Lantern":2,"Singing Bowl":13,"Enchiridion":21,"champ:ChampionCrown":0,"expansioncontent:StudyCardRelic":17,"Smiling Mask":7,"Dream Catcher":27,"Matryoshka":7,"Pantograph":6,"Tiny Chest":9,"champ:BerserkersGuideToSlaughter":53,"InkBottle":9,"Golden Idol":4,"Guardian:GemstoneGun":0,"hexamod:Sixitude":34,"PreservedInsect":26,"champ:DeflectingBracers":0,"The Courier":7,"Omamori":34,"Seething Fire":0,"Orichalcum":9,"MawBank":6,"White Beast Statue":43,"Peace Pipe":0,"Calling Bell":34,"CaptainsWheel":29,"Anchor":26,"champ:LiftRelic":14,"Art of War":54,"hexamod:BolsterEngine":37,"TungstenRod":29,"Toy Ornithopter":48},{"Gremlin Horn":41,"CeramicFish":97,"Hammer of Thor":0,"Whetstone":3,"Ginger":33,"Boot":11,"Sozu":23,"Blood Vial":55,"Centennial Puzzle":17,"downfall:BrokenWingStatue":0,"DollysMirror":17,"Sundial":85,"champ:DefensiveTrainingManual":108,"Kunai":19,"Happy Flower":87,"Blue Candle":75,"Astrolabe":91,"Velvet Choker":16,"Eternal Feather":62,"Letter Opener":78,"Akabeko":84,"champ:PowerArmor":45,"SlaversCollar":52,"Anvil of the Gods":0,"Shuriken":49,"Bronze Scales":24,"MutagenicStrength":92,"Meat on the Bone":21,"Pocketwatch":27,"Lantern":31,"Singing Bowl":5,"Enchiridion":92,"champ:ChampionCrown":0,"expansioncontent:StudyCardRelic":68,"Smiling Mask":2,"Dream Catcher":20,"Matryoshka":11,"Pantograph":2,"Tiny Chest":11,"champ:BerserkersGuideToSlaughter":108,"InkBottle":26,"Golden Idol":32,"Guardian:GemstoneGun":84,"hexamod:Sixitude":78,"PreservedInsect":19,"champ:DeflectingBracers":61,"The Courier":64,"Omamori":78,"Seething Fire":0,"Orichalcum":42,"MawBank":33,"White Beast Statue":103,"Peace Pipe":25,"Calling Bell":78,"CaptainsWheel":75,"Anchor":94,"champ:LiftRelic":5,"Art of War":109,"hexamod:BolsterEngine":79,"TungstenRod":50,"Toy Ornithopter":83},{"Gremlin Horn":190,"CeramicFish":440,"Hammer of Thor":0,"Whetstone":12,"Ginger":158,"Boot":44,"Sozu":109,"Blood Vial":254,"Centennial Puzzle":75,"downfall:BrokenWingStatue":0,"DollysMirror":75,"Sundial":402,"champ:DefensiveTrainingManual":494,"Kunai":83,"Happy Flower":409,"Blue Candle":353,"Astrolabe":423,"Velvet Choker":70,"Eternal Feather":298,"Letter Opener":369,"Akabeko":401,"champ:PowerArmor":209,"SlaversCollar":240,"Anvil of the Gods":0,"Shuriken":224,"Bronze Scales":113,"MutagenicStrength":428,"Meat on the Bone":91,"Pocketwatch":129,"Lantern":147,"Singing Bowl":19,"Enchiridion":428,"champ:ChampionCrown":0,"expansioncontent:StudyCardRelic":327,"Smiling Mask":8,"Dream Catcher":87,"Matryoshka":44,"Pantograph":8,"Tiny Chest":44,"champ:BerserkersGuideToSlaughter":494,"InkBottle":121,"Golden Idol":150,"Guardian:GemstoneGun":401,"hexamod:Sixitude":369,"PreservedInsect":83,"champ:DeflectingBracers":295,"The Courier":308,"Omamori":369,"Seething Fire":0,"Orichalcum":193,"MawBank":158,"White Beast Statue":469,"Peace Pipe":118,"Calling Bell":369,"CaptainsWheel":353,"Anchor":434,"champ:LiftRelic":19,"Art of War":498,"hexamod:BolsterEngine":371,"TungstenRod":228,"Toy Ornithopter":390}],"TungstenRod":157,"Toy Ornithopter":25,"Meat on the Bone":144},"card_choices":[{"not_picked":["champ:GladiatorStyle","champ:GutPunch"],"picked":"champ:FlashCut","floor":1.0},{"not_picked":["champ:SwordSigil","champ:RisingSlash"],"picked":"champ:CalledShot","floor":5.0},{"not_picked":["champ:EnGarde","champ:BringItOn"],"picked":"champ:AdrenalArmor","floor":7.0},{"not_picked":["champ:SkillfulDodge","champ:Haymaker"],"picked":"champ:Shatter","floor":8.0},{"not_picked":["champ:AdrenalArmor","champ:FanOfKnives"],"picked":"champ:Duel","floor":10.0},{"not_picked":["champ:BerserkerStyle","champ:BringItOn"],"picked":"champ:FanOfKnives","floor":14.0},{"not_picked":["champ:EnchantCrown","champ:ShieldThrow"],"picked":"champ:UltimateStance","floor":16.0},{"not_picked":["champ:PerfectedStrike","champ:Shatter+1","champ:ShieldSlam"],"picked":"SKIP","floor":18.0},{"not_picked":["champ:BladeFlurry","champ:RecklessLeap"],"picked":"champ:RageSigil","floor":22.0},{"not_picked":["champ:StanceDance","champ:PerfectedStrike"],"picked":"champ:Endure+1","floor":25.0},{"not_picked":["champ:BladeFlurry","champ:EnGarde+1"],"picked":"champ:Backstep+1","floor":28.0},{"not_picked":["champ:BladeFlurry","champ:Circumvent+1"],"picked":"champ:IronFortress+1","floor":29.0},{"not_picked":["champ:BladeFlurry","champ:Improvising"],"picked":"champ:LastStand","floor":31.0},{"not_picked":["champ:EnchantCrown","champ:ShieldThrow"],"picked":"champ:VampiricStrike","floor":33.0},{"not_picked":["champ:DefensiveShout","champ:GutPunch+1"],"picked":"champ:StanceDance","floor":35.0},{"not_picked":["champ:ArenaPreparation","champ:Parry"],"picked":"champ:IronFortress+1","floor":36.0},{"not_picked":["champ:DefensiveShout","champ:TornadoPunch+1","champ:StanceDance"],"picked":"SKIP","floor":37.0},{"not_picked":["champ:FanOfKnives","champ:FaceSlap","champ:Shatter"],"picked":"SKIP","floor":38.0},{"not_picked":["Discovery","Metamorphosis"],"picked":"Dark Shackles","floor":39.0},{"not_picked":["champ:PerfectedStrike","champ:PreemptiveStrike"],"picked":"champ:IronFortress+1","floor":41.0},{"not_picked":["champ:BerserkersShout","champ:Circumvent"],"picked":"champ:Backstep+1","floor":44.0},{"not_picked":["champ:DefensiveShout+1","champ:StanceDance+1"],"picked":"champ:RageSigil+1","floor":45.0},{"not_picked":["champ:UltimateStance","champ:BladeFlurry+1"],"picked":"champ:StanceDance+1","floor":47.0},{"not_picked":["champ:BerserkersShout","champ:FanOfKnives"],"picked":"champ:FancyFootwork","floor":48.0},{"not_picked":["champ:DefensiveShout+1","champ:PreciseThrust","champ:HeartStrike+1"],"picked":"SKIP","floor":54}],"player_experience":987877,"relics_obtained":[{"floor":7.0,"key":"Happy Flower"},{"floor":10.0,"key":"Meat on the Bone"},{"floor":21.0,"key":"Enchiridion"},{"floor":25.0,"key":"Toy Ornithopter"},{"floor":26.0,"key":"Anchor"},{"floor":31.0,"key":"CeramicFish"},{"floor":41.0,"key":"PreservedInsect"},{"floor":43.0,"key":"White Beast Statue"},{"floor":54,"key":"Art of War"}],"event_choices":[{"damage_healed":0.0,"max_hp_gain":0.0,"max_hp_loss":0.0,"gold_gain":0.0,"event_name":"Golden Idol","player_choice":"Take Damage","floor":2.0,"gold_loss":0.0,"damage_taken":22.0,"relics_obtained":["Golden Idol"]},{"damage_healed":0.0,"max_hp_gain":0.0,"max_hp_loss":0.0,"gold_gain":0.0,"event_name":"betterThird:BetterScrap","player_choice":"Relic ","floor":3.0,"gold_loss":0.0,"damage_taken":7.0,"cards_obtained":["Burning Pact"]},{"cards_removed":["champ:Defend"],"damage_healed":0.0,"max_hp_gain":0.0,"max_hp_loss":0.0,"gold_gain":0.0,"event_name":"Living Wall","player_choice":"Forget","floor":4.0,"gold_loss":0.0,"damage_taken":0.0},{"cards_removed":["champ:Strike"],"damage_healed":0.0,"max_hp_gain":0.0,"max_hp_loss":0.0,"gold_gain":0.0,"event_name":"Golden Wing","player_choice":"Card Removal","floor":12.0,"gold_loss":0.0,"damage_taken":7.0},{"damage_healed":0.0,"max_hp_gain":0.0,"max_hp_loss":0.0,"gold_gain":0.0,"event_name":"Drug Dealer","player_choice":"Inject Mutagens","floor":19.0,"gold_loss":0.0,"damage_taken":0.0,"relics_obtained":["MutagenicStrength"]},{"damage_healed":0.0,"max_hp_gain":0.0,"max_hp_loss":0.0,"gold_gain":0.0,"event_name":"Cursed Tome","player_choice":"Obtained Book","floor":21.0,"gold_loss":0.0,"damage_taken":16.0},{"damage_healed":0.0,"max_hp_gain":0.0,"max_hp_loss":0.0,"gold_gain":0.0,"event_name":"WeMeetAgain","player_choice":"Gave Potion","floor":24.0,"gold_loss":0.0,"damage_taken":0.0,"relics_obtained":["TungstenRod"]},{"damage_healed":0.0,"max_hp_gain":0.0,"max_hp_loss":0.0,"gold_gain":3.0,"event_name":"betterStone:BetterStone","player_choice":"1","floor":39.0,"gold_loss":0.0,"damage_taken":0.0}],"is_beta":false,"boss_relics":[{"not_picked":["Ectoplasm","Black Star"],"picked":"Astrolabe"},{"not_picked":["Fusion Hammer","Runic Dome"],"picked":"SlaversCollar"}],"items_purged_floors":[0,20],"is_endless":false,"potions_floor_spawned":[1,5,16,22,25,31,37,44,45,47,48,54],"ascension_level":2}}