{"host":"am0cr9xwekqmrere","time":1611699413,"event":{"mods":["AchievementEnabler","BaseMod","Better Altar","Better Match","Better Note","Better Sensory Stone","Better Skull","Better Third Choice","BetterRewards","Conspire","Downfall","Hubris","Infinite Spire","Jorbs\u0027s Wanderer Trilogy","Minty Spire (QoL Compilation)","Rare Cards Sparkle","Spire Arcade","StSLib","The Runesmith","Unceasing Turn Reminder"],"gold_per_floor":[99,115,115,130,142,8,8,8,39,39,70,55,55,70,89,184,184,84,97,112,132,147,147,170,70,88,88,88,88],"floor_reached":27,"language":"ENG","playtime":1373,"items_purged":[],"score":225,"play_id":"88a92bf6-06cf-464e-949a-fee4d34fca10","local_time":"20210126161653","is_ascension_mode":false,"campfire_choices":[{"floor":1,"key":"RECALL"},{"data":"hexamod:Sear","floor":8,"key":"SMITH"},{"data":"hexamod:Float","floor":10,"key":"SMITH"},{"floor":13,"key":"REST"},{"data":"1","floor":18,"key":"LIFT"},{"floor":25,"key":"REST"}],"circlet_count":0,"master_deck":["hexamod:Strike","hexamod:Strike","hexamod:Strike","hexamod:Strike","hexamod:Defend","hexamod:Defend","hexamod:Defend","hexamod:Defend","hexamod:Sear+1","hexamod:Float+1","hexamod:ThermalTransfer","hexamod:FourthSeal","hexamod:GhostflameBarrier","hexamod:HeatMetal","expansioncontent:AwakenDeath","hexamod:FlamesFromBeyond","hexamod:RainOfEmbers","hexamod:Hexaguard","hexamod:Firestarter","hexamod:BurningTouch","hexamod:UnlimitedPower","hexamod:FifthSeal","hexamod:SuperheatedStrike","hexamod:FirstSeal","hexamod:RadiantFlame+1","hexamod:SecondSeal","hexamod:RadiantFlame+1","hexamod:SixthSeal","Conserve Battery","hexamod:FirstSeal","hexamod:AdvancingGuard"],"relics":["hexamod:UnbrokenSoul","Centennial Puzzle","Anchor","Girya","downfall:HeartBlessingBlue","Vajra","downfall:HeartBlessingGreen"],"acts_visited":["Exordium","TheCity"],"potions_floor_usage":[6,6,9,11,12,12,16,16,19,20,20,22,26,26],"damage_taken":[{"damage":0,"enemies":"conspire:RoseBush","floor":2,"turns":3},{"damage":0,"enemies":"Cultist","floor":4,"turns":3},{"damage":0,"enemies":"Small Slimes","floor":5,"turns":3},{"damage":0,"enemies":"downfall:FleeingMerchant","floor":6,"turns":4},{"damage":6,"enemies":"Lagavulin","floor":9,"turns":6},{"damage":7,"enemies":"3 Sentries","floor":11,"turns":7},{"damage":5,"enemies":"downfall:FleeingMerchant","floor":12,"turns":4},{"damage":2,"enemies":"Blue Slaver","floor":14,"turns":3},{"damage":0,"enemies":"Exordium Wildlife","floor":15,"turns":4},{"damage":48,"enemies":"WA_ARCHETYPE_RETAIN","floor":16,"turns":9},{"damage":14,"enemies":"Spheric Guardian","floor":19,"turns":4},{"damage":55,"enemies":"Shelled Parasite and Fungi","floor":20,"turns":7},{"damage":29,"enemies":"Snecko","floor":21,"turns":5},{"damage":23,"enemies":"Cultist and Chosen","floor":22,"turns":8},{"damage":34,"enemies":"Centurion and Healer","floor":26,"turns":6},{"damage":42,"enemies":"Snake Plant","floor":27,"turns":4}],"seed_played":"-8702708491338548724","potions_obtained":[{"floor":2,"key":"DistilledChaos"},{"floor":5,"key":"AttackPotion"},{"floor":6,"key":"Swift Potion"},{"floor":9,"key":"infinitespire:BlackPotion"},{"floor":9,"key":"PowerPotion"},{"floor":11,"key":"LiquidMemories"},{"floor":12,"key":"FairyPotion"},{"floor":14,"key":"sneckomod:MuddlingPotion"},{"floor":14,"key":"CultistPotion"},{"floor":15,"key":"ColorlessPotion"},{"floor":16,"key":"Explosive Potion"},{"floor":16,"key":"Swift Potion"},{"floor":19,"key":"Explosive Potion"},{"floor":19,"key":"Block Potion"},{"floor":20,"key":"SneckoOil"},{"floor":21,"key":"GamblersBrew"},{"floor":21,"key":"Weak Potion"},{"floor":26,"key":"Swift Potion"}],"is_trial":false,"path_per_floor":["R","M","?","M","M","$","T","R","E","R","E","$","R","M","M","B",null,"R","M","M","M","M","?","T","R","M","M"],"character_chosen":"THE_SPIRIT","items_purchased":["expansioncontent:AwakenDeath","hexamod:FlamesFromBeyond"],"campfire_rested":2,"item_purchase_floors":[6,6],"current_hp_per_floor":[70,70,70,70,70,70,70,70,64,64,57,52,70,68,68,20,70,80,66,11,37,21,21,21,45,18,0,0,0],"gold":88,"neow_bonus":"RANDOM_COMMON_RELIC","is_daily":false,"chose_seed":false,"campfire_upgraded":2,"win_rate":0.0,"timestamp":1611699413,"path_taken":["R","M","?","M","?","?","T","R","E","R","E","$","R","M","M","BOSS","R","M","M","M","M","?","T","R","M","M"],"items_purchased_type":["Card","Card"],"build_version":"2020-12-22","purchased_purges":0,"victory":false,"max_hp_per_floor":[70,70,70,70,70,70,70,70,70,70,70,70,70,70,70,70,70,80,80,80,80,80,80,80,80,80,80,80,80],"card_choices":[{"not_picked":["hexamod:SwordOfDarkness","hexamod:GhostOfSpirePast"],"picked":"hexamod:ThermalTransfer","floor":2},{"not_picked":["hexamod:NightmareStrike","hexamod:HeatShield"],"picked":"hexamod:FourthSeal","floor":4},{"not_picked":["hexamod:InspiringFlames","hexamod:SpectersWail"],"picked":"hexamod:GhostflameBarrier","floor":5},{"not_picked":["hexamod:SwordOfDarkness","hexamod:HeatShield"],"picked":"hexamod:HeatMetal","floor":6},{"not_picked":["hexamod:RetreatToShadows","hexamod:GhostflameInferno"],"picked":"hexamod:RainOfEmbers","floor":9},{"not_picked":["hexamod:RetreatToShadows","hexamod:SkipABeat"],"picked":"hexamod:Hexaguard","floor":11},{"not_picked":["hexamod:HauntingEcho","hexamod:AdvancingGuard"],"picked":"hexamod:Firestarter","floor":12},{"not_picked":["hexamod:HeatMetal","hexamod:NightmareStrike"],"picked":"hexamod:BurningTouch","floor":14},{"not_picked":["hexamod:ShieldOfDarkness","hexamod:StepThrough"],"picked":"hexamod:UnlimitedPower","floor":15},{"not_picked":["hexamod:ForkedFlame","hexamod:GhostflameInferno"],"picked":"hexamod:FifthSeal","floor":16},{"not_picked":["hexamod:SpectralAdrenaline","hexamod:GhostLash"],"picked":"hexamod:SuperheatedStrike","floor":19},{"not_picked":["hexamod:SecondSeal","hexamod:SixthSeal"],"picked":"hexamod:FirstSeal","floor":20},{"not_picked":["hexamod:FifthSeal","hexamod:SwordOfDarkness"],"picked":"hexamod:RadiantFlame+1","floor":20},{"not_picked":["hexamod:ThirdSeal","hexamod:FirstSeal"],"picked":"hexamod:SecondSeal","floor":21},{"not_picked":["hexamod:StepThrough","hexamod:SpectralSpark"],"picked":"hexamod:RadiantFlame","floor":21},{"not_picked":["hexamod:FourthSeal","hexamod:FirstSeal"],"picked":"hexamod:SixthSeal","floor":22},{"not_picked":["hexamod:GhostLash+1","hexamod:UnlimitedPower","hexamod:FourthSeal"],"picked":"SKIP","floor":22},{"not_picked":["hexamod:SecondSeal","hexamod:SixthSeal"],"picked":"hexamod:FirstSeal","floor":26},{"not_picked":["hexamod:HauntingEcho+1","hexamod:TurnItUp"],"picked":"hexamod:AdvancingGuard","floor":26}],"player_experience":2686718,"relics_obtained":[{"floor":9,"key":"Anchor"},{"floor":11,"key":"Girya"},{"floor":24,"key":"Vajra"}],"event_choices":[{"cards_removed":["hexamod:FifthSeal"],"damage_healed":0,"gold_gain":0,"player_choice":"Take \u0026 Give","damage_taken":0,"max_hp_gain":0,"max_hp_loss":0,"event_name":"betterNote:BetterNote","floor":23,"gold_loss":0,"cards_obtained":["Conserve Battery"]}],"is_beta":false,"boss_relics":[{"not_picked":["Busted Crown","conspire:SlowCooker"],"picked":"hexamod:UnbrokenSoul"}],"items_purged_floors":[],"is_endless":false,"potions_floor_spawned":[2,9,14,15,16,19,21],"killed_by":"Snake Plant","ascension_level":0}}