{"host":"kpyf5rnb72uwap8k","time":1611695292,"event":{"mods":["AchievementEnabler","BaseMod","Colored Map","Colored Powertips","DeckTracker","Minty Spire (QoL Compilation)","Permanent Neow","Quick Restart","StSLib","SuperFastMode"],"gold_per_floor":[114,26,26,38,38,73,73,99,99,99,130,55,68,16,16,121,121,135,234,249,2,22,22,35,35,35,53,64,78,78,94,94,195,195,205,60,78,94,94,108,108,108,108,118,118,118,137,0,0,0,0],"floor_reached":50,"language":"KOR","playtime":1548,"items_purged":["Strike_R"],"score":454,"play_id":"dc73e860-76cf-4011-b7e8-ab59ed20128e","local_time":"20210127060812","is_ascension_mode":false,"campfire_choices":[{"data":"Perfected Strike","floor":7.0,"key":"SMITH"},{"data":"Dual Wield","floor":10.0,"key":"SMITH"},{"data":"Perfected Strike","floor":15.0,"key":"SMITH"},{"data":"Clash","floor":23.0,"key":"SMITH"},{"data":"Battle Trance","floor":30.0,"key":"SMITH"},{"floor":32,"key":"REST"},{"floor":41,"key":"REST"},{"data":"Dual Wield","floor":46,"key":"SMITH"},{"data":"Clash","floor":49,"key":"SMITH"}],"circlet_count":0,"master_deck":["Strike_R","Strike_R","Strike_R","Strike_R","Defend_R","Defend_R","Defend_R","Bash+1","Dual Wield+1","Perfected Strike+1","Headbutt+1","Dual Wield+1","Battle Trance+1","Clash+1","Clash+1","Writhe"],"relics":["Burning Blood","Boot","Self Forming Clay","Odd Mushroom","Bottled Flame","Vajra","Empty Cage","Ornamental Fan","HornCleat","Velvet Choker","Pen Nib","Pear","Red Mask"],"acts_visited":["Exordium","TheCity","TheBeyond"],"potions_floor_usage":[33,33,33,47,50,50],"damage_taken":[{"damage":0.0,"enemies":"Small Slimes","floor":1.0,"turns":4.0},{"damage":2.0,"enemies":"2 Louse","floor":4.0,"turns":2.0},{"damage":21.0,"enemies":"Lagavulin","floor":6.0,"turns":5.0},{"damage":10.0,"enemies":"The Mushroom Lair","floor":8.0,"turns":4.0},{"damage":14.0,"enemies":"3 Sentries","floor":11.0,"turns":7.0},{"damage":6.0,"enemies":"Jaw Worm","floor":13.0,"turns":2.0},{"damage":20.0,"enemies":"Slime Boss","floor":16.0,"turns":10.0},{"damage":5.0,"enemies":"Chosen","floor":18.0,"turns":3.0},{"damage":16.0,"enemies":"Spheric Guardian","floor":20.0,"turns":4.0},{"damage":30.0,"enemies":"Centurion and Healer","floor":22.0,"turns":5.0},{"damage":8.0,"enemies":"3 Cultists","floor":24.0,"turns":5.0},{"damage":0.0,"enemies":"Snecko","floor":27.0,"turns":3.0},{"damage":6.0,"enemies":"Cultist and Chosen","floor":28.0,"turns":4.0},{"damage":16.0,"enemies":"Snake Plant","floor":29.0,"turns":3.0},{"damage":16,"enemies":"Chosen and Byrds","floor":31,"turns":5},{"damage":32,"enemies":"Champ","floor":33,"turns":6},{"damage":18,"enemies":"3 Shapes","floor":35,"turns":4},{"damage":30,"enemies":"Orb Walker","floor":37,"turns":4},{"damage":24,"enemies":"Spire Growth","floor":38,"turns":4},{"damage":8,"enemies":"Jaw Worm Horde","floor":40,"turns":5},{"damage":12,"enemies":"3 Darklings","floor":44,"turns":4},{"damage":0,"enemies":"Transient","floor":47,"turns":5},{"damage":102,"enemies":"Time Eater","floor":50,"turns":7}],"seed_played":"2164000661422146888","potions_obtained":[{"floor":8.0,"key":"Explosive Potion"},{"floor":11.0,"key":"Weak Potion"},{"floor":18.0,"key":"Energy Potion"},{"floor":22.0,"key":"PowerPotion"},{"floor":29.0,"key":"Block Potion"},{"floor":38,"key":"FearPotion"},{"floor":44,"key":"Swift Potion"},{"floor":47,"key":"BloodPotion"}],"is_trial":false,"path_per_floor":["M","$","?","M","?","E","R","?","T","R","E","$","M","$","R","B",null,"M","?","M","$","M","R","M","?","T","M","M","M","R","M","R","B",null,"M","$","M","M","?","M","R","?","T","M","?","R","M","?","R","B"],"character_chosen":"IRONCLAD","items_purchased":["Body Slam","Dual Wield","Fire Potion","Ornamental Fan","Pen Nib"],"campfire_rested":2,"item_purchase_floors":[2,2,14,21,36],"current_hp_per_floor":[80,80,73,77,77,62,62,58,58,58,50,50,50,50,50,36,80,80,80,70,70,46,46,44,49,49,55,55,45,45,35,59,33,80,68,68,44,26,26,24,48,68,78,72,72,72,78,78,78,0,0],"gold":0,"neow_bonus":"UPGRADE_CARD","is_daily":false,"chose_seed":false,"campfire_upgraded":7,"win_rate":0.0,"timestamp":1611695292,"path_taken":["M","$","?","M","?","E","R","?","T","R","E","?","M","$","R","BOSS","M","?","M","$","M","R","M","?","T","M","M","M","R","M","R","BOSS","M","$","M","?","?","M","R","?","T","M","?","R","?","?","R","BOSS"],"items_purchased_type":["Card","Card","Potion","Relic","Relic"],"build_version":"2020-12-22","purchased_purges":1,"victory":false,"max_hp_per_floor":[80,80,80,80,80,80,80,80,80,80,80,80,80,80,80,80,80,80,80,80,80,80,80,80,80,80,80,80,80,80,80,80,80,80,80,80,80,80,80,80,80,80,90,90,90,90,90,90,90,90,90],"card_choices":[{"not_picked":["Twin Strike","Warcry"],"picked":"Clash","floor":1.0},{"not_picked":["Warcry","Sentinel"],"picked":"Perfected Strike","floor":4.0},{"not_picked":["Twin Strike","Whirlwind","Fiend Fire"],"picked":"SKIP","floor":6.0},{"not_picked":["Ghostly Armor","Heavy Blade","Brutality"],"picked":"SKIP","floor":11.0},{"not_picked":["True Grit","Wild Strike"],"picked":"Perfected Strike","floor":13.0},{"not_picked":["Cleave","Twin Strike"],"picked":"Headbutt+1","floor":18.0},{"not_picked":["Inflame","Armaments"],"picked":"Dual Wield","floor":20.0},{"not_picked":["Fire Breathing","Warcry","Havoc+1"],"picked":"SKIP","floor":22.0},{"not_picked":["Disarm","Anger"],"picked":"Battle Trance","floor":24.0},{"not_picked":["Headbutt+1","Shrug It Off+1","Fire Breathing"],"picked":"SKIP","floor":27.0},{"not_picked":["Cleave","Pommel Strike+1"],"picked":"Clash","floor":28.0},{"not_picked":["Inflame","Rampage","Cleave+1"],"picked":"SKIP","floor":29.0},{"not_picked":["Brutality","Searing Blow","Havoc"],"picked":"SKIP","floor":31},{"not_picked":["Armaments+1","Body Slam"],"picked":"Clash+1","floor":35},{"not_picked":["Dual Wield","Thunderclap","Uppercut+1"],"picked":"SKIP","floor":37},{"not_picked":["Anger","Sentinel","Cleave"],"picked":"SKIP","floor":38},{"not_picked":["Flex","Anger+1","Havoc+1"],"picked":"SKIP","floor":40},{"not_picked":["Iron Wave+1","Havoc","Clash+1"],"picked":"SKIP","floor":44},{"not_picked":["Sword Boomerang+1","Body Slam+1","Armaments"],"picked":"SKIP","floor":47}],"player_experience":176819,"relics_obtained":[{"floor":6.0,"key":"Self Forming Clay"},{"floor":8.0,"key":"Odd Mushroom"},{"floor":9.0,"key":"Bottled Flame"},{"floor":11.0,"key":"Vajra"},{"floor":26.0,"key":"HornCleat"},{"floor":43,"key":"Pear"}],"event_choices":[{"damage_healed":0.0,"max_hp_gain":0.0,"max_hp_loss":0.0,"gold_gain":0.0,"event_name":"Scrap Ooze","player_choice":"Success","floor":3.0,"gold_loss":0.0,"damage_taken":7.0,"relics_obtained":["Boot"]},{"damage_healed":0.0,"max_hp_gain":0.0,"max_hp_loss":0.0,"gold_gain":0.0,"event_name":"Living Wall","player_choice":"Grow","floor":5.0,"gold_loss":0.0,"damage_taken":0.0,"cards_upgraded":["Body Slam"]},{"damage_healed":0.0,"max_hp_gain":0.0,"max_hp_loss":0.0,"gold_gain":0.0,"event_name":"Mushrooms","player_choice":"Fought Mushrooms","floor":8.0,"gold_loss":0.0,"damage_taken":0.0},{"damage_healed":0.0,"max_hp_gain":0.0,"max_hp_loss":0.0,"gold_gain":99.0,"event_name":"Nest","player_choice":"Stole From Cult","floor":19.0,"gold_loss":0.0,"damage_taken":0.0},{"cards_removed":["Perfected Strike"],"damage_healed":5.0,"max_hp_gain":0.0,"max_hp_loss":0.0,"gold_gain":0.0,"event_name":"Bonfire Elementals","player_choice":"Offered Common","floor":25.0,"gold_loss":0.0,"damage_taken":0.0},{"cards_removed":["Perfected Strike"],"damage_healed":5.0,"max_hp_gain":0.0,"max_hp_loss":0.0,"gold_gain":0.0,"event_name":"Bonfire Elementals","player_choice":"Offered Special","floor":25.0,"gold_loss":0.0,"damage_taken":0.0},{"damage_healed":0,"gold_gain":0,"player_choice":"Memory 1","damage_taken":0,"max_hp_gain":0,"max_hp_loss":0,"event_name":"SensoryStone","floor":39,"gold_loss":0},{"damage_healed":20,"gold_gain":0,"player_choice":"Writhe","damage_taken":0,"max_hp_gain":0,"max_hp_loss":0,"event_name":"Winding Halls","floor":42,"gold_loss":0,"cards_obtained":["Writhe"]},{"cards_removed":["Clash"],"damage_healed":0,"gold_gain":0,"player_choice":"Removed Attack","damage_taken":0,"max_hp_gain":0,"max_hp_loss":0,"event_name":"Falling","floor":45,"gold_loss":0},{"damage_healed":0,"gold_gain":0,"player_choice":"Paid","damage_taken":0,"relics_obtained":["Red Mask"],"max_hp_gain":0,"max_hp_loss":0,"event_name":"Tomb of Lord Red Mask","floor":48,"gold_loss":137}],"is_beta":false,"boss_relics":[{"not_picked":["Ectoplasm","Black Star"],"picked":"Empty Cage"},{"not_picked":["Mark of Pain","Runic Dome"],"picked":"Velvet Choker"}],"items_purged_floors":[12],"is_endless":false,"potions_floor_spawned":[8,11,18,22,24,29,31,38,44,47],"killed_by":"Time Eater","ascension_level":0}}