{"host":"5uvzo7moqy5vd63g","time":1611631179,"event":{"mods":["Aspiration","BaseMod","Conspire","Curses Come First","Dio Mod","Downfall","Hermit","Hubris","Jedi Mod","Mimic Mod","Minty Spire (QoL Compilation)","Replay The Spire","StSLib","Wandering Minibosses"],"gold_per_floor":[99,113,113,113,129,203,227,285,298,298,298,116,147,208,258,411,471,471,471,471],"floor_reached":18,"language":"ENG","playtime":1261,"items_purged":["bronze:Strike"],"score":124,"play_id":"bb0ae96d-d589-4eac-b112-f60fcdfeefb4","local_time":"20210125221939","is_ascension_mode":false,"campfire_choices":[{"data":"Mayhem","floor":1,"key":"SMITH"}],"circlet_count":0,"master_deck":["bronze:Strike","bronze:Strike","bronze:Strike","bronze:Defend","bronze:Defend","bronze:Defend","bronze:Defend","bronze:Replicate","bronze:Goto","Mayhem+1","bronze:DigitalCarnage","Mayhem+1","bronze:DigitalCarnage","bronze:Overheat","bronze:Frontload","bronze:ChosenStrike","bronze:WildBeam","bronze:Repulsor","bronze:Overheat","bronze:Philosophize","bronze:Safeguard","bronze:DigitalCarnage"],"relics":["bronze:BronzeCore","ReplayTheSpireMod:Ring of Challenge","Ring of Misfortune","jedi:shrinkray","aspiration:ChemicalBlood","Ginger","ReplayFunnel"],"acts_visited":["Exordium"],"potions_floor_usage":[12,14,16,17,18,18],"damage_taken":[{"damage":2,"enemies":"Small Slimes","floor":2,"turns":5},{"damage":6,"enemies":"Jaw Worm","floor":5,"turns":3},{"damage":4,"enemies":"Lagavulin","floor":6,"turns":5},{"damage":1,"enemies":"Cultist","floor":8,"turns":3},{"damage":0,"enemies":"Gremlin Gang","floor":9,"turns":4},{"damage":0,"enemies":"downfall:FleeingMerchant","floor":12,"turns":4},{"damage":0,"enemies":"Red Slaver","floor":13,"turns":3},{"damage":8,"enemies":"Red Slaver","floor":14,"turns":5},{"damage":21,"enemies":"Replay:BlueRogue","floor":15,"turns":4},{"damage":4,"enemies":"Exordium Wildlife","floor":16,"turns":5},{"damage":18,"enemies":"Large Slime","floor":17,"turns":6},{"damage":15,"enemies":"DF_ARCHETYPE_STREAMLINE","floor":18,"turns":6}],"seed_played":"8636013489049395512","potions_obtained":[{"floor":6,"key":"champ:CounterPotion"},{"floor":9,"key":"SkillPotion"},{"floor":14,"key":"SpeedPotion"},{"floor":15,"key":"sneckomod:MuddlingPotion"}],"is_trial":false,"path_per_floor":["R","M","?","?","M","E","T","M","M","PTL","PTL","$","MIM","M","E","M","M","B"],"character_chosen":"THE_AUTOMATON","items_purchased":["bronze:Repulsor","bronze:Overheat"],"campfire_rested":0,"item_purchase_floors":[12,12],"current_hp_per_floor":[49,47,47,47,41,37,37,36,36,36,36,36,36,28,7,3,14,0,0,0],"gold":471,"neow_bonus":"RANDOM_COLORLESS_2","is_daily":false,"chose_seed":false,"campfire_upgraded":1,"win_rate":0.0,"timestamp":1611631179,"path_taken":["R","M","?","?","?","E","T","?","M","PTL","PTL","$","?","M","E","M","M","BOSS"],"items_purchased_type":["Card","Card"],"build_version":"2020-12-22","purchased_purges":1,"victory":false,"max_hp_per_floor":[70,70,70,70,70,70,70,70,70,70,70,70,70,70,70,70,70,70,70,70],"card_choices":[{"not_picked":["Metamorphosis","Thinking Ahead"],"picked":"Mayhem","floor":0},{"not_picked":["bronze:Branch","bronze:WildBeam"],"picked":"bronze:DigitalCarnage","floor":2},{"not_picked":["bronze:Constructor","bronze:Invalidate"],"picked":"bronze:DigitalCarnage","floor":5},{"not_picked":["bronze:Branch","bronze:ChosenStrike"],"picked":"bronze:Overheat","floor":6},{"not_picked":["bronze:Overheat","bronze:Turbo"],"picked":"bronze:Frontload","floor":8},{"not_picked":["bronze:Constructor","bronze:Deprecate"],"picked":"bronze:ChosenStrike","floor":9},{"not_picked":["bronze:FindAndReplace","bronze:Iterate"],"picked":"bronze:WildBeam","floor":12},{"not_picked":["bronze:FineTuning","bronze:Optimize"],"picked":"bronze:Philosophize","floor":13},{"not_picked":["bronze:Optimize","bronze:BuggyMess","bronze:Return"],"picked":"SKIP","floor":14},{"not_picked":["bronze:Terminator","bronze:GetLatest"],"picked":"bronze:Safeguard","floor":15},{"not_picked":["bronze:FineTuning","bronze:Return","bronze:BugBarrage"],"picked":"SKIP","floor":16},{"not_picked":["bronze:Shield","bronze:ChosenStrike"],"picked":"bronze:DigitalCarnage","floor":17}],"player_experience":616764,"relics_obtained":[{"floor":3,"key":"ReplayTheSpireMod:Ring of Challenge"},{"floor":3,"key":"Ring of Misfortune"},{"floor":6,"key":"jedi:shrinkray"},{"floor":13,"key":"aspiration:ChemicalBlood"},{"floor":15,"key":"Ginger"},{"floor":15,"key":"ReplayFunnel"}],"event_choices":[],"is_beta":false,"boss_relics":[],"items_purged_floors":[12],"is_endless":false,"potions_floor_spawned":[6,9,14,15],"killed_by":"DF_ARCHETYPE_STREAMLINE","ascension_level":0}}