{"host":"hka8b3f4pkvnp4ei","time":1611670588,"event":{"mods":["BaseMod","Minty Spire (QoL Compilation)","Quick Restart","Replay The Spire","StSLib"],"gold_per_floor":[115,134,147,147,147,147,160,188,188,217,227,253,253,266,266,266,266],"floor_reached":16,"language":"ZHS","playtime":902,"items_purged":[],"score":189,"play_id":"d3a44e7e-92e5-4826-8b0d-f3cef46c690b","local_time":"20210126221628","is_ascension_mode":true,"campfire_choices":[{"data":"Cloak And Dagger","floor":6,"key":"SMITH"},{"data":"Prepared","floor":15,"key":"SMITH"}],"circlet_count":0,"master_deck":["Strike_G","Strike_G","Strike_G","Strike_G","Defend_G","Defend_G","Defend_G","Defend_G+1","Survivor+1","Neutralize","Cloak And Dagger+1","Footwork","Underhanded Strike","Prepared+1","All Out Attack"],"relics":["Ring of the Snake","Replay:Bottled Snecko","Golden Egg","Sundial","Tiny Chest","Mercury Hourglass"],"acts_visited":["Exordium"],"potions_floor_usage":[8,8,12,16],"damage_taken":[{"damage":0,"enemies":"Jaw Worm","floor":1,"turns":7},{"damage":0,"enemies":"Small Slimes","floor":2,"turns":3},{"damage":2,"enemies":"2 Louse","floor":3,"turns":3},{"damage":0,"enemies":"Exordium Wildlife","floor":7,"turns":6},{"damage":0,"enemies":"3 Sentries","floor":8,"turns":14},{"damage":22,"enemies":"Gremlin Nob","floor":10,"turns":6},{"damage":12,"enemies":"Exordium Thugs","floor":11,"turns":6},{"damage":0,"enemies":"3 Sentries","floor":12,"turns":4},{"damage":0,"enemies":"Gremlin Gang","floor":14,"turns":1},{"damage":0,"enemies":"Slime Boss","floor":16,"turns":5}],"seed_played":"-1459722911850598725","potions_obtained":[{"floor":3,"key":"ColorlessPotion"},{"floor":7,"key":"Reflective Coating"},{"floor":10,"key":"PowerPotion"},{"floor":11,"key":"Flashbang"},{"floor":12,"key":"Dexterity Potion"},{"floor":14,"key":"GamblersBrew"}],"is_trial":false,"path_per_floor":["M","M","M","?","?","R","M","E","T","E","M","E","?","M","R","B"],"character_chosen":"THE_SILENT","items_purchased":[],"campfire_rested":0,"item_purchase_floors":[],"current_hp_per_floor":[63,63,61,66,52,52,52,52,52,30,18,18,11,11,11,11,11],"gold":266,"neow_bonus":"REMOVE_TWO","is_daily":false,"chose_seed":false,"campfire_upgraded":2,"win_rate":0.0,"timestamp":1611670588,"path_taken":["M","M","M","?","?","R","M","E","T","E","M","E","?","M","R","BOSS"],"items_purchased_type":[],"build_version":"2020-12-22","purchased_purges":0,"victory":false,"max_hp_per_floor":[63,63,63,68,68,68,68,68,68,68,68,68,68,68,68,68,68],"card_choices":[{"not_picked":["Blur","Sucker Punch"],"picked":"Cloak And Dagger","floor":1},{"not_picked":["Dodge and Roll","ReplayTheSpireMod:Exploit Weakness","Hidden Blade"],"picked":"SKIP","floor":2},{"not_picked":["Sucker Punch","Quick Slash"],"picked":"Footwork","floor":3},{"not_picked":["Dagger Spray","Slice","Quick Slash"],"picked":"SKIP","floor":7},{"not_picked":["Doppelganger","Flechettes"],"picked":"Underhanded Strike","floor":8},{"not_picked":["Crippling Poison","Sneak Up"],"picked":"Prepared","floor":10},{"not_picked":["Quick Slash","Prepared","Endless Agony"],"picked":"SKIP","floor":11},{"not_picked":["Phantasmal Killer","Dagger Throw"],"picked":"All Out Attack","floor":12},{"not_picked":["Dagger Throw","Hidden Blade","Prepared"],"picked":"SKIP","floor":14}],"player_experience":1275864,"relics_obtained":[{"floor":8,"key":"Replay:Bottled Snecko"},{"floor":9,"key":"Golden Egg"},{"floor":10,"key":"Sundial"},{"floor":12,"key":"Tiny Chest"}],"event_choices":[{"damage_healed":0,"gold_gain":0,"player_choice":"Donut","damage_taken":0,"max_hp_gain":5,"max_hp_loss":0,"event_name":"Big Fish","floor":4,"gold_loss":0},{"damage_healed":0,"gold_gain":0,"player_choice":"Entered Light","damage_taken":14,"max_hp_gain":0,"max_hp_loss":0,"event_name":"Shining Light","floor":5,"gold_loss":0,"cards_upgraded":["Defend_G","Survivor"]},{"damage_healed":0,"gold_gain":0,"player_choice":"Success","damage_taken":7,"relics_obtained":["Mercury Hourglass"],"max_hp_gain":0,"max_hp_loss":0,"event_name":"Scrap Ooze","floor":13,"gold_loss":0}],"is_beta":false,"boss_relics":[],"items_purged_floors":[],"is_endless":false,"potions_floor_spawned":[3,7,10,11,12,14],"killed_by":"Slime Boss","ascension_level":2}}