{"host":"3e3mwsgb9gfqiuxm","time":1611682688,"event":{"mods":["Act Like it!","BaseMod","Colored Map","Colored Powertips","Downfall","Gensokyo","Googly Eyes","Hermit","Koishi","Marisa????????","Minty Spire (QoL Compilation)","Replay The Spire","StSLib","The Animator","The Bug Knight","The Cursed","The Servant 0.9.4"],"gold_per_floor":[111,111,186,196,196,531,531,545,570,591,591,615,615,615,615,739,739,760,720,753,768,783,783,827,842,842,842,345,366,384,422,422,552,552,575,575,575,595,608,608,156,156,156,169,169,205,229,268,268,268,268,268,11,46,46],"floor_reached":56,"language":"ENG","playtime":3167,"items_purged":["Koishi:BasicStrike","Koishi:ParalyzingFear","Koishi:VengefulSpirit"],"score":1097,"play_id":"eec343b5-8667-4059-a5cf-20a62dc9b882","local_time":"20210126123808","is_ascension_mode":false,"campfire_choices":[{"data":"Koishi:HauntingSlash","floor":7.0,"key":"SMITH"},{"data":"Koishi:TerrifyingSpectre","floor":11.0,"key":"SMITH"},{"data":"Koishi:RacingHeart","floor":23.0,"key":"SMITH"},{"data":"Koishi:FidgetySnatcher","floor":27.0,"key":"SMITH"},{"data":"ReplayTheSpireMod:Brewmster","floor":32.0,"key":"SMITH"},{"data":"Koishi:RoseHell","floor":40.0,"key":"SMITH"},{"data":"1","floor":42.0,"key":"LIFT"},{"data":"2","floor":45.0,"key":"LIFT"},{"floor":49,"key":"RECALL"},{"data":"3","floor":52,"key":"LIFT"}],"circlet_count":0,"master_deck":["Koishi:Provoke","Koishi:HauntingSlash+1","Koishi:RacingHeart+1","Koishi:BloodcurdlingScream+1","Koishi:JumpScare+1","Koishi:TerrifyingSpectre+1","Koishi:ImGoingToCallYouNow+1","Koishi:GrowingPain","Koishi:DanmakuParanoia+1","Koishi:GhostParty+1","Koishi:PredatoryInstincts","Koishi:FidgetySnatcher+1","Koishi:SilentAndRestless","ReplayTheSpireMod:Brewmster+1","Koishi:GrowingPain","Koishi:EmbryosDream","Koishi:MindStellarRelief","Koishi:UnseenTerror+1","Koishi:MentalBreakdown","Koishi:RoseHell+1","Master of Strategy","Koishi:DNAsFlaw","Koishi:HeartStoppingHorror+1","Koishi:EmbryosDream","Koishi:Vanish"],"relics":["Koishi:ImaginaryFriend","NeowsBlessing","Orichalcum","Golden Idol","Old Coin","Omamori","Cursed Key","Replay:PocketPolymizer","Peace Pipe","Koishi:TeethAndClaws","Girya","Replay:Bronze Core","Membership Card","Pocketwatch","Frozen Egg 2","Potion Belt","Bottled Lightning","Snack Pack"],"acts_visited":["Exordium","Gensokyo:Gensokyoer","TheBeyond","TheEnding"],"potions_floor_usage":[47,48,48,50,50,50,50,50,54,55,55,55,55,55],"damage_taken":[{"damage":0.0,"enemies":"Small Slimes","floor":1.0,"turns":2.0},{"damage":0.0,"enemies":"2 Louse","floor":4.0,"turns":2.0},{"damage":0.0,"enemies":"Lagavulin","floor":6.0,"turns":1.0},{"damage":0.0,"enemies":"Cultist","floor":8.0,"turns":3.0},{"damage":14.0,"enemies":"Exordium Thugs","floor":10.0,"turns":4.0},{"damage":3.0,"enemies":"Red Slaver","floor":12.0,"turns":3.0},{"damage":34.0,"enemies":"Hexaghost","floor":16.0,"turns":13.0},{"damage":38.0,"enemies":"Gensokyo:3_Dogs","floor":18.0,"turns":6.0},{"damage":24.0,"enemies":"Gensokyo:CosmicMonolith","floor":21.0,"turns":5.0},{"damage":14.0,"enemies":"Gensokyo:Wraith","floor":22.0,"turns":5.0},{"damage":22.0,"enemies":"Gensokyo:Koishi","floor":24.0,"turns":10.0},{"damage":26.0,"enemies":"Gensokyo:Swordslinger","floor":25.0,"turns":7.0},{"damage":14.0,"enemies":"Gensokyo:Slime_Group","floor":29.0,"turns":6.0},{"damage":9.0,"enemies":"Gensokyo:Mirror_and_Dog","floor":30.0,"turns":6.0},{"damage":48.0,"enemies":"Gensokyo:Tenshi","floor":31.0,"turns":8.0},{"damage":34.0,"enemies":"Gensokyo:Kaguya","floor":33.0,"turns":14.0},{"damage":8.0,"enemies":"3 Darklings","floor":35.0,"turns":6.0},{"damage":3.0,"enemies":"3 Shapes","floor":38.0,"turns":5.0},{"damage":11.0,"enemies":"Transient","floor":39.0,"turns":5.0},{"damage":21.0,"enemies":"Spire Growth","floor":44.0,"turns":8.0},{"damage":0.0,"enemies":"R_Hoarder","floor":46.0,"turns":8.0},{"damage":35,"enemies":"Writhing Mass","floor":47,"turns":5},{"damage":19,"enemies":"Reptomancer","floor":48,"turns":5},{"damage":26,"enemies":"Replay:Hell Engine","floor":50,"turns":9},{"damage":37,"enemies":"Shield and Spear","floor":54,"turns":7},{"damage":29,"enemies":"The Heart","floor":55,"turns":9}],"seed_played":"2637044179367189452","potions_obtained":[{"floor":6.0,"key":"Cursed Concoction"},{"floor":12.0,"key":"Block Potion"},{"floor":16.0,"key":"Weak Potion"},{"floor":22.0,"key":"DuplicationPotion"},{"floor":29.0,"key":"Regen Potion"},{"floor":30.0,"key":"DistilledChaos"},{"floor":35.0,"key":"LiquidMemories"},{"floor":48,"key":"Regen Potion"},{"floor":54,"key":"AttackPotion"}],"is_trial":false,"path_per_floor":["M","?","?","M","?","E","R","M","T","M","R","M","?","?","R_BF","B",null,"M","?","?","M","M","R","E","M","T","R","$","M","M","E","R","B",null,"M","?","?","M","M","R","$","R","T","M","R","E","M","E","R","B",null,"R","$","E","B",null],"character_chosen":"KOISHI","items_purchased":["ReplayTheSpireMod:Brewmster","Koishi:TeethAndClaws","Membership Card","Master of Strategy","Pocketwatch","Bottled Lightning","Koishi:Vanish","FairyPotion"],"campfire_rested":0,"item_purchase_floors":[28,28,41,41,41,53,53,53],"current_hp_per_floor":[60,53,42,42,27,28,28,32,32,26,26,29,29,22,40,57,60,45,45,45,60,60,60,60,60,60,60,60,60,60,60,60,48,60,60,60,60,59,60,60,60,60,60,60,60,60,57,60,60,60,60,60,60,60,60],"gold":46,"neow_bonus":"THREE_ENEMY_KILL","is_daily":false,"chose_seed":false,"campfire_upgraded":6,"win_rate":0.0,"timestamp":1611682688,"path_taken":["M","?","?","M","?","E","R","M","T","M","R","M","?","?","R_BF","BOSS","M","?","?","?","M","R","E","M","T","R","?","M","M","E","R","BOSS","M","?","?","M","?","R","$","R","T","M","R","E","M","E","R","BOSS","R","$","E","BOSS"],"items_purchased_type":["Card","Relic","Relic","Card","Relic","Relic","Card","Potion"],"build_version":"2020-12-22","purchased_purges":3,"victory":true,"max_hp_per_floor":[60,60,60,60,60,60,60,60,60,60,60,60,60,60,60,60,60,60,60,60,60,60,60,60,60,60,60,60,60,60,60,60,60,60,60,60,60,60,60,60,60,60,60,60,60,60,60,60,60,60,60,60,60,60,60],"card_choices":[{"not_picked":["Koishi:Vanish","Koishi:ReleaseOfTheId"],"picked":"Koishi:RacingHeart","floor":1.0},{"not_picked":["Koishi:ReflexRadar","Koishi:PhantomStrike"],"picked":"Koishi:ParalyzingFear","floor":4.0},{"not_picked":["Koishi:SpiritedAway","Koishi:ReleaseOfTheId"],"picked":"Koishi:BloodcurdlingScream","floor":6.0},{"not_picked":["Koishi:Vanish","Koishi:PhantomBarrier"],"picked":"Koishi:JumpScare","floor":8.0},{"not_picked":["Koishi:Possession","Koishi:Jaunt"],"picked":"Koishi:TerrifyingSpectre","floor":10.0},{"not_picked":["Koishi:EmbersOfLove","Koishi:ParalyzingFear","Koishi:LastRemote"],"picked":"SKIP","floor":12.0},{"not_picked":["Koishi:Ego","Koishi:FormlessExistence"],"picked":"Koishi:GrowingPain","floor":16.0},{"not_picked":["Koishi:ReleaseOfTheId","Koishi:YoukaiPolygraph","Koishi:BloodcurdlingScream"],"picked":"SKIP","floor":18.0},{"not_picked":["Koishi:ReflexRadar","Koishi:UnansweredLove"],"picked":"Koishi:DanmakuParanoia+1","floor":20.0},{"not_picked":["Koishi:FidgetySnatcher","Koishi:BloodcurdlingScream"],"picked":"Koishi:GhostParty+1","floor":21.0},{"not_picked":["Koishi:SubterraneanRose+1","Koishi:FleetingPhantom"],"picked":"Koishi:PredatoryInstincts","floor":22.0},{"not_picked":["Koishi:FreudianInstinct","Koishi:DanmakuParanoia","Koishi:FidgetySnatcher"],"picked":"SKIP","floor":24.0},{"not_picked":["Koishi:FreudianInstinct","Koishi:DanmakuParanoia"],"picked":"Koishi:FidgetySnatcher","floor":24.0},{"not_picked":["Koishi:DreadfulBlow","Koishi:Prune"],"picked":"Koishi:SilentAndRestless","floor":25.0},{"not_picked":["Koishi:CatchAndRose","Koishi:DreadfulBlow","Koishi:UnansweredLove"],"picked":"SKIP","floor":29.0},{"not_picked":["Koishi:Prune","Koishi:RacingHeart+1"],"picked":"Koishi:GrowingPain","floor":30.0},{"not_picked":["Koishi:StrangeCloudFist","Koishi:FourthEye","Koishi:ReflexRadar"],"picked":"SKIP","floor":31.0},{"not_picked":["Koishi:FormlessExistence","Koishi:RollingInRichesHeart"],"picked":"Koishi:MindStellarRelief","floor":33.0},{"not_picked":["Koishi:Vanish+1","Koishi:Possession"],"picked":"Koishi:UnseenTerror+1","floor":35.0},{"not_picked":["Koishi:Prune+1","Koishi:BloodcurdlingScream+1"],"picked":"Koishi:JumpScare","floor":38.0},{"not_picked":["Koishi:SubterraneanRose+1","Koishi:EmbryosDream","Koishi:DNAsFlaw+1"],"picked":"SKIP","floor":39.0},{"not_picked":["Koishi:BloodcurdlingScream+1","Koishi:FleetingPhantom","Koishi:UnconsciousUprising+1"],"picked":"SKIP","floor":44.0},{"not_picked":["Koishi:StingingMind","Koishi:ParalyzingFear+1","Koishi:BramblyRoseGarden+1"],"picked":"SKIP","floor":46.0},{"not_picked":["Koishi:SubconsciousSweep+1","Koishi:Jaunt+1"],"picked":"Koishi:HeartStoppingHorror+1","floor":47},{"not_picked":["Koishi:LastRemote","Koishi:EmbryosDream+1","Koishi:SubterraneanRose"],"picked":"SKIP","floor":48},{"not_picked":["Koishi:SubconsciousSweep+1","Koishi:CatchAndRose+1","Koishi:DreadfulBlow+1"],"picked":"SKIP","floor":54}],"player_experience":1337287,"relics_obtained":[{"floor":6.0,"key":"Old Coin"},{"floor":9.0,"key":"Omamori"},{"floor":20.0,"key":"Replay:PocketPolymizer"},{"floor":24.0,"key":"Peace Pipe"},{"floor":31.0,"key":"Girya"},{"floor":46.0,"key":"Frozen Egg 2"},{"floor":48,"key":"Potion Belt"},{"floor":54,"key":"Snack Pack"}],"event_choices":[{"damage_healed":0.0,"max_hp_gain":0.0,"max_hp_loss":0.0,"gold_gain":0.0,"event_name":"Scrap Ooze","player_choice":"Success","floor":2.0,"gold_loss":0.0,"damage_taken":7.0,"relics_obtained":["Orichalcum"]},{"damage_healed":0.0,"max_hp_gain":0.0,"max_hp_loss":0.0,"gold_gain":75.0,"event_name":"World of Goop","player_choice":"Gather Gold","floor":3.0,"gold_loss":0.0,"damage_taken":11.0},{"damage_healed":0.0,"max_hp_gain":0.0,"max_hp_loss":0.0,"gold_gain":0.0,"event_name":"Golden Idol","player_choice":"Take Damage","floor":5.0,"gold_loss":0.0,"damage_taken":15.0,"relics_obtained":["Golden Idol"]},{"cards_removed":["Koishi:BasicStrike"],"damage_healed":0.0,"max_hp_gain":0.0,"max_hp_loss":0.0,"gold_gain":0.0,"event_name":"Golden Wing","player_choice":"Card Removal","floor":14.0,"gold_loss":0.0,"damage_taken":7.0},{"cards_removed":["Koishi:YoukaiPolygraph"],"damage_healed":0.0,"max_hp_gain":0.0,"max_hp_loss":0.0,"gold_gain":0.0,"event_name":"Falling","player_choice":"Removed Attack","floor":36.0,"gold_loss":0.0,"damage_taken":0.0},{"damage_healed":0.0,"max_hp_gain":0.0,"max_hp_loss":0.0,"gold_gain":0.0,"event_name":"Match and Keep!","player_choice":"1 cards matched","floor":37.0,"gold_loss":0.0,"damage_taken":0.0,"cards_obtained":["Koishi:MentalBreakdown"]}],"is_beta":false,"boss_relics":[{"not_picked":["Ring of Chaos","Koishi:ColorfulDays"],"picked":"Cursed Key"},{"not_picked":["ReplayTheSpireMod:DimensionalGlitch","Replay:Drink Me"],"picked":"Replay:Bronze Core"}],"items_purged_floors":[28,41,53],"is_endless":false,"potions_floor_spawned":[6,12,16,22,29,30,35,38,48,54],"ascension_level":0}}