{"host":"juoup3p5tvzzktl5","time":1611659166,"event":{"mods":["Aspiration","BaseMod","Better Vampires","BetterRewards","Colored Map","Colored Powertips","Downfall","Friendly Minions","GifTheSpireLib","Hermit","Hubris","Infinite Spire","KinomotoSakuraMod(ƒæ÷Æ±æ”£)","Koishi","KomeijiMod","Marisa£®ÏF”Í°°ƒß¿Ì…≥£©","Minty Spire (QoL Compilation)","Quick Restart","Reimu£®≤©¿ˆ¡È√Œ£©","Replay The Spire","Shop Mod","StSLib","The Administrix","The Alterego","The Animator","The Bug Knight","The Construct","The Cursed","The Disciple","The Jungle","The Mystic","The Necromancer","The Runesmith","The Senshi","The Servant 0.9.4","Youmu£®ªÍ∆«—˝√Œ£©","Yuyuko"],"gold_per_floor":[85,260,270,270,289,289,317,317],"floor_reached":7,"language":"ZHS","playtime":2011,"items_purged":[],"score":50,"play_id":"02b9dadb-aaa8-47c0-aaf5-a200d1017063","local_time":"20210126200606","is_ascension_mode":false,"campfire_choices":[{"data":"Deathly Ground","floor":6,"key":"SMITH"}],"circlet_count":0,"master_deck":["Fantasy Butterflies","Fantasy Butterflies","Fantasy Butterflies","Fantasy Butterflies","Fantasy Butterflies","Dreamy Sakura","Dreamy Sakura","Dreamy Sakura","Dreamy Sakura","Dreamy Sakura","Deathly Ground+1","Faramita\u0027s Temptation","Searching","Elegance","End of Faramita","Unstable Ward"],"relics":["Coronal","Yuyuko\u0027s fan","Replay:Kaleidoscope","Spirit Poop","infinitespire:Lucky Rock","Dream Catcher"],"acts_visited":["Exordium"],"potions_floor_usage":[],"damage_taken":[{"damage":31,"enemies":"Cultist","floor":1,"turns":5},{"damage":21,"enemies":"2 Louse","floor":3,"turns":3},{"damage":38,"enemies":"infinitespire:Voidling","floor":5,"turns":7},{"damage":53,"enemies":"HollowMod:MossKnight","floor":7,"turns":14}],"seed_played":"7932491381587603526","potions_obtained":[{"floor":3,"key":"BlessingOfTheForge"},{"floor":5,"key":"SteroidPotion"}],"is_trial":false,"path_per_floor":["M","?","M","?","M","R","E"],"character_chosen":"YUYOKO","items_purchased":["Replay:Kaleidoscope"],"campfire_rested":0,"item_purchase_floors":[0],"current_hp_per_floor":[26,26,22,22,33,33,26,26],"gold":317,"neow_bonus":"","is_daily":false,"chose_seed":false,"campfire_upgraded":1,"win_rate":0.0,"timestamp":1611659166,"path_taken":["M","?","M","?","M","R","E"],"items_purchased_type":["Relic"],"build_version":"2020-12-22","purchased_purges":0,"victory":false,"max_hp_per_floor":[40,40,40,40,40,40,40,40],"card_choices":[{"not_picked":["Dark Wind","Become Phantom"],"picked":"Elegance","floor":1},{"not_picked":["Fondling of Papilio","Triple Snow"],"picked":"End of Faramita","floor":3},{"not_picked":["Home of Suicide","Mini Ghostdom"],"picked":"Unstable Ward","floor":5}],"player_experience":1023171,"relics_obtained":[{"floor":5,"key":"infinitespire:Lucky Rock"},{"floor":7,"key":"Dream Catcher"}],"event_choices":[{"damage_healed":0,"gold_gain":175,"player_choice":"AGREE","damage_taken":0,"max_hp_gain":0,"max_hp_loss":0,"event_name":"Liars Game","floor":2,"gold_loss":0,"cards_obtained":["Doubt"]},{"cards_removed":["Doubt"],"damage_healed":0,"gold_gain":0,"player_choice":"Offered Curse","damage_taken":0,"relics_obtained":["Spirit Poop"],"max_hp_gain":0,"max_hp_loss":0,"event_name":"Bonfire Elementals","floor":4,"gold_loss":0}],"is_beta":false,"boss_relics":[],"items_purged_floors":[],"is_endless":false,"potions_floor_spawned":[3,5],"killed_by":"HollowMod:MossKnight","ascension_level":0}}