{"host":"1tl36azeqm6yhdgj","time":1611687245,"event":{"mods":["AchievementEnabler","BaseMod","Minty Spire (QoL Compilation)","StSLib","The IronCluck","everything is the same but u backflip on backflip"],"gold_per_floor":[118,268,268,287,287,318,334,369,369,389,43,43,77,77,77,150,150,166,180,180,180,192,192,7,39,76,100,112,135,147,147],"floor_reached":30,"language":"ENG","playtime":898,"items_purged":["Regret","Pain"],"score":586,"play_id":"20919119-8f57-455d-a307-829342b8dc09","local_time":"20210126135405","is_ascension_mode":true,"campfire_choices":[{"floor":12,"key":"REST"},{"floor":15,"key":"REST"},{"floor":23,"key":"REST"}],"circlet_count":0,"master_deck":["AscendersBane","Strike_R","Strike_R","Strike_R","Strike_R","Strike_R","Defend_R","Defend_R","Defend_R","Defend_R","Bash","Rage","Shrug It Off","Flex","Uppercut","Inflame","Cleave","Blood for Blood","Juggernaut","CurseOfTheBell","Limit Break","Battle Trance+1","Writhe","Infernal Blade","Fire Breathing","Reckless Charge","Clash","Anger"],"relics":["Burning Blood","NeowsBlessing","HornCleat","Question Card","StrikeDummy","InkBottle","Bag of Preparation","Juzu Bracelet","WarpedTongs","Calling Bell","Toy Ornithopter","Sundial","Bird Faced Urn","Mercury Hourglass","MawBank","Dream Catcher"],"acts_visited":["Exordium","TheCity"],"potions_floor_usage":[8,13,19,27,29,30],"damage_taken":[{"damage":0.0,"enemies":"2 Louse","floor":1.0,"turns":1.0},{"damage":0.0,"enemies":"Small Slimes","floor":4.0,"turns":1.0},{"damage":0.0,"enemies":"Lagavulin","floor":6.0,"turns":1.0},{"damage":8.0,"enemies":"Cultist","floor":7.0,"turns":4.0},{"damage":60,"enemies":"Gremlin Nob","floor":8,"turns":6},{"damage":3,"enemies":"2 Fungi Beasts","floor":10,"turns":3},{"damage":10,"enemies":"Lagavulin","floor":13,"turns":5},{"damage":32,"enemies":"The Guardian","floor":16,"turns":11},{"damage":20,"enemies":"Chosen","floor":18,"turns":6},{"damage":29,"enemies":"Shell Parasite","floor":19,"turns":5},{"damage":17,"enemies":"Snake Plant","floor":22,"turns":4},{"damage":29,"enemies":"Gremlin Leader","floor":25,"turns":6},{"damage":6,"enemies":"Centurion and Healer","floor":27,"turns":6},{"damage":21,"enemies":"Sentry and Sphere","floor":29,"turns":5},{"damage":28,"enemies":"Snake Plant","floor":30,"turns":3}],"seed_played":"1958947556347575625","potions_obtained":[{"floor":6.0,"key":"LiquidBronze"},{"floor":13,"key":"AttackPotion"},{"floor":18,"key":"Ancient Potion"},{"floor":25,"key":"Energy Potion"},{"floor":29,"key":"Energy Potion"}],"is_trial":false,"path_per_floor":["M","?","?","M","?","E","M","E","T","M","$","R","E","?","R","B",null,"M","M","?","?","M","R","$","E","T","M","?","M","M"],"character_chosen":"IRONCLAD","items_purchased":["Bag of Preparation","Cleave","Fire Potion","Fire Breathing"],"campfire_rested":3,"item_purchase_floors":[11,11,11,24],"current_hp_per_floor":[74,74,74,75,75,75,73,19,19,22,22,44,40,40,62,36,65,55,39,39,39,30,52,52,33,33,42,21,15,0,0],"gold":147,"neow_bonus":"THREE_ENEMY_KILL","is_daily":false,"chose_seed":false,"campfire_upgraded":0,"win_rate":0.0,"timestamp":1611687245,"path_taken":["M","?","?","M","?","E","M","E","T","M","$","R","E","?","R","BOSS","M","M","?","?","M","R","?","E","T","M","?","M","M"],"items_purchased_type":["Relic","Card","Potion","Card"],"build_version":"2020-12-22","purchased_purges":2,"victory":false,"max_hp_per_floor":[75,75,75,75,75,75,75,75,75,75,75,75,75,75,75,75,75,75,75,75,75,75,75,75,75,75,75,80,80,80,80],"card_choices":[{"not_picked":["Armaments","Body Slam","Perfected Strike"],"picked":"SKIP","floor":1.0},{"not_picked":["Warcry","Clash"],"picked":"Rage","floor":4.0},{"not_picked":["Sword Boomerang","Iron Wave"],"picked":"Shrug It Off","floor":6.0},{"not_picked":["Headbutt","Warcry","True Grit"],"picked":"Flex","floor":7.0},{"not_picked":["Infernal Blade","Pommel Strike","Iron Wave"],"picked":"Uppercut","floor":8},{"not_picked":["Corruption","Infernal Blade","Pommel Strike"],"picked":"Inflame","floor":10},{"not_picked":["Warcry","Bloodletting","Cleave"],"picked":"Blood for Blood","floor":13},{"not_picked":["Fiend Fire","Reaper","Double Tap"],"picked":"Juggernaut","floor":16},{"not_picked":["Dual Wield","Thunderclap","Perfected Strike"],"picked":"Limit Break","floor":18},{"not_picked":["Pummel","Armaments","Iron Wave"],"picked":"Battle Trance+1","floor":19},{"not_picked":["Heavy Blade","True Grit","Warcry"],"picked":"Infernal Blade","floor":22},{"not_picked":["Uppercut","Bludgeon","Thunderclap"],"picked":"Reckless Charge","floor":25},{"not_picked":["Cleave+1","Bloodletting","Wild Strike"],"picked":"Clash","floor":27},{"not_picked":["Body Slam","Wild Strike","Twin Strike"],"picked":"Anger","floor":29}],"player_experience":2069563,"relics_obtained":[{"floor":6.0,"key":"Question Card"},{"floor":8,"key":"StrikeDummy"},{"floor":9,"key":"InkBottle"},{"floor":13,"key":"Juzu Bracelet"},{"floor":17,"key":"Toy Ornithopter"},{"floor":17,"key":"Sundial"},{"floor":17,"key":"Bird Faced Urn"},{"floor":25,"key":"MawBank"},{"floor":26,"key":"Dream Catcher"}],"event_choices":[{"damage_healed":0.0,"max_hp_gain":0.0,"max_hp_loss":0.0,"gold_gain":150.0,"event_name":"Liars Game","player_choice":"AGREE","floor":2.0,"gold_loss":0.0,"damage_taken":0.0,"cards_obtained":["Doubt"]},{"cards_removed":["Doubt"],"damage_healed":0.0,"max_hp_gain":0.0,"max_hp_loss":0.0,"gold_gain":0.0,"event_name":"Living Wall","player_choice":"Forget","floor":3.0,"gold_loss":0.0,"damage_taken":0.0},{"damage_healed":0.0,"max_hp_gain":0.0,"max_hp_loss":0.0,"gold_gain":0.0,"event_name":"Big Fish","player_choice":"Box","floor":5.0,"gold_loss":0.0,"damage_taken":0.0,"relics_obtained":["HornCleat"],"cards_obtained":["Regret"]},{"damage_healed":0,"gold_gain":0,"player_choice":"Rummage","damage_taken":0,"relics_obtained":["WarpedTongs"],"max_hp_gain":0,"max_hp_loss":0,"event_name":"Accursed Blacksmith","floor":14,"gold_loss":0,"cards_obtained":["Pain"]},{"damage_healed":0,"gold_gain":0,"player_choice":"Ignored","damage_taken":0,"max_hp_gain":0,"max_hp_loss":0,"event_name":"Vampires","floor":20,"gold_loss":0},{"damage_healed":0,"gold_gain":0,"player_choice":"Opened","damage_taken":0,"relics_obtained":["Mercury Hourglass"],"max_hp_gain":0,"max_hp_loss":0,"event_name":"The Mausoleum","floor":21,"gold_loss":0,"cards_obtained":["Writhe"]},{"damage_healed":0,"gold_gain":0,"player_choice":"Shed Blood","damage_taken":26,"max_hp_gain":5,"max_hp_loss":0,"event_name":"Forgotten Altar","floor":28,"gold_loss":0}],"is_beta":false,"boss_relics":[{"not_picked":["Runic Dome","Sozu"],"picked":"Calling Bell"}],"items_purged_floors":[11,24],"is_endless":false,"potions_floor_spawned":[6,13,18,25,29],"killed_by":"Snake Plant","ascension_level":20}}