{"host":"1qhzi8r9ejho5yph","time":1611694917,"event":{"mods":["AchievementEnabler","BaseMod","Colored Map","Colored Powertips","Highlight Path","Minty Spire (QoL Compilation)","Permanent Neow","Quick Restart","Random Character Button","StSLib","SuperFastMode"],"gold_per_floor":[112,125,2,2,19,19,54,67,94,111,11,29,29,46,46,145,145,163,178,190,190,190],"floor_reached":21,"language":"ENG","playtime":721,"items_purged":["Strike_R"],"score":185,"play_id":"4340322d-1018-4485-900e-47152716a619","local_time":"20210127050157","is_ascension_mode":false,"campfire_choices":[{"data":"True Grit","floor":6,"key":"SMITH"},{"data":"Armaments","floor":13,"key":"SMITH"},{"floor":15,"key":"REST"}],"circlet_count":0,"master_deck":["Strike_R","Strike_R","Strike_R","Strike_R","Defend_R","Defend_R","Defend_R","Defend_R","Bash","Impatience","Heavy Blade","True Grit+1","Flash of Steel","Fire Breathing","Flex","Berserk","Pommel Strike","Pommel Strike","Flex","Armaments+1","Fiend Fire","Whirlwind"],"relics":["Burning Blood"],"acts_visited":["Exordium","TheCity"],"potions_floor_usage":[16,16],"damage_taken":[{"damage":6,"enemies":"Cultist","floor":1,"turns":3},{"damage":0,"enemies":"2 Louse","floor":2,"turns":2},{"damage":4,"enemies":"Jaw Worm","floor":5,"turns":3},{"damage":31,"enemies":"Lagavulin","floor":7,"turns":6},{"damage":4,"enemies":"2 Fungi Beasts","floor":8,"turns":4},{"damage":12,"enemies":"Red Slaver","floor":10,"turns":3},{"damage":33,"enemies":"Exordium Thugs","floor":12,"turns":5},{"damage":7,"enemies":"2 Fungi Beasts","floor":14,"turns":3},{"damage":32,"enemies":"Hexaghost","floor":16,"turns":8},{"damage":21,"enemies":"3 Byrds","floor":18,"turns":7},{"damage":14,"enemies":"Spheric Guardian","floor":19,"turns":4},{"damage":33,"enemies":"Centurion and Healer","floor":20,"turns":8},{"damage":38,"enemies":"Chosen and Byrds","floor":21,"turns":5}],"seed_played":"4801166689169698037","potions_obtained":[{"floor":5,"key":"EssenceOfSteel"},{"floor":7,"key":"LiquidBronze"},{"floor":8,"key":"SteroidPotion"},{"floor":16,"key":"BlessingOfTheForge"},{"floor":18,"key":"Strength Potion"},{"floor":20,"key":"PowerPotion"}],"is_trial":false,"path_per_floor":["M","M","$","$","M","R","E","M","T","M","$","M","R","M","R","B",null,"M","M","M","M"],"character_chosen":"IRONCLAD","items_purchased":["Flash of Steel","Fire Breathing","Flex"],"campfire_rested":1,"item_purchase_floors":[3,3,11],"current_hp_per_floor":[80,80,80,80,80,80,55,57,57,51,51,24,24,23,47,21,80,65,57,30,0,0],"gold":190,"neow_bonus":"RANDOM_COLORLESS","is_daily":false,"chose_seed":false,"campfire_upgraded":2,"win_rate":0.0,"timestamp":1611694917,"path_taken":["M","M","?","$","M","R","E","M","T","M","$","M","R","?","R","BOSS","M","M","M","M"],"items_purchased_type":["Card","Card","Card"],"build_version":"2020-12-22","purchased_purges":1,"victory":false,"max_hp_per_floor":[80,80,80,80,80,80,80,80,80,80,80,80,80,80,80,80,80,80,80,80,80,80],"card_choices":[{"not_picked":["Deep Breath","Mind Blast"],"picked":"Impatience","floor":0},{"not_picked":["Reckless Charge","Anger"],"picked":"Heavy Blade","floor":1},{"not_picked":["Battle Trance","Pommel Strike"],"picked":"True Grit","floor":2},{"not_picked":["Sentinel","Pummel"],"picked":"Flex","floor":5},{"not_picked":["Headbutt","Shockwave"],"picked":"Berserk","floor":7},{"not_picked":["Havoc","Metallicize"],"picked":"Pommel Strike","floor":8},{"not_picked":["Second Wind","Infernal Blade"],"picked":"Pommel Strike","floor":10},{"not_picked":["True Grit","Hemokinesis"],"picked":"Armaments","floor":12},{"not_picked":["Power Through","Warcry","Dual Wield"],"picked":"SKIP","floor":14},{"not_picked":["Exhume","Juggernaut"],"picked":"Fiend Fire","floor":16},{"not_picked":["Flex","Ghostly Armor+1"],"picked":"Whirlwind","floor":18},{"not_picked":["Clash+1","Entrench","Dropkick+1"],"picked":"SKIP","floor":19},{"not_picked":["Rupture","Anger","Feel No Pain"],"picked":"SKIP","floor":20}],"player_experience":336197,"relics_obtained":[],"event_choices":[],"is_beta":false,"boss_relics":[{"not_picked":[]}],"items_purged_floors":[11],"is_endless":false,"potions_floor_spawned":[5,7,8,16,18,20],"killed_by":"Chosen and Byrds","ascension_level":0}}