{"host":"e4udrxcgdvpx3wcj","time":1611691354,"event":{"mods":["Act Like it!","Aspiration","Astrologer","BaseMod","Downfall","Gensokyo","Highlight Path","Infinite Spire","Koishi","Marisa????????","Minty Spire (QoL Compilation)","Replay The Spire","StSLib","SuperFastMode","The Bug Knight","The Construct","The Jungle","The Runesmith","The Servant 0.9.4","TheBandit"],"gold_per_floor":[109,129,139,155,30,55,55,86,113,147,147,47,47,66,66,145,145,158,8,27,127,127,127],"floor_reached":22,"language":"ENG","playtime":1287,"items_purged":["Runesmith:Strike_RS"],"score":326,"play_id":"3e2ebf74-ceb0-4a34-8a8f-7d9f0ade3d81","local_time":"20210126150234","is_ascension_mode":true,"campfire_choices":[{"data":"Runesmith:LithiumIon","floor":7,"key":"SMITH"},{"floor":11,"key":"REST"}],"circlet_count":0,"master_deck":["AscendersBane","Runesmith:Strike_RS","Runesmith:Strike_RS","Runesmith:Strike_RS","Runesmith:Defend_RS","Runesmith:Defend_RS","Runesmith:Defend_RS","Runesmith:Defend_RS","Runesmith:CraftFirestone","Runesmith:Fortify","Runesmith:CraftMagma","Runesmith:Reinforce","Runesmith:GoWithTheFlow","Runesmith:Repurpose","Runesmith:LithiumIon+1","Runesmith:CraftMagma","Runesmith:Terraform","Runesmith:CraftProtectio","Runesmith:Superposition","Runesmith:CraftMagma+1","Runesmith:GrandSlam","Runesmith:ChiselStab","Runesmith:Grindstone+1","Runesmith:Firestorm","Runesmith:Superposition"],"relics":["Runesmith:BrokenRuby","Pen Nib","infinitespire:PuzzleCube","Runesmith:MiniCore","Tiny Chest","Prayer Wheel","Onion Ring","SlaversCollar"],"acts_visited":["Gensokyo:Gensokyo","TheCity"],"potions_floor_usage":[4,8],"damage_taken":[{"damage":3,"enemies":"Gensokyo:Gryphon","floor":1,"turns":6},{"damage":2,"enemies":"Gensokyo:Python","floor":2,"turns":4},{"damage":4,"enemies":"Gensokyo:3_Fairies","floor":3,"turns":5},{"damage":11,"enemies":"Gensokyo:VengefulSpirit","floor":4,"turns":4},{"damage":6,"enemies":"Gensokyo:Mamizou","floor":6,"turns":5},{"damage":7,"enemies":"Gensokyo:Cirno","floor":8,"turns":7},{"damage":22,"enemies":"Gensokyo:Aya","floor":10,"turns":6},{"damage":10,"enemies":"Gensokyo:2_Rabbits","floor":14,"turns":5},{"damage":12,"enemies":"Gensokyo:Kokoro","floor":16,"turns":10},{"damage":10,"enemies":"Spheric Guardian","floor":18,"turns":5},{"damage":20,"enemies":"Chosen","floor":20,"turns":6},{"damage":26,"enemies":"3 Cultists","floor":22,"turns":4}],"seed_played":"3701372083355841421","potions_obtained":[{"floor":1,"key":"Adrenaline Potion"},{"floor":2,"key":"DistilledChaos"},{"floor":4,"key":"Strength Potion"}],"is_trial":false,"path_per_floor":["M","M","M","M","$","E","R","E","T","E","R","?","$","M","R","B",null,"M","$","M","?","M"],"character_chosen":"RUNESMITH_CLASS","items_purchased":["Runesmith:LithiumIon","Runesmith:CraftMagma","Runesmith:Firestorm"],"campfire_rested":1,"item_purchase_floors":[5,5,19],"current_hp_per_floor":[56,54,50,39,39,33,33,26,26,4,23,23,23,13,32,20,55,45,45,25,25,0,0],"gold":127,"neow_bonus":"RANDOM_COMMON_RELIC","is_daily":false,"chose_seed":false,"campfire_upgraded":1,"win_rate":0.0,"timestamp":1611691354,"path_taken":["M","?","M","?","?","E","R","E","T","E","R","?","$","M","R","BOSS","M","$","M","?","?"],"items_purchased_type":["Card","Card","Card"],"build_version":"2020-12-22","purchased_purges":1,"victory":false,"max_hp_per_floor":[66,66,66,66,66,66,66,66,66,66,66,66,66,66,66,66,66,66,66,66,66,66,66],"card_choices":[{"not_picked":["Runesmith:HammerTime","Runesmith:ChargedHammer"],"picked":"Runesmith:CraftMagma","floor":1},{"not_picked":["Runesmith:OneForEveryone","Runesmith:HammerTime"],"picked":"Runesmith:Reinforce","floor":2},{"not_picked":["Runesmith:CraftProtectio","Runesmith:Discharge"],"picked":"Runesmith:GoWithTheFlow","floor":3},{"not_picked":["Runesmith:Permafrost","Runesmith:Empowerment"],"picked":"Runesmith:Repurpose","floor":4},{"not_picked":["Runesmith:StaticCage","Runesmith:Duplicate"],"picked":"Runesmith:Terraform","floor":6},{"not_picked":["Runesmith:UnstableHammer","Runesmith:HammerAndChisel","Runesmith:EnergizedChisel"],"picked":"SKIP","floor":8},{"not_picked":["Runesmith:Prism","Runesmith:ChargedHammer"],"picked":"Runesmith:CraftProtectio","floor":10},{"not_picked":["Runesmith:FieryHammer","Runesmith:HammerAndChisel"],"picked":"Runesmith:Superposition","floor":14},{"not_picked":["Runesmith:LithiumIon","Runesmith:UnstableHammer"],"picked":"Runesmith:CraftMagma","floor":14},{"not_picked":["Runesmith:Duplicate","Runesmith:CraftMedicinae"],"picked":"Runesmith:GrandSlam","floor":16},{"not_picked":["Runesmith:MakeshiftArmor","Runesmith:HeatedChisel"],"picked":"Runesmith:ChiselStab","floor":18},{"not_picked":["Runesmith:CraftObretio","Runesmith:UnstableHammer"],"picked":"Runesmith:Grindstone+1","floor":18},{"not_picked":["Runesmith:CraftMagma","Runesmith:Overpower"],"picked":"Runesmith:Superposition","floor":20},{"not_picked":["Runesmith:StaticCage","Runesmith:UnstableHammer","Runesmith:HeatedChisel+1"],"picked":"SKIP","floor":20}],"player_experience":2493641,"relics_obtained":[{"floor":6,"key":"infinitespire:PuzzleCube"},{"floor":8,"key":"Runesmith:MiniCore"},{"floor":9,"key":"Tiny Chest"},{"floor":10,"key":"Prayer Wheel"}],"event_choices":[{"damage_healed":0,"gold_gain":100,"player_choice":"Pray","damage_taken":0,"max_hp_gain":0,"max_hp_loss":0,"event_name":"Golden Shrine","floor":21,"gold_loss":0}],"is_beta":false,"boss_relics":[{"not_picked":["Replay:Grab Bag","aspiration:SecretTechniqueScroll"],"picked":"SlaversCollar"}],"items_purged_floors":[19],"is_endless":false,"potions_floor_spawned":[1,2,3,4],"killed_by":"3 Cultists","ascension_level":14}}