{"host":"f6w7z8zvb0mi4wy9","time":1611688056,"event":{"mods":["BaseMod","Colored Map","Minty Spire (QoL Compilation)","READ ME - Guardian Mod","StSLib","SuperFastMode","The Jungle"],"gold_per_floor":[113,34,34,209,159,178,178,205,229,229,264,264,276,295,295,295,295],"floor_reached":16,"language":"KOR","playtime":328,"items_purged":[],"score":157,"play_id":"73680200-64d2-40ff-8447-8affdfb58ccf","local_time":"20210127040736","is_ascension_mode":true,"campfire_choices":[{"data":"Zap","floor":7.0,"key":"SMITH"},{"data":"Dualcast","floor":10.0,"key":"SMITH"},{"floor":15.0,"key":"REST"}],"circlet_count":0,"master_deck":["Strike_B","Strike_B","Strike_B","Strike_B","Defend_B","Defend_B","Defend_B","Defend_B","Zap+1","Dualcast+1","Trip+1","Glacier","Self Repair","Capacitor","Chill+1","Go for the Eyes","FTL"],"relics":["Cracked Core","PreservedInsect","Art of War","Lantern","Tiny Chest"],"acts_visited":["Exordium"],"potions_floor_usage":[16],"damage_taken":[{"damage":0.0,"enemies":"Small Slimes","floor":1.0,"turns":2.0},{"damage":2.0,"enemies":"2 Louse","floor":6.0,"turns":2.0},{"damage":36.0,"enemies":"Gremlin Nob","floor":8.0,"turns":5.0},{"damage":14.0,"enemies":"3 Sentries","floor":11.0,"turns":7.0},{"damage":2.0,"enemies":"Jaw Worm","floor":13.0,"turns":2.0},{"damage":0.0,"enemies":"2 Fungi Beasts","floor":14.0,"turns":4.0},{"damage":34,"enemies":"Slime Boss","floor":16,"turns":8}],"seed_played":"-1931004414990176885","potions_obtained":[{"floor":8.0,"key":"ColorlessPotion"},{"floor":11.0,"key":"BlessingOfTheForge"},{"floor":13.0,"key":"Swift Potion"}],"is_trial":false,"path_per_floor":["M","$","?","?","?","M","R","E","T","R","E","?","M","M","R","B"],"character_chosen":"DEFECT","items_purchased":["Self Repair"],"campfire_rested":1,"item_purchase_floors":[2],"current_hp_per_floor":[68,68,56,56,56,61,61,25,25,25,18,3,1,8,30,0,0],"gold":295,"neow_bonus":"RANDOM_COLORLESS","is_daily":false,"chose_seed":false,"campfire_upgraded":2,"win_rate":0.0,"timestamp":1611688056,"path_taken":["M","$","?","?","?","M","R","E","T","R","E","?","M","M","R","BOSS"],"items_purchased_type":["Card"],"build_version":"2020-12-22","purchased_purges":0,"victory":false,"max_hp_per_floor":[75,75,75,75,75,75,75,75,75,75,75,75,75,75,75,75,75],"card_choices":[{"not_picked":["Purity","Dark Shackles"],"picked":"Trip","floor":0.0},{"not_picked":["Chill","Lockon"],"picked":"Glacier","floor":1.0},{"not_picked":["Cold Snap","Conserve Battery"],"picked":"Capacitor","floor":6.0},{"not_picked":["Capacitor","Rebound"],"picked":"Chill","floor":8.0},{"not_picked":["Leap","Storm","Lockon"],"picked":"SKIP","floor":11.0},{"not_picked":["Hologram","Rebound"],"picked":"Go for the Eyes","floor":13.0},{"not_picked":["Hologram","Streamline"],"picked":"FTL","floor":14.0}],"player_experience":902093,"relics_obtained":[{"floor":8.0,"key":"Art of War"},{"floor":9.0,"key":"Lantern"},{"floor":11.0,"key":"Tiny Chest"}],"event_choices":[{"damage_healed":0.0,"max_hp_gain":0.0,"max_hp_loss":0.0,"gold_gain":0.0,"event_name":"Scrap Ooze","player_choice":"Success","floor":3.0,"gold_loss":0.0,"damage_taken":12.0,"relics_obtained":["PreservedInsect"]},{"damage_healed":0.0,"max_hp_gain":0.0,"max_hp_loss":0.0,"gold_gain":175.0,"event_name":"Liars Game","player_choice":"AGREE","floor":4.0,"gold_loss":0.0,"damage_taken":0.0,"cards_obtained":["Doubt"]},{"cards_removed":["Doubt"],"damage_healed":0.0,"max_hp_gain":0.0,"max_hp_loss":0.0,"gold_gain":0.0,"event_name":"The Cleric","player_choice":"Card Removal","floor":5.0,"gold_loss":50.0,"damage_taken":0.0},{"damage_healed":0.0,"max_hp_gain":0.0,"max_hp_loss":0.0,"gold_gain":0.0,"event_name":"Shining Light","player_choice":"Entered Light","floor":12.0,"gold_loss":0.0,"damage_taken":15.0,"cards_upgraded":["Trip","Chill"]}],"is_beta":false,"boss_relics":[],"items_purged_floors":[],"is_endless":false,"potions_floor_spawned":[8,11,13],"killed_by":"Slime Boss","ascension_level":9}}