{"host":"t0dtoggyaif518ut","time":1611663652,"event":{"mods":["AchievementEnabler","BaseMod","Best Route Mod","Bestiary","Better Altar","Better Match","Better Note","Better Sensory Stone","Better Silent Start","Better Skull","Better Third Choice","Better Vampires","Block Reminder","Colored Powertips","Dark Map","Displayed Cursed Tome","Energized Spire","Evolution","Gold Saver","Ironclad Rager","Minty Spire (QoL Compilation)","Practice Mode","Quick Restart","RNG Fix","Random Character Button","Relic Stats","Retaliation","Reworked Bosses","StSLib","Treasure Hunter"],"gold_per_floor":[715,715,890,905,279,279,300,300,327,368,368,368,394,439,451,463,463],"floor_reached":16,"language":"RUS","playtime":1205,"items_purged":["Doubt"],"score":203,"play_id":"dfa90dd2-7d52-4db2-94ab-749f6ca99670","local_time":"20210126192052","is_ascension_mode":true,"campfire_choices":[{"data":"Rampage","floor":6,"key":"SMITH"},{"data":"Armaments","floor":8,"key":"SMITH"},{"floor":11,"key":"REST"},{"data":"Shrug It Off","floor":15,"key":"SMITH"}],"circlet_count":0,"master_deck":["AscendersBane","Cleave","Cleave","Cleave","Cleave","Cleave","Defend_R+1","Defend_R","Defend_R+1","Defend_R","Bash","Armaments+1","Iron Wave","Rampage+1","Trip","Shrug It Off+1","Headbutt","TH:PixieDust","TH:CursedSword","Burning Pact","TH:ArmorSpikes"],"relics":["Burning Blood","EVO:Axolotl","Golden Idol","Lantern","Medical Kit","Regal Pillow","War Paint","Potion Belt","MawBank","Matryoshka"],"acts_visited":["Exordium"],"potions_floor_usage":[],"damage_taken":[{"damage":6,"enemies":"Jaw Worm","floor":1,"turns":4},{"damage":10,"enemies":"Small Slimes","floor":4,"turns":4},{"damage":0,"enemies":"2 Louse","floor":7,"turns":2},{"damage":31,"enemies":"Lagavulin","floor":10,"turns":6},{"damage":3,"enemies":"Blue Slaver","floor":13,"turns":3},{"damage":30,"enemies":"3 Sentries","floor":14,"turns":7},{"damage":44,"enemies":"Hexaghost","floor":16,"turns":9}],"seed_played":"-1143597871529189301","potions_obtained":[{"floor":4,"key":"ElixirPotion"},{"floor":10,"key":"DDmod:CleansePotion"},{"floor":13,"key":"DDmod:CleansePotion"}],"is_trial":false,"path_per_floor":["M","?","?","M","$","R","M","R","T","E","R","?","M","E","R","B"],"character_chosen":"IRONCLAD","items_purchased":["Lantern","Trip","Medical Kit","Regal Pillow","Shrug It Off"],"campfire_rested":1,"item_purchase_floors":[5,5,5,5,5],"current_hp_per_floor":[72,52,52,48,48,48,54,54,54,29,68,65,68,44,44,0,0],"gold":463,"neow_bonus":"THREE_CARDS","is_daily":false,"chose_seed":false,"campfire_upgraded":3,"win_rate":0.0,"timestamp":1611663652,"path_taken":["M","?","?","?","$","R","M","R","T","E","R","?","M","E","R","BOSS"],"items_purchased_type":["Relic","Card","Relic","Relic","Card"],"build_version":"2020-12-22","purchased_purges":1,"victory":false,"max_hp_per_floor":[80,80,80,80,80,80,80,80,80,80,80,80,80,80,80,80,80],"relic_stats":{"Regal Pillow":15,"counters":[7,35],"Golden Idol":25,"War Paint":["Defend_R","Defend_R"],"Medical Kit":[6],"MawBank":48,"obtain_stats":[{"Potion Belt":10,"Lantern":5,"Regal Pillow":5,"Matryoshka":14,"Golden Idol":2,"EVO:Axolotl":0,"War Paint":9,"Medical Kit":5,"MawBank":12,"Burning Blood":0},{"Potion Belt":4,"Lantern":2,"Regal Pillow":2,"Matryoshka":6,"Golden Idol":1,"EVO:Axolotl":0,"War Paint":3,"Medical Kit":2,"MawBank":4,"Burning Blood":0},{"Potion Belt":16,"Lantern":8,"Regal Pillow":8,"Matryoshka":26,"Golden Idol":4,"EVO:Axolotl":0,"War Paint":10,"Medical Kit":8,"MawBank":16,"Burning Blood":0}],"Burning Blood":36},"card_choices":[{"not_picked":["Shockwave","True Grit"],"picked":"Armaments","floor":0.0},{"not_picked":["True Grit","Pommel Strike"],"picked":"Iron Wave","floor":1},{"not_picked":["Flex","Twin Strike"],"picked":"Rampage","floor":4},{"not_picked":["True Grit","DDmod:CallousedSkill"],"picked":"Headbutt","floor":7},{"not_picked":["TH:BikiniMail"],"picked":"TH:PixieDust","floor":9},{"not_picked":["TH:DeckOfManyThings"],"picked":"TH:CursedSword","floor":10},{"not_picked":["Heavy Blade","Warcry"],"picked":"Burning Pact","floor":10},{"not_picked":["Metallicize","Wild Strike","Reckless Charge"],"picked":"SKIP","floor":13},{"not_picked":["TH:DeckOfManyThings"],"picked":"TH:ArmorSpikes","floor":14},{"not_picked":["Searing Blow","Heavy Blade","DDmod:PokeAttack"],"picked":"SKIP","floor":14}],"player_experience":289015,"relics_obtained":[{"floor":9,"key":"War Paint"},{"floor":10,"key":"Potion Belt"},{"floor":14,"key":"Matryoshka"}],"event_choices":[{"damage_healed":0,"gold_gain":0,"player_choice":"Take Damage","damage_taken":20,"relics_obtained":["Golden Idol"],"max_hp_gain":0,"max_hp_loss":0,"event_name":"Golden Idol","floor":2,"gold_loss":0},{"damage_healed":0,"gold_gain":175,"player_choice":"AGREE","damage_taken":715,"max_hp_gain":0,"max_hp_loss":0,"event_name":"betterThird:BetterSerpent","floor":3,"gold_loss":0},{"damage_healed":0,"gold_gain":0,"player_choice":"Relic ","damage_taken":3,"max_hp_gain":0,"max_hp_loss":0,"event_name":"betterThird:BetterScrap","floor":12,"gold_loss":0,"cards_obtained":["Lockon"]}],"is_beta":false,"boss_relics":[],"items_purged_floors":[5],"is_endless":false,"potions_floor_spawned":[4,10,13],"killed_by":"Hexaghost","ascension_level":13}}