{"host":"j4g6ia6asvpyu2b0","time":1611687011,"event":{"mods":["BaseMod","Colored Map","Minty Spire (QoL Compilation)","Permanent Neow","Quick Restart","Relic Stats","StSLib","Unceasing Turn Reminder"],"gold_per_floor":[15,28,28,45,65,100,100,135,159,174,191,191,191,222,222,319,319,332,18,37,47,47,81,81,113,161,190,206,220,320,337,337,435,435,453,152,172,172,192,221,221,254,254,288,288,298,330,330,330,330,330,330,24,55,55],"floor_reached":56,"language":"ENG","playtime":3020,"items_purged":["Strike_B"],"score":1637,"play_id":"04c4f78b-9410-489c-8f38-f760c0899353","local_time":"20210126115011","is_ascension_mode":true,"campfire_choices":[{"data":"White Noise","floor":7.0,"key":"SMITH"},{"data":"Defragment","floor":12.0,"key":"SMITH"},{"data":"Aggregate","floor":15.0,"key":"SMITH"},{"data":"Seek","floor":24.0,"key":"SMITH"},{"floor":32.0,"key":"RECALL"},{"data":"Storm","floor":41.0,"key":"SMITH"},{"data":"Chill","floor":45,"key":"SMITH"},{"data":"Coolheaded","floor":49,"key":"SMITH"},{"data":"Discovery","floor":52,"key":"SMITH"}],"circlet_count":0,"master_deck":["Strike_B+1","Strike_B+1","Strike_B","Defend_B","Defend_B","Defend_B","Defend_B","Zap","Dualcast","Tempest","Hologram","White Noise+1","Gash","Aggregate+1","Compile Driver","Defragment+1","Conserve Battery","Seek+1","Echo Form","Barrage","Echo Form","BootSequence","Discovery+1","Ball Lightning","Rip and Tear","Turbo","Gash","Coolheaded+1","Sweeping Beam","Multi-Cast","CurseOfTheBell","Turbo+1","Chill+1","Storm+1","Undo+1","Melter","Scrape+1","Aggregate","White Noise+1","Conserve Battery+1"],"relics":["Cracked Core","Dead Branch","Bag of Marbles","Art of War","Whetstone","Busted Crown","DollysMirror","InkBottle","Prayer Wheel","Akabeko","StoneCalendar","Calipers","Symbiotic Virus","Calling Bell","Vajra","Darkstone Periapt","Du-Vu Doll","OrangePellets","StrikeDummy","Molten Egg 2","DataDisk","Boot","Toxic Egg 2","TungstenRod","Mummified Hand"],"acts_visited":["Exordium","TheCity","TheBeyond","TheEnding"],"potions_floor_usage":[54,55],"damage_taken":[{"damage":1.0,"enemies":"Jaw Worm","floor":1.0,"turns":4.0},{"damage":1.0,"enemies":"Cultist","floor":2.0,"turns":3.0},{"damage":4.0,"enemies":"Small Slimes","floor":4.0,"turns":3.0},{"damage":7.0,"enemies":"Looter","floor":5.0,"turns":4.0},{"damage":20.0,"enemies":"Gremlin Nob","floor":6.0,"turns":4.0},{"damage":17.0,"enemies":"3 Sentries","floor":8.0,"turns":3.0},{"damage":8.0,"enemies":"Blue Slaver","floor":10.0,"turns":3.0},{"damage":2.0,"enemies":"3 Louse","floor":11.0,"turns":2.0},{"damage":0.0,"enemies":"Gremlin Nob","floor":14.0,"turns":2.0},{"damage":6.0,"enemies":"Hexaghost","floor":16.0,"turns":8.0},{"damage":8.0,"enemies":"2 Thieves","floor":18.0,"turns":4.0},{"damage":0.0,"enemies":"Shell Parasite","floor":20.0,"turns":3.0},{"damage":12.0,"enemies":"3 Cultists","floor":21.0,"turns":4.0},{"damage":17.0,"enemies":"Gremlin Leader","floor":23.0,"turns":5.0},{"damage":6.0,"enemies":"Book of Stabbing","floor":25.0,"turns":5.0},{"damage":10.0,"enemies":"Slavers","floor":27.0,"turns":2.0},{"damage":9.0,"enemies":"Snake Plant","floor":28.0,"turns":2.0},{"damage":1.0,"enemies":"Chosen and Byrds","floor":29.0,"turns":4.0},{"damage":8.0,"enemies":"Colosseum Slavers","floor":30.0,"turns":3.0},{"damage":20.0,"enemies":"Colosseum Nobs","floor":30.0,"turns":4.0},{"damage":4.0,"enemies":"Centurion and Healer","floor":31.0,"turns":2.0},{"damage":0.0,"enemies":"Champ","floor":33.0,"turns":4.0},{"damage":0.0,"enemies":"3 Darklings","floor":35.0,"turns":4.0},{"damage":9.0,"enemies":"3 Shapes","floor":37.0,"turns":4.0},{"damage":0.0,"enemies":"Sphere and 2 Shapes","floor":39.0,"turns":1.0},{"damage":6.0,"enemies":"Giant Head","floor":40.0,"turns":6.0},{"damage":0.0,"enemies":"Reptomancer","floor":42.0,"turns":3.0},{"damage":3,"enemies":"Giant Head","floor":44,"turns":6},{"damage":0,"enemies":"Maw","floor":46,"turns":2},{"damage":7,"enemies":"Reptomancer","floor":47,"turns":3},{"damage":49,"enemies":"Donu and Deca","floor":50,"turns":6},{"damage":21,"enemies":"Shield and Spear","floor":54,"turns":3},{"damage":38,"enemies":"The Heart","floor":55,"turns":6}],"seed_played":"6730142707110685597","potions_obtained":[{"floor":1.0,"key":"BlessingOfTheForge"},{"floor":3.0,"key":"DuplicationPotion"},{"floor":3.0,"key":"Weak Potion"},{"floor":4.0,"key":"Explosive Potion"},{"floor":6.0,"key":"LiquidMemories"},{"floor":8.0,"key":"Fire Potion"},{"floor":11.0,"key":"Dexterity Potion"},{"floor":16.0,"key":"Ancient Potion"},{"floor":18.0,"key":"Explosive Potion"},{"floor":28.0,"key":"LiquidMemories"},{"floor":29.0,"key":"FairyPotion"},{"floor":30.0,"key":"GamblersBrew"},{"floor":33.0,"key":"DistilledChaos"},{"floor":44,"key":"FocusPotion"}],"is_trial":false,"path_per_floor":["M","M","?","M","M","E","R","E","T","M","M","R","?","E","R","B",null,"M","$","M","M","?","E","R","E","T","E","M","M","?","M","R","B",null,"M","$","M","?","M","E","R","E","T","E","R","M","E","?","R","B",null,"R","$","E","B",null],"character_chosen":"DEFECT","items_purchased":["DollysMirror","BootSequence","Discovery","OrangePellets","Chill","TungstenRod"],"campfire_rested":0,"item_purchase_floors":[19,19,19,36,36,53],"current_hp_per_floor":[74,73,73,69,62,42,42,25,25,17,15,15,15,15,15,9,75,67,67,67,55,55,38,38,32,32,22,13,12,22,18,18,18,75,75,75,73,73,73,74,74,75,75,72,72,72,65,65,65,16,75,75,75,54,16],"gold":55,"neow_bonus":"ONE_RARE_RELIC","is_daily":false,"chose_seed":false,"campfire_upgraded":8,"win_rate":0.0,"timestamp":1611687011,"path_taken":["M","M","?","M","M","E","R","E","T","?","M","R","?","E","R","BOSS","M","$","M","M","?","E","R","E","T","E","M","M","?","M","R","BOSS","M","$","M","?","M","E","R","E","T","E","R","M","E","?","R","BOSS","R","$","E","BOSS"],"items_purchased_type":["Relic","Card","Card","Relic","Card","Relic"],"build_version":"2020-12-22","purchased_purges":1,"victory":true,"max_hp_per_floor":[75,75,75,75,75,75,75,75,75,75,75,75,75,75,75,75,75,75,75,75,75,75,75,75,75,75,75,75,75,75,75,75,75,75,75,75,75,75,75,75,75,75,75,75,75,75,75,75,75,75,75,75,75,75,75],"relic_stats":{"Darkstone Periapt":0,"counters":[33,122],"Dead Branch":[173],"StoneCalendar":[0],"Whetstone":["Strike_B","Strike_B"],"Boot":[2],"OrangePellets":[10],"Busted Crown":58,"Mummified Hand":[16],"Prayer Wheel":7,"Art of War":[12],"obtain_stats":[{"Darkstone Periapt":34,"Calipers":30,"Vajra":34,"StoneCalendar":27,"Whetstone":14,"Boot":44,"DollysMirror":19,"Mummified Hand":54,"Prayer Wheel":25,"Toxic Egg 2":47,"Cracked Core":0,"InkBottle":23,"Dead Branch":0,"Akabeko":26,"Calling Bell":34,"Du-Vu Doll":34,"OrangePellets":36,"DataDisk":43,"Busted Crown":17,"Molten Egg 2":42,"Bag of Marbles":6,"Art of War":8,"Symbiotic Virus":30,"StrikeDummy":40,"TungstenRod":53},{"Darkstone Periapt":22,"Calipers":20,"Vajra":22,"StoneCalendar":16,"Whetstone":9,"Boot":28,"DollysMirror":11,"Mummified Hand":32,"Prayer Wheel":15,"Toxic Egg 2":30,"Cracked Core":0,"InkBottle":14,"Dead Branch":0,"Akabeko":15,"Calling Bell":22,"Du-Vu Doll":22,"OrangePellets":23,"DataDisk":27,"Busted Crown":10,"Molten Egg 2":27,"Bag of Marbles":5,"Art of War":6,"Symbiotic Virus":20,"StrikeDummy":26,"TungstenRod":31},{"Darkstone Periapt":78,"Calipers":72,"Vajra":78,"StoneCalendar":59,"Whetstone":28,"Boot":102,"DollysMirror":40,"Mummified Hand":116,"Prayer Wheel":57,"Toxic Egg 2":107,"Cracked Core":0,"InkBottle":52,"Dead Branch":0,"Akabeko":57,"Calling Bell":78,"Du-Vu Doll":78,"OrangePellets":82,"DataDisk":96,"Busted Crown":36,"Molten Egg 2":96,"Bag of Marbles":18,"Art of War":21,"Symbiotic Virus":72,"StrikeDummy":93,"TungstenRod":113}],"InkBottle":[52],"TungstenRod":13},"card_choices":[{"not_picked":["Beam Cell","Ball Lightning"],"picked":"Tempest","floor":1.0},{"not_picked":["Beam Cell","Melter"],"picked":"Hologram","floor":2.0},{"not_picked":["Ball Lightning","Barrage"],"picked":"White Noise","floor":4.0},{"not_picked":["Barrage","Reprogram"],"picked":"Gash","floor":5.0},{"not_picked":["Hologram","Chaos"],"picked":"Aggregate","floor":6.0},{"not_picked":["Leap","Gash"],"picked":"Compile Driver","floor":8.0},{"not_picked":["Beam Cell","Steam"],"picked":"Defragment","floor":10.0},{"not_picked":["Leap","Doom and Gloom"],"picked":"Conserve Battery","floor":11.0},{"not_picked":["Steam Power","Lockon"],"picked":"Seek","floor":14.0},{"not_picked":["Buffer","Hyperbeam"],"picked":"Echo Form","floor":16.0},{"not_picked":[],"picked":"Barrage","floor":18.0},{"not_picked":["Blizzard"],"picked":"SKIP","floor":20.0},{"not_picked":[],"picked":"Ball Lightning","floor":21.0},{"not_picked":[],"picked":"Rip and Tear","floor":23.0},{"not_picked":["Hyperbeam"],"picked":"SKIP","floor":25.0},{"not_picked":[],"picked":"Turbo","floor":27.0},{"not_picked":[],"picked":"Gash","floor":28.0},{"not_picked":["Force Field+1"],"picked":"SKIP","floor":28.0},{"not_picked":[],"picked":"Coolheaded","floor":29.0},{"not_picked":["Reinforced Body"],"picked":"SKIP","floor":29.0},{"not_picked":[],"picked":"Sweeping Beam","floor":30.0},{"not_picked":["Rebound"],"picked":"SKIP","floor":31.0},{"not_picked":["Streamline"],"picked":"SKIP","floor":31.0},{"not_picked":[],"picked":"Multi-Cast","floor":33.0},{"not_picked":[],"picked":"Self Repair","floor":35.0},{"not_picked":[],"picked":"Turbo+1","floor":35.0},{"not_picked":["Go for the Eyes+1"],"picked":"SKIP","floor":37.0},{"not_picked":["Barrage+1"],"picked":"SKIP","floor":37.0},{"not_picked":[],"picked":"Storm","floor":39.0},{"not_picked":[],"picked":"Undo+1","floor":39.0},{"not_picked":[],"picked":"Melter","floor":40.0},{"not_picked":[],"picked":"Scrape+1","floor":42},{"not_picked":["Stack"],"picked":"SKIP","floor":44},{"not_picked":[],"picked":"Aggregate","floor":46},{"not_picked":["Redo+1"],"picked":"SKIP","floor":46},{"not_picked":[],"picked":"White Noise+1","floor":47},{"not_picked":[],"picked":"Conserve Battery+1","floor":54}],"player_experience":1025101,"relics_obtained":[{"floor":6.0,"key":"Bag of Marbles"},{"floor":8.0,"key":"Art of War"},{"floor":14.0,"key":"Whetstone"},{"floor":23.0,"key":"InkBottle"},{"floor":25.0,"key":"Prayer Wheel"},{"floor":26.0,"key":"Akabeko"},{"floor":27.0,"key":"StoneCalendar"},{"floor":30.0,"key":"Calipers"},{"floor":30.0,"key":"Symbiotic Virus"},{"floor":34.0,"key":"Vajra"},{"floor":34.0,"key":"Darkstone Periapt"},{"floor":34.0,"key":"Du-Vu Doll"},{"floor":40.0,"key":"StrikeDummy"},{"floor":42,"key":"Molten Egg 2"},{"floor":43,"key":"DataDisk"},{"floor":44,"key":"Boot"},{"floor":47,"key":"Toxic Egg 2"},{"floor":54,"key":"Mummified Hand"}],"event_choices":[{"damage_healed":0.0,"max_hp_gain":0.0,"max_hp_loss":0.0,"gold_gain":0.0,"event_name":"Lab","player_choice":"Got Potions","floor":3.0,"gold_loss":0.0,"damage_taken":0.0},{"damage_healed":0.0,"max_hp_gain":0.0,"max_hp_loss":0.0,"gold_gain":0.0,"event_name":"Shining Light","player_choice":"Ignored","floor":13.0,"gold_loss":0.0,"damage_taken":0.0},{"damage_healed":0.0,"max_hp_gain":0.0,"max_hp_loss":0.0,"gold_gain":0.0,"event_name":"Vampires","player_choice":"Ignored","floor":22.0,"gold_loss":0.0,"damage_taken":0.0},{"damage_healed":0.0,"max_hp_gain":0.0,"max_hp_loss":0.0,"gold_gain":0.0,"event_name":"Colosseum","player_choice":"Fight","floor":30.0,"gold_loss":0.0,"damage_taken":0.0},{"damage_healed":0.0,"max_hp_gain":0.0,"max_hp_loss":0.0,"gold_gain":0.0,"event_name":"Colosseum","player_choice":"Fought Nobs","floor":30.0,"gold_loss":0.0,"damage_taken":0.0},{"damage_healed":0.0,"max_hp_gain":0.0,"max_hp_loss":0.0,"gold_gain":0.0,"event_name":"Tomb of Lord Red Mask","player_choice":"Ignored","floor":38.0,"gold_loss":0.0,"damage_taken":0.0},{"cards_removed":["Self Repair"],"damage_healed":0,"gold_gain":0,"player_choice":"Removed Power","damage_taken":0,"max_hp_gain":0,"max_hp_loss":0,"event_name":"Falling","floor":48,"gold_loss":0}],"is_beta":false,"boss_relics":[{"not_picked":["Runic Pyramid","Nuclear Battery"],"picked":"Busted Crown"},{"not_picked":["Velvet Choker","Snecko Eye"],"picked":"Calling Bell"}],"items_purged_floors":[36],"is_endless":false,"potions_floor_spawned":[1,4,6,8,11,16,18,28,29,30,33,35,37,44,47],"ascension_level":2}}