{"host":"4kmvpqjeiacgn1pr","time":1611690539,"event":{"mods":["AchievementEnabler","BaseMod","Better Altar","Better Match","Better Note","Better Sensory Stone","Better Skull","Better Third Choice","Colored Map","Colored Powertips","Curses Come First","Highlight Path","Minty Spire (QoL Compilation)","Permanent Neow","Rare Cards Sparkle","Replay The Spire","Spicy Shops","StSLib"],"gold_per_floor":[359,359,330,330,349,380,397,397,397,416,443,34,34,50,50,155,155,172,101,101,101,121,121,153,153,231,231,231,245,245,255,255,255,255],"floor_reached":33,"language":"ENG","playtime":1362,"items_purged":[],"score":435,"play_id":"c372b8d0-c283-4edf-a8eb-9b0ba6c0dea6","local_time":"20210126144859","is_ascension_mode":true,"campfire_choices":[{"floor":8,"key":"REST"},{"floor":15,"key":"DIG"},{"data":"Crow Ritual","floor":23,"key":"SMITH"},{"data":"Terror","floor":28,"key":"SMITH"},{"data":"Distraction","floor":28,"key":"SMITH"},{"data":"Eruption","floor":30,"key":"SMITH"},{"data":"Setup","floor":30,"key":"SMITH"},{"data":"Neutralize","floor":32,"key":"SMITH"},{"data":"Endless Agony","floor":32,"key":"SMITH"}],"circlet_count":0,"master_deck":["AscendersBane","Survivor","Neutralize+1","Eruption+1","Poisoned Stab","Cloak And Dagger","Underhanded Strike","Terror+1","Atom Bomb","Crow Ritual+1","Atom Bomb","Eviscerate","Masterful Stab","Eviscerate","ReplayTheSpireMod:Tripwire","Underhanded Strike","Skewer","Backstab","Poisoned Stab","Hidden Blade","Endless Agony+1","Atom Bomb","Ghostly","Ghostly","Ghostly","Ghostly","Ghostly","Distraction+1","Setup+1","Backstab"],"relics":["Ring of the Snake","betterThird:SlimedRelic","Replay:Bottled Flurry","Replay:WaspNest","Blue Candle","Lee\u0027s Waffle","FossilizedHelix","Meat on the Bone","Pandora\u0027s Box","DollysMirror","Bloody Idol","Blood Vial","Replay:Arrowhead","MutagenicStrength","StrikeDummy","Sundial"],"acts_visited":["Exordium","TheCity"],"potions_floor_usage":[11,16,16,18,22,33],"damage_taken":[{"damage":6,"enemies":"Cultist","floor":1,"turns":4},{"damage":1,"enemies":"Jaw Worm","floor":5,"turns":4},{"damage":27,"enemies":"Lagavulin","floor":6,"turns":5},{"damage":3,"enemies":"Small Slimes","floor":7,"turns":3},{"damage":4,"enemies":"Blue Slaver","floor":10,"turns":4},{"damage":24,"enemies":"3 Sentries","floor":11,"turns":10},{"damage":22,"enemies":"Large Slime","floor":14,"turns":6},{"damage":16,"enemies":"Slime Boss","floor":16,"turns":10},{"damage":16,"enemies":"3 Byrds","floor":18,"turns":3},{"damage":1,"enemies":"Spheric Guardian","floor":22,"turns":4},{"damage":8,"enemies":"Gremlin Leader","floor":24,"turns":5},{"damage":5,"enemies":"3 Cultists","floor":29,"turns":6},{"damage":4,"enemies":"Centurion and Healer","floor":31,"turns":4},{"damage":45,"enemies":"Automaton","floor":33,"turns":8}],"seed_played":"-363747226970376227","potions_obtained":[{"floor":7,"key":"EssenceOfSteel"},{"floor":10,"key":"Poison Potion"},{"floor":14,"key":"Elixir"},{"floor":16,"key":"Poison Potion"},{"floor":22,"key":"Fruit Juice"},{"floor":31,"key":"LiquidMemories"}],"is_trial":false,"path_per_floor":["M","?","?","?","M","E","M","R","T","M","E","$","$","M","R_BF","B",null,"M","$","?","?","M","R","E","?","T","T","R","M","R","M","R","B"],"character_chosen":"THE_SILENT","items_purchased":["Lee\u0027s Waffle","Crow Ritual","FossilizedHelix","DollysMirror"],"campfire_rested":1,"item_purchase_floors":[12,12,12,19],"current_hp_per_floor":[57,57,46,39,38,11,8,29,29,25,1,77,77,55,55,39,68,52,52,38,9,32,32,31,31,36,36,36,38,38,41,41,0,0],"gold":255,"neow_bonus":"TWO_FIFTY_GOLD","is_daily":false,"chose_seed":false,"campfire_upgraded":7,"win_rate":0.0,"timestamp":1611690539,"path_taken":["M","?","?","?","M","E","M","R","T","M","E","?","$","M","R_BF","BOSS","M","$","?","?","M","R","E","?","T","?","R","M","R","M","R","BOSS"],"items_purchased_type":["Relic","Card","Relic","Relic"],"build_version":"2020-12-22","purchased_purges":0,"victory":false,"max_hp_per_floor":[70,70,70,70,70,70,70,70,70,70,70,77,77,77,77,77,77,77,77,38,38,43,43,43,43,43,43,43,43,43,43,43,43,43],"card_choices":[{"not_picked":["Prepared","Acrobatics"],"picked":"Poisoned Stab","floor":1},{"not_picked":["Blade Dance","Poisoned Stab"],"picked":"Cloak And Dagger","floor":5},{"not_picked":["Dodge and Roll","Deflect"],"picked":"Underhanded Strike","floor":6},{"not_picked":["Footwork","Caltrops"],"picked":"Terror","floor":7},{"not_picked":["Blur","Blade Dance"],"picked":"Atom Bomb","floor":10},{"not_picked":["Backflip","Dodge and Roll","Sucker Punch"],"picked":"SKIP","floor":11},{"not_picked":["Dodge and Roll","Hidden Blade","Bane"],"picked":"SKIP","floor":14},{"not_picked":["ReplayTheSpireMod:From All Sides","Glass Knife"],"picked":"Atom Bomb","floor":16},{"not_picked":["Flying Knee","Poisoned Stab"],"picked":"Endless Agony","floor":18},{"not_picked":["PiercingWail","Poisoned Stab","ReplayTheSpireMod:Exploit Weakness+1"],"picked":"SKIP","floor":22},{"not_picked":["Sucker Punch","Masterful Stab"],"picked":"Distraction","floor":24},{"not_picked":["Flying Knee","Sucker Punch"],"picked":"Setup","floor":29},{"not_picked":["Dagger Spray","Outmaneuver"],"picked":"Backstab","floor":31}],"player_experience":348128,"relics_obtained":[{"floor":6,"key":"Replay:Bottled Flurry"},{"floor":9,"key":"Replay:WaspNest"},{"floor":11,"key":"Blue Candle"},{"floor":15,"key":"Meat on the Bone"},{"floor":24,"key":"Replay:Arrowhead"},{"floor":26,"key":"StrikeDummy"},{"floor":27,"key":"Sundial"}],"event_choices":[{"damage_healed":0,"gold_gain":0,"player_choice":"Slimed","damage_taken":11,"max_hp_gain":0,"max_hp_loss":0,"event_name":"betterThird:BetterGoop","floor":3,"gold_loss":29},{"cards_removed":["Strike_R"],"damage_healed":0,"gold_gain":0,"player_choice":"Card Removal","damage_taken":7,"max_hp_gain":0,"max_hp_loss":0,"event_name":"Golden Wing","floor":4,"gold_loss":0},{"damage_healed":0,"gold_gain":0,"player_choice":"Became a Ghost","damage_taken":0,"max_hp_gain":0,"max_hp_loss":39,"event_name":"Ghosts","floor":20,"gold_loss":0,"cards_obtained":["Ghostly","Ghostly","Ghostly","Ghostly","Ghostly"]},{"damage_healed":0,"gold_gain":0,"player_choice":" Idol Vial ","damage_taken":29,"relics_obtained":["Bloody Idol","Blood Vial"],"max_hp_gain":38,"max_hp_loss":9,"event_name":"betterAltar:BetterAltar","floor":21,"potions_obtained":[],"relics_lost":[],"gold_loss":0},{"damage_healed":0,"gold_gain":0,"player_choice":"Inject Mutagens","damage_taken":0,"relics_obtained":["MutagenicStrength"],"max_hp_gain":0,"max_hp_loss":0,"event_name":"Drug Dealer","floor":25,"gold_loss":0}],"is_beta":false,"boss_relics":[{"not_picked":["Sozu","Tiny House"],"picked":"Pandora\u0027s Box"}],"items_purged_floors":[],"is_endless":false,"potions_floor_spawned":[7,10,14,16,22,31],"killed_by":"Automaton","ascension_level":10}}