{"host":"zrerxgu8lagrk16e","time":1611697950,"event":{"mods":["AchievementEnabler","BaseMod","Better Altar","Better Match","Better Note","Better Sensory Stone","Better Skull","Better Third Choice","Colored Map","Colored Powertips","Minty Spire (QoL Compilation)","Permanent Neow","Quick Restart","Relic Stats","StSLib","slay the spire mod where everything is the same but ironclad has a cowboy hat"],"gold_per_floor":[112,112,131,56,67,92,0,0,25,25,56,56,79,97,97,97,97],"floor_reached":16,"language":"ENG","playtime":579,"items_purged":[],"score":119,"play_id":"0a7a8921-1920-4a52-8729-5fc23cedad53","local_time":"20210126165230","is_ascension_mode":true,"campfire_choices":[{"data":"Secret Weapon","floor":8,"key":"SMITH"},{"data":"Beam Cell","floor":10,"key":"SMITH"},{"floor":12,"key":"REST"},{"data":"Hologram","floor":15,"key":"SMITH"}],"circlet_count":0,"master_deck":["Strike_B","Strike_B","Strike_B","Strike_B","Defend_B","Defend_B","Defend_B","Defend_B","Zap","Dualcast","Gash","Beam Cell+1","Secret Weapon+1","Recycle","Skim","Go for the Eyes","Enlightenment","Conserve Battery","Hologram+1"],"relics":["Cracked Core","Oddly Smooth Stone","Bag of Marbles","Nunchaku","Happy Flower"],"acts_visited":["Exordium"],"potions_floor_usage":[14,16],"damage_taken":[{"damage":2,"enemies":"Small Slimes","floor":1,"turns":3},{"damage":0,"enemies":"2 Louse","floor":3,"turns":2},{"damage":0,"enemies":"Cultist","floor":5,"turns":2},{"damage":39,"enemies":"3 Sentries","floor":6,"turns":8},{"damage":32,"enemies":"Lagavulin","floor":11,"turns":6},{"damage":5,"enemies":"2 Fungi Beasts","floor":14,"turns":3},{"damage":28,"enemies":"The Guardian","floor":16,"turns":10}],"seed_played":"-940890667224184641","potions_obtained":[{"floor":11,"key":"Weak Potion"},{"floor":14,"key":"Explosive Potion"}],"is_trial":false,"path_per_floor":["M","?","M","?","M","E","?","R","T","R","E","R","T","M","R","B"],"character_chosen":"DEFECT","items_purchased":[],"campfire_rested":1,"item_purchase_floors":[],"current_hp_per_floor":[73,73,73,73,73,34,40,40,40,40,8,32,32,27,27,0,0],"gold":97,"neow_bonus":"THREE_CARDS","is_daily":false,"chose_seed":false,"campfire_upgraded":3,"win_rate":0.0,"timestamp":1611697950,"path_taken":["M","?","?","?","M","E","?","R","T","R","E","R","?","M","R","BOSS"],"items_purchased_type":[],"build_version":"2020-12-22","purchased_purges":0,"victory":false,"max_hp_per_floor":[75,75,75,75,75,75,81,81,81,81,81,81,81,81,81,81,81],"relic_stats":{"Nunchaku":[2],"Happy Flower":[4],"counters":[7,34],"obtain_stats":[{"Nunchaku":11,"Happy Flower":13,"Oddly Smooth Stone":6,"Bag of Marbles":9,"Cracked Core":0},{"Nunchaku":5,"Happy Flower":5,"Oddly Smooth Stone":4,"Bag of Marbles":4,"Cracked Core":0},{"Nunchaku":21,"Happy Flower":21,"Oddly Smooth Stone":15,"Bag of Marbles":15,"Cracked Core":0}]},"card_choices":[{"not_picked":["Cold Snap","Barrage"],"picked":"Gash","floor":0},{"not_picked":["Redo","Undo"],"picked":"Beam Cell","floor":1},{"not_picked":["Madness","Dark Shackles"],"picked":"Secret Weapon","floor":2},{"not_picked":["Conserve Battery","Doom and Gloom"],"picked":"Recycle","floor":3},{"not_picked":["Barrage","Undo"],"picked":"Skim","floor":5},{"not_picked":["Static Discharge","Ball Lightning"],"picked":"Go for the Eyes","floor":6},{"not_picked":["Doom and Gloom","Compile Driver"],"picked":"Conserve Battery","floor":11},{"not_picked":["Sweeping Beam","Coolheaded"],"picked":"Hologram","floor":14}],"player_experience":169040,"relics_obtained":[{"floor":6,"key":"Oddly Smooth Stone"},{"floor":9,"key":"Bag of Marbles"},{"floor":11,"key":"Nunchaku"},{"floor":13,"key":"Happy Flower"}],"event_choices":[{"damage_healed":0,"gold_gain":1,"player_choice":"1","damage_taken":0,"max_hp_gain":0,"max_hp_loss":0,"event_name":"betterStone:BetterStone","floor":2,"gold_loss":0},{"damage_healed":0,"gold_gain":0,"player_choice":"3","damage_taken":0,"max_hp_gain":0,"max_hp_loss":0,"event_name":"betterMatch:BetterMatch","floor":4,"gold_loss":0,"cards_obtained":[]},{"damage_healed":0,"gold_gain":0,"player_choice":"RENOUNCE","damage_taken":92,"max_hp_gain":0,"max_hp_loss":0,"event_name":"betterThird:BetterSerpent","floor":7,"gold_loss":92,"cards_obtained":["Enlightenment"]}],"is_beta":false,"boss_relics":[],"items_purged_floors":[],"is_endless":false,"potions_floor_spawned":[11,14],"killed_by":"The Guardian","ascension_level":2}}