{"host":"meib18gsulage5jw","time":1611671457,"event":{"mods":["Aspiration","BaseMod","BetterRewards","CCEM2","Colored Map","Conspire","Defuse TimeMaze Blight","Energized Spire","Hubris","Infinite Spire","Minty Spire (QoL Compilation)","Relic Sorter","Reliquary","Replay The Spire","Spikes Relics","StSLib","The Blue Laboratory","Uncapped"],"gold_per_floor":[116,127,127,45,94,125,125,140,140,171,171,191,191,256,256,359,359,373,373,362,397,197,265,265,320,320],"floor_reached":25,"language":"ENG","playtime":992,"items_purged":[],"score":261,"play_id":"e4fddb24-e89c-4a6e-892e-48e9a278f85a","local_time":"20210127003057","is_ascension_mode":false,"campfire_choices":[{"data":"theextravagant:RustyBuckler","floor":7,"key":"SMITH"},{"data":"theextravagant:CutTheDeck","floor":11,"key":"SMITH"},{"data":"theextravagant:SlyStrike","floor":15,"key":"PURGE"},{"floor":24,"key":"REST"}],"circlet_count":0,"master_deck":["theextravagant:SlyStrike","theextravagant:SlyStrike","theextravagant:SlyStrike","theextravagant:Fence","theextravagant:Fence","theextravagant:Fence","theextravagant:Fence+1","theextravagant:QuickAttack","theextravagant:Triumph+1","theextravagant:StepBack+1","theextravagant:CutTheDeck+1","theextravagant:Castle","theextravagant:RustyBuckler+1","theextravagant:Castle","theextravagant:SpontaneousStrike","theextravagant:SpontaneousStrike","Doubt","theextravagant:Razor","theextravagant:WhiffOfMagic","theextravagant:PuffUp","theextravagant:GlyphOfChoice","conspire:SpireCoStock","conspire:SpireCoStock","conspire:SpireCoStock","conspire:SpireCoStock","theextravagant:SpontaneousStrike+1"],"relics":["ReplayTheSpireMod:Ring of Challenge","NeowsBlessing","CCEMRelics:BundleOfDynamite","Darkstone Periapt","conspire:Dentures","Gambling Chip","Ring of Fangs","energizedSpire:NeverEndingSparkler","Nloth\u0027s Gift","War Paint"],"acts_visited":["Exordium","TheCity"],"potions_floor_usage":[10,16,21],"damage_taken":[{"damage":0,"enemies":"Cultist","floor":1,"turns":1},{"damage":0,"enemies":"2 Louse","floor":2,"turns":1},{"damage":0,"enemies":"3 Sentries","floor":6,"turns":1},{"damage":0,"enemies":"Jaw Worm","floor":8,"turns":4},{"damage":11,"enemies":"Lagavulin","floor":10,"turns":7},{"damage":6,"enemies":"Lots of Slimes","floor":12,"turns":3},{"damage":20,"enemies":"Large Slime","floor":14,"turns":5},{"damage":30,"enemies":"Hexaghost","floor":16,"turns":8},{"damage":15,"enemies":"Shell Parasite","floor":18,"turns":6},{"damage":8,"enemies":"2 Thieves","floor":20,"turns":4},{"damage":23,"enemies":"conspire:MimicChest","floor":21,"turns":4},{"damage":19,"enemies":"Snake Plant","floor":23,"turns":4},{"damage":51,"enemies":"Nightmare","floor":25,"turns":8}],"seed_played":"7021498563693275922","potions_obtained":[{"floor":2,"key":"blueLaboratory:BottleOfVodka"},{"floor":8,"key":"Strength Potion"},{"floor":16,"key":"blueLaboratory:CorrosionFlask"},{"floor":18,"key":"blueLaboratory:NullPotion"}],"is_trial":false,"path_per_floor":["M","M","?","$","T","E","R","M","T","E","R","M","?","M","R_BF","B",null,"M","?","M","?","?","M","R","NM"],"character_chosen":"THE_EXTRAVAGANT","items_purchased":["theextravagant:Castle"],"campfire_rested":1,"item_purchase_floors":[4],"current_hp_per_floor":[75,75,75,75,75,75,75,75,75,64,64,58,64,44,44,14,81,66,66,58,35,35,16,40,0,0],"gold":320,"neow_bonus":"THREE_ENEMY_KILL","is_daily":false,"chose_seed":false,"campfire_upgraded":2,"win_rate":0.0,"timestamp":1611671457,"path_taken":["M","M","?","$","?","E","R","?","T","E","R","M","?","M","R_BF","BOSS","M","?","?","?","?","M","R","NM"],"items_purchased_type":["Card"],"build_version":"2020-12-22","purchased_purges":0,"victory":false,"max_hp_per_floor":[75,75,75,75,75,75,75,75,75,75,75,75,81,81,81,81,81,81,81,81,81,81,81,81,81,81],"card_choices":[{"not_picked":["theextravagant:Shove","theextravagant:Cutthroat"],"picked":"theextravagant:StepBack","floor":1},{"not_picked":["theextravagant:ZeroHero","theextravagant:Riot"],"picked":"theextravagant:CutTheDeck","floor":2},{"not_picked":["theextravagant:ShootingStar","theextravagant:Castle"],"picked":"theextravagant:RustyBuckler","floor":6},{"not_picked":["theextravagant:Clairvoyance","theextravagant:IronPlumes"],"picked":"theextravagant:Castle","floor":8},{"not_picked":["theextravagant:Riot","theextravagant:HeavyBlows"],"picked":"theextravagant:SpontaneousStrike","floor":10},{"not_picked":["theextravagant:PerfectTheBasics","theextravagant:Ambush"],"picked":"theextravagant:SpontaneousStrike","floor":12},{"not_picked":["theextravagant:Precaution","theextravagant:GarbageCannon"],"picked":"theextravagant:Razor","floor":14},{"not_picked":["theextravagant:AuroraForm","theextravagant:Nihil"],"picked":"theextravagant:WhiffOfMagic","floor":16},{"not_picked":["theextravagant:Cutthroat","theextravagant:Aggression"],"picked":"theextravagant:PuffUp","floor":18},{"not_picked":["theextravagant:ShootingStar","theextravagant:Defy","theextravagant:SkillfullDodge+1"],"picked":"SKIP","floor":20},{"not_picked":["theextravagant:GlyphOfPower","theextravagant:PerfectTheBasics"],"picked":"theextravagant:GlyphOfChoice","floor":21},{"not_picked":["theextravagant:ZeroHero","theextravagant:Shake+1"],"picked":"theextravagant:SpontaneousStrike+1","floor":23}],"player_experience":318762,"relics_obtained":[{"floor":5,"key":"CCEMRelics:BundleOfDynamite"},{"floor":6,"key":"Darkstone Periapt"},{"floor":9,"key":"conspire:Dentures"},{"floor":10,"key":"Gambling Chip"},{"floor":13,"key":"ReplayTheSpireMod:Ring of Challenge"},{"floor":13,"key":"Ring of Fangs"},{"floor":21,"key":"War Paint"}],"event_choices":[{"damage_healed":0,"gold_gain":0,"player_choice":"Forge","damage_taken":0,"max_hp_gain":0,"max_hp_loss":0,"event_name":"Accursed Blacksmith","floor":3,"gold_loss":0,"cards_upgraded":["theextravagant:StepBack"]},{"damage_healed":0,"gold_gain":0,"player_choice":"Traded Relic","damage_taken":0,"relics_obtained":["Nloth\u0027s Gift"],"max_hp_gain":0,"max_hp_loss":0,"event_name":"N\u0027loth","floor":19,"relics_lost":["theextravagant:TranslucentFeather"],"gold_loss":0},{"damage_healed":0,"gold_gain":0,"player_choice":"Invest 4","damage_taken":0,"max_hp_gain":0,"max_hp_loss":0,"event_name":"conspire:Investor","floor":22,"gold_loss":0}],"is_beta":false,"boss_relics":[{"not_picked":["energizedSpire:CursedPentagram","energizedSpire:OgreHead"],"picked":"energizedSpire:NeverEndingSparkler"}],"items_purged_floors":[],"is_endless":false,"potions_floor_spawned":[2,8,16,18],"killed_by":"Nightmare","ascension_level":0}}