{"host":"56d873i5r3uhle0q","time":1611644061,"event":{"mods":["100% Spire Juice","Act Like it!","Aspiration","BaseMod","Block Reminder","Conspire","Dota2Spire","Downfall","Gensokyo","Hermit","Hubris","Infinite Spire","Jedi Mod","Lobotomy","LobotomyExtend","Marisa????????","Marked Mod","Minty Spire (QoL Compilation)","Reliquary","Replay The Spire","StSLib","The Animator","The Bug Knight","The Cursed","The Marked","The Servant 0.9.4","everything is the same but u backflip on backflip","??????REMEMod"],"gold_per_floor":[112,112,112,8,8,8,19,19,46,46,46,46,46,64,64,366,366,386,139,151,151,151,151],"floor_reached":22,"language":"ENG","playtime":1026,"items_purged":["Strike_G"],"score":170,"play_id":"71efce33-d8d0-4c03-8d44-f20e511c47b7","local_time":"20210125235421","is_ascension_mode":false,"campfire_choices":[{"data":"Prepared","floor":6.0,"key":"SMITH"},{"data":"Neutralize","floor":8.0,"key":"SMITH"},{"data":"Survivor","floor":12.0,"key":"SMITH"},{"data":"Defend_G","floor":15.0,"key":"SMITH"}],"circlet_count":0,"master_deck":["Strike_G","Strike_G","Defend_G","Defend_G","Defend_G","Defend_G+1","Survivor+1","Neutralize+1","Crow Ritual+1","Wellcheers","Prepared+1","Prepared+1","Night Terror","downfall:Bewildered","Night Terror","conspire:Banana","infinitespire:FutureSight","Thinking Ahead","Prepared"],"relics":["Ring of the Snake","REME_ComplimentaryCards","CogitoBucket","hubris:Towel","hubris:SlimyHat","ReplayTheSpireMod:SealedPack","Dota2Spire:PhaseBoots","aspiration:DSix"],"acts_visited":["Gensokyo:Gensokyo","Gensokyo:Gensokyoer"],"potions_floor_usage":[18],"damage_taken":[{"damage":2.0,"enemies":"Gensokyo:2_Kodama","floor":1.0,"turns":6.0},{"damage":0.0,"enemies":"Gensokyo:Python","floor":7.0,"turns":5.0},{"damage":2.0,"enemies":"Gensokyo:Gryphon","floor":14.0,"turns":5.0},{"damage":26.0,"enemies":"Gensokyo:Kokoro","floor":16.0,"turns":9.0},{"damage":33,"enemies":"Gensokyo:3_Dogs","floor":18,"turns":4},{"damage":2,"enemies":"Gensokyo:AngelMirror","floor":20,"turns":3},{"damage":25,"enemies":"Gensokyo:Monolith_and_Dog","floor":22,"turns":2}],"seed_played":"6929442656416806063","potions_obtained":[{"floor":1.0,"key":"jedi:StrikingPotion"},{"floor":7.0,"key":"Swift Potion"},{"floor":16.0,"key":"Block Potion"},{"floor":18,"key":"BlessingOfTheForge"}],"is_trial":false,"path_per_floor":["M","?","?","COS","?","R","M","R","T","$","?","R","$","M","R","B",null,"M","$","M","?","M"],"character_chosen":"THE_SILENT","items_purchased":["Thinking Ahead"],"campfire_rested":0,"item_purchase_floors":[19],"current_hp_per_floor":[68,68,68,68,70,70,70,70,70,70,70,70,70,70,70,50,70,38,38,36,21,0,0],"gold":151,"neow_bonus":"","is_daily":false,"chose_seed":false,"campfire_upgraded":4,"win_rate":0.0,"timestamp":1611644061,"path_taken":["M","?","?","COS","?","R","?","R","T","$","?","R","$","M","R","BOSS","M","$","M","?","?"],"items_purchased_type":["Card"],"build_version":"2020-12-22","purchased_purges":1,"victory":false,"max_hp_per_floor":[70,70,70,70,70,70,70,70,70,70,70,70,70,70,70,70,70,71,71,71,71,72,72],"card_choices":[{"not_picked":["GreedKing","Rudolta"],"picked":"Wellcheers","floor":1.0},{"not_picked":["Dagger Throw","ReplayTheSpireMod:Scrap Shanks"],"picked":"Prepared","floor":1.0},{"not_picked":["Bouncing Flask","Choke","REME_LeechingPoison"],"picked":"SKIP","floor":7.0},{"not_picked":["Footwork","Outmaneuver","Dodge and Roll"],"picked":"SKIP","floor":14.0},{"not_picked":["ReplayTheSpireMod:From All Sides","Unload"],"picked":"Night Terror","floor":16.0},{"not_picked":["Doppelganger","aspiration:Lunge"],"picked":"Night Terror","floor":17.0},{"not_picked":["Replay:Sssssssssstrike","Specialist"],"picked":"conspire:Banana","floor":17.0},{"not_picked":["infinitespire:SevenWalls","infinitespire:Starlight"],"picked":"infinitespire:FutureSight","floor":17.0},{"not_picked":["Deflect","REME_ShadowStrike","Outmaneuver"],"picked":"SKIP","floor":18},{"not_picked":["Deflect","REME_ShadowStrike","Outmaneuver"],"picked":"SKIP","floor":18},{"not_picked":["REME_GrazeFinale","Accuracy"],"picked":"Prepared","floor":20}],"player_experience":645764,"relics_obtained":[{"floor":9.0,"key":"hubris:SlimyHat"}],"event_choices":[],"is_beta":false,"boss_relics":[{"not_picked":["Replay:Drink Me","Calling Bell"],"picked":"ReplayTheSpireMod:SealedPack"}],"items_purged_floors":[19],"is_endless":false,"potions_floor_spawned":[1,7,16,18],"killed_by":"Gensokyo:Monolith_and_Dog","ascension_level":0}}