{"host":"iml8x8es9od4zowg","time":1611666165,"event":{"mods":["2.2 Compatiblity","BaseMod","Marisa£¨Ùöéë¡¡Øª×âÞÞ£©","Minty Spire (QoL Compilation)","StSLib","Td1madao Mod","The Jungle","¡¼?Úª?ø«¡½REMEMod"],"gold_per_floor":[117,117,117,117,133,133,156,156,156,495,563,576,114,163,163,293,293,318,336,336,13,29,63,76,112,112,112,128,163,163,201,201,419,419,443,443,443,485,512,553,553,609,609,609,653,633,681,737,737,770],"floor_reached":51,"language":"KOR","playtime":3084,"items_purged":["Injury"],"score":1350,"play_id":"2e8b6a4d-1743-4515-8f94-f3936e4472f9","local_time":"20210126220245","daily_mods":["Draft","Heirloom","Elite Swarm"],"is_ascension_mode":true,"campfire_choices":[{"floor":6,"key":"REST"},{"floor":8,"key":"REST"},{"data":"Catalyst","floor":15,"key":"SMITH"},{"data":"Adrenaline","floor":27,"key":"SMITH"},{"data":"Bouncing Flask","floor":30,"key":"SMITH"},{"data":"Venomology","floor":32,"key":"SMITH"},{"data":"Burst","floor":41,"key":"SMITH"},{"data":"Adrenaline","floor":44,"key":"SMITH"},{"floor":49,"key":"DIG"}],"circlet_count":0,"master_deck":["Catalyst+1","Acrobatics","Caltrops","Deadly Poison","Cloak And Dagger","Dodge and Roll","Catalyst+1","Dagger Spray","Deadly Poison","Escape Plan","Outmaneuver","Blur","Backstab","Blur","Escape Plan","Blur","Malaise","Panacea","Deflect","Corpse Explosion","CurseOfTheBell","Flechettes","Blur","Riddle With Holes","Heel Hook","Bouncing Flask+1","Deflect+1","Adrenaline+1","Calculated Gamble","Venomology+1","Madness","Madness","Burst+1","Adrenaline+1","ManaRampage","Terror+1"],"relics":["Ring of the Snake","REME_ComplimentaryCards","Thread and Needle","Sundial","Golden Idol","Happy Flower","Old Coin","Kunai","Lantern","Toolbox","Calling Bell","Toy Ornithopter","Pear","FossilizedHelix","Letter Opener","Dream Catcher","Boot","Bottled Lightning","REME_ArchaeologicalTools","Black Star","Shovel","Nunchaku","Bronze Scales","Dead Branch","Mummified Hand","The Specimen","Pantograph","The Courier","Frozen Egg 2","REME_HourglassOfDeath"],"acts_visited":["Exordium","TheCity","TheBeyond"],"potions_floor_usage":[10,23,33,40,40,46,48],"damage_taken":[{"damage":0,"enemies":"Cultist","floor":1,"turns":3},{"damage":0,"enemies":"2 Louse","floor":5,"turns":2},{"damage":0,"enemies":"Jaw Worm","floor":7,"turns":3},{"damage":0,"enemies":"Gremlin Nob","floor":10,"turns":4},{"damage":0,"enemies":"Exordium Wildlife","floor":12,"turns":5},{"damage":0,"enemies":"2 Fungi Beasts","floor":14,"turns":2},{"damage":0,"enemies":"Hexaghost","floor":16,"turns":6},{"damage":0,"enemies":"Shell Parasite","floor":18,"turns":4},{"damage":0,"enemies":"3 Byrds","floor":19,"turns":3},{"damage":0,"enemies":"Centurion and Healer","floor":22,"turns":3},{"damage":13,"enemies":"Slavers","floor":23,"turns":2},{"damage":0,"enemies":"Snake Plant","floor":24,"turns":2},{"damage":0,"enemies":"REME_1_Revenger","floor":25,"turns":2},{"damage":0,"enemies":"Chosen and Byrds","floor":28,"turns":2},{"damage":0,"enemies":"Slavers","floor":29,"turns":2},{"damage":0,"enemies":"Gremlin Leader","floor":31,"turns":3},{"damage":0,"enemies":"Automaton","floor":33,"turns":4},{"damage":0,"enemies":"3 Shapes","floor":35,"turns":1},{"damage":0,"enemies":"Orb Walker","floor":38,"turns":1},{"damage":0,"enemies":"Transient","floor":39,"turns":5},{"damage":0,"enemies":"Reptomancer","floor":40,"turns":4},{"damage":0,"enemies":"Nemesis","floor":42,"turns":5},{"damage":0,"enemies":"Reptomancer","floor":45,"turns":1},{"damage":0,"enemies":"Spire Growth","floor":47,"turns":2},{"damage":0,"enemies":"Giant Head","floor":48,"turns":2},{"damage":9,"enemies":"Awakened One","floor":50,"turns":8}],"seed_played":"-7326604296743521927","potions_obtained":[{"floor":5,"key":"PowerPotion"},{"floor":14,"key":"Poison Potion"},{"floor":18,"key":"Energy Potion"},{"floor":19,"key":"Weak Potion"},{"floor":28,"key":"SpeedPotion"},{"floor":29,"key":"DuplicationPotion"},{"floor":42,"key":"Strength Potion"},{"floor":46,"key":"SneckoOil"},{"floor":47,"key":"LiquidBronze"},{"floor":48,"key":"PowerPotion"}],"is_trial":true,"path_per_floor":["M","?","?","?","M","R","M","R","T","E","T","M","$","M","R","B",null,"M","M","?","$","M","E","M","E","T","R","M","E","R","E","R","B",null,"M","?","?","M","M","E","R","E","T","R","E","?","M","E","R","B",null],"character_chosen":"THE_SILENT","items_purchased":["Lantern","Toolbox","Panacea","Bouncing Flask","Letter Opener"],"campfire_rested":2,"item_purchase_floors":[13,13,13,21,21],"current_hp_per_floor":[70,37,37,37,37,58,58,70,70,70,70,70,70,70,70,70,80,80,80,80,80,80,67,67,67,67,67,67,67,67,67,67,72,80,80,70,80,80,80,80,80,80,80,80,80,80,80,80,80,71],"gold":770,"neow_bonus":"","is_daily":false,"chose_seed":false,"campfire_upgraded":6,"win_rate":0.0,"timestamp":1611666165,"path_taken":["M","?","?","?","M","R","M","R","T","E","?","?","$","M","R","BOSS","M","M","?","$","M","E","M","E","T","R","M","E","R","E","R","BOSS","M","?","?","?","M","E","R","E","T","R","E","?","M","E","R","BOSS"],"items_purchased_type":["Relic","Relic","Card","Card","Relic"],"build_version":"2020-12-22","purchased_purges":1,"victory":true,"max_hp_per_floor":[70,70,70,70,70,70,70,70,70,70,70,70,70,70,70,70,80,80,80,80,80,80,80,80,80,80,80,80,80,80,80,80,80,80,80,80,80,80,80,80,80,80,80,80,80,80,80,80,80,80],"card_choices":[{"not_picked":["Blade Dance","Skewer"],"picked":"Dodge and Roll","floor":0},{"not_picked":["Dagger Throw","Deadly Poison"],"picked":"Catalyst","floor":0},{"not_picked":["Expertise","Underhanded Strike"],"picked":"Acrobatics","floor":0},{"not_picked":["Sucker Punch","Riddle With Holes"],"picked":"Caltrops","floor":0},{"not_picked":["Sucker Punch","Flying Knee"],"picked":"Deadly Poison","floor":0},{"not_picked":["Poisoned Stab","Dagger Throw"],"picked":"Cloak And Dagger","floor":0},{"not_picked":["Underhanded Strike","Cloak And Dagger"],"picked":"Dodge and Roll","floor":0},{"not_picked":["Endless Agony","Bane"],"picked":"Catalyst","floor":0},{"not_picked":["Underhanded Strike","Dagger Throw"],"picked":"Dagger Spray","floor":0},{"not_picked":["Endless Agony","Deflect"],"picked":"Deadly Poison","floor":0},{"not_picked":["Well Laid Plans","Distraction"],"picked":"Escape Plan","floor":0},{"not_picked":["Terror","Poisoned Stab"],"picked":"Outmaneuver","floor":0},{"not_picked":["Blade Dance","Cloak And Dagger"],"picked":"Blur","floor":0},{"not_picked":["Quick Slash","Infinite Blades"],"picked":"Backstab","floor":0},{"not_picked":["Sucker Punch","Eviscerate"],"picked":"Crippling Poison","floor":0},{"not_picked":["Underhanded Strike","Reflex"],"picked":"Blur","floor":1},{"not_picked":["Sucker Punch","Setup"],"picked":"Escape Plan","floor":5},{"not_picked":["Heel Hook","Deflect"],"picked":"Blur","floor":7},{"not_picked":["Night Terror","REME_SpectralBlade"],"picked":"Malaise","floor":10},{"not_picked":["Prepared","Tactician","Poisoned Stab"],"picked":"SKIP","floor":12},{"not_picked":["Backstab","Eviscerate"],"picked":"Deflect","floor":14},{"not_picked":["A Thousand Cuts","Envenom"],"picked":"Corpse Explosion","floor":16},{"not_picked":["Reflex","Blade Dance"],"picked":"Flechettes","floor":18},{"not_picked":["Choke","Reflex"],"picked":"Blur","floor":19},{"not_picked":["Dash+1","Cloak And Dagger"],"picked":"Deflect+1","floor":22},{"not_picked":["Phantasmal Killer","REME_CopyPotion"],"picked":"Adrenaline","floor":23},{"not_picked":["Underhanded Strike+1","Deadly Poison"],"picked":"Calculated Gamble","floor":24},{"not_picked":["Die Die Die","REME_CopyPotion","REME_ShadowForm"],"picked":"SKIP","floor":25},{"not_picked":["Concentrate+1","Accuracy","Reflex"],"picked":"SKIP","floor":28},{"not_picked":["Malaise","Phantasmal Killer","Grand Finale"],"picked":"SKIP","floor":29},{"not_picked":["Tools of the Trade","Die Die Die"],"picked":"Venomology","floor":31},{"not_picked":["Tactician","PiercingWail+1","Cloak And Dagger"],"picked":"SKIP","floor":35},{"not_picked":["Quick Slash","Accuracy+1","Blade Dance+1"],"picked":"SKIP","floor":38},{"not_picked":["Prepared+1","Expertise","Slice"],"picked":"SKIP","floor":39},{"not_picked":["REME_GrazeFinale","REME_CopyPotion"],"picked":"Burst","floor":40},{"not_picked":["Unload","Doppelganger"],"picked":"Adrenaline","floor":42},{"not_picked":["Storm of Steel","Die Die Die","Glass Knife"],"picked":"SKIP","floor":45},{"not_picked":["Dodge and Roll","Predator+1"],"picked":"Terror+1","floor":47},{"not_picked":["Die Die Die","Unload","Malaise"],"picked":"SKIP","floor":48}],"player_experience":569637,"relics_obtained":[{"floor":9,"key":"Happy Flower"},{"floor":10,"key":"Old Coin"},{"floor":11,"key":"Kunai"},{"floor":17,"key":"Toy Ornithopter"},{"floor":17,"key":"Pear"},{"floor":17,"key":"FossilizedHelix"},{"floor":23,"key":"Dream Catcher"},{"floor":25,"key":"Boot"},{"floor":26,"key":"Bottled Lightning"},{"floor":31,"key":"REME_ArchaeologicalTools"},{"floor":40,"key":"Shovel"},{"floor":40,"key":"Nunchaku"},{"floor":42,"key":"Bronze Scales"},{"floor":42,"key":"Dead Branch"},{"floor":43,"key":"Mummified Hand"},{"floor":45,"key":"The Specimen"},{"floor":45,"key":"Pantograph"},{"floor":48,"key":"The Courier"},{"floor":48,"key":"Frozen Egg 2"},{"floor":49,"key":"REME_HourglassOfDeath"}],"event_choices":[{"damage_healed":0,"gold_gain":0,"player_choice":"Success","damage_taken":33,"relics_obtained":["Sundial"],"max_hp_gain":0,"max_hp_loss":0,"event_name":"Scrap Ooze","floor":2,"gold_loss":0},{"damage_healed":0,"gold_gain":0,"player_choice":"Grow","damage_taken":0,"max_hp_gain":0,"max_hp_loss":0,"event_name":"Living Wall","floor":3,"gold_loss":0,"cards_upgraded":["Catalyst"]},{"damage_healed":0,"gold_gain":0,"player_choice":"Take Wound","damage_taken":0,"relics_obtained":["Golden Idol"],"max_hp_gain":0,"max_hp_loss":0,"event_name":"Golden Idol","floor":4,"gold_loss":0,"cards_obtained":["Injury"]},{"damage_healed":0,"gold_gain":0,"cards_transformed":["Crippling Poison","Dodge and Roll"],"player_choice":"Became Test Subject","damage_taken":0,"max_hp_gain":0,"max_hp_loss":0,"event_name":"Drug Dealer","floor":20,"gold_loss":0,"cards_obtained":["Riddle With Holes","Heel Hook"]},{"damage_healed":0,"gold_gain":0,"player_choice":"Embrace Madness","damage_taken":10,"max_hp_gain":0,"max_hp_loss":0,"event_name":"Winding Halls","floor":36,"gold_loss":0,"cards_obtained":["Madness","Madness"]},{"damage_healed":10,"gold_gain":0,"player_choice":"Full Heal","damage_taken":0,"max_hp_gain":0,"max_hp_loss":0,"event_name":"Wheel of Change","floor":37,"gold_loss":0},{"damage_healed":0,"gold_gain":0,"player_choice":"Bought 1 Potion","damage_taken":0,"max_hp_gain":0,"max_hp_loss":0,"event_name":"The Woman in Blue","floor":46,"gold_loss":0}],"is_beta":false,"boss_relics":[{"not_picked":["Ring of the Serpent","SacredBark"],"picked":"Calling Bell"},{"not_picked":["Empty Cage","Coffee Dripper"],"picked":"Black Star"}],"items_purged_floors":[13],"is_endless":false,"potions_floor_spawned":[5,14,18,19,22,28,29,31,35,42,47,48],"ascension_level":1}}