{"host":"qdfumeom6htv8yxl","time":1611683424,"event":{"mods":["AchievementEnabler","BaseMod","Bestiary","Block Reminder","Minty Spire (QoL Compilation)","Quick Restart","Relic Stats"],"gold_per_floor":[109,124,180,196,196,196,206,224,272,272,284,303,303,303],"floor_reached":13,"language":"ENG","playtime":488,"items_purged":[],"score":150,"play_id":"98eff6b4-11b3-44dc-bcdd-a95adc0f1ce9","local_time":"20210126115024","is_ascension_mode":true,"campfire_choices":[{"data":"Doom and Gloom","floor":6.0,"key":"SMITH"},{"data":"Self Repair","floor":10.0,"key":"SMITH"}],"circlet_count":0,"master_deck":["AscendersBane","Strike_B","Strike_B","Strike_B","Strike_B","Defend_B","Defend_B","Defend_B","Defend_B","Zap","Dualcast","Doom and Gloom+1","Glacier","Seek","Self Repair+1","Redo","Genetic Algorithm"],"relics":["Cracked Core","Omamori"],"acts_visited":["Exordium"],"potions_floor_usage":[13],"damage_taken":[{"damage":7.0,"enemies":"Jaw Worm","floor":1.0,"turns":3.0},{"damage":1.0,"enemies":"Cultist","floor":2.0,"turns":3.0},{"damage":1.0,"enemies":"Small Slimes","floor":4.0,"turns":3.0},{"damage":12.0,"enemies":"Gremlin Gang","floor":7.0,"turns":3.0},{"damage":2.0,"enemies":"3 Louse","floor":8.0,"turns":2.0},{"damage":19.0,"enemies":"Exordium Thugs","floor":11.0,"turns":4.0},{"damage":11.0,"enemies":"Large Slime","floor":12.0,"turns":4.0},{"damage":20,"enemies":"3 Sentries","floor":13,"turns":6}],"seed_played":"-1191519642535708385","potions_obtained":[{"floor":1.0,"key":"Explosive Potion"},{"floor":8.0,"key":"Strength Potion"},{"floor":11.0,"key":"Weak Potion"}],"is_trial":false,"path_per_floor":["M","M","?","M","?","R","M","M","T","R","M","M","E"],"character_chosen":"DEFECT","items_purchased":[],"campfire_rested":0,"item_purchase_floors":[],"current_hp_per_floor":[64,63,63,62,58,58,46,44,44,44,35,34,14,14],"gold":303,"neow_bonus":"TEN_PERCENT_HP_BONUS","is_daily":false,"chose_seed":false,"campfire_upgraded":2,"win_rate":0.0,"timestamp":1611683424,"path_taken":["M","M","?","M","?","R","M","M","T","R","M","M","E"],"items_purchased_type":[],"build_version":"2020-12-22","purchased_purges":0,"victory":false,"max_hp_per_floor":[78,78,78,78,78,78,78,78,78,78,78,78,78,78],"relic_stats":{"counters":[8,28],"obtain_stats":[{"Omamori":9,"Cracked Core":0},{"Omamori":5,"Cracked Core":0},{"Omamori":14,"Cracked Core":0}]},"card_choices":[{"not_picked":["Coolheaded","Go for the Eyes"],"picked":"Doom and Gloom","floor":1.0},{"not_picked":["Skim","Compile Driver"],"picked":"Glacier","floor":2.0},{"not_picked":["Barrage","Cold Snap","Leap"],"picked":"SKIP","floor":4.0},{"not_picked":["Redo","Blizzard"],"picked":"Seek","floor":7.0},{"not_picked":["Compile Driver","Conserve Battery"],"picked":"Self Repair","floor":8.0},{"not_picked":["Steam","Turbo"],"picked":"Redo","floor":11.0},{"not_picked":["Barrage","Streamline"],"picked":"Genetic Algorithm","floor":12.0}],"player_experience":1836411,"relics_obtained":[{"floor":9.0,"key":"Omamori"}],"event_choices":[{"damage_healed":0.0,"max_hp_gain":0.0,"max_hp_loss":0.0,"gold_gain":56.0,"event_name":"Golden Wing","player_choice":"Gained Gold","floor":3.0,"gold_loss":0.0,"damage_taken":0.0},{"damage_healed":0.0,"max_hp_gain":0.0,"max_hp_loss":0.0,"gold_gain":0.0,"event_name":"The Woman in Blue","player_choice":"Bought 0 Potions","floor":5.0,"gold_loss":0.0,"damage_taken":0.0}],"is_beta":false,"boss_relics":[],"items_purged_floors":[],"is_endless":false,"potions_floor_spawned":[1,8,11],"killed_by":"3 Sentries","ascension_level":18}}