{"host":"gqcohn9v5baj3dmw","time":1611684596,"event":{"mods":["BaseMod","Better Note","Better Sensory Stone","Better Skull","Colored Map","Downfall","Marked Mod","Minty Spire (QoL Compilation)","Rare Cards Sparkle","Relic Stats","StSLib"],"gold_per_floor":[99,118,133,19,19,32,32,32,47,74,20,49,49,59,78,174,174,174,188,203,303,403,423,423,433,453,453,472,504,578,589,600,695,695,695,715,733,733,565,584,584,584,603,603,615,627,127,146,161,161],"floor_reached":51,"language":"ENG","playtime":3567,"items_purged":["Clumsy","Guardian:SentryBeam","Guardian:Strike_Guardian"],"score":1005,"play_id":"eb84ec1c-f2ff-4b04-95fb-cf3f84841144","local_time":"20210126190956","is_ascension_mode":true,"campfire_choices":[{"data":"Guardian:CurlUp","floor":1,"key":"SMITH"},{"data":"Guardian:TemporalShield","floor":8,"key":"SMITH"},{"data":"Guardian:RollAttack","floor":18,"key":"SMITH"},{"data":"Guardian:ShieldSpikes","floor":27,"key":"SMITH"},{"data":"Guardian:Recover","floor":35,"key":"SMITH"},{"data":"Guardian:TimeSifter","floor":42,"key":"SMITH"},{"data":"Guardian:Harden","floor":44,"key":"SMITH"}],"circlet_count":0,"master_deck":["Guardian:Strike_Guardian","Guardian:Strike_Guardian","Guardian:Strike_Guardian","Guardian:Defend_Guardian","Guardian:Defend_Guardian","Guardian:Defend_Guardian","Guardian:Defend_Guardian","Guardian:CurlUp+1","Guardian:TwinSlam","Guardian:Incinerate","Guardian:TemporalShield+1","Guardian:Recover+1","Guardian:PrimingBeam","Guardian:Recover+1","Guardian:RollAttack+1","Guardian:ShieldSpikes+1","Guardian:SentryBeam","Guardian:TimeSifter+1","Guardian:BronzeOrb","Guardian:ShieldCharger+1","Guardian:Harden+1","Guardian:GemFire","Guardian:TemporalShield+1","Guardian:Clone+1","Guardian:SphericShield","Guardian:BodySlam"],"relics":["Guardian:ModeShifter","Dead Branch","downfall:ShatteredFragment","Ornamental Fan","StrikeDummy","Bronze Scales","Guardian:PickAxe","Philosopher\u0027s Stone","Thread and Needle","Meat on the Bone","MutagenicStrength","White Beast Statue","Vajra","Sundial","Busted Crown","Pantograph","Omamori","Mango","HandDrill"],"acts_visited":["Exordium","TheCity","TheBeyond"],"potions_floor_usage":[13,19,25,29,29,50],"damage_taken":[{"damage":2,"enemies":"Jaw Worm","floor":2,"turns":5},{"damage":0,"enemies":"Small Slimes","floor":3,"turns":2},{"damage":10,"enemies":"downfall:FleeingMerchant","floor":4,"turns":4},{"damage":0,"enemies":"Cultist","floor":6,"turns":3},{"damage":0,"enemies":"3 Louse","floor":9,"turns":3},{"damage":0,"enemies":"Lagavulin","floor":10,"turns":7},{"damage":0,"enemies":"downfall:FleeingMerchant","floor":11,"turns":4},{"damage":0,"enemies":"3 Sentries","floor":12,"turns":5},{"damage":7,"enemies":"3 Sentries","floor":13,"turns":3},{"damage":6,"enemies":"Lots of Slimes","floor":14,"turns":3},{"damage":0,"enemies":"Exordium Thugs","floor":15,"turns":2},{"damage":0,"enemies":"WA_ARCHETYPE_RETAIN","floor":16,"turns":8},{"damage":0,"enemies":"Shell Parasite","floor":19,"turns":3},{"damage":0,"enemies":"3 Byrds","floor":20,"turns":2},{"damage":9,"enemies":"SI_SHIV_ARCHETYPE","floor":21,"turns":6},{"damage":2,"enemies":"downfall:Augmenter","floor":22,"turns":5},{"damage":0,"enemies":"Cultist and Chosen","floor":23,"turns":3},{"damage":0,"enemies":"Shelled Parasite and Fungi","floor":25,"turns":3},{"damage":0,"enemies":"Snecko","floor":26,"turns":3},{"damage":0,"enemies":"Sentry and Sphere","floor":28,"turns":4},{"damage":15,"enemies":"Slavers","floor":29,"turns":3},{"damage":0,"enemies":"Cultist and Chosen","floor":31,"turns":4},{"damage":0,"enemies":"Snake Plant","floor":32,"turns":2},{"damage":19,"enemies":"IC_MUSHROOM_ARCHETYPE","floor":33,"turns":7},{"damage":4,"enemies":"3 Shapes","floor":36,"turns":3},{"damage":0,"enemies":"3 Darklings","floor":37,"turns":3},{"damage":0,"enemies":"downfall:FleeingMerchant","floor":39,"turns":4},{"damage":0,"enemies":"4 Shapes","floor":40,"turns":4},{"damage":0,"enemies":"Jaw Worm Horde","floor":43,"turns":2},{"damage":0,"enemies":"3 Darklings","floor":45,"turns":1},{"damage":0,"enemies":"Sphere and 2 Shapes","floor":46,"turns":4},{"damage":0,"enemies":"Spire Growth","floor":48,"turns":3},{"damage":0,"enemies":"Writhing Mass","floor":49,"turns":4},{"damage":22,"enemies":"DF_ARCHETYPE_ORBS","floor":50,"turns":4}],"seed_played":"-1974831541237127733","potions_obtained":[{"floor":6,"key":"GamblersBrew"},{"floor":9,"key":"champ:CounterPotion"},{"floor":12,"key":"FairyPotion"},{"floor":15,"key":"SkillPotion"},{"floor":19,"key":"SkillPotion"},{"floor":25,"key":"LiquidBronze"},{"floor":29,"key":"sneckomod:MuddlingPotion"},{"floor":31,"key":"EssenceOfSteel"},{"floor":46,"key":"Dexterity Potion"}],"is_trial":false,"path_per_floor":["R","M","M","$","?","M","T","R","M","E","$","E","?","M","M","B",null,"R","M","M","?","?","M","T","M","M","R","M","E","T","M","M","B",null,"R","M","M","?","$","M","T","R","M","R","M","M","$","M","M","B",null],"character_chosen":"GUARDIAN","items_purchased":["Guardian:PrimingBeam","Guardian:ShieldSpikes","Pantograph","Omamori","Guardian:SphericShield","Guardian:BodySlam","HandDrill"],"campfire_rested":0,"item_purchase_floors":[4,11,39,39,47,47,47],"current_hp_per_floor":[80,78,78,68,44,44,44,44,44,44,44,44,31,25,25,25,66,66,66,66,57,55,55,55,55,55,55,55,52,52,52,52,45,71,71,67,67,67,67,67,81,81,81,81,81,81,81,81,81,72],"gold":161,"neow_bonus":"ONE_RARE_RELIC","is_daily":false,"chose_seed":false,"campfire_upgraded":7,"win_rate":0.0,"timestamp":1611684596,"path_taken":["R","M","M","$","?","M","T","R","M","E","$","E","?","M","M","BOSS","R","M","M","?","?","M","T","M","M","R","M","E","?","M","M","BOSS","R","M","M","?","$","?","T","R","M","R","M","M","$","M","M","BOSS"],"items_purchased_type":["Card","Card","Relic","Relic","Card","Card","Relic"],"build_version":"2020-12-22","purchased_purges":3,"victory":true,"max_hp_per_floor":[80,80,80,80,80,80,80,80,80,80,80,80,80,80,80,80,80,80,80,80,80,80,80,80,80,80,80,80,80,80,80,80,80,80,80,80,80,80,80,80,94,94,94,94,94,94,94,94,94,94],"relic_stats":{"Busted Crown":18,"counters":[34,126],"Ornamental Fan":[336],"Sundial":[4],"Dead Branch":[330],"Bronze Scales":[259],"Pantograph":13,"HandDrill":[24],"obtain_stats":[{"downfall:ShatteredFragment":5,"Dead Branch":0,"Guardian:ModeShifter":0,"Vajra":29,"Thread and Needle":21,"Mango":41,"Omamori":39,"White Beast Statue":24,"Guardian:PickAxe":13,"Busted Crown":34,"Ornamental Fan":7,"Sundial":30,"Bronze Scales":12,"MutagenicStrength":22,"Pantograph":39,"Philosopher\u0027s Stone":17,"HandDrill":47,"StrikeDummy":10,"Meat on the Bone":21},{"downfall:ShatteredFragment":3,"Dead Branch":0,"Guardian:ModeShifter":0,"Vajra":21,"Thread and Needle":15,"Mango":28,"Omamori":27,"White Beast Statue":17,"Guardian:PickAxe":9,"Busted Crown":24,"Ornamental Fan":4,"Sundial":21,"Bronze Scales":8,"MutagenicStrength":16,"Pantograph":27,"Philosopher\u0027s Stone":12,"HandDrill":31,"StrikeDummy":6,"Meat on the Bone":15},{"downfall:ShatteredFragment":11,"Dead Branch":0,"Guardian:ModeShifter":0,"Vajra":81,"Thread and Needle":60,"Mango":108,"Omamori":104,"White Beast Statue":68,"Guardian:PickAxe":36,"Busted Crown":94,"Ornamental Fan":14,"Sundial":81,"Bronze Scales":33,"MutagenicStrength":65,"Pantograph":104,"Philosopher\u0027s Stone":49,"HandDrill":115,"StrikeDummy":24,"Meat on the Bone":60}],"Meat on the Bone":24},"card_choices":[{"not_picked":["Guardian:TemporalShield","Guardian:TemporalStrike"],"picked":"Guardian:Incinerate","floor":2},{"not_picked":["Guardian:GuardianWhirl","Guardian:Reroute"],"picked":"Guardian:TemporalShield","floor":3},{"not_picked":["Guardian:TimeBomb","Guardian:Preprogram"],"picked":"Guardian:Recover","floor":4},{"not_picked":["Guardian:TemporalStrike","Guardian:TimeCapacitor"],"picked":"Guardian:Gem_Cyan","floor":6},{"not_picked":["Guardian:TimeCapacitor","Guardian:VentSteam"],"picked":"Guardian:Recover","floor":9},{"not_picked":["Guardian:HyperBeam_Guardian","Guardian:Reroute"],"picked":"Guardian:Gem_Green","floor":10},{"not_picked":["Guardian:ChargeCore","Guardian:PrimingBeam"],"picked":"Guardian:RollAttack","floor":11},{"not_picked":["Guardian:Repulse","Guardian:Gem_Green"],"picked":"Guardian:SentryBeam","floor":12},{"not_picked":["Guardian:Gem_Red","Guardian:ShieldSpikes"],"picked":"Guardian:Gem_Cyan","floor":14},{"not_picked":["Guardian:Orbwalk","Guardian:PrismaticBarrier","Guardian:Emergency"],"picked":"SKIP","floor":15},{"not_picked":["Guardian:Gem_Orange","Guardian:StasisField"],"picked":"Guardian:TimeSifter","floor":16},{"not_picked":["Guardian:VentSteam","Guardian:Gem_Green"],"picked":"Guardian:BronzeOrb","floor":19},{"not_picked":["Guardian:VentSteam","Guardian:Preprogram","Guardian:Planning"],"picked":"SKIP","floor":20},{"not_picked":["Guardian:TimeBomb","Guardian:RollAttack","Guardian:Gem_Cyan"],"picked":"SKIP","floor":23},{"not_picked":["Guardian:Orbwalk","Guardian:GuardianWhirl","Guardian:TemporalShield"],"picked":"SKIP","floor":25},{"not_picked":["Guardian:RollAttack","Guardian:Recover","Guardian:WalkerClaw+1"],"picked":"SKIP","floor":26},{"not_picked":["Guardian:Gem_Blue","Guardian:ShieldCharger+1","Guardian:CrystalBeam"],"picked":"SKIP","floor":28},{"not_picked":["Guardian:Gem_Blue","Guardian:CrystalBeam"],"picked":"Guardian:ShieldCharger+1","floor":28},{"not_picked":["Guardian:RefractedBeam+1","Guardian:Gem_Lightblue","Guardian:VentSteam+1"],"picked":"SKIP","floor":29},{"not_picked":["Guardian:Gem_Cyan","Guardian:BronzeOrb","Guardian:VentSteam"],"picked":"SKIP","floor":31},{"not_picked":["Guardian:Orbwalk","Guardian:PolyBeam+1"],"picked":"Guardian:Harden","floor":32},{"not_picked":["Guardian:FierceBash","Guardian:HyperBeam_Guardian"],"picked":"Guardian:GemFire","floor":33},{"not_picked":[],"picked":"Guardian:TemporalShield+1","floor":36},{"not_picked":[],"picked":"Guardian:SentryBeam","floor":37},{"not_picked":["Guardian:TemporalShield"],"picked":"SKIP","floor":39},{"not_picked":[],"picked":"Guardian:Clone+1","floor":40},{"not_picked":["Guardian:Gem_Lightblue"],"picked":"SKIP","floor":43},{"not_picked":["Guardian:Reroute"],"picked":"SKIP","floor":45},{"not_picked":["Guardian:TemporalShield"],"picked":"SKIP","floor":46},{"not_picked":["Guardian:CrystalBeam+1"],"picked":"SKIP","floor":48},{"not_picked":["Guardian:Gem_Green"],"picked":"SKIP","floor":49}],"player_experience":531373,"relics_obtained":[{"floor":7,"key":"Ornamental Fan"},{"floor":10,"key":"StrikeDummy"},{"floor":12,"key":"Bronze Scales"},{"floor":21,"key":"Thread and Needle"},{"floor":21,"key":"Meat on the Bone"},{"floor":22,"key":"MutagenicStrength"},{"floor":24,"key":"White Beast Statue"},{"floor":29,"key":"Vajra"},{"floor":30,"key":"Sundial"},{"floor":41,"key":"Mango"}],"event_choices":[],"is_beta":false,"boss_relics":[{"not_picked":["Guardian:ModeShifterPlus","Astrolabe"],"picked":"Philosopher\u0027s Stone"},{"not_picked":["Cursed Key","bronze:MakeshiftBattery"],"picked":"Busted Crown"}],"items_purged_floors":[4,39,47],"is_endless":false,"potions_floor_spawned":[6,9,12,15,16,19,21,25,26,28,29,31,32,33,36,37,39,40,43,45,46,48,49],"ascension_level":5}}