{"host":"86exz9sc3zcspcml","time":1611702226,"event":{"mods":["AchievementEnabler","BaseMod","Better Third Choice","Colored Map","Colored Powertips","Gold Saver","Minty Spire (QoL Compilation)","Quick Restart","Rare Cards Sparkle","Spire Birthday Party","StSLib"],"gold_per_floor":[293,303,130,140,152,152,177,177,253,57,57,67,81,96,96,193,193,213,213,128,128,128,155,155,186,486,426,426],"floor_reached":27,"language":"ENG","playtime":1242,"items_purged":[],"score":326,"play_id":"f1f21029-bc60-4410-a9db-a25e282913ab","local_time":"20210126170346","is_ascension_mode":false,"campfire_choices":[{"data":"Magnetism","floor":6,"key":"SMITH"},{"floor":11,"key":"REST"},{"floor":15,"key":"REST"},{"floor":24,"key":"RECALL"}],"circlet_count":0,"master_deck":["Strike_P+1","Strike_P+1","Strike_P+1","Strike_P+1","Defend_P+1","Defend_P+1","Defend_P+1","Eruption","Vigilance","BowlingBash","Magnetism+1","Indignation","Conclude","Judgement","BowlingBash","Judgement","WreathOfFlame","BowlingBash","CrushJoints","DeusExMachina","FollowUp","Wallop","ConjureBlade","Wallop"],"relics":["PureWater","Mango","Matryoshka","DollysMirror","Empty Cage","Blood Vial","Regal Pillow","Bird Faced Urn","Potion Belt","Old Coin"],"acts_visited":["Exordium","TheCity"],"potions_floor_usage":[5,7,8,16,18,23,23,25,25,25],"damage_taken":[{"damage":3,"enemies":"Jaw Worm","floor":1,"turns":3},{"damage":0,"enemies":"Cultist","floor":2,"turns":2},{"damage":7,"enemies":"Small Slimes","floor":4,"turns":3},{"damage":17,"enemies":"2 Fungi Beasts","floor":5,"turns":3},{"damage":34,"enemies":"Gremlin Nob","floor":7,"turns":4},{"damage":7,"enemies":"3 Louse","floor":12,"turns":2},{"damage":1,"enemies":"Exordium Wildlife","floor":13,"turns":2},{"damage":20,"enemies":"Looter","floor":14,"turns":3},{"damage":0,"enemies":"Slime Boss","floor":16,"turns":4},{"damage":10,"enemies":"Chosen","floor":18,"turns":3},{"damage":37,"enemies":"Slavers","floor":23,"turns":6},{"damage":35,"enemies":"Book of Stabbing","floor":25,"turns":4},{"damage":21,"enemies":"2 Thieves","floor":27,"turns":3}],"seed_played":"-1940827878816173830","potions_obtained":[{"floor":0,"key":"DuplicationPotion"},{"floor":0,"key":"BottledMiracle"},{"floor":0,"key":"FearPotion"},{"floor":2,"key":"GamblersBrew"},{"floor":7,"key":"Strength Potion"},{"floor":8,"key":"Fruit Juice"},{"floor":8,"key":"Swift Potion"},{"floor":8,"key":"BottledMiracle"},{"floor":18,"key":"EntropicBrew"}],"is_trial":false,"path_per_floor":["M","M","$","M","M","R","E","?","T","$","R","M","M","M","R","B",null,"M","?","?","?","?","E","R","E","T","M"],"character_chosen":"WATCHER","items_purchased":["Magnetism","BowlingBash","DollysMirror"],"campfire_rested":2,"item_purchase_floors":[3,10,10],"current_hp_per_floor":[69,69,69,62,45,45,25,30,30,30,57,50,49,29,56,56,91,81,81,81,81,81,46,46,13,13,0,0],"gold":426,"neow_bonus":"THREE_SMALL_POTIONS","is_daily":false,"chose_seed":false,"campfire_upgraded":1,"win_rate":0.0,"timestamp":1611702226,"path_taken":["M","M","$","M","M","R","E","?","T","$","R","M","M","M","R","BOSS","M","?","?","?","?","E","R","E","T","M"],"items_purchased_type":["Card","Card","Relic"],"build_version":"2020-12-22","purchased_purges":0,"victory":false,"max_hp_per_floor":[72,72,72,72,72,72,86,91,91,91,91,91,91,91,91,91,91,91,91,91,91,91,91,91,91,91,91,91],"card_choices":[{"not_picked":["LikeWater","ThirdEye"],"picked":"CutThroughFate","floor":1},{"not_picked":["CutThroughFate","ThirdEye"],"picked":"BowlingBash","floor":2},{"not_picked":["Fasting2","Halt"],"picked":"Indignation","floor":4},{"not_picked":["ClearTheMind","Evaluate"],"picked":"Conclude","floor":5},{"not_picked":["WindmillStrike","Swivel"],"picked":"Judgement","floor":7},{"not_picked":["Indignation","ForeignInfluence"],"picked":"WreathOfFlame","floor":12},{"not_picked":["FearNoEvil","Prostrate"],"picked":"BowlingBash","floor":13},{"not_picked":["Nirvana","Collect"],"picked":"CrushJoints","floor":14},{"not_picked":["Judgement","Blasphemy"],"picked":"DeusExMachina","floor":16},{"not_picked":["Conclude+1","JustLucky"],"picked":"FollowUp","floor":18},{"not_picked":["FollowUp+1","Collect+1"],"picked":"ConjureBlade","floor":23},{"not_picked":["ThirdEye","WreathOfFlame+1"],"picked":"Wallop","floor":25}],"player_experience":96959,"relics_obtained":[{"floor":7,"key":"Mango"},{"floor":9,"key":"Matryoshka"},{"floor":23,"key":"Regal Pillow"},{"floor":25,"key":"Bird Faced Urn"},{"floor":26,"key":"Potion Belt"},{"floor":26,"key":"Old Coin"}],"event_choices":[{"damage_healed":0,"gold_gain":0,"player_choice":"Got Potions","damage_taken":0,"max_hp_gain":0,"max_hp_loss":0,"event_name":"Lab","floor":8,"gold_loss":0},{"damage_healed":0,"gold_gain":0,"player_choice":"Simplicity","damage_taken":0,"max_hp_gain":0,"max_hp_loss":7,"event_name":"betterThird:BetterWriting","floor":19,"gold_loss":0},{"damage_healed":0,"gold_gain":0,"player_choice":"Obtained Relic","damage_taken":0,"relics_obtained":["Blood Vial"],"max_hp_gain":0,"max_hp_loss":0,"event_name":"Addict","floor":20,"gold_loss":85},{"damage_healed":0,"gold_gain":0,"player_choice":"Read","damage_taken":0,"max_hp_gain":0,"max_hp_loss":0,"event_name":"The Library","floor":21,"gold_loss":0,"cards_obtained":["Wallop"]},{"damage_healed":0,"gold_gain":0,"player_choice":"Ignored","damage_taken":0,"max_hp_gain":0,"max_hp_loss":0,"event_name":"Ghosts","floor":22,"gold_loss":0}],"is_beta":false,"boss_relics":[{"not_picked":["Runic Dome","Cursed Key"],"picked":"Empty Cage"}],"items_purged_floors":[],"is_endless":false,"potions_floor_spawned":[2,7,13,14,18,23],"killed_by":"2 Thieves","ascension_level":0}}