{"host":"Mute","time":1611664890,"event":{"mods":["BaseMod","Colored Map","Downfall","Minty Spire (QoL Compilation)","StSLib"],"gold_per_floor":[99,109,123,136,43,70,152,87,87,117,117,128,139,24,37,37,37,37],"floor_reached":16,"language":"ENG","playtime":1426,"items_purged":["hexamod:Defend","hexamod:Defend"],"score":112,"play_id":"15df1eef-325f-431d-8dd9-c6eeb32088cb","local_time":"20210126074130","is_ascension_mode":false,"campfire_choices":[{"data":"hexamod:Sear","floor":1,"key":"SMITH"},{"floor":9,"key":"REST"}],"circlet_count":0,"master_deck":["hexamod:Strike","hexamod:Strike","hexamod:Strike","hexamod:Strike","hexamod:Defend","hexamod:Defend","hexamod:Sear+1","hexamod:Float","hexamod:ThermalTransfer","hexamod:PowerFromBeyond","hexamod:FirstSeal","hexamod:ThirdSeal","hexamod:GhostOfSpireFuture","hexamod:FastForward","hexamod:HexaLevel","hexamod:SoulSteal","hexamod:BacktrackSmack","hexamod:FlamesFromBeyond","hexamod:ExtraCrispy","hexamod:FastForward","hexamod:TimeOfNeed","hexamod:EmpoweredFlame","hexamod:HauntingEcho"],"relics":["hexamod:SpiritBrand","Ginger","Smiling Mask","HornCleat","Bag of Marbles"],"acts_visited":["Exordium"],"potions_floor_usage":[13,13,14],"damage_taken":[{"damage":2,"enemies":"Small Slimes","floor":2,"turns":3},{"damage":0,"enemies":"Cultist","floor":3,"turns":3},{"damage":3,"enemies":"2 Louse","floor":4,"turns":3},{"damage":0,"enemies":"downfall:FleeingMerchant","floor":5,"turns":4},{"damage":41,"enemies":"Gremlin Nob","floor":6,"turns":6},{"damage":0,"enemies":"downfall:FleeingMerchant","floor":8,"turns":4},{"damage":30,"enemies":"3 Sentries","floor":10,"turns":12},{"damage":8,"enemies":"Red Slaver","floor":12,"turns":3},{"damage":0,"enemies":"Lots of Slimes","floor":13,"turns":3},{"damage":0,"enemies":"downfall:FleeingMerchant","floor":14,"turns":4},{"damage":1,"enemies":"2 Fungi Beasts","floor":15,"turns":3},{"damage":49,"enemies":"DF_ARCHETYPE_STREAMLINE","floor":16,"turns":9}],"seed_played":"2995934211714273857","potions_obtained":[{"floor":10,"key":"Block Potion"},{"floor":12,"key":"Block Potion"},{"floor":13,"key":"DistilledChaos"}],"is_trial":false,"path_per_floor":["R","M","M","M","$","E","T","$","R","E","?","M","M","$","M","B"],"character_chosen":"THE_SPIRIT","items_purchased":["hexamod:GhostOfSpireFuture","hexamod:HauntingEcho"],"campfire_rested":1,"item_purchase_floors":[5,14],"current_hp_per_floor":[49,47,47,44,51,17,17,24,45,22,22,21,28,35,41,0,0,0],"gold":37,"neow_bonus":"ONE_RARE_RELIC","is_daily":false,"chose_seed":false,"campfire_upgraded":1,"win_rate":0.0,"timestamp":1611664890,"path_taken":["R","M","M","M","$","E","T","$","R","E","?","?","M","?","M","BOSS"],"items_purchased_type":["Card","Card"],"build_version":"2020-12-18","purchased_purges":2,"victory":false,"max_hp_per_floor":[70,70,70,70,70,70,70,70,70,70,70,70,70,70,70,70,70,70],"card_choices":[{"not_picked":["hexamod:SwordOfDarkness","hexamod:GhostShield"],"picked":"hexamod:ThermalTransfer","floor":2},{"not_picked":["hexamod:CatchUp","hexamod:Firestarter"],"picked":"hexamod:PowerFromBeyond","floor":3},{"not_picked":["hexamod:GhostLash","hexamod:SoulSteal"],"picked":"hexamod:FirstSeal","floor":4},{"not_picked":["hexamod:SpectralAdrenaline","hexamod:GiftsFromTheDead"],"picked":"hexamod:ThirdSeal","floor":5},{"not_picked":["hexamod:PhantomCloak","hexamod:EtherealExpedition"],"picked":"hexamod:FastForward","floor":6},{"not_picked":["hexamod:HauntingEcho","hexamod:GhostShield"],"picked":"hexamod:HexaLevel","floor":6},{"not_picked":["hexamod:GhostLash","hexamod:SearingWound"],"picked":"hexamod:SoulSteal","floor":8},{"not_picked":["hexamod:InspiringFlames","hexamod:RainOfEmbers"],"picked":"hexamod:BacktrackSmack","floor":8},{"not_picked":["hexamod:GhostflameInferno","hexamod:GhostOfSpirePast"],"picked":"hexamod:FlamesFromBeyond","floor":10},{"not_picked":["hexamod:BacktrackSmack","hexamod:NecessarySacrifice"],"picked":"hexamod:ExtraCrispy","floor":12},{"not_picked":["hexamod:RadiantFlame","hexamod:Incineration","hexamod:RecurringNightmare"],"picked":"SKIP","floor":12},{"not_picked":["hexamod:HeatCrush","hexamod:NightmareStrike"],"picked":"hexamod:FastForward","floor":13},{"not_picked":["hexamod:SpectersWail","hexamod:NightmareStrike","hexamod:Firestarter"],"picked":"SKIP","floor":13},{"not_picked":["hexamod:HauntingEcho","hexamod:NightmareStrike"],"picked":"hexamod:TimeOfNeed","floor":14},{"not_picked":["hexamod:HeatCrush","hexamod:FlamesFromBeyond"],"picked":"hexamod:EmpoweredFlame","floor":14},{"not_picked":["hexamod:HeatMetal","hexamod:AdvancingGuard","hexamod:HauntingEcho"],"picked":"SKIP","floor":15},{"not_picked":["hexamod:NightmareGuise","hexamod:Haunt","hexamod:Hexaguard"],"picked":"SKIP","floor":15}],"player_experience":456809,"relics_obtained":[{"floor":6,"key":"Smiling Mask"},{"floor":7,"key":"HornCleat"},{"floor":10,"key":"Bag of Marbles"}],"event_choices":[{"damage_healed":0,"gold_gain":0,"player_choice":"Ignored","damage_taken":0,"max_hp_gain":0,"max_hp_loss":0,"event_name":"NoteForYourself","floor":11,"gold_loss":0}],"is_beta":true,"boss_relics":[],"items_purged_floors":[8,14],"is_endless":false,"potions_floor_spawned":[6,10,12,13],"killed_by":"DF_ARCHETYPE_STREAMLINE","ascension_level":0}}