{"host":"mj8akmyfd5lo602f","time":1611682593,"event":{"mods":["2.2 Compatiblity","Act Like it!","BaseMod","Bestiary","BshForSts","Colored Map","Colored Powertips","DeckTracker","Downfall","Highlight Path","Minty Spire (QoL Compilation)","Relic Stats","StSLib"],"gold_per_floor":[99,99,99,99,99,126,126,140,40,59,59,93,110,95,113,113,113,113],"floor_reached":16,"language":"ENG","playtime":1215,"items_purged":[],"score":133,"play_id":"91d7fa83-cf5a-4e3e-8a67-6417504ab29a","local_time":"20210126173633","is_ascension_mode":false,"campfire_choices":[{"floor":1.0,"key":"RECALL"},{"data":"bronze:CloningBeam","floor":9.0,"key":"SMITH"},{"floor":11.0,"key":"REST"}],"circlet_count":0,"master_deck":["bronze:Strike","bronze:Strike","bronze:Strike","bronze:Strike","bronze:Defend","bronze:Defend","bronze:Defend","bronze:Replicate","bronze:Goto","bronze:Shield","bronze:Safeguard","bronze:Shell","bronze:CloningBeam+1","bronze:WhirlingStrike","bronze:Iterate","bronze:ItsAFeature","bronze:DarkDash","bronze:Assembly","bronze:Fortify"],"relics":["bronze:BronzeCore","downfall:HeartsMalice","Question Card","downfall:HeartBlessingBlue","Strawberry"],"acts_visited":[],"potions_floor_usage":[16,16],"damage_taken":[{"damage":0.0,"enemies":"Jaw Worm","floor":2.0,"turns":1.0},{"damage":0.0,"enemies":"2 Louse","floor":3.0,"turns":1.0},{"damage":0.0,"enemies":"Small Slimes","floor":5.0,"turns":1.0},{"damage":43.0,"enemies":"Lagavulin","floor":6.0,"turns":14.0},{"damage":0.0,"enemies":"Exordium Thugs","floor":8.0,"turns":6.0},{"damage":16.0,"enemies":"Lots of Slimes","floor":10.0,"turns":2.0},{"damage":18.0,"enemies":"3 Sentries","floor":12.0,"turns":6.0},{"damage":9.0,"enemies":"Exordium Wildlife","floor":13.0,"turns":7.0},{"damage":0,"enemies":"downfall:FleeingMerchant","floor":14,"turns":4},{"damage":0,"enemies":"Large Slime","floor":15,"turns":7},{"damage":27,"enemies":"WA_ARCHETYPE_RETAIN","floor":16,"turns":10}],"seed_played":"-8559018516522943734","potions_obtained":[{"floor":6.0,"key":"LiquidMemories"},{"floor":8.0,"key":"Dexterity Potion"},{"floor":15,"key":"SpeedPotion"}],"is_trial":false,"path_per_floor":["R","M","M","?","M","E","T","M","R","M","R","E","M","$","M","B"],"character_chosen":"THE_AUTOMATON","items_purchased":[],"campfire_rested":1,"item_purchase_floors":[],"current_hp_per_floor":[70,70,70,70,70,27,27,27,37,21,45,34,25,25,25,0,0,0],"gold":113,"neow_bonus":"THREE_ENEMY_KILL","is_daily":false,"chose_seed":false,"campfire_upgraded":1,"win_rate":0.0,"timestamp":1611682593,"path_taken":["R","M","M","?","M","E","T","M","R","M","R","E","M","$","M","BOSS"],"items_purchased_type":[],"build_version":"2020-12-22","purchased_purges":0,"victory":false,"max_hp_per_floor":[70,70,70,70,70,70,70,70,80,80,80,87,87,87,87,87,87,87],"relic_stats":{"counters":[11,56],"Question Card":6,"obtain_stats":[{"bronze:BronzeCore":0,"downfall:HeartBlessingBlue":9,"Strawberry":12,"downfall:HeartsMalice":0,"Question Card":6},{"bronze:BronzeCore":0,"downfall:HeartBlessingBlue":5,"Strawberry":7,"downfall:HeartsMalice":0,"Question Card":4},{"bronze:BronzeCore":0,"downfall:HeartBlessingBlue":20,"Strawberry":28,"downfall:HeartsMalice":0,"Question Card":14}]},"card_choices":[{"not_picked":["bronze:WhirlingStrike","bronze:Deprecate"],"picked":"bronze:Shield","floor":2.0},{"not_picked":["bronze:Turbo","bronze:FineTuning"],"picked":"bronze:Safeguard","floor":3.0},{"not_picked":["bronze:DelayedGuard","bronze:Constructor"],"picked":"bronze:CloningBeam","floor":5.0},{"not_picked":["bronze:Shield","bronze:CutThrough"],"picked":"bronze:WhirlingStrike","floor":6.0},{"not_picked":["bronze:Turbo","bronze:DelayedGuard","bronze:BronzeArmor"],"picked":"bronze:Iterate","floor":8.0},{"not_picked":["bronze:Overheat","bronze:ClassDefault","bronze:Format"],"picked":"bronze:ItsAFeature","floor":10.0},{"not_picked":["bronze:DigitalCarnage","bronze:Separator","bronze:DelayedSlice"],"picked":"bronze:DarkDash","floor":12.0},{"not_picked":["bronze:DelayedGuard","bronze:Constructor","bronze:ForLoop","bronze:BitShift"],"picked":"SKIP","floor":13.0},{"not_picked":["bronze:Turbo","bronze:Repair","bronze:Invalidate"],"picked":"bronze:Assembly","floor":14},{"not_picked":["bronze:Boost","bronze:Shield","bronze:Safeguard"],"picked":"bronze:Fortify","floor":15}],"player_experience":432577,"relics_obtained":[{"floor":6.0,"key":"Question Card"},{"floor":12.0,"key":"Strawberry"}],"event_choices":[],"is_beta":false,"boss_relics":[],"items_purged_floors":[],"is_endless":false,"potions_floor_spawned":[6,8,15],"killed_by":"WA_ARCHETYPE_RETAIN","ascension_level":0}}