{"host":"gqhy17d1xpb1p3ki","time":1611633128,"event":{"mods":["2.2 Compatiblity","AchievementEnabler","Arknights The Spire","BaseMod","Bestiary","BetterRewards","Colored Map","Colored Powertips","Conspire","Curses Come First","Custom Start","DeckTracker","Downfall","Duelist Mod","Hermit","Highlight Path","Hubris","Infinite Spire","Jorbs\u0027s Wanderer Trilogy","Marisa????????","Minty Spire (QoL Compilation)","Quick Restart","Rare Cards Sparkle","Relic Stats","Remilia??????","Robot Space Explorer","Shop Mod","StSLib","Td1madao Mod","The Animator","The Bug Knight","The Cursed","The Disciple","The Hierophant","The Jungle","The Marked","The Mystic","The Necromancer","The Runesmith","The Senshi","The Servant 0.9.4","TheBandit","WarShipGirlsR/????R mod","Yuri Mod"],"gold_per_floor":[118,136,61,74,149,149,179,179,206,220,220,231,261,261,261,360,360,375,375,389,389,403,403,432,432,432,448,498,506,506],"floor_reached":29,"language":"ENG","playtime":7584,"items_purged":["Shame"],"score":253,"play_id":"aed26769-f866-48ac-b442-1267026076d8","local_time":"20210125225208","is_ascension_mode":false,"campfire_choices":[{"data":"theMarked:SoldierOfQuellstein","floor":6,"key":"SMITH"},{"data":"1","floor":8,"key":"LIFT"},{"data":"theMarked:Maelstrom","floor":11,"key":"SMITH"},{"data":"theMarked:EmpowerWeapon","floor":15,"key":"SMITH"},{"data":"2","floor":23,"key":"LIFT"},{"data":"hubris:Fate","floor":25,"key":"SMITH"}],"circlet_count":0,"master_deck":["theMarked:Strike","theMarked:Strike","theMarked:Strike","theMarked:Strike","theMarked:Strike","theMarked:Defend","theMarked:Defend","theMarked:Defend","theMarked:Defend","theMarked:SoldierOfQuellstein+1","theMarked:WardOff","theMarked:EmpowerWeapon+1","theMarked:Overcharge","theMarked:ParalyzingBlade","theMarked:TwofoldDefense","theMarked:RepellingDischarge","theMarked:Maelstrom+1","theMarked:EmpowerWeapon","theMarked:ChannelForce","theMarked:Parkour","theMarked:FavorableWinds","theMarked:ChainLightning","theMarked:StartUp","hubris:Fate+1","theMarked:Aftermath+1","theMarked:RogueSparks","theMarked:BanishingStrike"],"relics":["theMarked:ArtifactOfAir","Girya","PreservedInsect","Oddly Smooth Stone","Dream Catcher","Art of War","Incense Burner","Sozu","theJungle:SneckoAutograph","conspire:DeflatedDodgeball","Blood Vial","Kunai"],"acts_visited":["Exordium","Exordium"],"potions_floor_usage":[],"damage_taken":[{"damage":0,"enemies":"2 Louse","floor":1,"turns":2},{"damage":0,"enemies":"Cultist","floor":2,"turns":3},{"damage":4,"enemies":"Jaw Worm","floor":4,"turns":4},{"damage":8,"enemies":"Lagavulin","floor":7,"turns":10},{"damage":2,"enemies":"Looter","floor":10,"turns":3},{"damage":0,"enemies":"3 Louse","floor":12,"turns":3},{"damage":10,"enemies":"Gremlin Nob","floor":13,"turns":3},{"damage":14,"enemies":"The Guardian","floor":16,"turns":9},{"damage":1,"enemies":"theJungle:Flameango_and_Byrd","floor":18,"turns":5},{"damage":0,"enemies":"theJungle:GiantWrat","floor":20,"turns":5},{"damage":0,"enemies":"theJungle:JungleHuntersEncounter","floor":22,"turns":4},{"damage":4,"enemies":"theJungle:MamaSnecko","floor":24,"turns":4},{"damage":9,"enemies":"Snake Plant","floor":27,"turns":4},{"damage":65,"enemies":"conspire:MimicChest","floor":29,"turns":7}],"seed_played":"-4610479376295293005","potions_obtained":[{"floor":1,"key":"Explosive Potion"},{"floor":4,"key":"SpeedPotion"},{"floor":10,"key":"GamblersBrew"},{"floor":12,"key":"Fire Potion"}],"is_trial":false,"path_per_floor":["M","M","$","M","?","R","E","R","T","M","R","M","E","?","R","B",null,"M","?","M","AVR","M","R","E","R","T","M","?","?"],"character_chosen":"THE_DEFAULT","items_purchased":["theMarked:WardOff","Oddly Smooth Stone","theMarked:ParalyzingBlade"],"campfire_rested":0,"item_purchase_floors":[0,0,3],"current_hp_per_floor":[70,70,70,66,55,55,47,47,47,45,45,45,35,35,35,21,70,69,69,69,69,69,69,65,65,65,58,49,0,0],"gold":506,"neow_bonus":"","is_daily":false,"chose_seed":false,"campfire_upgraded":4,"win_rate":0.0,"timestamp":1611633128,"path_taken":["M","M","$","M","?","R","E","R","T","M","R","M","E","?","R","BOSS","M","?","M","AVR","M","R","E","R","T","M","?","?"],"items_purchased_type":["Card","Relic","Card"],"build_version":"2020-12-22","purchased_purges":1,"victory":false,"max_hp_per_floor":[70,70,70,70,70,70,70,70,70,70,70,70,70,70,70,70,70,70,70,70,70,70,70,70,70,70,70,70,70,70],"relic_stats":{"Sozu":2,"Blood Vial":4,"Dream Catcher":0,"counters":[14,66],"PreservedInsect":89,"Art of War":[4],"Kunai":[2],"obtain_stats":[{"Sozu":17,"Blood Vial":24,"Girya":0,"Dream Catcher":7,"theJungle:SneckoAutograph":19,"Oddly Smooth Stone":0,"PreservedInsect":0,"Art of War":9,"Incense Burner":13,"ats:Sanity":0,"Kunai":26,"conspire:DeflatedDodgeball":21},{"Sozu":8,"Blood Vial":12,"Girya":0,"Dream Catcher":4,"theJungle:SneckoAutograph":9,"Oddly Smooth Stone":0,"PreservedInsect":0,"Art of War":4,"Incense Burner":7,"ats:Sanity":0,"Kunai":12,"conspire:DeflatedDodgeball":10},{"Sozu":37,"Blood Vial":55,"Girya":0,"Dream Catcher":19,"theJungle:SneckoAutograph":42,"Oddly Smooth Stone":0,"PreservedInsect":0,"Art of War":19,"Incense Burner":28,"ats:Sanity":0,"Kunai":55,"conspire:DeflatedDodgeball":47}]},"card_choices":[{"not_picked":["theMarked:ChainLightning","theMarked:Aftermath"],"picked":"theMarked:EmpowerWeapon","floor":1},{"not_picked":["theMarked:Improvise","theMarked:WardOff"],"picked":"theMarked:Overcharge","floor":2},{"not_picked":["theMarked:Standoff","theMarked:HeightenedSenses"],"picked":"theMarked:TwofoldDefense","floor":4},{"not_picked":["theMarked:SelfDefenseTraining","theMarked:Defy"],"picked":"theMarked:RepellingDischarge","floor":7},{"not_picked":["theMarked:Electrocute","theMarked:ResourceFulStrike"],"picked":"theMarked:Maelstrom","floor":10},{"not_picked":["theMarked:SelfDefenseTraining","theMarked:Improvise"],"picked":"theMarked:EmpowerWeapon","floor":12},{"not_picked":["theMarked:ChainLightning","theMarked:Panic"],"picked":"theMarked:ChannelForce","floor":13},{"not_picked":["theMarked:SuspiciousRaven","theMarked:Abjuration"],"picked":"theMarked:FavorableWinds","floor":16},{"not_picked":["theMarked:SelfDefenseTraining","theMarked:ElectricStrings+1"],"picked":"theMarked:ChainLightning","floor":18},{"not_picked":["theMarked:Aftermath","theMarked:Improvise+1"],"picked":"theMarked:StartUp","floor":20},{"not_picked":["theMarked:Memento","theMarked:Determination"],"picked":"theMarked:Aftermath+1","floor":22},{"not_picked":["theMarked:ResourceFulStrike+1","theMarked:ElectricStrings"],"picked":"theMarked:RogueSparks","floor":24},{"not_picked":["theMarked:Generate","theMarked:ChainLightning"],"picked":"theMarked:BanishingStrike","floor":27}],"player_experience":439813,"relics_obtained":[{"floor":7,"key":"Dream Catcher"},{"floor":9,"key":"Art of War"},{"floor":13,"key":"Incense Burner"},{"floor":24,"key":"Blood Vial"},{"floor":26,"key":"Kunai"}],"event_choices":[{"damage_healed":0,"gold_gain":75,"player_choice":"Gather Gold","damage_taken":11,"max_hp_gain":0,"max_hp_loss":0,"event_name":"World of Goop","floor":5,"gold_loss":0},{"damage_healed":0,"gold_gain":0,"player_choice":"1 cards matched","damage_taken":0,"max_hp_gain":0,"max_hp_loss":0,"event_name":"Match and Keep!","floor":14,"gold_loss":0,"cards_obtained":["theMarked:Parkour"]}],"is_beta":false,"boss_relics":[{"not_picked":["conspire:SeveredTorchhead","SlaversCollar"],"picked":"Sozu"}],"items_purged_floors":[21],"is_endless":false,"potions_floor_spawned":[1,4,10,12,16,24,27],"killed_by":"conspire:MimicChest","ascension_level":0}}