{"host":"osfffw6eu3utmcte","time":1611703802,"event":{"mods":["AchievementEnabler","BaseMod","Hermit","Minty Spire (QoL Compilation)","StSLib"],"gold_per_floor":[114,132,132,64,82,82,108,108,162,162,172,206,206,218,218,323,323,263,263,263,263,263,263,263,263,263,263,263,263,263,263,263],"floor_reached":31,"language":"ENG","playtime":2460,"items_purged":[],"score":393,"play_id":"952096b6-a174-4b6d-b62c-164d9e383a3e","local_time":"20210127003002","is_ascension_mode":true,"campfire_choices":[{"data":"Bash","floor":6.0,"key":"SMITH"},{"data":"Ghostly Armor","floor":8.0,"key":"SMITH"},{"data":"Flex","floor":13.0,"key":"SMITH"},{"floor":15.0,"key":"REST"},{"floor":23.0,"key":"REST"},{"data":"Armaments","floor":25.0,"key":"SMITH"},{"floor":28,"key":"REST"},{"data":"Double Tap","floor":30,"key":"SMITH"}],"circlet_count":0,"master_deck":["Strike_R","Strike_R","Strike_R","Strike_R","Defend_R","Defend_R","Defend_R","Defend_R","Bash+1","Thunderclap","Pommel Strike","Ghostly Armor+1","Rampage","Flex+1","Havoc","Metallicize","True Grit","Double Tap+1","Clothesline","Armaments+1","Power Through","Shame","Shrug It Off+1","Evolve"],"relics":["SacredBark","Ancient Tea Set","Pen Nib","Regal Pillow","Happy Flower","Ectoplasm","White Beast Statue","Blue Candle","Juzu Bracelet","Omamori"],"acts_visited":[],"potions_floor_usage":[27,31],"damage_taken":[{"damage":4.0,"enemies":"Small Slimes","floor":1.0,"turns":4.0},{"damage":6.0,"enemies":"Cultist","floor":2.0,"turns":4.0},{"damage":0.0,"enemies":"2 Louse","floor":5.0,"turns":3.0},{"damage":15.0,"enemies":"3 Sentries","floor":7.0,"turns":7.0},{"damage":1.0,"enemies":"Lots of Slimes","floor":11.0,"turns":3.0},{"damage":17.0,"enemies":"Lagavulin","floor":12.0,"turns":7.0},{"damage":0.0,"enemies":"Exordium Thugs","floor":14.0,"turns":5.0},{"damage":23.0,"enemies":"The Guardian","floor":16.0,"turns":13.0},{"damage":5.0,"enemies":"2 Thieves","floor":18.0,"turns":4.0},{"damage":8.0,"enemies":"Shell Parasite","floor":20.0,"turns":5.0},{"damage":22.0,"enemies":"Centurion and Healer","floor":21.0,"turns":9.0},{"damage":13.0,"enemies":"Slavers","floor":24.0,"turns":8.0},{"damage":51,"enemies":"Gremlin Leader","floor":27,"turns":7},{"damage":33,"enemies":"Colosseum Slavers","floor":31,"turns":6},{"damage":25,"enemies":"Colosseum Nobs","floor":31,"turns":3}],"seed_played":"-7468048998461961474","potions_obtained":[{"floor":1.0,"key":"ElixirPotion"},{"floor":16.0,"key":"Weak Potion"},{"floor":20.0,"key":"BlessingOfTheForge"},{"floor":21.0,"key":"Ancient Potion"},{"floor":24.0,"key":"SteroidPotion"},{"floor":27,"key":"SpeedPotion"}],"is_trial":false,"path_per_floor":["M","M","?","$","M","R","E","R","T","?","M","E","R","M","R","B",null,"M","?","M","M","?","R","E","R","T","E","R","?","R","?"],"character_chosen":"IRONCLAD","items_purchased":["Ghostly Armor"],"campfire_rested":3,"item_purchase_floors":[4],"current_hp_per_floor":[68,62,62,62,62,62,47,47,47,47,46,29,29,29,68,45,71,66,66,58,36,36,75,62,62,62,11,50,55,55,0,0],"gold":263,"neow_bonus":"BOSS_RELIC","is_daily":false,"chose_seed":false,"campfire_upgraded":5,"win_rate":0.0,"timestamp":1611703802,"path_taken":["M","M","?","?","M","R","E","R","T","?","M","E","R","?","R","BOSS","M","?","M","M","?","R","E","R","T","E","R","?","R","?"],"items_purchased_type":["Card"],"build_version":"2020-12-22","purchased_purges":0,"victory":false,"max_hp_per_floor":[80,80,80,80,80,80,80,80,80,80,80,80,80,80,80,80,80,80,80,80,80,80,80,80,80,80,80,80,80,80,80,80],"card_choices":[{"not_picked":["Rupture","Flex"],"picked":"Thunderclap","floor":1.0},{"not_picked":["Blood for Blood","Cleave"],"picked":"Pommel Strike","floor":2.0},{"not_picked":["Rage","Searing Blow"],"picked":"Rampage","floor":5.0},{"not_picked":["Twin Strike","Pommel Strike"],"picked":"Flex","floor":7.0},{"not_picked":["Reckless Charge","Headbutt"],"picked":"Havoc","floor":11.0},{"not_picked":["Inflame","Twin Strike"],"picked":"Metallicize","floor":12.0},{"not_picked":["Sword Boomerang","Headbutt"],"picked":"True Grit","floor":14.0},{"not_picked":["Bludgeon","Offering"],"picked":"Double Tap","floor":16.0},{"not_picked":["Wild Strike","True Grit"],"picked":"Clothesline","floor":18.0},{"not_picked":["Ghostly Armor","Havoc+1"],"picked":"Armaments","floor":20.0},{"not_picked":["Hemokinesis+1","Flex"],"picked":"Power Through","floor":21.0},{"not_picked":["Intimidate","Cleave"],"picked":"Shrug It Off+1","floor":24.0},{"not_picked":["Clothesline","Twin Strike"],"picked":"Evolve","floor":27}],"player_experience":583017,"relics_obtained":[{"floor":3.0,"key":"Ancient Tea Set"},{"floor":7.0,"key":"Pen Nib"},{"floor":9.0,"key":"Regal Pillow"},{"floor":12.0,"key":"Happy Flower"},{"floor":24.0,"key":"Blue Candle"},{"floor":26.0,"key":"Juzu Bracelet"},{"floor":27,"key":"Omamori"}],"event_choices":[{"damage_healed":0.0,"max_hp_gain":0.0,"max_hp_loss":0.0,"gold_gain":0.0,"event_name":"Wheel of Change","player_choice":"Relic","floor":3.0,"gold_loss":0.0,"damage_taken":0.0},{"cards_removed":["Strike_R"],"damage_healed":0.0,"max_hp_gain":0.0,"max_hp_loss":0.0,"gold_gain":0.0,"event_name":"Purifier","player_choice":"Purged","floor":10.0,"gold_loss":0.0,"damage_taken":0.0},{"damage_healed":0.0,"max_hp_gain":0.0,"max_hp_loss":0.0,"gold_gain":0.0,"event_name":"Drug Dealer","player_choice":"Obtain J.A.X.","floor":19.0,"gold_loss":0.0,"damage_taken":0.0,"cards_obtained":["J.A.X."]},{"damage_healed":0.0,"max_hp_gain":0.0,"max_hp_loss":0.0,"gold_gain":0.0,"event_name":"Addict","player_choice":"Stole Relic","floor":22.0,"gold_loss":0.0,"damage_taken":0.0,"relics_obtained":["White Beast Statue"],"cards_obtained":["Shame"]},{"cards_removed":["J.A.X."],"damage_healed":5,"gold_gain":0,"player_choice":"Offered Special","damage_taken":0,"max_hp_gain":0,"max_hp_loss":0,"event_name":"Bonfire Elementals","floor":29,"gold_loss":0},{"damage_healed":0,"gold_gain":0,"player_choice":"Fight","damage_taken":0,"max_hp_gain":0,"max_hp_loss":0,"event_name":"Colosseum","floor":31,"gold_loss":0},{"damage_healed":0,"gold_gain":0,"player_choice":"Fought Nobs","damage_taken":0,"max_hp_gain":0,"max_hp_loss":0,"event_name":"Colosseum","floor":31,"gold_loss":0}],"is_beta":false,"boss_relics":[{"not_picked":["Astrolabe","Velvet Choker"],"picked":"Ectoplasm"}],"items_purged_floors":[],"is_endless":false,"potions_floor_spawned":[1,16,20,21,24,27,31],"killed_by":"Colosseum Nobs","ascension_level":8}}