{"host":"bsjxazy3oyu2p5p6","time":1611630394,"event":{"mods":["AchievementEnabler","BaseMod","Colored Map","Colored Powertips","Minty Spire (QoL Compilation)"],"gold_per_floor":[219,219,294,314,314,345,345,363,387,398,398,398,2,18,18,117,117,133,133,150,150,164,164,184,184,184],"floor_reached":25,"language":"ENG","playtime":1383,"items_purged":[],"score":203,"play_id":"880c74f7-fec9-475e-8e3c-9c927c013873","local_time":"20210125200634","is_ascension_mode":false,"campfire_choices":[{"floor":7,"key":"REST"},{"floor":11,"key":"REST"},{"data":"Apotheosis","floor":15,"key":"SMITH"},{"floor":23,"key":"REST"}],"circlet_count":0,"master_deck":["Strike_P+1","Strike_P+1","Strike_P+1","Strike_P+1","Defend_P+1","Defend_P+1","Defend_P+1","Defend_P+1","Eruption","Vigilance","FlurryOfBlows","FollowUp","DevaForm","Evaluate","Apotheosis+1","Devotion","TalkToTheHand","Worship","Devotion","FollowUp","Prostrate","Swivel","SashWhip","FlurryOfBlows"],"relics":["HolyWater","Boot","Smiling Mask"],"acts_visited":["Exordium","TheCity"],"potions_floor_usage":[6,14,16,16,20,24],"damage_taken":[{"damage":0,"enemies":"2 Louse","floor":1,"turns":2},{"damage":0,"enemies":"Jaw Worm","floor":4,"turns":4},{"damage":21,"enemies":"3 Sentries","floor":6,"turns":8},{"damage":0,"enemies":"Cultist","floor":8,"turns":3},{"damage":5,"enemies":"2 Fungi Beasts","floor":10,"turns":4},{"damage":1,"enemies":"Looter","floor":14,"turns":3},{"damage":23,"enemies":"The Guardian","floor":16,"turns":8},{"damage":13,"enemies":"Spheric Guardian","floor":18,"turns":4},{"damage":35,"enemies":"2 Thieves","floor":20,"turns":4},{"damage":0,"enemies":"Centurion and Healer","floor":22,"turns":7},{"damage":4,"enemies":"Snecko","floor":24,"turns":4},{"damage":46,"enemies":"Sentry and Sphere","floor":25,"turns":3}],"seed_played":"-8139356315377575111","potions_obtained":[{"floor":1,"key":"Explosive Potion"},{"floor":6,"key":"Explosive Potion"},{"floor":10,"key":"GamblersBrew"},{"floor":14,"key":"SteroidPotion"},{"floor":18,"key":"DuplicationPotion"},{"floor":22,"key":"SneckoOil"}],"is_trial":false,"path_per_floor":["M","?","?","M","?","E","R","M","T","M","R","?","$","M","R","B",null,"M","?","M","?","M","R","M","M"],"character_chosen":"WATCHER","items_purchased":["Apotheosis","Devotion","TalkToTheHand"],"campfire_rested":3,"item_purchase_floors":[13,13,13],"current_hp_per_floor":[72,72,61,61,47,26,47,47,47,42,63,63,63,62,62,39,72,59,59,24,24,24,45,41,0,0],"gold":184,"neow_bonus":"HUNDRED_GOLD","is_daily":false,"chose_seed":false,"campfire_upgraded":1,"win_rate":0.0,"timestamp":1611630394,"path_taken":["M","?","?","M","?","E","R","M","T","M","R","?","$","?","R","BOSS","M","?","M","?","M","R","M","M"],"items_purchased_type":["Card","Card","Card"],"build_version":"2020-12-22","purchased_purges":0,"victory":false,"max_hp_per_floor":[72,72,72,72,72,72,72,72,72,72,72,72,72,72,72,72,72,72,72,72,72,72,72,72,72,72],"card_choices":[{"not_picked":["Tantrum","Crescendo"],"picked":"FlurryOfBlows","floor":1},{"not_picked":["SashWhip","Halt"],"picked":"FollowUp","floor":4},{"not_picked":["Consecrate","Protect"],"picked":"DevaForm","floor":6},{"not_picked":["Meditate","ReachHeaven"],"picked":"JustLucky","floor":8},{"not_picked":["Wallop","ThirdEye"],"picked":"Evaluate","floor":10},{"not_picked":["FollowUp","Sanctity"],"picked":"Worship","floor":14},{"not_picked":["ConjureBlade","Blasphemy"],"picked":"Devotion","floor":16},{"not_picked":["Protect","SandsOfTime+1"],"picked":"FollowUp","floor":18},{"not_picked":["Consecrate","Fasting2"],"picked":"Prostrate","floor":20},{"not_picked":["Protect+1","FlyingSleeves"],"picked":"SashWhip","floor":22},{"not_picked":["BowlingBash","Nirvana"],"picked":"FlurryOfBlows","floor":24}],"player_experience":496052,"relics_obtained":[{"floor":6,"key":"Boot"},{"floor":9,"key":"Smiling Mask"}],"event_choices":[{"damage_healed":0,"gold_gain":0,"player_choice":"Ignored","damage_taken":0,"max_hp_gain":0,"max_hp_loss":0,"event_name":"Golden Wing","floor":2,"gold_loss":0},{"damage_healed":0,"gold_gain":75,"player_choice":"Gather Gold","damage_taken":11,"max_hp_gain":0,"max_hp_loss":0,"event_name":"World of Goop","floor":3,"gold_loss":0},{"damage_healed":0,"gold_gain":0,"player_choice":"Entered Light","damage_taken":14,"max_hp_gain":0,"max_hp_loss":0,"event_name":"Shining Light","floor":5,"gold_loss":0,"cards_upgraded":["Strike_P","Strike_P"]},{"damage_healed":0,"gold_gain":0,"player_choice":"Ignored","damage_taken":0,"max_hp_gain":0,"max_hp_loss":0,"event_name":"Liars Game","floor":12,"gold_loss":0},{"damage_healed":0,"gold_gain":0,"player_choice":"Simplicity","damage_taken":0,"max_hp_gain":0,"max_hp_loss":0,"event_name":"Back to Basics","floor":19,"gold_loss":0,"cards_upgraded":["Strike_P","Strike_P","Defend_P","Defend_P","Defend_P","Defend_P"]},{"damage_healed":0,"gold_gain":0,"cards_transformed":["JustLucky"],"player_choice":"Transformed","damage_taken":0,"max_hp_gain":0,"max_hp_loss":0,"event_name":"Transmorgrifier","floor":21,"gold_loss":0,"cards_obtained":["Swivel"]}],"is_beta":false,"boss_relics":[{"not_picked":["Tiny House","Snecko Eye"],"picked":"HolyWater"}],"items_purged_floors":[],"is_endless":false,"potions_floor_spawned":[1,6,10,14,18,22],"killed_by":"Sentry and Sphere","ascension_level":0}}