{"host":"kiczkwpc36uxnkg8","time":1611674865,"event":{"mods":["AchievementEnabler","Act Like it!","Aspiration","BaseMod","Colored Powertips","Energized Spire","GifTheSpireLib","Hubris","Infinite Spire","Koishi","Minty Spire (QoL Compilation)","Pale of the Ancients","Permanent Neow","Quick Restart","Relic Filter","Remilia??????","Replay The Spire","Spicy Shops","StSLib","Stuff the Spire","The Bug Knight","The Servant 0.9.4","Wandering Minibosses"],"gold_per_floor":[112,112,212,226,244,244,244,270,350,376,376,376,376,402,402,402,402],"floor_reached":16,"language":"ENG","playtime":594,"items_purged":[],"score":143,"play_id":"7cd7fdb0-c10b-4ddf-828b-4be1fe218563","local_time":"20210126152745","is_ascension_mode":true,"campfire_choices":[{"data":"Time Bomb","floor":6.0,"key":"SMITH"},{"floor":12,"key":"REST"},{"floor":15,"key":"REST"}],"circlet_count":0,"master_deck":["Strike_B","Strike_B","Strike_B","Strike_B","Defend_B","Defend_B+1","Defend_B","Defend_B+1","Zap","Dualcast","Time Bomb+1","BootSequence+1","Ball Lightning","Time Bomb"],"relics":["Inserter","hubris:Towel","Replay:Rubber Ducky","Mummified Hand","Toy Ornithopter","Mirror"],"acts_visited":["Exordium"],"potions_floor_usage":[10,14,16],"damage_taken":[{"damage":5.0,"enemies":"2 Louse","floor":1.0,"turns":4.0},{"damage":7.0,"enemies":"Jaw Worm","floor":4.0,"turns":7.0},{"damage":5.0,"enemies":"Cultist","floor":5.0,"turns":5.0},{"damage":25,"enemies":"3 Sentries","floor":10,"turns":8},{"damage":24,"enemies":"HollowMod:MossKnight","floor":14,"turns":11},{"damage":87,"enemies":"Fading Forest","floor":16,"turns":10}],"seed_played":"-8339226074104241295","potions_obtained":[{"floor":1.0,"key":"FearPotion"},{"floor":4.0,"key":"Reflective Coating"},{"floor":5.0,"key":"SpeedPotion"}],"is_trial":false,"path_per_floor":["M","?","?","M","M","R","?","T","T","E","?","R","?","E","R","B"],"character_chosen":"DEFECT","items_purchased":[],"campfire_rested":2,"item_purchase_floors":[],"current_hp_per_floor":[63,48,48,41,36,36,36,36,36,11,11,33,58,39,61,0,0],"gold":402,"neow_bonus":"BOSS_RELIC","is_daily":false,"chose_seed":false,"campfire_upgraded":1,"win_rate":0.0,"timestamp":1611674865,"path_taken":["M","?","?","?","M","R","?","?","T","E","?","R","?","E","R","BOSS"],"items_purchased_type":[],"build_version":"2020-12-22","purchased_purges":0,"victory":false,"max_hp_per_floor":[75,75,75,75,75,75,75,75,75,75,75,75,75,75,75,75,75],"card_choices":[{"not_picked":["Cold Snap","StuffTheSpire:LoadUp"],"picked":"Time Bomb","floor":1.0},{"not_picked":["Hologram","Gash","StuffTheSpire:Plugnplay"],"picked":"SKIP","floor":4.0},{"not_picked":["hubris:PowerSurge","ReplayTheSpireMod:GoodbyeWorld"],"picked":"BootSequence","floor":5.0},{"not_picked":["ReplayGash","Go for the Eyes"],"picked":"Ball Lightning","floor":10},{"not_picked":["Beam Cell","Hologram"],"picked":"Time Bomb","floor":14}],"player_experience":645706,"relics_obtained":[{"floor":8.0,"key":"Replay:Rubber Ducky"},{"floor":9.0,"key":"Mummified Hand"},{"floor":10,"key":"Toy Ornithopter"},{"floor":14,"key":"Mirror"}],"event_choices":[{"damage_healed":0.0,"max_hp_gain":0.0,"max_hp_loss":0.0,"gold_gain":0.0,"event_name":"Shining Light","player_choice":"Entered Light","floor":2.0,"gold_loss":0.0,"damage_taken":15.0,"cards_upgraded":["Defend_B","Defend_B"]},{"damage_healed":0.0,"max_hp_gain":0.0,"max_hp_loss":0.0,"gold_gain":100.0,"event_name":"Golden Shrine","player_choice":"Pray","floor":3.0,"gold_loss":0.0,"damage_taken":0.0},{"damage_healed":25,"gold_gain":0,"player_choice":"Banana","damage_taken":0,"max_hp_gain":0,"max_hp_loss":0,"event_name":"Big Fish","floor":13,"gold_loss":0}],"is_beta":false,"boss_relics":[],"items_purged_floors":[],"is_endless":false,"potions_floor_spawned":[1,4,5],"killed_by":"Fading Forest","ascension_level":7}}