{"host":"zxd7sxkt31l2m2hb","time":1611687258,"event":{"mods":["AchievementEnabler","BaseMod","BetterRewards","Colored Map","Colored Powertips","Highlight Path","Minty Spire (QoL Compilation)","Quick Restart","StSLib","SuperFastMode","The Jungle","slay the spire mod where everything is the same but ironclad has a cowboy hat"],"gold_per_floor":[111,79,79,90,110,110,110],"floor_reached":6,"language":"DEU","playtime":974,"items_purged":[],"score":36,"play_id":"4b6a0a09-5422-49ca-8c56-50371654da39","local_time":"20210126195418","daily_mods":["SealedDeck","Allstar","Red Cards","Heirloom","Night Terrors","Uncertain Future"],"is_ascension_mode":false,"campfire_choices":[],"circlet_count":0,"master_deck":["Spot Weakness","Genetic Algorithm","Blizzard","Body Slam","Turbo","Go for the Eyes","Defragment","Redo","Coolheaded","Shrug It Off"],"relics":["Cracked Core","Thread and Needle"],"acts_visited":["Exordium"],"potions_floor_usage":[],"damage_taken":[{"damage":5,"enemies":"Jaw Worm","floor":1,"turns":3},{"damage":8,"enemies":"Small Slimes","floor":4,"turns":4},{"damage":0,"enemies":"Cultist","floor":5,"turns":5},{"damage":0,"enemies":"3 Sentries","floor":6,"turns":1}],"seed_played":"-7063001953659852093","potions_obtained":[{"floor":5,"key":"Energy Potion"}],"is_trial":true,"path_per_floor":["M","?","?","M","M","E"],"character_chosen":"DEFECT","items_purchased":[],"campfire_rested":0,"item_purchase_floors":[],"current_hp_per_floor":[70,70,63,55,55,55,55],"gold":110,"neow_bonus":"","is_daily":false,"chose_seed":false,"campfire_upgraded":0,"win_rate":0.0,"timestamp":1611687258,"path_taken":["M","?","?","M","M","E"],"items_purchased_type":[],"build_version":"2020-12-22","purchased_purges":0,"victory":false,"max_hp_per_floor":[75,75,75,75,75,75,75],"card_choices":[{"not_picked":["Wild Strike","Streamline"],"picked":"Shrug It Off","floor":1},{"not_picked":["Anger","Body Slam","Thunderclap"],"picked":"SKIP","floor":4},{"not_picked":["Streamline","Havoc","Flex"],"picked":"SKIP","floor":5}],"player_experience":112912,"relics_obtained":[],"event_choices":[{"damage_healed":0,"gold_gain":0,"player_choice":"Left Gold","damage_taken":0,"max_hp_gain":0,"max_hp_loss":0,"event_name":"World of Goop","floor":2,"gold_loss":32},{"cards_removed":["Blizzard"],"damage_healed":0,"gold_gain":0,"player_choice":"Card Removal","damage_taken":7,"max_hp_gain":0,"max_hp_loss":0,"event_name":"Golden Wing","floor":3,"gold_loss":0}],"is_beta":false,"boss_relics":[],"items_purged_floors":[],"is_endless":false,"potions_floor_spawned":[5],"killed_by":"3 Sentries","ascension_level":0}}