{"host":"o0df4zrtlkp0p8rf","time":1611647885,"event":{"mods":["2.2 Compatiblity","Act Like it!","Arknights The Spire","Astrologer","BaseMod","Bestiary","Better Third Choice","BetterRewards","Colored Map","Conspire","Downfall","Duelist Mod","Energized Spire","GifTheSpireLib","Halation","Hermit","Highlight Path","Hubris","Infinite Spire","Mimic Mod","Minty Spire (QoL Compilation)","Rare Cards Sparkle","Reliquary","Replay The Spire","Robot Space Explorer","Shop Mod","Small Relic Pack","Spire Arcade","StSLib","Stuff the Spire","The Accelerator","The Bug Knight","The Cursed","The Disciple","The Forsaken","The Hierophant","The Jungle","The Marked","The Necromancer","The Runesmith"],"gold_per_floor":[143,143,159,109,124,164,164,34,86,116,116,84,100,135,135,254,254,264,264,339,339,353,353,353],"floor_reached":23,"language":"ENG","playtime":2085,"items_purged":[],"score":193,"play_id":"17e0cbd8-797a-4da4-8b54-0f73438cf6d2","local_time":"20210125235805","is_ascension_mode":false,"campfire_choices":[{"data":"theDuelist:ElectromagneticShield","floor":7,"key":"SMITH"},{"data":"theDuelist:CastleWalls","floor":15,"key":"SMITH"}],"circlet_count":0,"master_deck":["theDuelist:BeaverWarrior","theDuelist:BeaverWarrior","theDuelist:CastleWalls+1","theDuelist:CastleWalls","theDuelist:FinalFlame","theDuelist:GiantSoldier","theDuelist:GiantSoldier","theDuelist:ScrapFactory","theDuelist:Sparks","theDuelist:Sparks","theDuelist:Hinotama","theDuelist:ElectromagneticShield+1","conspire:SpireCoStock","theDuelist:KamionTimelord","theDuelist:RainbowNeos","theDuelist:FrontierWiseman","theDuelist:WhiteHowling+1","theDuelist:SpiritHarp","theDuelist:MiraculousDescent","theDuelist:SwordsRevealing","theDuelist:Tuningware","theDuelist:LegendHeart","theDuelist:HappyLover","theDuelist:Eva"],"relics":["theDuelist:MillenniumPuzzle","theDuelist:CardPoolRelic","theDuelist:CardPoolBasicRelic","theDuelist:BoosterPackPoolRelic","theDuelist:CardPoolAddRelic","theDuelist:CardPoolMinusRelic","theDuelist:CardPoolSaveRelic","theDuelist:CardPoolOptionsRelic","NeowsBlessing","theDuelist:ZoneToken","reliquary:ExpiredCoupon","betterThird:SlimedRelic","relicPack:KazumaCape"],"acts_visited":["Exordium","TheCity"],"potions_floor_usage":[22,22,22],"damage_taken":[{"damage":0,"enemies":"Cultist","floor":1,"turns":1},{"damage":0,"enemies":"Jaw Worm","floor":3,"turns":1},{"damage":0,"enemies":"Small Slimes","floor":5,"turns":1},{"damage":20,"enemies":"Gremlin Nob","floor":6,"turns":5},{"damage":3,"enemies":"2 Fungi Beasts","floor":10,"turns":3},{"damage":4,"enemies":"Exordium Thugs","floor":13,"turns":4},{"damage":0,"enemies":"Large Slime","floor":14,"turns":4},{"damage":5,"enemies":"Hexaghost","floor":16,"turns":10},{"damage":16,"enemies":"Shell Parasite","floor":18,"turns":6},{"damage":10,"enemies":"Spheric Guardian","floor":20,"turns":4},{"damage":24,"enemies":"Snecko","floor":22,"turns":6},{"damage":15,"enemies":"Slavers","floor":23,"turns":1}],"seed_played":"5216475353825335471","potions_obtained":[{"floor":1,"key":"theDuelist:ElectricBrew"},{"floor":3,"key":"theDuelist:DebuffFuryPotion"},{"floor":13,"key":"theDuelist:TokenPotionB"}],"is_trial":false,"path_per_floor":["M","?","M","?","M","E","R","$","T","M","?","?","M","M","R","B",null,"M","?","M","?","M","E"],"character_chosen":"THE_DUELIST","items_purchased":["theDuelist:FrontierWiseman","theDuelist:WhiteHowling+1"],"campfire_rested":0,"item_purchase_floors":[8,8],"current_hp_per_floor":[80,80,77,77,74,54,54,54,54,51,51,40,36,36,36,31,59,43,43,33,33,11,0,0],"gold":353,"neow_bonus":"THREE_ENEMY_KILL","is_daily":false,"chose_seed":false,"campfire_upgraded":2,"win_rate":0.0,"timestamp":1611647885,"path_taken":["M","?","?","?","M","E","R","$","T","M","?","?","M","M","R","BOSS","M","?","M","?","M","E"],"items_purchased_type":["Card","Card"],"build_version":"2020-12-22","purchased_purges":0,"victory":false,"max_hp_per_floor":[80,80,77,77,74,71,71,71,71,68,68,68,65,62,62,59,59,56,56,53,53,55,55,55],"card_choices":[{"not_picked":["theDuelist:DoubleTool","theDuelist:CoreBlaster","theDuelist:BigFire","theDuelist:StarBlast"],"picked":"theDuelist:Hinotama","floor":1},{"not_picked":["theDuelist:WhiteHowling","theDuelist:ImperialOrder","theDuelist:MiraculousDescent","theDuelist:SwordsConcealing"],"picked":"theDuelist:ElectromagneticShield","floor":3},{"not_picked":["theDuelist:PineappleBlast","theDuelist:ForbiddenLance"],"picked":"theDuelist:KamionTimelord","floor":5},{"not_picked":["theDuelist:DoubleTool","theDuelist:OnslaughtFireKings","theDuelist:DarkBurningAttack","theDuelist:BlackPendant"],"picked":"theDuelist:RainbowNeos","floor":6},{"not_picked":["theDuelist:BigFire","theDuelist:EgoBoost","theDuelist:DeltaAttacker","theDuelist:DarkFactory"],"picked":"theDuelist:MeteorDestruction","floor":10},{"not_picked":["theDuelist:Hinotama","theDuelist:WhiteMagicalHat","theDuelist:EgoBoost","theDuelist:AfterGenocide"],"picked":"theDuelist:SpiritHarp","floor":13},{"not_picked":["theDuelist:WhiteHowling","theDuelist:ImperialOrder","theDuelist:ElectromagneticShield"],"picked":"theDuelist:MiraculousDescent","floor":14},{"not_picked":["theDuelist:YamiForm","theDuelist:Raigeki","theDuelist:PineappleBlast","theDuelist:ForbiddenLance"],"picked":"theDuelist:SwordsRevealing","floor":16},{"not_picked":["theDuelist:Hinotama","theDuelist:WormApocalypse","theDuelist:MeteorDestruction","theDuelist:PowerKaishin+1"],"picked":"theDuelist:Tuningware","floor":18},{"not_picked":["theDuelist:MeteorDestruction","theDuelist:BigFire","theDuelist:SwordDeepSeated+1","theDuelist:OnslaughtFireKings+1"],"picked":"theDuelist:LegendHeart","floor":20},{"not_picked":["theDuelist:SpellShatteringArrow+1","theDuelist:MagnumShield","theDuelist:DoubleTool+1","theDuelist:CrossAttack"],"picked":"theDuelist:Eva","floor":22}],"player_experience":171539,"relics_obtained":[{"floor":6,"key":"theDuelist:ZoneToken"},{"floor":9,"key":"reliquary:ExpiredCoupon"}],"event_choices":[{"damage_healed":0,"gold_gain":0,"player_choice":"Ignored","damage_taken":0,"max_hp_gain":0,"max_hp_loss":0,"event_name":"NoteForYourself","floor":2,"gold_loss":0},{"damage_healed":0,"gold_gain":0,"player_choice":"Invest 1","damage_taken":0,"max_hp_gain":0,"max_hp_loss":0,"event_name":"conspire:Investor","floor":4,"gold_loss":0},{"damage_healed":0,"gold_gain":0,"player_choice":"Leave","duelist":true,"damage_taken":0,"max_hp_gain":0,"max_hp_loss":0,"event_name":"Relic Duplicator","floor":11,"gold_loss":0},{"damage_healed":0,"gold_gain":0,"player_choice":"Slimed","damage_taken":11,"max_hp_gain":0,"max_hp_loss":0,"event_name":"betterThird:BetterGoop","floor":12,"gold_loss":32},{"damage_healed":0,"gold_gain":0,"player_choice":"Ignored","damage_taken":0,"max_hp_gain":0,"max_hp_loss":0,"event_name":"Ghosts","floor":19,"gold_loss":0},{"damage_healed":0,"gold_gain":0,"cards_transformed":["theDuelist:MeteorDestruction"],"player_choice":"Transformed","damage_taken":0,"max_hp_gain":0,"max_hp_loss":0,"event_name":"Transmorgrifier","floor":21,"gold_loss":0,"cards_obtained":["theDuelist:HappyLover"]}],"is_beta":false,"boss_relics":[{"not_picked":["Replay:Drink Me","halation:CatFaceCupcake"],"picked":"relicPack:KazumaCape"}],"items_purged_floors":[],"is_endless":false,"potions_floor_spawned":[1,3,13,16,18],"killed_by":"Slavers","ascension_level":0}}