{"host":"mgjbkrm6zb65cm01","time":1611674960,"event":{"mods":["ATMod(°¢èªMod)","BaseMod","Conspire","Good Game Mod","Marisa£¨ìFÓê¡¡Ä§ÀíÉ³£©","Minty Spire (QoL Compilation)","Quick Restart","Relic Stats","Replay The Spire","Spicy Shops","StSLib","The Bladedancer","The Servant 0.9.4","UnlockEverythingMod","noobMod"],"gold_per_floor":[110,1,12,28,39,72,83,114,114,63,82,102,102,4,4,109,209,221,249,174,186,204,204,235,5,5,16,16,31,31,62,62,162,162,179,198,218,218,218,228,247,247,280,297,297,297,297,19,48,59,59,59,59,59,19,47,47],"floor_reached":58,"language":"ZHS","playtime":4710,"items_purged":["Defend_P","Strike_P"],"score":1298,"play_id":"d6d8de24-1e3c-443f-8493-a90d386f020e","local_time":"20210126232920","is_ascension_mode":false,"campfire_choices":[{"floor":13,"key":"RECALL"},{"data":"BattleHymn","floor":15,"key":"SMITH"},{"data":"ClearTheMind","floor":23,"key":"SMITH"},{"data":"Adaptation","floor":30,"key":"SMITH"},{"data":"Eruption","floor":42,"key":"SMITH"},{"data":"Wallop","floor":51,"key":"SMITH"},{"data":"EmptyFist","floor":54,"key":"SMITH"}],"circlet_count":0,"master_deck":["Strike_P","Strike_P","Defend_P","Defend_P","Defend_P","Eruption+1","Vigilance","AT_FamilyPortrait+1","Finesse","BattleHymn+1","InnerPeace","FollowUp","Adaptation+1","CrushJoints","AT_DivineConfetti","Halt","ClearTheMind+1","Wallop+1","EmptyBody","EmptyFist+1","ThirdEye","Evaluate","Judgement+1","Consecrate+1","CutThroughFate+1","Crescendo+1","BowlingBash+1","TalkToTheHand","EmptyFist","Replay:ManipulateFuture+1","FlyingSleeves+1","Conclude+1","Shame","Alpha+1","Prostrate+1","Replay:Battleflow+1","JustLucky+1","ThirdEye+1","Replay:Vibes+1","Replay:Hum+1","EmptyBody+1","ClearTheMind+1","Tantrum+1","AT_SoftenMuscles+1","ReachHeaven","Vengeance+1"],"relics":["PureWater","REME:ComplimentaryCards","ice","AT_ATBox","MealTicket","conspire:DeflatedDodgeball","Replay:Wanted Poster","Bird Faced Urn","Toxic Egg 2","Replay:Purple Gloves","AT_SilvercatRing","Akabeko","Replay:Rubber Ducky","conspire:SpecialSausage","CaptainsWheel","AT_DeathDance","Singing Bowl","Guide Book","Blue Candle","AT_RedTearstoneRing"],"acts_visited":["Exordium","TheCity","TheBeyond","TheEnding"],"potions_floor_usage":[19,24,52,57,57],"damage_taken":[{"damage":2.0,"enemies":"Cultist","floor":1.0,"turns":5.0},{"damage":0.0,"enemies":"2 Louse","floor":3.0,"turns":2.0},{"damage":18.0,"enemies":"Jaw Worm","floor":4.0,"turns":3.0},{"damage":0.0,"enemies":"Large Slime","floor":5.0,"turns":4.0},{"damage":47.0,"enemies":"Gremlin Nob","floor":6.0,"turns":5.0},{"damage":10,"enemies":"2 Fungi Beasts","floor":7,"turns":4},{"damage":20,"enemies":"Lagavulin","floor":8,"turns":6},{"damage":4,"enemies":"Red Slaver","floor":11,"turns":2},{"damage":10,"enemies":"Exordium Wildlife","floor":12,"turns":4},{"damage":20,"enemies":"Slime Boss","floor":16,"turns":7},{"damage":0,"enemies":"Shell Parasite","floor":18,"turns":4},{"damage":20,"enemies":"conspire:MimicChest","floor":19,"turns":6},{"damage":24,"enemies":"2 Thieves","floor":21,"turns":4},{"damage":4,"enemies":"Centurion and Healer","floor":22,"turns":3},{"damage":11,"enemies":"Book of Stabbing","floor":24,"turns":4},{"damage":5,"enemies":"conspire:HollyBat","floor":27,"turns":8},{"damage":3,"enemies":"Cultist and Chosen","floor":29,"turns":6},{"damage":7,"enemies":"Gremlin Leader","floor":31,"turns":3},{"damage":10,"enemies":"conspire:MysteriousRune","floor":33,"turns":6},{"damage":10,"enemies":"3 Shapes","floor":35,"turns":3},{"damage":2,"enemies":"Orb Walker","floor":36,"turns":2},{"damage":18,"enemies":"3 Darklings","floor":37,"turns":3},{"damage":17,"enemies":"4 Shapes","floor":40,"turns":3},{"damage":14,"enemies":"Spire Growth","floor":41,"turns":3},{"damage":10,"enemies":"Giant Head","floor":43,"turns":7},{"damage":28,"enemies":"Writhing Mass","floor":44,"turns":4},{"damage":52,"enemies":"Reptomancer","floor":49,"turns":4},{"damage":9,"enemies":"Jaw Worm Horde","floor":50,"turns":3},{"damage":21,"enemies":"Time Eater","floor":52,"turns":7},{"damage":0,"enemies":"Shield and Spear","floor":56,"turns":5},{"damage":107,"enemies":"The Heart","floor":57,"turns":7}],"seed_played":"7052081613630915924","potions_obtained":[{"floor":3.0,"key":"Swift Potion"},{"floor":5.0,"key":"SteroidPotion"},{"floor":6,"key":"Weak Potion"},{"floor":11,"key":"LiquidBronze"},{"floor":21,"key":"FairyPotion"},{"floor":24,"key":"Fruit Juice"},{"floor":27,"key":"Weak Potion"},{"floor":56,"key":"Block Potion"}],"is_trial":false,"path_per_floor":["M","$","M","M","M","E","M","E","T","$","M","M","R","$","R","B",null,"M","?","?","M","M","R","E","$","T","M","?","M","R","E","R","B",null,"M","M","M","PTL","PTL","M","M","R","E","M","T","T","?","$","E","M","R","B",null,"R","$","E","B",null],"character_chosen":"WATCHER","items_purchased":["FollowUp","Adaptation","EmptyBody","Evaluate","Replay:Purple Gloves","EmptyFist","ClearTheMind+1","Guide Book","ReachHeaven"],"campfire_rested":0,"item_purchase_floors":[2,2,10,14,25,25,48,48,55],"current_hp_per_floor":[70,70,70,52,52,5,66,46,46,61,57,47,47,62,62,42,81,81,61,61,41,39,39,35,50,50,49,49,50,50,47,47,41,149,139,139,123,123,123,108,96,96,90,64,64,64,64,79,31,24,24,205,210,210,210,212,109],"gold":47,"neow_bonus":"RANDOM_COLORLESS","is_daily":false,"chose_seed":false,"campfire_upgraded":6,"win_rate":0.0,"timestamp":1611674960,"path_taken":["M","$","M","M","M","E","M","E","T","?","M","M","R","?","R","BOSS","M","?","?","M","M","R","E","$","T","M","?","?","R","E","R","BOSS","M","M","M","PTL","PTL","M","M","R","E","M","T","?","?","$","E","M","R","BOSS","R","$","E","BOSS"],"items_purchased_type":["Card","Card","Card","Card","Relic","Card","Card","Relic","Card"],"build_version":"2020-12-22","purchased_purges":2,"victory":true,"max_hp_per_floor":[72,72,72,72,72,72,73,75,75,75,76,79,79,79,79,81,81,85,90,90,98,104,104,125,125,125,128,128,134,134,142,142,149,149,155,159,165,165,165,173,175,175,179,182,182,182,182,182,189,198,198,210,210,210,210,224,294],"relic_stats":{"Singing Bowl":0,"counters":[31,137],"Bird Faced Urn":[54],"Blue Candle":[0],"MealTicket":60,"obtain_stats":[{"AT_RedTearstoneRing":56,"AT_ATBox":0,"Singing Bowl":46,"Guide Book":48,"Blue Candle":49,"Replay:Purple Gloves":25,"conspire:SpecialSausage":34,"ice":0,"AT_SilvercatRing":26,"Akabeko":31,"Replay:Rubber Ducky":32,"Replay:Wanted Poster":17,"REME:ComplimentaryCards":0,"CaptainsWheel":43,"Bird Faced Urn":19,"MealTicket":6,"PureWater":0,"conspire:DeflatedDodgeball":8,"Toxic Egg 2":24,"AT_DeathDance":45},{"AT_RedTearstoneRing":30,"AT_ATBox":0,"Singing Bowl":26,"Guide Book":26,"Blue Candle":27,"Replay:Purple Gloves":15,"conspire:SpecialSausage":19,"ice":0,"AT_SilvercatRing":15,"Akabeko":18,"Replay:Rubber Ducky":18,"Replay:Wanted Poster":10,"REME:ComplimentaryCards":0,"CaptainsWheel":25,"Bird Faced Urn":12,"MealTicket":5,"PureWater":0,"conspire:DeflatedDodgeball":7,"Toxic Egg 2":15,"AT_DeathDance":26},{"AT_RedTearstoneRing":130,"AT_ATBox":0,"Singing Bowl":111,"Guide Book":111,"Blue Candle":115,"Replay:Purple Gloves":63,"conspire:SpecialSausage":86,"ice":0,"AT_SilvercatRing":63,"Akabeko":80,"Replay:Rubber Ducky":80,"Replay:Wanted Poster":42,"REME:ComplimentaryCards":0,"CaptainsWheel":107,"Bird Faced Urn":52,"MealTicket":19,"PureWater":0,"conspire:DeflatedDodgeball":29,"Toxic Egg 2":63,"AT_DeathDance":111}]},"card_choices":[{"not_picked":["ReplayTheSpireMod:Trickstab","Forethought"],"picked":"Finesse","floor":0.0},{"not_picked":["Tantrum","FlyingSleeves"],"picked":"InnerPeace","floor":1.0},{"not_picked":["Tantrum","Crescendo"],"picked":"CrushJoints","floor":3.0},{"not_picked":["Indignation","Meditate"],"picked":"AT_DivineConfetti","floor":4.0},{"not_picked":["Replay:Anticipation","FlyingSleeves"],"picked":"Halt","floor":5.0},{"not_picked":["FlyingSleeves","Vault","FollowUp"],"picked":"SKIP","floor":6},{"not_picked":["SignatureMove","Collect"],"picked":"ClearTheMind","floor":7},{"not_picked":["EmptyFist","Judgement"],"picked":"Wallop","floor":8},{"not_picked":["AT_OneInchPunch","FollowUp"],"picked":"EmptyFist","floor":11},{"not_picked":["Protect","LikeWater"],"picked":"ThirdEye","floor":12},{"not_picked":["LessonLearned","DevaForm"],"picked":"Judgement","floor":16},{"not_picked":["BowlingBash","Replay:AtTheReady"],"picked":"Consecrate+1","floor":18},{"not_picked":["JustLucky","Protect"],"picked":"CutThroughFate+1","floor":19},{"not_picked":["Sanctity","EmptyBody"],"picked":"Crescendo","floor":21},{"not_picked":["Evaluate","Study"],"picked":"BowlingBash+1","floor":22},{"not_picked":["AT_ChampionStep+1","Alpha+1"],"picked":"TalkToTheHand","floor":24},{"not_picked":["EmptyFist","Evaluate+1"],"picked":"Replay:ManipulateFuture+1","floor":27},{"not_picked":["CutThroughFate","Fasting2"],"picked":"FlyingSleeves+1","floor":29},{"not_picked":["Replay:Anticipation+1","JustLucky"],"picked":"Conclude+1","floor":31},{"not_picked":["MasterReality","Ragnarok"],"picked":"Alpha+1","floor":33},{"not_picked":["Replay:ManipulateFuture+1","WindmillStrike"],"picked":"Prostrate+1","floor":35},{"not_picked":["JustLucky+1","SashWhip"],"picked":"Replay:Battleflow+1","floor":36},{"not_picked":["Consecrate+1","ThirdEye+1"],"picked":"JustLucky+1","floor":37},{"not_picked":["SpiritShield+1","BowlingBash+1"],"picked":"ThirdEye+1","floor":40},{"not_picked":["Replay:BluntJabs","LikeWater"],"picked":"Replay:Vibes+1","floor":41},{"not_picked":["Protect+1","FearNoEvil"],"picked":"Replay:Hum+1","floor":43},{"not_picked":["PathToVictory+1","TalkToTheHand"],"picked":"EmptyBody+1","floor":44},{"not_picked":["Evaluate+1","AT_MachinaRedman+1"],"picked":"Tantrum+1","floor":49},{"not_picked":["EmptyBody+1","SashWhip+1"],"picked":"AT_SoftenMuscles+1","floor":50},{"not_picked":["ReachHeaven","Consecrate+1"],"picked":"Vengeance+1","floor":56}],"player_experience":93399,"relics_obtained":[{"floor":6,"key":"MealTicket"},{"floor":8,"key":"conspire:DeflatedDodgeball"},{"floor":19,"key":"Bird Faced Urn"},{"floor":24,"key":"Toxic Egg 2"},{"floor":26,"key":"AT_SilvercatRing"},{"floor":31,"key":"Akabeko"},{"floor":43,"key":"CaptainsWheel"},{"floor":45,"key":"AT_DeathDance"},{"floor":46,"key":"Singing Bowl"},{"floor":49,"key":"Blue Candle"},{"floor":56,"key":"AT_RedTearstoneRing"}],"event_choices":[{"cards_removed":["Strike_P"],"damage_healed":0,"gold_gain":0,"player_choice":"Gave Gold","damage_taken":0,"max_hp_gain":0,"max_hp_loss":0,"event_name":"Beggar","floor":20,"gold_loss":75},{"damage_healed":0,"gold_gain":0,"player_choice":"Upgraded","damage_taken":0,"max_hp_gain":0,"max_hp_loss":0,"event_name":"Upgrade Shrine","floor":28,"gold_loss":0,"cards_upgraded":["Crescendo"]},{"damage_healed":0,"gold_gain":0,"player_choice":"Stole Relic","damage_taken":0,"relics_obtained":["Replay:Rubber Ducky"],"max_hp_gain":0,"max_hp_loss":0,"event_name":"Addict","floor":32,"gold_loss":0,"cards_obtained":["Shame"]},{"damage_healed":0,"gold_gain":0,"player_choice":"Ignored","damage_taken":0,"max_hp_gain":0,"max_hp_loss":0,"event_name":"The Moai Head","floor":47,"gold_loss":0}],"is_beta":false,"boss_relics":[{"not_picked":["Astrolabe","ChewingGum"],"picked":"Replay:Wanted Poster"},{"not_picked":["Replay:Ancient Bell","ReplayTheSpireMod:DimensionalGlitch"],"picked":"conspire:SpecialSausage"}],"items_purged_floors":[14,25],"is_endless":false,"potions_floor_spawned":[3,5,6,8,11,16,21,22,24,27,33,35,36,43,44,49,56],"ascension_level":0}}