{"host":"usru02jcpe2a942d","time":1611664298,"event":{"mods":["Act Like it!","BaseMod","Colored Powertips","GifTheSpireLib","Hallownest","Highlight Path","Hubris","Infinite Spire","Minty Spire (QoL Compilation)","MostiFishMod","Quick Restart","Relic Stats","RumiaBox-露米娅的神秘盒子","StSLib","The Bug Knight","noobMod","【遗物卡牌】REMEMod","篝火指南"],"gold_per_floor":[118,135,155,80,80,80,90,90,90,90,117,134,150,165,165,266,266,280,300,313,330,389,414,414,414,414,414,314,314,330,330,330,435,435,450,450,450,467,479,479,479,479,479,479,479,309,309,322,85,85],"floor_reached":51,"language":"ZHS","playtime":2439,"items_purged":["HollowMod:NailStrikeStart","HollowMod:NailStrikeStart","HollowMod:NailStrikeStart","HollowMod:MonarchWings","HollowMod:NailStrikeStart+1"],"score":809,"play_id":"fd293f0e-c62b-4530-bf80-32bf8f398442","local_time":"20210126203138","is_ascension_mode":false,"campfire_choices":[{"data":"HollowMod:MonarchWings","floor":6.0,"key":"SMITH"},{"data":"HollowMod:CycloneSlash","floor":10.0,"key":"SMITH"},{"data":"HollowMod:MantisMark","floor":15.0,"key":"SMITH"},{"data":"HollowMod:SiblingsSouls","floor":24,"key":"SMITH"},{"data":"HollowMod:LifebloodCore","floor":27,"key":"SMITH"},{"data":"HollowMod:LifebloodCocoon","floor":32,"key":"SMITH"},{"data":"HollowMod:FocusHealStart","floor":40,"key":"SMITH"},{"data":"hubris:Fate","floor":42,"key":"SMITH"},{"data":"Panache","floor":44,"key":"SMITH"}],"circlet_count":0,"master_deck":["HollowMod:QuickDashStart","HollowMod:QuickDashStart","HollowMod:QuickDashStart","HollowMod:FocusHealStart+1","HollowMod:PogoStrike","Panache+1","HollowMod:CycloneSlash+1","HollowMod:MonarchWings+1","HollowMod:MantisMark+1","HollowMod:GreatSlash+1","HollowMod:CycloneSlash+1","HollowMod:LifebloodCore+1","HollowMod:SiblingsSouls+1","HollowMod:MantisMark+1","hubris:Fate+1","HollowMod:LifebloodCocoon+1","HollowMod:SoulSplash+1","HollowMod:HornetsHelp+1","HollowMod:NewLittleFool+1","HollowMod:NailStrikeStart+1","HollowMod:MonarchWings+1","HollowMod:DashSlash+1","HollowMod:LifebloodCocoon+1","MostiFishMod:ButterFly+1"],"relics":["HollowMod:VesselMask","DaveBox","ice","REME_ComplimentaryCards","BionicSphere","SynthV:TestCard","Hallownest:DreamNailRelic","Molten Egg 2","Potion Belt","GreenFoldingFan","Bottled Tornado","Du-Vu Doll","Meat on the Bone","REME_LowDesire","Oddly Smooth Stone","Akabeko","Hallownest:KingsIdolRelic","hubris:Icosahedron","Mercury Hourglass","Hallownest:BeastSealRelic","hubris:CrystalStatue"],"acts_visited":["Hallownest:Greenpath","Hallownest:CityofTears","Hallownest:KingdomsEdge"],"potions_floor_usage":[33,50,50,50],"damage_taken":[{"damage":0.0,"enemies":"Hallownest:2_Baldur","floor":1.0,"turns":3.0},{"damage":0.0,"enemies":"Hallownest:2_MossCreeps","floor":2.0,"turns":4.0},{"damage":0.0,"enemies":"Hallownest:monsterHuskGuard","floor":3.0,"turns":5.0},{"damage":0.0,"enemies":"Hallownest:Wandering_and_Horned","floor":7.0,"turns":5.0},{"damage":0.0,"enemies":"Hallownest:monsterMarmu","floor":8.0,"turns":6.0},{"damage":0.0,"enemies":"Hallownest:2_Tiktiks_1_Baldur_1_Crawlid","floor":12.0,"turns":2.0},{"damage":0.0,"enemies":"Hallownest:monsterAspidMother","floor":13.0,"turns":4.0},{"damage":0.0,"enemies":"Hallownest:Wandering_and_Horned","floor":14.0,"turns":2.0},{"damage":0.0,"enemies":"Hallownest:BossBrokenVessel","floor":16.0,"turns":8.0},{"damage":2,"enemies":"Hallownest:3_Youths","floor":18,"turns":3},{"damage":8,"enemies":"Hallownest:2_Mistakes","floor":19,"turns":4},{"damage":8,"enemies":"Hallownest:monsterShrumalOgre","floor":20,"turns":4},{"damage":2,"enemies":"Hallownest:monsterMisterMushroom","floor":21,"turns":4},{"damage":6,"enemies":"Hallownest:Glutton_and_Coward","floor":22,"turns":3},{"damage":4,"enemies":"Hallownest:Nosk","floor":23,"turns":6},{"damage":4,"enemies":"Hallownest:monsterShrumalOgre","floor":30,"turns":2},{"damage":13,"enemies":"Hallownest:BossMantisLord","floor":33,"turns":4},{"damage":2,"enemies":"Hallownest:2_Littles","floor":35,"turns":3},{"damage":4,"enemies":"Hallownest:3_Siblings","floor":38,"turns":3},{"damage":2,"enemies":"Hallownest:monsterPrimalAspid","floor":39,"turns":3},{"damage":4,"enemies":"Hallownest:2_Wing_and_1_Kings","floor":48,"turns":2},{"damage":2,"enemies":"Hallownest:BossHollowKnight","floor":50,"turns":7}],"seed_played":"-1512775133571144915","potions_obtained":[{"floor":2.0,"key":"DuplicationPotion"},{"floor":12.0,"key":"Strength Potion"},{"floor":14.0,"key":"EssenceOfSteel"},{"floor":21,"key":"Regen Potion"},{"floor":30,"key":"SteroidPotion"},{"floor":35,"key":"AttackPotion"}],"is_trial":false,"path_per_floor":["M","M","M","$","?","R","M","?","T","R","T","M","M","M","R","B",null,"M","M","M","M","M","E","R","?","T","R","$","T","M","?","R","B",null,"M","?","?","M","M","R","?","R","T","R","?","$","AVR","M","R","B",null],"character_chosen":"THE_BUGKNIGHT","items_purchased":["HollowMod:DashSlash+1","MostiFishMod:ButterFly+1"],"campfire_rested":0,"item_purchase_floors":[46,49],"current_hp_per_floor":[74,84,89,89,89,89,89,89,89,89,89,89,89,89,89,89,89,89,89,89,89,89,89,89,66,66,66,66,66,72,72,72,87,89,89,89,89,89,89,89,89,89,89,89,89,89,89,89,89,89],"gold":85,"neow_bonus":"TWENTY_PERCENT_HP_BONUS","is_daily":false,"chose_seed":false,"campfire_upgraded":9,"win_rate":0.0,"timestamp":1611664298,"path_taken":["M","M","M","?","?","R","?","?","T","R","?","M","M","M","R","BOSS","M","?","M","?","M","E","R","?","T","R","$","?","?","?","R","BOSS","M","?","?","?","M","R","?","R","T","R","?","?","AVR","M","R","BOSS"],"items_purchased_type":["Card","Card"],"build_version":"2020-12-22","purchased_purges":5,"victory":true,"max_hp_per_floor":[89,89,89,89,89,89,89,89,89,89,89,89,89,89,89,89,89,89,89,89,89,89,89,89,89,89,89,89,89,89,89,89,89,89,89,89,89,89,89,89,89,89,89,89,89,89,89,89,89,89],"relic_stats":{"counters":[22,86],"obtain_stats":[{"Potion Belt":11,"hubris:CrystalStatue":47,"DaveBox":0,"Oddly Smooth Stone":34,"HollowMod:VesselMask":0,"ice":0,"Hallownest:DreamNailRelic":5,"Bottled Tornado":23,"Hallownest:KingsIdolRelic":36,"Akabeko":34,"Mercury Hourglass":43,"Du-Vu Doll":26,"GreenFoldingFan":17,"SynthV:TestCard":1,"hubris:Icosahedron":41,"BionicSphere":0,"Molten Egg 2":9,"REME_LowDesire":34,"REME_ComplimentaryCards":0,"Meat on the Bone":29,"Hallownest:BeastSealRelic":45},{"Potion Belt":5,"hubris:CrystalStatue":20,"DaveBox":0,"Oddly Smooth Stone":17,"HollowMod:VesselMask":0,"ice":0,"Hallownest:DreamNailRelic":3,"Bottled Tornado":15,"Hallownest:KingsIdolRelic":18,"Akabeko":17,"Mercury Hourglass":20,"Du-Vu Doll":15,"GreenFoldingFan":9,"SynthV:TestCard":1,"hubris:Icosahedron":20,"BionicSphere":0,"Molten Egg 2":5,"REME_LowDesire":17,"REME_ComplimentaryCards":0,"Meat on the Bone":15,"Hallownest:BeastSealRelic":20},{"Potion Belt":23,"hubris:CrystalStatue":78,"DaveBox":0,"Oddly Smooth Stone":69,"HollowMod:VesselMask":0,"ice":0,"Hallownest:DreamNailRelic":12,"Bottled Tornado":63,"Hallownest:KingsIdolRelic":72,"Akabeko":69,"Mercury Hourglass":78,"Du-Vu Doll":63,"GreenFoldingFan":39,"SynthV:TestCard":3,"hubris:Icosahedron":78,"BionicSphere":0,"Molten Egg 2":23,"REME_LowDesire":69,"REME_ComplimentaryCards":0,"Meat on the Bone":63,"Hallownest:BeastSealRelic":78}],"Meat on the Bone":0,"Mercury Hourglass":[22]},"card_choices":[{"not_picked":["HollowMod:VengefulVoid","HollowMod:InfectedAttack"],"picked":"HollowMod:CycloneSlash","floor":1.0},{"not_picked":["HollowMod:SoulEater","HollowMod:HuntersJournal","HollowMod:GreatSlash","HollowMod:DescendingDark"],"picked":"HollowMod:MonarchWings","floor":2.0},{"not_picked":["HollowMod:SharpenedNail","HollowMod:TaintedHusks","HollowMod:InfectionAssault","HollowMod:BlackTendrils","HollowMod:AwokenDreamNail"],"picked":"SKIP","floor":3.0},{"not_picked":["HollowMod:CloakDash","HollowMod:DescendingDark","HollowMod:CrystalDash","HollowMod:WraithStrike"],"picked":"HollowMod:MantisMark","floor":7.0},{"not_picked":["HollowMod:VengefulSpirit+1","HollowMod:AwokenDreamNail+1","HollowMod:WraithStrike+1","HollowMod:HeavyBlow+1"],"picked":"HollowMod:GreatSlash+1","floor":12.0},{"not_picked":["HollowMod:Grubsong","HollowMod:MonarchWings","HollowMod:WraithStrike+1","HollowMod:NewJinnsSoul"],"picked":"HollowMod:CycloneSlash+1","floor":13.0},{"not_picked":["HollowMod:GrimmsGift","HollowMod:HowlingWraiths+1","HollowMod:CornifersMapStart","HollowMod:SoulShaman"],"picked":"HollowMod:MonarchWings","floor":14.0},{"not_picked":["HollowMod:PureVessel","HollowMod:ZotesMagnificence+1","HollowMod:SoulMaster","HollowMod:MidwifesHunger+1"],"picked":"HollowMod:LifebloodCore","floor":16.0},{"not_picked":["HollowMod:CornifersMapStart","HollowMod:InfectedCysts+1","HollowMod:NewLittleFool+1","HollowMod:HeavyBlow+1"],"picked":"HollowMod:SiblingsSouls","floor":18},{"not_picked":["HollowMod:InfectedAttack+1","HollowMod:MonarchWings","HollowMod:SiblingsShadow","HollowMod:SoulSplash"],"picked":"HollowMod:MantisMark+1","floor":19},{"not_picked":["HollowMod:HowlingWraiths+1","HollowMod:GoodIntentions","HollowMod:ShapeofUnn","HollowMod:VengefulVoid+1","HollowMod:NewGlowingWomb"],"picked":"SKIP","floor":20},{"not_picked":["HollowMod:ChannelNail","HollowMod:SoulSplash","HollowMod:HowlingWraiths+1","HollowMod:SoulStrike+1","HollowMod:DescendingDark+1"],"picked":"SKIP","floor":21},{"not_picked":["HollowMod:SoulEater","HollowMod:DoubleDash","HollowMod:BaldurShell","HollowMod:InfectedCysts+1"],"picked":"HollowMod:ShadowDash","floor":22},{"not_picked":["HollowMod:GoodIntentions","HollowMod:FallenFury+1","HollowMod:SoulVessel","HollowMod:DescendingDark+1","HollowMod:PureVessel"],"picked":"SKIP","floor":23},{"not_picked":["infinitespire:Punishment","infinitespire:UltimateForm"],"picked":"hubris:Fate","floor":25},{"not_picked":["HollowMod:HeavyBlow+1","HollowMod:NewJinnsSoul","HollowMod:CornifersMapStart","HollowMod:GoodIntentions"],"picked":"HollowMod:LifebloodCocoon","floor":30},{"not_picked":["HollowMod:CoiledNail+1","HollowMod:BlackTendrils+1","HollowMod:ChannelNail","HollowMod:InfectedAttack+1"],"picked":"HollowMod:MantisMark+1","floor":31},{"not_picked":["HollowMod:PureNailStrike+1","HollowMod:InfectedAttack+1","HollowMod:SharpenedNail+1","HollowMod:HeavyBlow+1"],"picked":"HollowMod:SoulSplash+1","floor":31},{"not_picked":["HollowMod:LordofShades","HollowMod:SoulMaster","HollowMod:LifebloodCore","HollowMod:Weaversong"],"picked":"HollowMod:HornetsHelp+1","floor":33},{"not_picked":["HollowMod:RecoilStrike+1","HollowMod:SharpenedNail+1","HollowMod:SoulMaster","HollowMod:BrokenVessel+1","Metamorphosis"],"picked":"HollowMod:NewLittleFool+1","floor":35},{"not_picked":["HollowMod:HowlingWraiths+1","HollowMod:NewJinnsSoul","HollowMod:SoulSplash","HollowMod:ShapeofUnn+1","hubris:Insight+1"],"picked":"HollowMod:MonarchWings+1","floor":38},{"not_picked":["HollowMod:VengefulVoid+1","HollowMod:DoubleDash+1","HollowMod:LifebloodCocoon","HollowMod:WraithStrike+1","HollowMod:HowlingWraiths+1","Trip+1"],"picked":"SKIP","floor":39},{"not_picked":["HollowMod:DescendingDark+1","HollowMod:InfectedAttack+1","HollowMod:SharpenedNail+1","HollowMod:AbyssShriek+1","REME_EyeOfCthun+1"],"picked":"HollowMod:LifebloodCocoon+1","floor":48}],"player_experience":229131,"relics_obtained":[{"floor":1.0,"key":"SynthV:TestCard"},{"floor":9.0,"key":"Molten Egg 2"},{"floor":11.0,"key":"Potion Belt"},{"floor":23,"key":"Bottled Tornado"},{"floor":26,"key":"Du-Vu Doll"},{"floor":29,"key":"Meat on the Bone"},{"floor":34,"key":"Oddly Smooth Stone"},{"floor":34,"key":"Akabeko"},{"floor":43,"key":"Mercury Hourglass"}],"event_choices":[],"is_beta":false,"boss_relics":[{"not_picked":["Calling Bell","Cursed Key"],"picked":"GreenFoldingFan"},{"not_picked":["Empty Cage","Fusion Hammer"],"picked":"REME_LowDesire"}],"items_purged_floors":[4,28,46,47,49],"is_endless":false,"potions_floor_spawned":[2,12,14,21,30,35],"ascension_level":0}}