{"host":"iphsb0ccnjx0pfn6","time":1611644116,"event":{"mods":["2.2 Compatiblity","AchievementEnabler","BaseMod","Colored Map","DeckTracker","Keyboard Shortcuts","Minty Spire (QoL Compilation)","Permanent Neow","Quick Restart","Relic Stats","StSLib","SuperFastMode","Uncapped","everything is the same but u backflip on backflip"],"gold_per_floor":[118,129,129,79,229,124,74,74,144,175,175,186,52,70,70,70,70],"floor_reached":16,"language":"KOR","playtime":213,"items_purged":["Strike_G","Doubt","Strike_G","Strike_G"],"score":196,"play_id":"4faaf9a4-a1f1-4912-ab68-2f72c94670a2","local_time":"20210126155516","is_ascension_mode":true,"campfire_choices":[{"data":"Underhanded Strike","floor":8.0,"key":"SMITH"},{"data":"Calculated Gamble","floor":15.0,"key":"SMITH"}],"circlet_count":0,"master_deck":["AscendersBane","Strike_G+1","Defend_G","Defend_G","Defend_G","Defend_G","Defend_G","Survivor+1","Neutralize","Dagger Throw","Acrobatics","Underhanded Strike+1","Blade Dance","Calculated Gamble+1","Leg Sweep"],"relics":["Ring of the Snake","Smiling Mask","HornCleat","Orichalcum"],"acts_visited":["Exordium"],"potions_floor_usage":[],"damage_taken":[{"damage":0.0,"enemies":"Small Slimes","floor":1.0,"turns":4.0},{"damage":7.0,"enemies":"2 Louse","floor":2.0,"turns":3.0},{"damage":17.0,"enemies":"Gremlin Nob","floor":10.0,"turns":4.0},{"damage":0.0,"enemies":"Jaw Worm","floor":12.0,"turns":3.0},{"damage":0.0,"enemies":"Looter","floor":14.0,"turns":2.0},{"damage":0,"enemies":"The Guardian","floor":16,"turns":1}],"seed_played":"-9123383512429416616","potions_obtained":[{"floor":1.0,"key":"PowerPotion"}],"is_trial":false,"path_per_floor":["M","M","?","$","?","$","$","R","T","E","?","M","$","M","R","B"],"character_chosen":"THE_SILENT","items_purchased":["Underhanded Strike","Calculated Gamble"],"campfire_rested":0,"item_purchase_floors":[6,13],"current_hp_per_floor":[59,52,32,32,32,32,32,32,32,15,15,15,15,15,15,15,15],"gold":70,"neow_bonus":"RANDOM_COMMON_RELIC","is_daily":false,"chose_seed":false,"campfire_upgraded":2,"win_rate":0.0,"timestamp":1611644116,"path_taken":["M","M","?","$","?","?","$","R","T","E","?","?","$","M","R","BOSS"],"items_purchased_type":["Card","Card"],"build_version":"2020-12-22","purchased_purges":4,"victory":false,"max_hp_per_floor":[66,66,66,66,66,66,66,66,66,66,66,66,66,66,66,66,66],"relic_stats":{"counters":[6,17],"Orichalcum":[0],"Smiling Mask":250,"obtain_stats":[{"HornCleat":9,"Orichalcum":10,"Smiling Mask":0,"Ring of the Snake":0},{"HornCleat":2,"Orichalcum":3,"Smiling Mask":0,"Ring of the Snake":0},{"HornCleat":7,"Orichalcum":11,"Smiling Mask":0,"Ring of the Snake":0}],"Ring of the Snake":[12]},"card_choices":[{"not_picked":["Backstab","Caltrops"],"picked":"Dagger Throw","floor":1.0},{"not_picked":["Deflect","Poisoned Stab"],"picked":"Acrobatics","floor":2.0},{"not_picked":["Flying Knee","Skewer"],"picked":"Blade Dance","floor":10.0},{"not_picked":["Quick Slash","Night Terror","Underhanded Strike"],"picked":"SKIP","floor":12.0},{"not_picked":["Dagger Spray","Concentrate"],"picked":"Leg Sweep","floor":14.0}],"player_experience":1281658,"relics_obtained":[{"floor":9.0,"key":"HornCleat"},{"floor":10.0,"key":"Orichalcum"}],"event_choices":[{"damage_healed":0.0,"max_hp_gain":0.0,"max_hp_loss":0.0,"gold_gain":0.0,"event_name":"Shining Light","player_choice":"Entered Light","floor":3.0,"gold_loss":0.0,"damage_taken":20.0,"cards_upgraded":["Strike_G","Survivor"]},{"damage_healed":0.0,"max_hp_gain":0.0,"max_hp_loss":0.0,"gold_gain":150.0,"event_name":"Liars Game","player_choice":"AGREE","floor":5.0,"gold_loss":0.0,"damage_taken":0.0,"cards_obtained":["Doubt"]},{"cards_removed":["Strike_G"],"damage_healed":0.0,"max_hp_gain":0.0,"max_hp_loss":0.0,"gold_gain":0.0,"event_name":"Purifier","player_choice":"Purged","floor":11.0,"gold_loss":0.0,"damage_taken":0.0}],"is_beta":false,"boss_relics":[],"items_purged_floors":[4,6,7,13],"is_endless":false,"potions_floor_spawned":[1],"killed_by":"The Guardian","ascension_level":20}}