{"host":"Qube","time":1611638623,"event":{"mods":["AchievementEnabler","BaseMod","Colored Map","Colored Powertips","Highlight Path","Minty Spire (QoL Compilation)","Permanent Neow","Quick Restart","Random Character Button","StSLib"],"gold_per_floor":[114,129,144,144,159,159,189,219,219,219,234,234,264,279,279,379,379,394,394,394,394,0,30,45,75,75,75,75,75,105,120,120,220,220,235,335,350,350,50,80,110,160,160,160,181,181,196,226,226,226],"floor_reached":51,"language":"ENG","playtime":3118,"items_purged":[],"score":909,"play_id":"4bcf7df6-8ba4-4f59-8c16-a2792d7fceed","local_time":"20210125212343","daily_mods":["SealedDeck","Flight","Night Terrors"],"is_ascension_mode":false,"campfire_choices":[{"data":"Fire Breathing","floor":6.0,"key":"SMITH"},{"data":"Armaments","floor":10.0,"key":"SMITH"},{"data":"Cleave","floor":15.0,"key":"SMITH"},{"floor":29,"key":"REST"},{"floor":32,"key":"REST"},{"floor":46,"key":"REST"},{"floor":49,"key":"REST"}],"circlet_count":0,"master_deck":["Armaments+1","Iron Wave","Armaments+1","True Grit","Disarm","Wild Strike","Wild Strike","Uppercut","Fire Breathing+1","Cleave+1","Rampage+1","Flame Barrier","Power Through","Exhume","Feel No Pain+1","Infernal Blade","Sever Soul+1","Evolve+1","Corruption+1","Barricade+1","Shrug It Off+1","Entrench+1","Shockwave","Body Slam"],"relics":["Black Blood","Mango","Nunchaku","Ornamental Fan","Pen Nib","Fusion Hammer","MutagenicStrength","Frozen Egg 2","Regal Pillow","Bottled Tornado","Lantern","Incense Burner","Dead Branch","Strawberry","Centennial Puzzle","Ginger","Letter Opener","Torii","Shuriken"],"acts_visited":["Exordium","TheCity","TheBeyond"],"potions_floor_usage":[23,25,33,37,41,45,45,48],"damage_taken":[{"damage":1.0,"enemies":"Jaw Worm","floor":1.0,"turns":4.0},{"damage":0.0,"enemies":"Cultist","floor":2.0,"turns":2.0},{"damage":0.0,"enemies":"2 Louse","floor":3.0,"turns":1.0},{"damage":6.0,"enemies":"Blue Slaver","floor":5.0,"turns":4.0},{"damage":10.0,"enemies":"3 Sentries","floor":7.0,"turns":3.0},{"damage":14.0,"enemies":"Lagavulin","floor":8.0,"turns":6.0},{"damage":0.0,"enemies":"2 Fungi Beasts","floor":11.0,"turns":3.0},{"damage":7.0,"enemies":"Gremlin Nob","floor":13.0,"turns":4.0},{"damage":2.0,"enemies":"3 Louse","floor":14.0,"turns":4.0},{"damage":4.0,"enemies":"Slime Boss","floor":16.0,"turns":6.0},{"damage":0.0,"enemies":"3 Byrds","floor":18.0,"turns":4.0},{"damage":15,"enemies":"Slavers","floor":23,"turns":3},{"damage":0,"enemies":"Shell Parasite","floor":24,"turns":4},{"damage":11,"enemies":"Gremlin Leader","floor":25,"turns":6},{"damage":9,"enemies":"Book of Stabbing","floor":30,"turns":5},{"damage":7,"enemies":"Centurion and Healer","floor":31,"turns":6},{"damage":10,"enemies":"Automaton","floor":33,"turns":9},{"damage":4,"enemies":"3 Shapes","floor":35,"turns":2},{"damage":0,"enemies":"3 Darklings","floor":37,"turns":5},{"damage":7,"enemies":"Reptomancer","floor":40,"turns":4},{"damage":8,"enemies":"Nemesis","floor":41,"turns":5},{"damage":0,"enemies":"Mind Bloom Boss Battle","floor":42,"turns":5},{"damage":33,"enemies":"2 Orb Walkers","floor":45,"turns":4},{"damage":1,"enemies":"Sphere and 2 Shapes","floor":47,"turns":3},{"damage":1,"enemies":"Reptomancer","floor":48,"turns":3},{"damage":31,"enemies":"Donu and Deca","floor":50,"turns":6}],"seed_played":"-4735054310349275430","potions_obtained":[{"floor":3.0,"key":"ColorlessPotion"},{"floor":7.0,"key":"SteroidPotion"},{"floor":13.0,"key":"AttackPotion"},{"floor":14.0,"key":"GamblersBrew"},{"floor":18.0,"key":"Explosive Potion"},{"floor":23,"key":"ElixirPotion"},{"floor":25,"key":"SpeedPotion"},{"floor":30,"key":"Block Potion"},{"floor":35,"key":"SpeedPotion"},{"floor":41,"key":"PowerPotion"},{"floor":42,"key":"PowerPotion"},{"floor":45,"key":"SteroidPotion"}],"is_trial":false,"path_per_floor":["M","M","M","?","M","R","E","E","T","R","M","?","E","M","R","B",null,"M","?","?","?","$","E","M","E","T","?","?","R","E","M","R","B",null,"M","?","M","?","$","E","E","?","T","?","?","R","M","E","R","B",null],"character_chosen":"IRONCLAD","items_purchased":["Frozen Egg 2","Feel No Pain+1","Infernal Blade","Dead Branch"],"campfire_rested":4,"item_purchase_floors":[22,22,22,39],"current_hp_per_floor":[80,80,80,80,80,80,90,82,82,82,88,88,87,91,91,93,94,94,94,94,94,94,85,91,86,86,86,86,89,86,85,84,80,84,84,84,84,80,80,87,87,87,87,87,66,82,82,82,77,58],"gold":226,"neow_bonus":"","is_daily":true,"chose_seed":false,"campfire_upgraded":3,"win_rate":0.0,"timestamp":1611638623,"path_taken":["M","M","M","?","M","R","E","E","T","R","?","?","E","?","R","BOSS","M","?","?","?","$","E","M","E","T","?","?","R","E","?","R","BOSS","M","?","?","?","$","E","E","?","T","?","?","R","?","E","R","BOSS"],"items_purchased_type":["Relic","Card","Card","Relic"],"build_version":"2020-12-18","purchased_purges":0,"victory":true,"max_hp_per_floor":[80,80,80,80,80,80,94,94,94,94,94,94,94,94,94,94,94,94,94,94,94,94,94,94,94,94,94,94,89,89,89,84,84,84,84,84,84,80,80,87,87,87,87,87,87,82,82,82,77,77],"card_choices":[{"not_picked":["Rupture","Anger"],"picked":"Cleave","floor":1.0},{"not_picked":["Flame Barrier","Bloodletting"],"picked":"Rampage","floor":2.0},{"not_picked":["Havoc","Warcry","Disarm"],"picked":"SKIP","floor":3.0},{"not_picked":["Rupture","Heavy Blade","Seeing Red"],"picked":"SKIP","floor":5.0},{"not_picked":["Thunderclap","Twin Strike"],"picked":"Flame Barrier","floor":7.0},{"not_picked":["Perfected Strike","Bludgeon"],"picked":"Power Through","floor":8.0},{"not_picked":["Perfected Strike","Warcry","Heavy Blade"],"picked":"SKIP","floor":11.0},{"not_picked":["Twin Strike","Burning Pact","Rupture"],"picked":"SKIP","floor":13.0},{"not_picked":["Spot Weakness","Inflame","Iron Wave"],"picked":"SKIP","floor":14.0},{"not_picked":["Juggernaut","Brutality"],"picked":"Exhume","floor":16.0},{"not_picked":["Flex+1","Body Slam+1","Thunderclap"],"picked":"SKIP","floor":18.0},{"not_picked":["Headbutt+1","Wild Strike","True Grit"],"picked":"SKIP","floor":23},{"not_picked":["Havoc","Blood for Blood","Thunderclap+1"],"picked":"SKIP","floor":24},{"not_picked":["Flex","Warcry"],"picked":"Sever Soul+1","floor":25},{"not_picked":["Thunderclap+1","Rupture+1","Dropkick"],"picked":"SKIP","floor":30},{"not_picked":["Thunderclap+1","Burning Pact+1"],"picked":"Corruption+1","floor":31},{"not_picked":["Fiend Fire","Immolate"],"picked":"Barricade+1","floor":33},{"not_picked":["True Grit","Perfected Strike","Thunderclap+1"],"picked":"SKIP","floor":35},{"not_picked":["Anger","Inflame+1","Spot Weakness+1"],"picked":"SKIP","floor":37},{"not_picked":["Bloodletting","Flex+1"],"picked":"Shrug It Off+1","floor":40},{"not_picked":["Cleave","Rupture+1","Warcry"],"picked":"SKIP","floor":41},{"not_picked":["Wild Strike+1","Iron Wave"],"picked":"Entrench+1","floor":42},{"not_picked":["Spot Weakness+1","Battle Trance"],"picked":"Shockwave","floor":47},{"not_picked":["Bludgeon","Sentinel"],"picked":"Body Slam","floor":48}],"player_experience":970211,"relics_obtained":[{"floor":7.0,"key":"Mango"},{"floor":8.0,"key":"Nunchaku"},{"floor":9.0,"key":"Ornamental Fan"},{"floor":13.0,"key":"Pen Nib"},{"floor":23,"key":"Regal Pillow"},{"floor":25,"key":"Bottled Tornado"},{"floor":26,"key":"Lantern"},{"floor":30,"key":"Incense Burner"},{"floor":40,"key":"Strawberry"},{"floor":41,"key":"Centennial Puzzle"},{"floor":42,"key":"Ginger"},{"floor":43,"key":"Letter Opener"},{"floor":45,"key":"Torii"},{"floor":48,"key":"Shuriken"}],"event_choices":[{"damage_healed":0.0,"max_hp_gain":0.0,"max_hp_loss":0.0,"gold_gain":0.0,"event_name":"Accursed Blacksmith","player_choice":"Forge","floor":4.0,"gold_loss":0.0,"damage_taken":0.0,"cards_upgraded":["Armaments"]},{"damage_healed":0.0,"max_hp_gain":0.0,"max_hp_loss":0.0,"gold_gain":0.0,"event_name":"Upgrade Shrine","player_choice":"Upgraded","floor":12.0,"gold_loss":0.0,"damage_taken":0.0,"cards_upgraded":["Rampage"]},{"damage_healed":0.0,"max_hp_gain":0.0,"max_hp_loss":0.0,"gold_gain":0.0,"event_name":"Drug Dealer","player_choice":"Inject Mutagens","floor":19.0,"gold_loss":0.0,"damage_taken":0.0,"relics_obtained":["MutagenicStrength"]},{"damage_healed":0.0,"max_hp_gain":0.0,"max_hp_loss":0.0,"gold_gain":0.0,"event_name":"Ghosts","player_choice":"Ignored","floor":20.0,"gold_loss":0.0,"damage_taken":0.0},{"cards_removed":["Hemokinesis"],"damage_healed":0.0,"max_hp_gain":0.0,"max_hp_loss":0.0,"gold_gain":0.0,"event_name":"Back to Basics","player_choice":"Elegance","floor":21.0,"gold_loss":0.0,"damage_taken":0.0},{"damage_healed":0,"gold_gain":0,"player_choice":"Ignored","damage_taken":0,"max_hp_gain":0,"max_hp_loss":0,"event_name":"Vampires","floor":27,"gold_loss":0},{"damage_healed":0,"gold_gain":0,"player_choice":"Read","damage_taken":0,"max_hp_gain":0,"max_hp_loss":0,"event_name":"The Library","floor":28,"gold_loss":0,"cards_obtained":["Evolve"]},{"damage_healed":0,"gold_gain":100,"player_choice":"Pray","damage_taken":0,"max_hp_gain":0,"max_hp_loss":0,"event_name":"Golden Shrine","floor":36,"gold_loss":0},{"damage_healed":0,"gold_gain":0,"player_choice":"Max HP","damage_taken":0,"max_hp_gain":0,"max_hp_loss":4,"event_name":"Winding Halls","floor":38,"gold_loss":0},{"damage_healed":0,"gold_gain":0,"player_choice":"Fight","damage_taken":0,"max_hp_gain":0,"max_hp_loss":0,"event_name":"MindBloom","floor":42,"gold_loss":0},{"damage_healed":0,"gold_gain":0,"player_choice":"Memory 1","damage_taken":0,"max_hp_gain":0,"max_hp_loss":0,"event_name":"SensoryStone","floor":44,"gold_loss":0},{"damage_healed":0,"gold_gain":0,"player_choice":"Fight","damage_taken":0,"max_hp_gain":0,"max_hp_loss":0,"event_name":"Mysterious Sphere","floor":45,"gold_loss":0}],"is_beta":true,"boss_relics":[{"not_picked":["SlaversCollar","Astrolabe"],"picked":"Fusion Hammer"},{"not_picked":["Philosopher\u0027s Stone","SacredBark"],"picked":"Black Blood"}],"items_purged_floors":[],"is_endless":false,"potions_floor_spawned":[3,7,13,14,18,23,25,30,35,41,42,45],"ascension_level":0}}