{"host":"tpbmol9dayg75a5s","time":1611693763,"event":{"mods":["BaseMod","Bestiary","Block Reminder","Colored Powertips","Dark Map","Downfall","Minty Spire (QoL Compilation)","Relic Stats","StSLib"],"gold_per_floor":[99,112,124,63,63,9,35,62,62,76,94,108,8,39,50,152,152,52,64,84,84,234,99,122,139,151,180,180,180,180,213,223,319,319,319,329,345,356,356,388,388,49,49,49,63,77,77,107,123,123],"floor_reached":51,"language":"ENG","playtime":6513,"items_purged":["hexamod:Strike","hexamod:Strike"],"score":1379,"play_id":"de6f6ada-cec5-435e-a06c-fefde6548249","local_time":"20210126174243","is_ascension_mode":true,"campfire_choices":[{"floor":1,"key":"RECALL"},{"floor":9,"key":"REST"},{"floor":13,"key":"REST"},{"data":"hexamod:PhantomCloak","floor":18,"key":"SMITH"},{"floor":28,"key":"REST"},{"floor":30,"key":"REST"},{"data":"hexamod:HexaLevel","floor":35,"key":"SMITH"},{"data":"hexamod:PowerFromBeyond","floor":44,"key":"SMITH"},{"data":"hexamod:HeatCrush","floor":47,"key":"SMITH"}],"circlet_count":0,"master_deck":["hexamod:Strike+1","hexamod:Defend+1","hexamod:Defend","hexamod:Defend+1","hexamod:Defend","hexamod:Sear","hexamod:Float+1","hexamod:SpectralSpark+1","hexamod:HeatMetal","hexamod:Haunt","hexamod:SpectersWail+1","hexamod:SpectralSpark","hexamod:PowerFromBeyond+1","hexamod:RadiantFlame","hexamod:HeatCrush+1","hexamod:BacktrackSmack","hexamod:PhantomCloak+1","hexamod:PhantomFireball","hexamod:Toasty+1","hexamod:ShieldOfDarkness","hexamod:SixthSeal","hexamod:Hexaguard","hexamod:NecessarySacrifice+1","hexamod:NightmareGuise","hexamod:HexaLevel+1","hexamod:ThermalTransfer+1","hexamod:SoulSteal","hexamod:Hexaguard+1","hexamod:FirstSeal","Sadistic Nature+1","hexamod:WildfireWeapon+1"],"relics":["hexamod:SpiritBrand","Blood Vial","downfall:HeartBlessingGreen","Bottled Lightning","expansioncontent:StudyCardRelic","downfall:HeartBlessingRed","Oddly Smooth Stone","hexamod:BolsterEngine","Dream Catcher","Tiny Chest","Sozu","HornCleat","hexamod:InflammatoryLetter","HandDrill","Thread and Needle"],"acts_visited":["Exordium","TheCity","TheBeyond"],"potions_floor_usage":[8,12,16,33,48,50,50],"damage_taken":[{"damage":1,"enemies":"Cultist","floor":2,"turns":3},{"damage":0,"enemies":"2 Louse","floor":3,"turns":2},{"damage":0,"enemies":"downfall:FleeingMerchant","floor":4,"turns":4},{"damage":10,"enemies":"downfall:FleeingMerchant","floor":6,"turns":4},{"damage":35,"enemies":"Gremlin Nob","floor":8,"turns":5},{"damage":2,"enemies":"Jaw Worm","floor":10,"turns":2},{"damage":0,"enemies":"Large Slime","floor":11,"turns":3},{"damage":11,"enemies":"Exordium Thugs","floor":12,"turns":3},{"damage":9,"enemies":"Lagavulin","floor":14,"turns":3},{"damage":0,"enemies":"Blue Slaver","floor":15,"turns":3},{"damage":5,"enemies":"WA_ARCHETYPE_RETAIN","floor":16,"turns":4},{"damage":0,"enemies":"Spheric Guardian","floor":19,"turns":2},{"damage":1,"enemies":"Cultist and Chosen","floor":20,"turns":4},{"damage":6,"enemies":"downfall:FleeingMerchant","floor":23,"turns":4},{"damage":11,"enemies":"Shelled Parasite and Fungi","floor":25,"turns":4},{"damage":28,"enemies":"Sentry and Sphere","floor":26,"turns":5},{"damage":21,"enemies":"Book of Stabbing","floor":27,"turns":5},{"damage":7,"enemies":"Slavers","floor":31,"turns":6},{"damage":13,"enemies":"Snake Plant","floor":32,"turns":2},{"damage":16,"enemies":"SI_MIRROR_ARCHETYPE","floor":33,"turns":12},{"damage":0,"enemies":"Orb Walker","floor":36,"turns":2},{"damage":11,"enemies":"3 Darklings","floor":37,"turns":4},{"damage":0,"enemies":"Maw","floor":38,"turns":7},{"damage":50,"enemies":"Reptomancer","floor":40,"turns":6},{"damage":0,"enemies":"downfall:FleeingMerchant","floor":42,"turns":3},{"damage":13,"enemies":"Sphere and 2 Shapes","floor":45,"turns":6},{"damage":0,"enemies":"Spire Growth","floor":46,"turns":4},{"damage":12,"enemies":"Giant Head","floor":48,"turns":6},{"damage":18,"enemies":"Writhing Mass","floor":49,"turns":6},{"damage":47,"enemies":"IC_BLOCK_ARCHETYPE","floor":50,"turns":8}],"seed_played":"-8907356001662124669","potions_obtained":[{"floor":2,"key":"Strength Potion"},{"floor":3,"key":"SkillPotion"},{"floor":8,"key":"SteroidPotion"},{"floor":11,"key":"PowerPotion"},{"floor":12,"key":"EssenceOfSteel"},{"floor":16,"key":"Dexterity Potion"},{"floor":20,"key":"Weak Potion"},{"floor":33,"key":"DistilledChaos"}],"is_trial":false,"path_per_floor":["R","M","M","$","?","$","T","E","R","M","M","M","R","E","M","B",null,"R","M","M","?","?","$","T","M","M","E","R","?","R","E","M","B",null,"R","M","M","M","?","E","T","$","?","R","M","M","R","E","M","B",null],"character_chosen":"THE_SPIRIT","items_purchased":["hexamod:SpectersWail","hexamod:RadiantFlame","hexamod:Hexaguard","Sadistic Nature","hexamod:InflammatoryLetter","HandDrill"],"campfire_rested":4,"item_purchase_floors":[4,6,23,42,42,42],"current_hp_per_floor":[63,62,62,62,62,52,52,26,49,49,51,42,65,58,60,57,72,72,74,75,75,75,71,71,62,36,17,40,40,63,58,47,33,66,66,68,59,61,61,13,13,15,67,67,61,63,63,60,51,13],"gold":123,"neow_bonus":"UPGRADE_CARD","is_daily":false,"chose_seed":false,"campfire_upgraded":4,"win_rate":0.0,"timestamp":1611693763,"path_taken":["R","M","M","?","?","$","T","E","R","M","M","?","R","E","M","BOSS","R","M","M","?","?","$","T","?","M","E","R","?","R","E","M","BOSS","R","M","M","M","?","E","T","$","?","R","M","M","R","E","M","BOSS"],"items_purchased_type":["Card","Card","Card","Card","Relic","Relic"],"build_version":"2020-12-22","purchased_purges":2,"victory":true,"max_hp_per_floor":[70,70,70,70,70,70,70,77,77,77,77,77,77,77,77,77,77,77,77,77,77,77,77,77,77,77,77,77,77,77,77,77,77,77,77,77,77,77,77,77,77,77,67,67,67,67,67,67,67,67],"relic_stats":{"Blood Vial":50,"Sozu":2,"Dream Catcher":1,"counters":[30,132],"Tiny Chest":0,"HandDrill":[12],"obtain_stats":[{"downfall:HeartBlessingRed":18,"Oddly Smooth Stone":24,"downfall:HeartBlessingGreen":13,"Thread and Needle":48,"hexamod:InflammatoryLetter":42,"expansioncontent:StudyCardRelic":17,"Blood Vial":7,"Sozu":34,"Dream Catcher":29,"HornCleat":40,"Strawberry":8,"Tiny Chest":31,"HandDrill":42,"Bottled Lightning":14,"hexamod:BolsterEngine":27,"hexamod:SpiritBrand":0},{"downfall:HeartBlessingRed":11,"Oddly Smooth Stone":14,"downfall:HeartBlessingGreen":8,"Thread and Needle":28,"hexamod:InflammatoryLetter":25,"expansioncontent:StudyCardRelic":11,"Blood Vial":4,"Sozu":20,"Dream Catcher":17,"HornCleat":24,"Strawberry":5,"Tiny Chest":18,"HandDrill":25,"Bottled Lightning":9,"hexamod:BolsterEngine":17,"hexamod:SpiritBrand":0},{"downfall:HeartBlessingRed":36,"Oddly Smooth Stone":46,"downfall:HeartBlessingGreen":26,"Thread and Needle":118,"hexamod:InflammatoryLetter":102,"expansioncontent:StudyCardRelic":36,"Blood Vial":13,"Sozu":80,"Dream Catcher":60,"HornCleat":99,"Strawberry":18,"Tiny Chest":66,"HandDrill":102,"Bottled Lightning":29,"hexamod:BolsterEngine":60,"hexamod:SpiritBrand":0}]},"card_choices":[{"not_picked":["hexamod:PowerFromBeyond","hexamod:BurningTouch"],"picked":"hexamod:SpectralSpark","floor":2},{"not_picked":["hexamod:GhostShield","hexamod:Hexaguard"],"picked":"hexamod:HeatMetal","floor":3},{"not_picked":["hexamod:UnlimitedPower","hexamod:HeatMetal"],"picked":"hexamod:Haunt","floor":4},{"not_picked":["hexamod:BacktrackSmack","hexamod:ChargedBarrage"],"picked":"hexamod:PowerFromBeyond","floor":6},{"not_picked":["hexamod:ShieldOfDarkness","hexamod:RadiantFlame"],"picked":"hexamod:HeatCrush","floor":8},{"not_picked":["hexamod:RecurringNightmare","hexamod:Incineration","hexamod:Firestarter"],"picked":"SKIP","floor":10},{"not_picked":["hexamod:NecessarySacrifice","hexamod:GhostLash"],"picked":"hexamod:BacktrackSmack","floor":11},{"not_picked":["hexamod:HauntingEcho","hexamod:Rewind","hexamod:RecurringNightmare"],"picked":"SKIP","floor":12},{"not_picked":["hexamod:FlamesFromBeyond","hexamod:SpectersWail"],"picked":"hexamod:PhantomCloak","floor":14},{"not_picked":["hexamod:ShieldOfDarkness","hexamod:SkipABeat"],"picked":"hexamod:PhantomFireball","floor":15},{"not_picked":["hexamod:ApocalypseNow","hexamod:ForkedFlame"],"picked":"hexamod:Toasty","floor":16},{"not_picked":["hexamod:Firestarter+1","hexamod:GhostOfSpireFuture"],"picked":"hexamod:ShieldOfDarkness","floor":19},{"not_picked":["hexamod:GhostShield+1","hexamod:HeatMetal"],"picked":"hexamod:SixthSeal","floor":20},{"not_picked":["hexamod:CatchUp+1","hexamod:BacktrackSmack","hexamod:FlamesFromBeyond"],"picked":"SKIP","floor":23},{"not_picked":["hexamod:AdvancingGuard","hexamod:SecondSeal","hexamod:GhostShield"],"picked":"SKIP","floor":25},{"not_picked":["hexamod:FastForward","hexamod:PhantomCloak","hexamod:StepThrough"],"picked":"SKIP","floor":26},{"not_picked":["hexamod:HeatMetal","hexamod:InspiringFlames"],"picked":"hexamod:NecessarySacrifice+1","floor":27},{"not_picked":["hexamod:DynamicBlow","hexamod:FastForward","hexamod:FlamesFromBeyond"],"picked":"SKIP","floor":31},{"not_picked":["hexamod:NightmareStrike","hexamod:StepThrough+1"],"picked":"hexamod:NightmareGuise","floor":32},{"not_picked":["hexamod:VolcanoVisage","hexamod:ApocalypticArmor"],"picked":"hexamod:HexaLevel","floor":33},{"not_picked":["hexamod:FirstSeal","hexamod:GhostLash+1"],"picked":"hexamod:ThermalTransfer+1","floor":36},{"not_picked":["hexamod:GhostOfSpirePast+1","hexamod:FastForward"],"picked":"hexamod:SoulSteal","floor":37},{"not_picked":["hexamod:BurningTouch","hexamod:SpectersWail+1"],"picked":"hexamod:Hexaguard","floor":38},{"not_picked":["hexamod:SpectersWail","hexamod:GhostShield+1","hexamod:ThermalTransfer+1"],"picked":"SKIP","floor":40},{"not_picked":["hexamod:ShieldOfDarkness+1","hexamod:GhostShield+1"],"picked":"hexamod:FirstSeal","floor":42},{"not_picked":["hexamod:VolcanoVisage","hexamod:GhostOfSpireFuture","hexamod:NightmareStrike"],"picked":"SKIP","floor":45},{"not_picked":["hexamod:HeatCrush","hexamod:AdvancingGuard+1","hexamod:ShieldOfDarkness+1"],"picked":"SKIP","floor":46},{"not_picked":["hexamod:PhantomCloak+1","hexamod:BurningTouch"],"picked":"hexamod:WildfireWeapon","floor":48},{"not_picked":["hexamod:FlamesFromBeyond+1","hexamod:FastForward+1","hexamod:HeatShield"],"picked":"SKIP","floor":49}],"player_experience":1061469,"relics_obtained":[{"floor":7,"key":"Blood Vial"},{"floor":8,"key":"Strawberry"},{"floor":14,"key":"Bottled Lightning"},{"floor":24,"key":"Oddly Smooth Stone"},{"floor":27,"key":"hexamod:BolsterEngine"},{"floor":31,"key":"Tiny Chest"},{"floor":40,"key":"HornCleat"},{"floor":48,"key":"Thread and Needle"}],"event_choices":[],"is_beta":false,"boss_relics":[{"not_picked":["Tiny House","Astrolabe"],"picked":"expansioncontent:StudyCardRelic"},{"not_picked":["hexamod:IceCube","Calling Bell"],"picked":"Sozu"}],"items_purged_floors":[23,42],"is_endless":false,"potions_floor_spawned":[2,3,8,11,12,16,19,20,27,31,32,33,45,46,48,49],"ascension_level":9}}