{"host":"6r3ioyv75hs1gp74","time":1611704972,"event":{"mods":["AchievementEnabler","Act Like it!","BaseMod","Better Sensory Stone","Better Third Choice","Block Reminder","Colored Map","Colored Powertips","Curses Come First","Minty Spire (QoL Compilation)","StSLib"],"gold_per_floor":[117,128,143,143,29,54,73,90,90,107,107,123,298,318,318,416,416,435,455,488,16,33,333,333,333,333,344,358,358,358,387,387,489,489,501,501,19,34,49,49,60,60,60,60,70,70,80,80,80,80],"floor_reached":51,"language":"ENG","playtime":3054,"items_purged":["Pain"],"score":673,"play_id":"ae028d33-f2c9-4cd0-b21d-c664e788866c","local_time":"20210126234932","is_ascension_mode":false,"campfire_choices":[{"floor":11,"key":"DIG"},{"floor":15,"key":"REST"},{"floor":23,"key":"DIG"},{"floor":25,"key":"DIG"},{"floor":29,"key":"DIG"},{"floor":32,"key":"REST"},{"floor":40,"key":"DIG"},{"data":"Crescendo","floor":42,"key":"SMITH"},{"floor":44,"key":"REST"},{"data":"Devotion","floor":46,"key":"SMITH"},{"floor":49,"key":"REST"}],"circlet_count":0,"master_deck":["Strike_P","Strike_P","Strike_P","Defend_P","Defend_P","Defend_P","Eruption","Vigilance","CutThroughFate","WindmillStrike","FlurryOfBlows+1","Adaptation","ClearTheMind","FlurryOfBlows","ClearTheMind","Pray","EmptyBody","Brilliance","Crescendo+1","CrushJoints","Scrawl+1","Adaptation","Protect+1","FollowUp","JustLucky+1","Devotion+1","Halt+1","LikeWater+1","Evaluate+1","FollowUp+1","Weave+1","DevaForm+1"],"relics":["Busted Crown","WarpedTongs","Damaru","Shovel","Gambling Chip","Odd Mushroom","Runic Pyramid","Red Mask","Lee\u0027s Waffle","Toxic Egg 2","Old Coin","Thread and Needle","Letter Opener","Matryoshka","Shuriken","Meat on the Bone","Empty Cage","OrangePellets","Frozen Egg 2","Whetstone","InkBottle","Calipers"],"acts_visited":["Exordium","TheCity","TheBeyond"],"potions_floor_usage":[14,16,18,19,20,24,31,50],"damage_taken":[{"damage":0,"enemies":"Small Slimes","floor":1,"turns":4},{"damage":0,"enemies":"Cultist","floor":2,"turns":2},{"damage":0,"enemies":"Jaw Worm","floor":3,"turns":3},{"damage":11,"enemies":"3 Sentries","floor":6,"turns":6},{"damage":0,"enemies":"Large Slime","floor":7,"turns":2},{"damage":14,"enemies":"Blue Slaver","floor":8,"turns":4},{"damage":0,"enemies":"2 Fungi Beasts","floor":10,"turns":2},{"damage":0,"enemies":"3 Louse","floor":12,"turns":2},{"damage":36,"enemies":"The Mushroom Lair","floor":14,"turns":3},{"damage":24,"enemies":"Hexaghost","floor":16,"turns":7},{"damage":2,"enemies":"3 Byrds","floor":18,"turns":5},{"damage":2,"enemies":"Chosen","floor":19,"turns":5},{"damage":43,"enemies":"Masked Bandits","floor":20,"turns":4},{"damage":3,"enemies":"Snecko","floor":22,"turns":3},{"damage":0,"enemies":"Snake Plant","floor":24,"turns":2},{"damage":8,"enemies":"3 Cultists","floor":27,"turns":4},{"damage":0,"enemies":"Cultist and Chosen","floor":28,"turns":6},{"damage":27,"enemies":"Book of Stabbing","floor":31,"turns":5},{"damage":36,"enemies":"Automaton","floor":33,"turns":7},{"damage":13,"enemies":"3 Shapes","floor":35,"turns":3},{"damage":17,"enemies":"3 Darklings","floor":38,"turns":4},{"damage":0,"enemies":"Transient","floor":39,"turns":5},{"damage":23,"enemies":"4 Shapes","floor":41,"turns":4},{"damage":0,"enemies":"Spire Growth","floor":45,"turns":4},{"damage":0,"enemies":"Sphere and 2 Shapes","floor":47,"turns":5},{"damage":22,"enemies":"Time Eater","floor":50,"turns":5}],"seed_played":"7368882916606639414","potions_obtained":[{"floor":3,"key":"Swift Potion"},{"floor":7,"key":"EssenceOfSteel"},{"floor":14,"key":"Explosive Potion"},{"floor":16,"key":"FearPotion"},{"floor":18,"key":"ColorlessPotion"},{"floor":19,"key":"Block Potion"},{"floor":22,"key":"SmokeBomb"},{"floor":28,"key":"BlessingOfTheForge"},{"floor":45,"key":"LiquidBronze"}],"is_trial":false,"path_per_floor":["M","M","M","?","$","E","M","M","T","M","R","M","?","?","R","B",null,"M","M","?","$","M","R","M","R","T","M","M","R","?","E","R","B",null,"M","?","$","M","M","R","M","R","T","R","M","R","M","?","R","B",null],"character_chosen":"WATCHER","items_purchased":["Adaptation","Lee\u0027s Waffle","Toxic Egg 2","Scrawl+1","OrangePellets","Frozen Egg 2","LikeWater+1"],"campfire_rested":4,"item_purchase_floors":[5,21,21,21,37,37,37],"current_hp_per_floor":[72,72,72,72,72,61,61,47,47,47,47,47,47,11,32,8,72,70,68,25,79,76,76,76,76,76,68,68,68,68,41,64,40,79,66,66,66,49,49,49,38,38,38,61,61,61,61,46,69,47],"gold":80,"neow_bonus":"BOSS_RELIC","is_daily":false,"chose_seed":false,"campfire_upgraded":2,"win_rate":0.0,"timestamp":1611704972,"path_taken":["M","M","M","?","$","E","M","M","T","?","R","M","?","?","R","BOSS","M","M","?","$","M","R","M","R","T","M","M","R","?","E","R","BOSS","M","?","$","M","M","R","M","R","T","R","M","R","M","?","R","BOSS"],"items_purchased_type":["Card","Relic","Relic","Card","Relic","Relic","Card"],"build_version":"2020-12-22","purchased_purges":1,"victory":true,"max_hp_per_floor":[72,72,72,72,72,72,72,72,72,72,72,72,72,72,72,72,72,72,72,72,79,79,79,79,79,79,79,79,79,79,79,79,79,79,79,79,79,79,79,79,79,79,79,79,79,79,79,79,79,79],"card_choices":[{"not_picked":[],"picked":"CutThroughFate","floor":1},{"not_picked":[],"picked":"WindmillStrike","floor":2},{"not_picked":[],"picked":"FlurryOfBlows","floor":3},{"not_picked":[],"picked":"ClearTheMind","floor":6},{"not_picked":[],"picked":"FlurryOfBlows","floor":7},{"not_picked":["FlyingSleeves"],"picked":"SKIP","floor":8},{"not_picked":[],"picked":"ClearTheMind","floor":10},{"not_picked":[],"picked":"Pray","floor":12},{"not_picked":[],"picked":"EmptyBody","floor":14},{"not_picked":[],"picked":"Brilliance","floor":16},{"not_picked":["EmptyMind"],"picked":"SKIP","floor":18},{"not_picked":[],"picked":"Crescendo","floor":19},{"not_picked":[],"picked":"CrushJoints","floor":20},{"not_picked":[],"picked":"Adaptation","floor":22},{"not_picked":[],"picked":"Protect+1","floor":27},{"not_picked":[],"picked":"FollowUp","floor":28},{"not_picked":[],"picked":"JustLucky","floor":31},{"not_picked":[],"picked":"Devotion","floor":33},{"not_picked":[],"picked":"Halt+1","floor":35},{"not_picked":[],"picked":"Evaluate+1","floor":38},{"not_picked":[],"picked":"FollowUp+1","floor":39},{"not_picked":["EmptyFist"],"picked":"SKIP","floor":41},{"not_picked":[],"picked":"Weave+1","floor":45},{"not_picked":["JustLucky+1"],"picked":"SKIP","floor":47}],"player_experience":110414,"relics_obtained":[{"floor":6,"key":"Damaru"},{"floor":9,"key":"Shovel"},{"floor":11,"key":"Gambling Chip"},{"floor":14,"key":"Odd Mushroom"},{"floor":20,"key":"Red Mask"},{"floor":23,"key":"Old Coin"},{"floor":25,"key":"Thread and Needle"},{"floor":26,"key":"Letter Opener"},{"floor":29,"key":"Matryoshka"},{"floor":31,"key":"Meat on the Bone"},{"floor":40,"key":"Whetstone"},{"floor":43,"key":"InkBottle"},{"floor":43,"key":"Calipers"}],"event_choices":[{"damage_healed":0,"gold_gain":0,"player_choice":"Rummage","damage_taken":0,"relics_obtained":["WarpedTongs"],"max_hp_gain":0,"max_hp_loss":0,"event_name":"Accursed Blacksmith","floor":4,"gold_loss":0,"cards_obtained":["Pain"]},{"damage_healed":0,"gold_gain":175,"player_choice":"AGREE","damage_taken":123,"max_hp_gain":0,"max_hp_loss":0,"event_name":"betterThird:BetterSerpent","floor":13,"gold_loss":0},{"damage_healed":0,"gold_gain":0,"player_choice":"Fought Mushrooms","damage_taken":0,"max_hp_gain":0,"max_hp_loss":0,"event_name":"Mushrooms","floor":14,"gold_loss":0},{"damage_healed":0,"gold_gain":0,"player_choice":"Fought Bandits","damage_taken":0,"max_hp_gain":0,"max_hp_loss":0,"event_name":"Masked Bandits","floor":20,"gold_loss":0},{"damage_healed":0,"gold_gain":0,"player_choice":"Opened","damage_taken":0,"relics_obtained":["Shuriken"],"max_hp_gain":0,"max_hp_loss":0,"event_name":"The Mausoleum","floor":30,"gold_loss":0},{"cards_removed":["Strike_P"],"damage_healed":0,"gold_gain":0,"player_choice":"Removed Attack","damage_taken":0,"max_hp_gain":0,"max_hp_loss":0,"event_name":"Falling","floor":36,"gold_loss":0},{"damage_healed":0,"gold_gain":3,"player_choice":"2","damage_taken":0,"max_hp_gain":0,"max_hp_loss":15,"event_name":"betterStone:BetterStone","floor":48,"gold_loss":0}],"is_beta":false,"boss_relics":[{"not_picked":["Fusion Hammer","Cursed Key"],"picked":"Runic Pyramid"},{"not_picked":["Philosopher\u0027s Stone","Black Star"],"picked":"Empty Cage"}],"items_purged_floors":[5],"is_endless":false,"potions_floor_spawned":[3,7,14,16,18,19,22,28,45],"ascension_level":0}}