{"host":"f5gffvlv6a66yqkd","time":1611627951,"event":{"mods":["2.2 Compatiblity","BaseMod","Colored Map","Custom Start","DeckTracker","Keyboard Shortcuts","Minty Spire (QoL Compilation)","Permanent Neow","Quick Restart","Relic Stats","StSLib","SuperFastMode"],"gold_per_floor":[116,133,148,10,21,21,36,36,36,50,82,82,7,24,24,98,148,162,172,72,82,82,113,113,145,145,145,145,145,145,245,245,245,245],"floor_reached":33,"language":"KOR","playtime":807,"items_purged":["Strike_B","Strike_B"],"score":570,"play_id":"e113b4a2-6807-4360-8dd5-0b22b15f6a58","local_time":"20210126112551","is_ascension_mode":true,"campfire_choices":[{"data":"Defragment","floor":6.0,"key":"SMITH"},{"data":"Darkness","floor":8.0,"key":"SMITH"},{"data":"Dualcast","floor":12.0,"key":"SMITH"},{"data":"Zap","floor":15.0,"key":"SMITH"},{"floor":24.0,"key":"REST"},{"floor":27.0,"key":"REST"},{"data":"Turbo","floor":29.0,"key":"SMITH"},{"data":"Skim","floor":32.0,"key":"SMITH"}],"circlet_count":0,"master_deck":["AscendersBane","Defend_B","Defend_B","Defend_B+1","Zap+1","Dualcast+1","Darkness+1","Skim+1","Defragment+1","BootSequence","Rebound+1","Self Repair","Hologram","Undo","Electrodynamics","Ball Lightning","Turbo+1","Turbo+1","Echo Form","Chill"],"relics":["Cracked Core","Gremlin Horn","Bag of Preparation","Tiny House","Incense Burner","Ornamental Fan","Whetstone","StoneCalendar","Sundial"],"acts_visited":["Exordium","TheCity"],"potions_floor_usage":[33],"damage_taken":[{"damage":1.0,"enemies":"Cultist","floor":1.0,"turns":4.0},{"damage":7.0,"enemies":"Jaw Worm","floor":2.0,"turns":3.0},{"damage":6.0,"enemies":"Small Slimes","floor":3.0,"turns":4.0},{"damage":2.0,"enemies":"2 Fungi Beasts","floor":5.0,"turns":3.0},{"damage":6.0,"enemies":"Looter","floor":7.0,"turns":4.0},{"damage":5.0,"enemies":"Blue Slaver","floor":10.0,"turns":4.0},{"damage":7.0,"enemies":"Lagavulin","floor":11.0,"turns":5.0},{"damage":7.0,"enemies":"Exordium Wildlife","floor":14.0,"turns":6.0},{"damage":6.0,"enemies":"The Guardian","floor":16.0,"turns":8.0},{"damage":19.0,"enemies":"Shell Parasite","floor":18.0,"turns":6.0},{"damage":17.0,"enemies":"Chosen","floor":19.0,"turns":4.0},{"damage":18.0,"enemies":"Snake Plant","floor":21.0,"turns":4.0},{"damage":27.0,"enemies":"Book of Stabbing","floor":23.0,"turns":5.0},{"damage":28.0,"enemies":"Gremlin Leader","floor":25.0,"turns":5.0},{"damage":4.0,"enemies":"Colosseum Slavers","floor":31.0,"turns":4.0},{"damage":16.0,"enemies":"Colosseum Nobs","floor":31.0,"turns":4.0},{"damage":55,"enemies":"Collector","floor":33,"turns":6}],"seed_played":"7086550564666138449","potions_obtained":[{"floor":1.0,"key":"SmokeBomb"},{"floor":7.0,"key":"SpeedPotion"},{"floor":11.0,"key":"Strength Potion"},{"floor":14.0,"key":"Weak Potion"},{"floor":17.0,"key":"Block Potion"},{"floor":21.0,"key":"Swift Potion"},{"floor":31.0,"key":"Fire Potion"}],"is_trial":false,"path_per_floor":["M","M","M","$","M","R","M","R","T","M","E","R","$","M","R","B",null,"M","M","$","M","?","E","R","E","T","R","?","R","?","?","R","B"],"character_chosen":"DEFECT","items_purchased":["Rebound","Self Repair"],"campfire_rested":2,"item_purchase_floors":[4,4],"current_hp_per_floor":[63,56,50,50,48,48,49,49,49,51,51,51,51,51,51,52,71,59,49,49,38,38,18,40,19,19,41,41,41,41,35,35,0,0],"gold":245,"neow_bonus":"TRANSFORM_CARD","is_daily":false,"chose_seed":false,"campfire_upgraded":6,"win_rate":0.0,"timestamp":1611627951,"path_taken":["M","M","M","$","M","R","?","R","T","M","E","R","$","M","R","BOSS","M","M","$","M","?","E","R","E","T","R","?","R","?","?","R","BOSS"],"items_purchased_type":["Card","Card"],"build_version":"2020-12-22","purchased_purges":2,"victory":false,"max_hp_per_floor":[71,71,71,71,71,71,71,71,71,71,71,71,71,71,71,71,76,76,76,76,76,76,76,76,76,76,76,76,76,76,76,76,76,76],"relic_stats":{"Gremlin Horn":[9,9],"counters":[17,79],"Ornamental Fan":[0],"Sundial":[0],"StoneCalendar":[0],"Bag of Preparation":[20],"Whetstone":["Rebound","Strike_B"],"obtain_stats":[{"Tiny House":17,"Gremlin Horn":9,"Ornamental Fan":25,"Sundial":31,"StoneCalendar":31,"Bag of Preparation":11,"Incense Burner":23,"Whetstone":26,"Cracked Core":0},{"Tiny House":9,"Gremlin Horn":5,"Ornamental Fan":14,"Sundial":16,"StoneCalendar":16,"Bag of Preparation":7,"Incense Burner":13,"Whetstone":14,"Cracked Core":0},{"Tiny House":41,"Gremlin Horn":18,"Ornamental Fan":65,"Sundial":73,"StoneCalendar":73,"Bag of Preparation":27,"Incense Burner":60,"Whetstone":65,"Cracked Core":0}]},"card_choices":[{"not_picked":["Double Energy","Cold Snap"],"picked":"Skim","floor":1.0},{"not_picked":["Undo","Aggregate"],"picked":"Defragment","floor":2.0},{"not_picked":["Darkness","Gash"],"picked":"BootSequence","floor":3.0},{"not_picked":["Auto Shields","Stack","Melter"],"picked":"SKIP","floor":5.0},{"not_picked":["Beam Cell","Gash"],"picked":"Hologram","floor":7.0},{"not_picked":["Coolheaded","Leap"],"picked":"Undo","floor":10.0},{"not_picked":["Stack","Go for the Eyes","Auto Shields"],"picked":"SKIP","floor":11.0},{"not_picked":["Barrage","Hello World","Rebound"],"picked":"SKIP","floor":14.0},{"not_picked":["Meteor Strike","Hyperbeam"],"picked":"Electrodynamics","floor":16.0},{"not_picked":["Auto Shields","Double Energy"],"picked":"Ball Lightning","floor":17.0},{"not_picked":["Reinforced Body","Gash","Auto Shields"],"picked":"SKIP","floor":18.0},{"not_picked":["Ball Lightning","Hologram+1"],"picked":"Turbo+1","floor":19.0},{"not_picked":["Fusion","Ball Lightning","Skim"],"picked":"SKIP","floor":21.0},{"not_picked":["Doom and Gloom","Force Field","Stack"],"picked":"SKIP","floor":23.0},{"not_picked":["Go for the Eyes","Genetic Algorithm","Meteor Strike"],"picked":"SKIP","floor":25.0},{"not_picked":["Go for the Eyes","Undo"],"picked":"Chill","floor":31.0}],"player_experience":1626339,"relics_obtained":[{"floor":9.0,"key":"Gremlin Horn"},{"floor":11.0,"key":"Bag of Preparation"},{"floor":23.0,"key":"Incense Burner"},{"floor":25.0,"key":"Ornamental Fan"},{"floor":26.0,"key":"Whetstone"},{"floor":31.0,"key":"StoneCalendar"},{"floor":31.0,"key":"Sundial"}],"event_choices":[{"damage_healed":0.0,"max_hp_gain":0.0,"max_hp_loss":0.0,"gold_gain":0.0,"cards_transformed":["Strike_B","Defend_B"],"event_name":"Drug Dealer","player_choice":"Became Test Subject","floor":28.0,"gold_loss":0.0,"damage_taken":0.0,"cards_obtained":["Turbo","Echo Form"]},{"damage_healed":0.0,"max_hp_gain":0.0,"max_hp_loss":0.0,"gold_gain":0.0,"event_name":"The Mausoleum","player_choice":"Ignored","floor":30.0,"gold_loss":0.0,"damage_taken":0.0},{"damage_healed":0.0,"max_hp_gain":0.0,"max_hp_loss":0.0,"gold_gain":0.0,"event_name":"Colosseum","player_choice":"Fight","floor":31.0,"gold_loss":0.0,"damage_taken":0.0},{"damage_healed":0.0,"max_hp_gain":0.0,"max_hp_loss":0.0,"gold_gain":0.0,"event_name":"Colosseum","player_choice":"Fled From Nobs","floor":31.0,"gold_loss":0.0,"damage_taken":0.0},{"damage_healed":0.0,"max_hp_gain":0.0,"max_hp_loss":0.0,"gold_gain":0.0,"event_name":"Colosseum","player_choice":"Fought Nobs","floor":31.0,"gold_loss":0.0,"damage_taken":0.0}],"is_beta":false,"boss_relics":[{"not_picked":["SlaversCollar","Runic Dome"],"picked":"Tiny House"}],"items_purged_floors":[13,20],"is_endless":false,"potions_floor_spawned":[1,7,11,14,18,21,31],"killed_by":"Collector","ascension_level":20}}