{"host":"syozzdlzcqop4jia","time":1611698165,"event":{"mods":["BaseMod","Colored Map","Colored Powertips","Minty Spire (QoL Compilation)","Quick Restart"],"gold_per_floor":[115,115,125,142,162,188,188,188,188,188,214,225,235,255,255,354,354,366,366,383,383,19,19,38,65,65,65,95,95,115,115,115,217,217,227,227,239,255,255,255,280,297,346,346,346],"floor_reached":44,"language":"ENG","playtime":2689,"items_purged":["Perfected Strike"],"score":592,"play_id":"980ce115-fa80-49e9-a0ca-ac1eca9a80fd","local_time":"20210126225605","is_ascension_mode":true,"campfire_choices":[{"data":"Flame Barrier","floor":10,"key":"SMITH"},{"data":"Immolate","floor":15,"key":"SMITH"},{"data":"Immolate","floor":23,"key":"SMITH"},{"data":"Feed","floor":27,"key":"SMITH"},{"data":"Feed","floor":29,"key":"SMITH"},{"data":"Warcry","floor":32,"key":"SMITH"},{"data":"Fiend Fire","floor":40,"key":"SMITH"}],"circlet_count":0,"master_deck":["Defend_R","Defend_R","Bash","Headbutt","Pommel Strike","Flame Barrier+1","Flex","Immolate+1","Immolate+1","Clash","Feed+1","Intimidate","Rage","Twin Strike","Feed+1","Warcry+1","Necronomicurse","Bite","Bite","Bite","Bite","Bite","Dropkick","Headbutt","Clash+1","Bloodletting+1","Fiend Fire+1","Ghostly Armor","The Bomb","Shrug It Off+1","Demon Form"],"relics":["Burning Blood","Lantern","Eternal Feather","Pantograph","Art of War","SlaversCollar","Necronomicon","Orichalcum","Happy Flower","Omamori","Bag of Marbles","Magic Flower","Philosopher\u0027s Stone","Pen Nib","Centennial Puzzle"],"acts_visited":["Exordium","TheCity","TheBeyond"],"potions_floor_usage":[6,38,42,42,44],"damage_taken":[{"damage":3,"enemies":"Jaw Worm","floor":1,"turns":5},{"damage":0,"enemies":"2 Louse","floor":3,"turns":3},{"damage":1,"enemies":"Cultist","floor":4,"turns":3},{"damage":4,"enemies":"Blue Slaver","floor":5,"turns":4},{"damage":34,"enemies":"Lagavulin","floor":6,"turns":11},{"damage":6,"enemies":"3 Sentries","floor":11,"turns":4},{"damage":0,"enemies":"Large Slime","floor":12,"turns":3},{"damage":3,"enemies":"Looter","floor":13,"turns":3},{"damage":0,"enemies":"Gremlin Gang","floor":14,"turns":1},{"damage":55,"enemies":"The Guardian","floor":16,"turns":8},{"damage":1,"enemies":"3 Byrds","floor":18,"turns":4},{"damage":0,"enemies":"2 Thieves","floor":20,"turns":1},{"damage":0,"enemies":"Snake Plant","floor":24,"turns":2},{"damage":8,"enemies":"Slavers","floor":25,"turns":2},{"damage":0,"enemies":"Gremlin Leader","floor":28,"turns":2},{"damage":20,"enemies":"Centurion and Healer","floor":30,"turns":4},{"damage":15,"enemies":"Automaton","floor":33,"turns":5},{"damage":0,"enemies":"3 Darklings","floor":35,"turns":1},{"damage":8,"enemies":"3 Shapes","floor":37,"turns":1},{"damage":43,"enemies":"Transient","floor":38,"turns":5},{"damage":44,"enemies":"Giant Head","floor":41,"turns":7},{"damage":38,"enemies":"4 Shapes","floor":42,"turns":2},{"damage":21,"enemies":"Sphere and 2 Shapes","floor":44,"turns":2}],"seed_played":"5578908417583333257","potions_obtained":[{"floor":3,"key":"Weak Potion"},{"floor":5,"key":"ElixirPotion"},{"floor":6,"key":"SneckoOil"},{"floor":12,"key":"SteroidPotion"},{"floor":16,"key":"FearPotion"},{"floor":18,"key":"BlessingOfTheForge"},{"floor":35,"key":"Strength Potion"},{"floor":37,"key":"Explosive Potion"},{"floor":42,"key":"Swift Potion"}],"is_trial":false,"path_per_floor":["M","?","M","M","M","E","?","?","T","R","E","M","M","M","R","B",null,"M","?","M","?","$","R","M","E","T","R","E","R","M","?","R","B",null,"M","?","M","M","?","R","E","M","T","M"],"character_chosen":"IRONCLAD","items_purchased":["Orichalcum","Happy Flower"],"campfire_rested":0,"item_purchase_floors":[22,22],"current_hp_per_floor":[88,88,88,88,88,60,57,57,57,66,66,72,75,81,88,39,88,91,75,81,63,63,63,63,64,64,66,66,66,61,61,66,63,66,66,66,66,41,41,59,40,14,14,8,8],"gold":346,"neow_bonus":"TEN_PERCENT_HP_BONUS","is_daily":false,"chose_seed":false,"campfire_upgraded":7,"win_rate":0.0,"timestamp":1611698165,"path_taken":["M","?","M","M","M","E","?","?","T","R","E","M","M","M","R","BOSS","M","?","M","?","?","R","M","E","T","R","E","R","M","?","R","BOSS","M","?","M","M","?","R","E","?","T","M"],"items_purchased_type":["Relic","Relic"],"build_version":"2020-12-22","purchased_purges":1,"victory":false,"max_hp_per_floor":[88,88,88,88,88,88,88,88,88,88,88,88,88,88,88,88,88,91,91,91,63,63,63,63,66,66,66,66,66,66,66,66,66,66,66,66,66,66,66,66,66,66,66,70,70],"card_choices":[{"not_picked":["Body Slam","Pummel"],"picked":"Headbutt","floor":1},{"not_picked":["Clash","Cleave"],"picked":"Pommel Strike","floor":3},{"not_picked":["Cleave","True Grit"],"picked":"Flame Barrier","floor":4},{"not_picked":["Body Slam","Iron Wave"],"picked":"Flex","floor":5},{"not_picked":["Armaments","Burning Pact"],"picked":"Immolate","floor":6},{"not_picked":["Combust","Pommel Strike"],"picked":"Feed","floor":11},{"not_picked":["True Grit","Power Through"],"picked":"Intimidate","floor":12},{"not_picked":["Headbutt","Spot Weakness"],"picked":"Rage","floor":13},{"not_picked":["Clash","True Grit"],"picked":"Twin Strike","floor":14},{"not_picked":["Reaper","Berserk"],"picked":"Feed","floor":16},{"not_picked":["True Grit+1","Headbutt"],"picked":"Warcry","floor":18},{"not_picked":["Thunderclap+1","Havoc+1"],"picked":"Perfected Strike","floor":20},{"not_picked":["Sword Boomerang","Spot Weakness"],"picked":"Dropkick","floor":24},{"not_picked":["Clash","Twin Strike"],"picked":"Headbutt","floor":25},{"not_picked":["Rampage+1","Exhume"],"picked":"Clash+1","floor":28},{"not_picked":["Shrug It Off","Twin Strike"],"picked":"Bloodletting+1","floor":30},{"not_picked":["Bludgeon","Corruption"],"picked":"Fiend Fire","floor":33},{"not_picked":["Heavy Blade+1","Pommel Strike+1"],"picked":"Ghostly Armor","floor":35},{"not_picked":["Bandage Up","Forethought"],"picked":"The Bomb","floor":36},{"not_picked":["Infernal Blade+1","Sword Boomerang","Sentinel+1"],"picked":"SKIP","floor":37},{"not_picked":["Entrench+1","Wild Strike"],"picked":"Shrug It Off+1","floor":38},{"not_picked":["Perfected Strike","Sword Boomerang+1","Armaments+1"],"picked":"SKIP","floor":41},{"not_picked":["Wild Strike+1","Infernal Blade"],"picked":"Demon Form","floor":42}],"player_experience":396200,"relics_obtained":[{"floor":6,"key":"Lantern"},{"floor":9,"key":"Pantograph"},{"floor":11,"key":"Art of War"},{"floor":19,"key":"Necronomicon"},{"floor":25,"key":"Omamori"},{"floor":26,"key":"Bag of Marbles"},{"floor":28,"key":"Magic Flower"},{"floor":41,"key":"Pen Nib"},{"floor":43,"key":"Centennial Puzzle"}],"event_choices":[{"damage_healed":0,"gold_gain":0,"player_choice":"Ignored","damage_taken":0,"max_hp_gain":0,"max_hp_loss":0,"event_name":"Golden Idol","floor":2,"gold_loss":0},{"damage_healed":0,"gold_gain":0,"player_choice":"Success","damage_taken":3,"relics_obtained":["Eternal Feather"],"max_hp_gain":0,"max_hp_loss":0,"event_name":"Scrap Ooze","floor":7,"gold_loss":0},{"damage_healed":0,"gold_gain":0,"player_choice":"2 cards matched","damage_taken":0,"max_hp_gain":0,"max_hp_loss":0,"event_name":"Match and Keep!","floor":8,"gold_loss":0,"cards_obtained":["Immolate","Clash"]},{"damage_healed":0,"gold_gain":0,"player_choice":"Obtained Book","damage_taken":16,"max_hp_gain":0,"max_hp_loss":0,"event_name":"Cursed Tome","floor":19,"gold_loss":0},{"damage_healed":0,"gold_gain":0,"player_choice":"Became a vampire","damage_taken":0,"max_hp_gain":0,"max_hp_loss":28,"event_name":"Vampires","floor":21,"gold_loss":0,"cards_obtained":["Bite","Bite","Bite","Bite","Bite"]},{"cards_removed":["Defend_R"],"damage_healed":0,"gold_gain":0,"player_choice":"Elegance","damage_taken":0,"max_hp_gain":0,"max_hp_loss":0,"event_name":"Back to Basics","floor":31,"gold_loss":0},{"damage_healed":0,"gold_gain":0,"player_choice":"Memory 1","damage_taken":0,"max_hp_gain":0,"max_hp_loss":0,"event_name":"SensoryStone","floor":36,"gold_loss":0},{"cards_removed":["Defend_R"],"damage_healed":0,"gold_gain":0,"player_choice":"Purged","damage_taken":0,"max_hp_gain":0,"max_hp_loss":0,"event_name":"Purifier","floor":39,"gold_loss":0}],"is_beta":false,"boss_relics":[{"not_picked":["Snecko Eye","Black Star"],"picked":"SlaversCollar"},{"not_picked":["Busted Crown","Runic Pyramid"],"picked":"Philosopher\u0027s Stone"}],"items_purged_floors":[22],"is_endless":false,"potions_floor_spawned":[3,5,6,12,16,18,28,35,37,42],"killed_by":"Sphere and 2 Shapes","ascension_level":2}}