{"host":"vyjryxuuuxkt43k4","time":1611623893,"event":{"mods":["AchievementEnabler","BaseMod","Colored Map","DeckTracker","Keyboard Shortcuts","Minty Spire (QoL Compilation)","Permanent Neow","Quick Restart","Rare Cards Sparkle","StSLib","SuperFastMode","everything is the same but u backflip on backflip"],"gold_per_floor":[109,124,142,142,153,153,163,198,221,17,17,37,62,27,27,105,105,115,115,115,115],"floor_reached":20,"language":"KOR","playtime":913,"items_purged":[],"score":348,"play_id":"0e44f1e2-07d6-49ee-8591-44f879b0dc88","local_time":"20210126101813","is_ascension_mode":true,"campfire_choices":[{"data":"Berserk","floor":6.0,"key":"SMITH"},{"data":"Barricade","floor":11.0,"key":"SMITH"},{"data":"Entrench","floor":15.0,"key":"SMITH"}],"circlet_count":0,"master_deck":["AscendersBane","Strike_R","Strike_R","Defend_R","Defend_R","Defend_R","Defend_R","Bash","Berserk+1","Twin Strike","Shrug It Off","Shrug It Off","Battle Trance","Barricade+1","Ghostly Armor","Entrench+1","Blood for Blood","Perfected Strike","Corruption","Armaments+1","Clothesline+1","Blood for Blood+1","Anger+1"],"relics":["Burning Blood","Akabeko","Vajra","Lee\u0027s Waffle","Odd Mushroom","Astrolabe"],"acts_visited":["Exordium","TheCity"],"potions_floor_usage":[],"damage_taken":[{"damage":9.0,"enemies":"2 Louse","floor":1.0,"turns":4.0},{"damage":11.0,"enemies":"Small Slimes","floor":2.0,"turns":4.0},{"damage":1.0,"enemies":"Cultist","floor":3.0,"turns":3.0},{"damage":4.0,"enemies":"2 Fungi Beasts","floor":5.0,"turns":5.0},{"damage":21.0,"enemies":"Red Slaver","floor":7.0,"turns":3.0},{"damage":49.0,"enemies":"3 Sentries","floor":8.0,"turns":13.0},{"damage":25.0,"enemies":"Gremlin Gang","floor":12.0,"turns":7.0},{"damage":20.0,"enemies":"The Mushroom Lair","floor":13.0,"turns":6.0},{"damage":60.0,"enemies":"Slime Boss","floor":16.0,"turns":21.0},{"damage":34,"enemies":"2 Thieves","floor":18,"turns":5},{"damage":38,"enemies":"3 Byrds","floor":20,"turns":3}],"seed_played":"-6753690542953862604","potions_obtained":[{"floor":3.0,"key":"GamblersBrew"},{"floor":5.0,"key":"Weak Potion"},{"floor":7.0,"key":"SteroidPotion"},{"floor":12.0,"key":"GamblersBrew"}],"is_trial":false,"path_per_floor":["M","M","M","?","M","R","M","E","T","$","R","M","?","?","R","B",null,"M","?","M"],"character_chosen":"IRONCLAD","items_purchased":["Lee\u0027s Waffle","Entrench"],"campfire_rested":0,"item_purchase_floors":[10,10],"current_hp_per_floor":[65,60,65,65,67,67,52,9,9,82,82,63,49,69,69,15,65,37,37,0,0],"gold":115,"neow_bonus":"ONE_RANDOM_RARE_CARD","is_daily":false,"chose_seed":false,"campfire_upgraded":3,"win_rate":0.0,"timestamp":1611623893,"path_taken":["M","M","M","?","M","R","M","E","T","$","R","M","?","?","R","BOSS","M","?","M"],"items_purchased_type":["Relic","Card"],"build_version":"2020-12-22","purchased_purges":0,"victory":false,"max_hp_per_floor":[75,75,75,75,75,75,75,75,75,82,82,82,82,82,82,82,82,82,82,82,82],"card_choices":[{"not_picked":["Havoc","Intimidate"],"picked":"Twin Strike","floor":1.0},{"not_picked":["Pummel","Armaments"],"picked":"Shrug It Off","floor":2.0},{"not_picked":["Bloodletting","Havoc"],"picked":"Shrug It Off","floor":3.0},{"not_picked":["Thunderclap","Anger"],"picked":"Battle Trance","floor":5.0},{"not_picked":["Flex","Headbutt"],"picked":"Barricade","floor":7.0},{"not_picked":["Seeing Red","Hemokinesis"],"picked":"Ghostly Armor","floor":8.0},{"not_picked":["Uppercut","Thunderclap"],"picked":"Blood for Blood","floor":12.0},{"not_picked":["Iron Wave","Headbutt"],"picked":"Perfected Strike","floor":13.0},{"not_picked":["Brutality","Berserk"],"picked":"Corruption","floor":16.0},{"not_picked":["Pommel Strike","Havoc"],"picked":"Anger+1","floor":18}],"player_experience":348524,"relics_obtained":[{"floor":8.0,"key":"Akabeko"},{"floor":9.0,"key":"Vajra"},{"floor":13.0,"key":"Odd Mushroom"}],"event_choices":[{"damage_healed":0.0,"max_hp_gain":0.0,"max_hp_loss":0.0,"gold_gain":0.0,"event_name":"Liars Game","player_choice":"Ignored","floor":4.0,"gold_loss":0.0,"damage_taken":0.0},{"damage_healed":0.0,"max_hp_gain":0.0,"max_hp_loss":0.0,"gold_gain":0.0,"event_name":"Mushrooms","player_choice":"Fought Mushrooms","floor":13.0,"gold_loss":0.0,"damage_taken":0.0},{"damage_healed":20.0,"max_hp_gain":0.0,"max_hp_loss":0.0,"gold_gain":0.0,"event_name":"The Cleric","player_choice":"Healed","floor":14.0,"gold_loss":35.0,"damage_taken":0.0},{"damage_healed":0,"gold_gain":0,"player_choice":"Ignored","damage_taken":0,"max_hp_gain":0,"max_hp_loss":0,"event_name":"Vampires","floor":19,"gold_loss":0}],"is_beta":false,"boss_relics":[{"not_picked":["Empty Cage","Coffee Dripper"],"picked":"Astrolabe"}],"items_purged_floors":[],"is_endless":false,"potions_floor_spawned":[3,5,7,12],"killed_by":"3 Byrds","ascension_level":20}}