{"host":"seujf6kmfn3ctpoe","time":1611702403,"event":{"mods":["BaseMod","Colored Map","Downfall","Minty Spire (QoL Compilation)","Permanent Neow","Relic Sorter","Relic Stats","StSLib"],"gold_per_floor":[99,112,112,21,21,21,21,38,52,66,76,76,105,132,148,247,247,247,267,283,283,283,300,326,226,376,406,419,419,432,449,465,565,565,565,578,196,206,398,398,398,398,415,415,465,465,465,465,485,485],"floor_reached":51,"language":"ENG","playtime":2984,"items_purged":["bronze:Verify","bronze:Strike"],"score":669,"play_id":"6a62edc7-f095-42e2-aa6e-3a98f36184d0","local_time":"20210127000643","is_ascension_mode":false,"campfire_choices":[{"data":"bronze:ShipIt","floor":1,"key":"SMITH"},{"data":"bronze:BugBarrage","floor":6,"key":"SMITH"},{"data":"bronze:BuggyMess","floor":12,"key":"SMITH"},{"data":"bronze:ShipIt","floor":18,"key":"SMITH"},{"data":"bronze:BronzeOrb","floor":25,"key":"SMITH"},{"floor":29,"key":"REST"},{"data":"bronze:BuggyMess","floor":35,"key":"SMITH"},{"data":"Trip","floor":40,"key":"SMITH"},{"floor":44,"key":"REST"},{"floor":47,"key":"REST"}],"circlet_count":0,"master_deck":["bronze:Strike+1","bronze:Strike","bronze:Defend","bronze:Defend","bronze:Defend","bronze:Defend","bronze:Replicate","bronze:Goto","bronze:ShipIt+1","bronze:BugBarrage+1","bronze:Shield","bronze:ShipIt+1","bronze:OilSpill","bronze:Repair","bronze:BuggyMess+1","bronze:BuggyMess+1","bronze:WildBeam","bronze:BronzeOrb+1","bronze:ItsAFeature","bronze:Break+1","bronze:Allocate+1","Trip+1","bronze:Turbo+1","bronze:BugBarrage","bronze:CutThrough+1","bronze:Branch+1","bronze:WildBeam+1","bronze:Terminator","bronze:DigitalCarnage"],"relics":["bronze:BronzeCore","Odd Mushroom","Runic Pyramid","Unceasing Top","Lantern","downfall:HeartBlessingBlue","Nunchaku","Busted Crown","Whetstone","Happy Flower","InkBottle","TungstenRod"],"acts_visited":["Exordium","TheCity","TheBeyond"],"potions_floor_usage":[16,38,43],"damage_taken":[{"damage":4,"enemies":"Cultist","floor":2,"turns":4},{"damage":5,"enemies":"downfall:FleeingMerchant","floor":4,"turns":4},{"damage":1,"enemies":"Jaw Worm","floor":8,"turns":3},{"damage":2,"enemies":"Small Slimes","floor":9,"turns":2},{"damage":2,"enemies":"Red Slaver","floor":10,"turns":2},{"damage":0,"enemies":"Lots of Slimes","floor":11,"turns":5},{"damage":15,"enemies":"The Mushroom Lair","floor":13,"turns":3},{"damage":24,"enemies":"Gremlin Nob","floor":14,"turns":4},{"damage":4,"enemies":"Large Slime","floor":15,"turns":4},{"damage":20,"enemies":"WA_ARCHETYPE_RETAIN","floor":16,"turns":5},{"damage":9,"enemies":"Shell Parasite","floor":19,"turns":4},{"damage":18,"enemies":"Snecko","floor":20,"turns":5},{"damage":6,"enemies":"Centurion and Healer","floor":23,"turns":6},{"damage":20,"enemies":"Slavers","floor":27,"turns":8},{"damage":12,"enemies":"Snake Plant","floor":28,"turns":4},{"damage":10,"enemies":"Snecko","floor":30,"turns":4},{"damage":0,"enemies":"Centurion and Healer","floor":31,"turns":4},{"damage":1,"enemies":"Cultist and Chosen","floor":32,"turns":4},{"damage":45,"enemies":"SI_MIRROR_ARCHETYPE","floor":33,"turns":7},{"damage":5,"enemies":"3 Shapes","floor":36,"turns":2},{"damage":0,"enemies":"downfall:FleeingMerchant","floor":37,"turns":4},{"damage":20,"enemies":"3 Darklings","floor":38,"turns":5},{"damage":6,"enemies":"downfall:FleeingMerchant","floor":39,"turns":3},{"damage":44,"enemies":"Writhing Mass","floor":43,"turns":4},{"damage":0,"enemies":"Writhing Mass","floor":45,"turns":3},{"damage":0,"enemies":"Transient","floor":49,"turns":5},{"damage":50,"enemies":"IC_BLOCK_ARCHETYPE","floor":50,"turns":4}],"seed_played":"7955911568770911429","potions_obtained":[{"floor":8,"key":"EssenceOfSteel"},{"floor":9,"key":"Fruit Juice"},{"floor":11,"key":"bronze:CleanCodePotion"},{"floor":16,"key":"hexamod:SoulburnPotion"},{"floor":36,"key":"Explosive Potion"},{"floor":43,"key":"champ:CounterPotion"}],"is_trial":false,"path_per_floor":["R","M","?","$","?","R","T","M","M","M","M","R","?","E","M","B",null,"R","M","M","?","?","M","T","R","?","E","M","R","M","M","M","B",null,"R","M","$","M","$","R","T","$","M","R","?","?","R","?","M","B",null],"character_chosen":"THE_AUTOMATON","items_purchased":["bronze:ShipIt","Whetstone","Happy Flower","bronze:DigitalCarnage"],"campfire_rested":3,"item_purchase_floors":[4,37,37,39],"current_hp_per_floor":[63,59,59,54,54,54,54,53,51,49,56,56,48,31,34,19,68,68,59,41,41,41,42,42,52,52,39,27,50,47,54,53,8,78,78,73,78,58,59,59,59,59,22,45,52,52,75,75,78,28],"gold":485,"neow_bonus":"THREE_RARE_CARDS","is_daily":false,"chose_seed":false,"campfire_upgraded":7,"win_rate":0.0,"timestamp":1611702403,"path_taken":["R","M","?","$","?","R","T","M","M","?","M","R","?","E","M","BOSS","R","M","M","?","?","?","T","R","?","E","M","R","M","?","M","BOSS","R","M","$","M","$","R","T","$","M","R","?","?","R","?","M","BOSS"],"items_purchased_type":["Card","Relic","Relic","Card"],"build_version":"2020-12-22","purchased_purges":2,"victory":true,"max_hp_per_floor":[63,63,63,63,63,63,63,63,63,63,63,63,63,63,63,68,68,68,68,68,68,68,68,68,78,78,78,78,78,78,78,78,78,78,78,78,78,78,78,78,78,78,78,78,78,78,78,78,78,78],"relic_stats":{"Nunchaku":[19],"Busted Crown":14,"Happy Flower":[8],"counters":[27,112],"Whetstone":["bronze:Strike","bronze:Break"],"obtain_stats":[{"Lantern":24,"bronze:BronzeCore":0,"Happy Flower":37,"Whetstone":37,"Odd Mushroom":13,"Nunchaku":27,"Busted Crown":34,"downfall:HeartBlessingBlue":25,"bronze:SilverBullet":14,"Unceasing Top":21,"InkBottle":41,"TungstenRod":45,"Runic Pyramid":17},{"Lantern":13,"bronze:BronzeCore":0,"Happy Flower":21,"Whetstone":21,"Odd Mushroom":7,"Nunchaku":14,"Busted Crown":19,"downfall:HeartBlessingBlue":13,"bronze:SilverBullet":8,"Unceasing Top":12,"InkBottle":23,"TungstenRod":25,"Runic Pyramid":10},{"Lantern":51,"bronze:BronzeCore":0,"Happy Flower":88,"Whetstone":88,"Odd Mushroom":23,"Nunchaku":59,"Busted Crown":82,"downfall:HeartBlessingBlue":51,"bronze:SilverBullet":27,"Unceasing Top":45,"InkBottle":96,"TungstenRod":103,"Runic Pyramid":36}],"Unceasing Top":[34],"InkBottle":[12],"TungstenRod":11},"card_choices":[{"not_picked":["bronze:SpaghettiCode","bronze:Mutator"],"picked":"bronze:ShipIt","floor":0},{"not_picked":["bronze:Deprecate","bronze:BuggyMess"],"picked":"bronze:BugBarrage","floor":2},{"not_picked":["bronze:Constructor","bronze:Boost"],"picked":"bronze:Shield","floor":4},{"not_picked":["bronze:DelayedGuard","bronze:Branch"],"picked":"bronze:OilSpill","floor":8},{"not_picked":["bronze:InfiniteBeams","bronze:Branch"],"picked":"bronze:Repair","floor":9},{"not_picked":["bronze:Overheat","bronze:Frontload"],"picked":"bronze:BuggyMess","floor":10},{"not_picked":["bronze:FineTuning","bronze:Overheat"],"picked":"bronze:BuggyMess","floor":11},{"not_picked":["bronze:Terminator","bronze:BitShift"],"picked":"bronze:WildBeam","floor":13},{"not_picked":["bronze:WhirlingStrike","bronze:Invalidate"],"picked":"bronze:BronzeOrb","floor":14},{"not_picked":["bronze:ForLoop","bronze:Format"],"picked":"bronze:ItsAFeature","floor":15},{"not_picked":["bronze:HardenedForm","bronze:ThunderWave"],"picked":"bronze:Break","floor":16},{"not_picked":["bronze:Return","bronze:OilSpill"],"picked":"bronze:Allocate+1","floor":19},{"not_picked":["bronze:Overheat+1","bronze:CutThrough","bronze:Backtrace"],"picked":"SKIP","floor":20},{"not_picked":["bronze:Constructor","bronze:Overheat+1"],"picked":"bronze:Turbo+1","floor":23},{"not_picked":["bronze:OilSpill","bronze:Repair+1"],"picked":"bronze:BugBarrage","floor":27},{"not_picked":["bronze:AlphaBuild","bronze:Invalidate","bronze:ForLoop"],"picked":"SKIP","floor":28},{"not_picked":["bronze:Separator","bronze:Turbo"],"picked":"bronze:CutThrough+1","floor":30},{"not_picked":["bronze:WhirlingStrike","bronze:CutThrough"],"picked":"bronze:Branch+1","floor":31},{"not_picked":["bronze:Invalidate+1","bronze:BitShift"],"picked":"bronze:WildBeam+1","floor":32},{"not_picked":["bronze:Deprecate+1"],"picked":"SKIP","floor":36},{"not_picked":["bronze:Separator"],"picked":"SKIP","floor":37},{"not_picked":[],"picked":"bronze:Terminator","floor":38},{"not_picked":["bronze:FineTuning+1"],"picked":"SKIP","floor":39},{"not_picked":["bronze:WhirlingStrike+1"],"picked":"SKIP","floor":43},{"not_picked":["bronze:ForLoop"],"picked":"SKIP","floor":49}],"player_experience":424047,"relics_obtained":[{"floor":13,"key":"Odd Mushroom"},{"floor":14,"key":"bronze:SilverBullet"},{"floor":24,"key":"Lantern"},{"floor":27,"key":"Nunchaku"},{"floor":41,"key":"InkBottle"},{"floor":45,"key":"TungstenRod"}],"event_choices":[{"cards_removed":["bronze:Strike"],"damage_healed":0,"gold_gain":0,"player_choice":"Card Removal","damage_taken":0,"max_hp_gain":0,"max_hp_loss":0,"event_name":"The Cleric","floor":3,"gold_loss":0},{"damage_healed":0,"gold_gain":0,"player_choice":"Leave","damage_taken":0,"max_hp_gain":0,"max_hp_loss":0,"event_name":"FaceTrader","floor":5,"gold_loss":0},{"damage_healed":0,"gold_gain":0,"player_choice":"Fought Mushrooms","damage_taken":0,"max_hp_gain":0,"max_hp_loss":0,"event_name":"Mushrooms","floor":13,"gold_loss":0},{"damage_healed":0,"gold_gain":0,"player_choice":"Ignored","damage_taken":0,"max_hp_gain":0,"max_hp_loss":0,"event_name":"Mysterious Sphere","floor":46,"gold_loss":0}],"is_beta":false,"boss_relics":[{"not_picked":["Philosopher\u0027s Stone","Sozu"],"picked":"Runic Pyramid"},{"not_picked":["Velvet Choker","Astrolabe"],"picked":"Busted Crown"}],"items_purged_floors":[37,39],"is_endless":false,"potions_floor_spawned":[8,9,11,16,23,27,28,36,43],"ascension_level":0}}