{"host":"niv6bi8ufjzyofbf","time":1611665385,"event":{"mods":["ATMod(∞¢Ë™Mod)","Act Like it!","BaseMod","Colored Powertips","Conspire","Gensokyo","Hermit","Mad Scientist","Marisa£®ÏF”Í°°ƒß¿Ì…≥£©","Minty Spire (QoL Compilation)","Quick Restart","Rare Cards Sparkle","Reimu£®≤©¿ˆ¡È√Œ£©","Relic Filter Mod","Replay The Spire","Shop Mod","Spicy Shops","StSLib","SuperFastMode","The Cursed","The Servant 0.9.4","Youmu£®ªÍ∆«—˝√Œ£©","°æ“≈ŒÔø®≈∆°øREMEMod","≤–¡Ù÷ÆŒÔ"],"gold_per_floor":[117,23333,23347,21870,21870,21904,21919,21947,22029,22044,22057,20853,20853,20853,20853,20958,20958,20976,19424,18111,18124,18224,18224,18255,18255,18255,18285,17425,17493,17538,17584,17584,17760,17760,17789,17789,17839,17165,17105,17105,17154,17154,17154,17154,17210,17244,16331,16388,16388,16409],"floor_reached":51,"language":"ZHS","playtime":2823,"items_purged":["ReplayRNGCard","TheCursedMod:RavingStaff","Regret"],"score":1420,"play_id":"f7d1d21c-c1dc-41e9-8a70-da6e8b7d0433","local_time":"20210126204945","is_ascension_mode":true,"campfire_choices":[{"data":"TheCursedMod:SpitefulPray","floor":13,"key":"SMITH"},{"data":"TheCursedMod:PrepareRite","floor":15,"key":"SMITH"},{"floor":23,"key":"RECALL"},{"data":"AT_EmpoweredMortalDraw","floor":25,"key":"SMITH"},{"data":"Panache+1","floor":40,"key":"SMITH"},{"data":"TheCursedMod:NeowsMight","floor":44,"key":"SMITH"},{"data":"REME_PuzzleBox+1","floor":49,"key":"SMITH"}],"circlet_count":0,"master_deck":["TheCursedMod:CleanUpWorkshop+1","TheCursedMod:SpitefulStrike","TheCursedMod:TacticalStrike","TheCursedMod:VitalStrike","TheCursedMod:FuryStrike+1","TheCursedMod:FuryStrike","TheCursedMod:CircleOfWindfury","TheCursedMod:CursedSpellbook","TheCursedMod:StunningStrike+1","TheCursedMod:AshesToAshes","TheCursedMod:SoulCrush","TheCursedMod:SpitefulPlan","REME_ShortnessOfBreath","TheCursedMod:FuryStrike","TheCursedMod:CursedRelics","TheCursedMod:PrepareRite+1","TheCursedMod:SpitefulPray+1","TheCursedMod:SpitefulStrike","TheCursedMod:Torture","TheCursedMod:NeowsMight+1","AT_EmpoweredMortalDraw+1","TheCursedMod:CircleOfAbyss+1","TheCursedMod:ManaBullet+1","TheCursedMod:CursedBlade","REME_BuildACard+1","TheCursedMod:RavingStaff+1","REME_PuzzleBox+2","TheCursedMod:CursedShiv+1","TheCursedMod:SpitefulPray+1","TheCursedMod:SpreadPlague+1","TheCursedMod:Grudge+1","Gensokyo:RPG","TheCursedMod:ParallelWorld+1","Panache+2","REME_HeartOfCthun","Gensokyo:CustomPotion","TheCursedMod:CleanUpWorkshop+1","Gensokyo:LockedMedkit","Gensokyo:ScrapIron","Gensokyo:Shovel","Gensokyo:UnhurriedMind+1"],"relics":["TheCursedMod:FourLeafCloverCharm","REME_ComplimentaryCards","AT_ATBox","PreservedInsect","conspire:InfiniteJournal","Guide Book","conspire:TopHat","PlaceholderMod:FlatBlood","AT_RedTearstoneRing","Bronze Scales","AT_BellDemon","Ice Cream","REME_PuzzleBoxRelic","StoneCalendar","AT_ImmortalShieldbow","Simple Rune","Art of War","TheAbacus","Bag of Marbles","FossilizedHelix","Happy Flower","MealTicket","Strange Spoon","conspire:DecoderRing","AT_MortalBlade","Gremlin Food","Toxic Egg 2","Bag of Preparation","Orichalcum","Sling","Centennial Puzzle","TheCursedMod:PinkPellets","MerchantsRug","Replay:PocketPolymizer","AT_DeathDance","HandDrill","Prayer Wheel","Lantern","Orrery","Kunai","AT_BladeRuinedKing","Bottled Lightning","InkBottle","Replay:Ringing Soul","Smiling Mask","Membership Card","Frozen Egg 2","ReplayTheSpireMod:Shallot","Ancient Tea Set","Toolbox","REME_ArchaeologicalTools","AT_SunfireAegis","Incense Burner","Omamori","ReplayTheSpireMod:TigerMarble","Anchor","Replay:WaspNest","Cursed Key","AT_ChloranthyRing","AT_SilvercatRing","TheCursedMod:Tack","HornCleat","ReplayTheSpireMod:ShopPack","PlaceholderMod:SoulofChaos","TheCursedMod:BloodyHarpoon","Chemical X","Garlic","Pet Ghost","Gensokyo:DualWield","Vajra","Ginger","White Beast Statue","Pen Nib","conspire:TreasureMap","ClockworkSouvenir","TentaclePot:ReiMu","Cauldron","Frozen Eye"],"acts_visited":["Gensokyo:Gensokyo","TheCity","Gensokyo:Gensokyoest"],"potions_floor_usage":[6,6,8,16,16,21,21,21],"damage_taken":[{"damage":7,"enemies":"Gensokyo:2_Kodama","floor":1,"turns":2},{"damage":0,"enemies":"Gensokyo:Gryphon","floor":2,"turns":1},{"damage":0,"enemies":"Gensokyo:3_Fairies","floor":3,"turns":2},{"damage":20,"enemies":"Gensokyo:Cirno","floor":6,"turns":5},{"damage":2,"enemies":"Gensokyo:2_Rabbits","floor":7,"turns":1},{"damage":0,"enemies":"Gensokyo:Mamizou","floor":8,"turns":3},{"damage":16,"enemies":"Gensokyo:Gryphon_and_Rabbit","floor":10,"turns":3},{"damage":12,"enemies":"Gensokyo:3_Kodama","floor":11,"turns":3},{"damage":0,"enemies":"Gensokyo:Yukari","floor":16,"turns":3},{"damage":0,"enemies":"Shell Parasite","floor":18,"turns":1},{"damage":0,"enemies":"conspire:FuzzyDice","floor":21,"turns":1},{"damage":0,"enemies":"Replay:Snechameleon","floor":24,"turns":1},{"damage":0,"enemies":"conspire:SneckoGhost","floor":27,"turns":1},{"damage":0,"enemies":"REME_1_Revenger","floor":29,"turns":1},{"damage":0,"enemies":"Snecko","floor":30,"turns":1},{"damage":0,"enemies":"conspire:Head Lice","floor":31,"turns":1},{"damage":0,"enemies":"Pondfish","floor":33,"turns":2},{"damage":0,"enemies":"Gensokyo:3_Bats","floor":35,"turns":1},{"damage":0,"enemies":"Gensokyo:AncientGuardian","floor":37,"turns":1},{"damage":0,"enemies":"Gensokyo:Kasen","floor":41,"turns":1},{"damage":0,"enemies":"Gensokyo:Marisa","floor":45,"turns":1},{"damage":0,"enemies":"Gensokyo:Rafflesia","floor":46,"turns":1},{"damage":0,"enemies":"Gensokyo:Rafflesia","floor":48,"turns":1},{"damage":0,"enemies":"Gensokyo:Yuyuko","floor":50,"turns":1}],"seed_played":"-7246432977455264978","potions_obtained":[{"floor":3,"key":"AttackPotion"},{"floor":6,"key":"Swift Potion"},{"floor":11,"key":"EssenceOfSteel"},{"floor":16,"key":"Strength Potion"},{"floor":27,"key":"AttackPotion"}],"is_trial":false,"path_per_floor":["M","M","M","$","?","E","M","E","T","M","M","$","R","?","R","B",null,"M","$","$","M","?","R","E","R","T","E","$","E","M","E","R","B",null,"M","?","M","$","?","R","E","?","T","R","E","M","COS","?","R","B",null],"character_chosen":"THE_CURSED","items_purchased":["conspire:InfiniteJournal","Guide Book","conspire:TopHat","PlaceholderMod:FlatBlood","AT_RedTearstoneRing","Bronze Scales","DuplicationPotion","TheCursedMod:DregsPotion","TheCursedMod:SpitefulPlan","REME_ShortnessOfBreath","TheAbacus","Bag of Marbles","FossilizedHelix","Happy Flower","MealTicket","Strange Spoon","Swift Potion","TheCursedMod:SpitefulStrike","TheCursedMod:Torture","Toxic Egg 2","Bag of Preparation","Orichalcum","Sling","Centennial Puzzle","TheCursedMod:PinkPellets","TheCursedMod:CircleOfAbyss+1","TheCursedMod:ManaBullet+1","Energy Potion","Adrenaline Potion","MerchantsRug","Replay:PocketPolymizer","AT_DeathDance","HandDrill","Prayer Wheel","Lantern","Orrery","REME_BuildACard+1","Membership Card","Frozen Egg 2","ReplayTheSpireMod:Shallot","Ancient Tea Set","Toolbox","REME_ArchaeologicalTools","REME_PuzzleBox+1","TheCursedMod:Tack","HornCleat","ReplayTheSpireMod:ShopPack","PlaceholderMod:SoulofChaos","TheCursedMod:BloodyHarpoon","Chemical X","BlessingOfTheForge","Panache+1"],"campfire_rested":0,"item_purchase_floors":[4,4,4,4,4,4,4,4,4,4,12,12,12,12,12,12,12,12,12,19,19,19,19,19,19,19,19,19,19,19,20,20,20,20,20,20,20,28,28,28,28,28,28,28,38,38,38,38,38,38,38,38],"current_hp_per_floor":[68,68,68,68,68,48,46,46,46,30,32,32,32,32,32,32,75,75,75,75,75,75,75,75,75,75,78,81,84,87,90,90,90,90,90,93,96,99,105,105,105,111,111,111,111,111,114,120,120,120],"gold":16409,"neow_bonus":"RANDOM_COMMON_RELIC","is_daily":false,"chose_seed":false,"campfire_upgraded":6,"win_rate":0.0,"timestamp":1611665385,"path_taken":["M","M","M","$","?","E","M","E","T","M","?","$","R","?","R","BOSS","M","?","$","M","?","R","E","R","T","E","$","E","?","E","R","BOSS","M","?","M","$","?","R","E","?","T","R","E","M","COS","?","R","BOSS"],"items_purchased_type":["Relic","Relic","Relic","Relic","Relic","Relic","Potion","Potion","Card","Card","Relic","Relic","Relic","Relic","Relic","Relic","Potion","Card","Card","Relic","Relic","Relic","Relic","Relic","Relic","Card","Card","Potion","Potion","Relic","Relic","Relic","Relic","Relic","Relic","Relic","Card","Relic","Relic","Relic","Relic","Relic","Relic","Card","Relic","Relic","Relic","Relic","Relic","Relic","Potion","Card"],"build_version":"2020-12-22","purchased_purges":3,"victory":true,"max_hp_per_floor":[75,75,75,75,75,75,75,75,75,75,75,75,75,75,75,75,75,75,75,75,75,75,75,75,75,75,78,81,84,87,90,90,90,90,90,93,96,99,105,105,105,111,111,111,111,111,114,120,120,120],"card_choices":[{"not_picked":["TheCursedMod:SpitefulStrike","TheCursedMod:CircleOfAmplification"],"picked":"TheCursedMod:AshesToAshes","floor":1},{"not_picked":["TheCursedMod:CircleOfFlame","TheCursedMod:CircleOfCorruption"],"picked":"TheCursedMod:SoulCrush","floor":2},{"not_picked":["TheCursedMod:Obscuration","TheCursedMod:CursedAmulet","TheCursedMod:Evocation"],"picked":"SKIP","floor":3},{"not_picked":["TheCursedMod:RapidMovement","TheCursedMod:Stigma"],"picked":"TheCursedMod:RavingStaff","floor":5},{"not_picked":["TheCursedMod:TacticalStrike","TheCursedMod:Hemoplague","TheCursedMod:CircleOfAmplification"],"picked":"SKIP","floor":6},{"not_picked":["TheCursedMod:CircleOfFlame","TheCursedMod:Obscuration"],"picked":"TheCursedMod:FuryStrike","floor":7},{"not_picked":["TheCursedMod:CursedAmulet","TheCursedMod:Wield"],"picked":"TheCursedMod:CursedRelics","floor":8},{"not_picked":["TheCursedMod:Wield","TheCursedMod:SurpriseAttack"],"picked":"TheCursedMod:PrepareRite","floor":10},{"not_picked":["TheCursedMod:AshesToAshes","TheCursedMod:CursedMace"],"picked":"TheCursedMod:SpitefulPray","floor":11},{"not_picked":["TheCursedMod:ManaCirculation","TheCursedMod:ParallelWorld"],"picked":"TheCursedMod:NeowsMight","floor":16},{"not_picked":["TheCursedMod:SurpriseAttack+1","TheCursedMod:CursedArmor","TheCursedMod:SoulCrush"],"picked":"SKIP","floor":18},{"not_picked":["TheCursedMod:HellfireBreathing","TheCursedMod:Wield"],"picked":"TheCursedMod:CursedBlade","floor":20},{"not_picked":["TheCursedMod:OutForBlood","TheCursedMod:CircleOfAmplification+1","TheCursedMod:TacticalStrike"],"picked":"SKIP","floor":21},{"not_picked":["TheCursedMod:Stigma","TheCursedMod:Evocation+1","TheCursedMod:TacticalStrike"],"picked":"SKIP","floor":21},{"not_picked":["TheCursedMod:CircleOfCorruption+1","TheCursedMod:Obscuration+1","TheCursedMod:SoulCrush"],"picked":"SKIP","floor":24},{"not_picked":["TheCursedMod:Wield","TheCursedMod:CircleOfCorruption+1"],"picked":"TheCursedMod:RavingStaff+1","floor":27},{"not_picked":["TheCursedMod:CircleOfBlood+1","TheCursedMod:SmokeScreen+1"],"picked":"TheCursedMod:CursedShiv+1","floor":29},{"not_picked":["TheCursedMod:HellfireBreathing+1","TheCursedMod:SurpriseAttack"],"picked":"TheCursedMod:SpitefulPray+1","floor":30},{"not_picked":["TheCursedMod:FleshFromBone+1","TheCursedMod:Torture+1"],"picked":"TheCursedMod:SpreadPlague+1","floor":30},{"not_picked":["TheCursedMod:Evocation+1","TheCursedMod:CircleOfFlame+1"],"picked":"TheCursedMod:Grudge+1","floor":31},{"not_picked":["TheCursedMod:Hemoplague+1","TheCursedMod:Grudge+1","TheCursedMod:VitalStrike+1"],"picked":"SKIP","floor":35},{"not_picked":["TheCursedMod:FleshFromBone+1","TheCursedMod:CursedAmulet+1","TheCursedMod:CircleOfCorruption+1"],"picked":"SKIP","floor":35},{"not_picked":["TheCursedMod:RavingStaff+1","TheCursedMod:SmokeScreen+1"],"picked":"TheCursedMod:ParallelWorld+1","floor":37},{"not_picked":["TheCursedMod:CursedBlade","TheCursedMod:CircleOfWindfury+1","TheCursedMod:Stretching+1"],"picked":"SKIP","floor":37},{"not_picked":["Replay:Sssssssssstrike","ReplayTheSpireMod:Private Reserves"],"picked":"REME_HeartOfCthun","floor":38},{"not_picked":["TheCursedMod:TacticalStrike","TheCursedMod:Stretching+1","TheCursedMod:CursedStaff"],"picked":"SKIP","floor":41},{"not_picked":["TheCursedMod:RavingStaff","TheCursedMod:CircleOfCorruption+1","TheCursedMod:RapidMovement+1"],"picked":"SKIP","floor":45},{"not_picked":["TheCursedMod:CursedBlade","TheCursedMod:Stretching+1","TheCursedMod:CursedBoomerang"],"picked":"SKIP","floor":46},{"not_picked":["TheCursedMod:VitalStrike","TheCursedMod:SpitefulStrike","TheCursedMod:SaltUponWound+1"],"picked":"SKIP","floor":46},{"not_picked":["Gensokyo:RisingWorld+1","Gensokyo:HouraiInAPot+1"],"picked":"Gensokyo:UnhurriedMind+1","floor":48}],"player_experience":584381,"relics_obtained":[{"floor":6,"key":"AT_BellDemon"},{"floor":7,"key":"Ice Cream"},{"floor":8,"key":"REME_PuzzleBoxRelic"},{"floor":8,"key":"StoneCalendar"},{"floor":9,"key":"AT_ImmortalShieldbow"},{"floor":10,"key":"Simple Rune"},{"floor":11,"key":"Art of War"},{"floor":16,"key":"conspire:DecoderRing"},{"floor":18,"key":"Gremlin Food"},{"floor":21,"key":"Kunai"},{"floor":24,"key":"AT_BladeRuinedKing"},{"floor":24,"key":"Bottled Lightning"},{"floor":26,"key":"InkBottle"},{"floor":27,"key":"Replay:Ringing Soul"},{"floor":27,"key":"Smiling Mask"},{"floor":29,"key":"AT_SunfireAegis"},{"floor":29,"key":"Incense Burner"},{"floor":30,"key":"Omamori"},{"floor":31,"key":"ReplayTheSpireMod:TigerMarble"},{"floor":31,"key":"Anchor"},{"floor":33,"key":"Replay:WaspNest"},{"floor":35,"key":"AT_ChloranthyRing"},{"floor":37,"key":"AT_SilvercatRing"},{"floor":41,"key":"Garlic"},{"floor":41,"key":"Pet Ghost"},{"floor":43,"key":"Vajra"},{"floor":45,"key":"Ginger"},{"floor":45,"key":"White Beast Statue"},{"floor":46,"key":"Pen Nib"}],"event_choices":[{"damage_healed":0,"gold_gain":100,"player_choice":"Pray","damage_taken":0,"max_hp_gain":0,"max_hp_loss":0,"event_name":"Golden Shrine","floor":22,"gold_loss":0}],"is_beta":false,"boss_relics":[{"not_picked":["TheCursedMod:OminousMark","Busted Crown"],"picked":"AT_MortalBlade"},{"not_picked":["RedLine:ReiMu","Pandora\u0027s Box"],"picked":"Cursed Key"}],"items_purged_floors":[20,28,28],"is_endless":false,"potions_floor_spawned":[3,6,10,11,16,27,29,33,35,45,46],"ascension_level":2}}