{"host":"agbyy69nq62afhwx","time":1611656547,"event":{"mods":["BaseMod","Colored Map","DeckTracker","Highlight Path","Keyboard Shortcuts","Minty Spire (QoL Compilation)","Quick Restart","StSLib","SuperFastMode","everything is the same but u backflip on backflip"],"gold_per_floor":[118,118,136,88,101,101,180,210,234,234,234,248,262,280,280,354,354,368,387,312,312,312],"floor_reached":21,"language":"KOR","playtime":656,"items_purged":["Nirvana+1"],"score":350,"play_id":"7575c3e0-84bf-4e79-a8c8-84460588d29d","local_time":"20210126192227","is_ascension_mode":true,"campfire_choices":[{"data":"Eruption","floor":6.0,"key":"SMITH"},{"data":"Halt","floor":11.0,"key":"SMITH"},{"floor":15.0,"key":"REST"}],"circlet_count":0,"master_deck":["AscendersBane","Strike_P","Strike_P","Defend_P","Defend_P","Defend_P","Eruption+1","Vigilance","FollowUp","Halt+1","SandsOfTime","Evaluate","Vengeance","Evaluate","Adaptation","EmptyMind","Ragnarok","Fasting2+1","Fasting2+1"],"relics":["PureWater","Boot","Bronze Scales","Centennial Puzzle","Astrolabe"],"acts_visited":["Exordium","TheCity"],"potions_floor_usage":[16],"damage_taken":[{"damage":5.0,"enemies":"2 Louse","floor":1.0,"turns":4.0},{"damage":9.0,"enemies":"Jaw Worm","floor":3.0,"turns":5.0},{"damage":0.0,"enemies":"Small Slimes","floor":5.0,"turns":3.0},{"damage":0.0,"enemies":"Lagavulin","floor":8.0,"turns":4.0},{"damage":12.0,"enemies":"Exordium Wildlife","floor":12.0,"turns":5.0},{"damage":2.0,"enemies":"Large Slime","floor":13.0,"turns":5.0},{"damage":2.0,"enemies":"Blue Slaver","floor":14.0,"turns":3.0},{"damage":24,"enemies":"Slime Boss","floor":16,"turns":7},{"damage":8,"enemies":"Spheric Guardian","floor":18,"turns":4},{"damage":14,"enemies":"3 Byrds","floor":19,"turns":4},{"damage":23,"enemies":"Snake Plant","floor":21,"turns":5}],"seed_played":"7440673049322832242","potions_obtained":[{"floor":3.0,"key":"SpeedPotion"},{"floor":5.0,"key":"Strength Potion"},{"floor":19,"key":"FearPotion"}],"is_trial":false,"path_per_floor":["M","?","M","$","M","R","?","E","T","?","R","M","M","M","R","B",null,"M","M","$","M"],"character_chosen":"WATCHER","items_purchased":["Evaluate"],"campfire_rested":1,"item_purchase_floors":[4],"current_hp_per_floor":[56,31,22,22,22,22,22,22,22,22,22,10,8,6,26,2,52,44,30,30,7,7],"gold":312,"neow_bonus":"THREE_CARDS","is_daily":false,"chose_seed":false,"campfire_upgraded":2,"win_rate":0.0,"timestamp":1611656547,"path_taken":["M","?","M","$","M","R","?","E","T","?","R","?","M","M","R","BOSS","M","M","$","M"],"items_purchased_type":["Card"],"build_version":"2020-12-22","purchased_purges":1,"victory":false,"max_hp_per_floor":[68,68,68,68,68,68,68,68,68,68,68,68,68,68,68,68,68,68,68,68,68,68],"card_choices":[{"not_picked":["FlurryOfBlows","BowlingBash"],"picked":"FollowUp","floor":0.0},{"not_picked":["Pray","EmptyFist"],"picked":"Halt","floor":1.0},{"not_picked":["FlurryOfBlows","BowlingBash"],"picked":"SandsOfTime","floor":3.0},{"not_picked":["WaveOfTheHand","CutThroughFate"],"picked":"Vengeance","floor":5.0},{"not_picked":["CutThroughFate","Consecrate"],"picked":"Evaluate","floor":8.0},{"not_picked":["Establishment","Weave"],"picked":"Adaptation","floor":12.0},{"not_picked":["SandsOfTime","Fasting2","FlyingSleeves"],"picked":"SKIP","floor":13.0},{"not_picked":["Perseverance","FlyingSleeves"],"picked":"EmptyMind","floor":14.0},{"not_picked":["DeusExMachina","MasterReality"],"picked":"Ragnarok","floor":16},{"not_picked":["WaveOfTheHand","Worship","Weave"],"picked":"SKIP","floor":18},{"not_picked":["EmptyBody+1","EmptyFist","Indignation"],"picked":"SKIP","floor":19}],"player_experience":476673,"relics_obtained":[{"floor":8.0,"key":"Bronze Scales"},{"floor":9.0,"key":"Centennial Puzzle"}],"event_choices":[{"damage_healed":0.0,"max_hp_gain":0.0,"max_hp_loss":0.0,"gold_gain":0.0,"event_name":"Scrap Ooze","player_choice":"Success","floor":2.0,"gold_loss":0.0,"damage_taken":25.0,"relics_obtained":["Boot"]},{"damage_healed":0.0,"max_hp_gain":0.0,"max_hp_loss":0.0,"gold_gain":79.0,"event_name":"Golden Wing","player_choice":"Gained Gold","floor":7.0,"gold_loss":0.0,"damage_taken":0.0},{"damage_healed":0.0,"max_hp_gain":0.0,"max_hp_loss":0.0,"gold_gain":0.0,"event_name":"Dead Adventurer","player_choice":"Searched \u00270\u0027 times","floor":10.0,"gold_loss":0.0,"damage_taken":0.0}],"is_beta":false,"boss_relics":[{"not_picked":["Empty Cage","Runic Dome"],"picked":"Astrolabe"}],"items_purged_floors":[20],"is_endless":false,"potions_floor_spawned":[3,5,13,19],"killed_by":"Snake Plant","ascension_level":14}}