{"host":"kh6fvhxn285ncg0o","time":1611704623,"event":{"mods":["Act Like it!","BaseMod","Colored Map","Friendly Minions","Keyboard Shortcuts","Minty Spire (QoL Compilation)","Quick Restart","Relic Stats","StSLib","SuperFastMode","UnlockEverythingMod"],"gold_per_floor":[114,174,190,190,200,228,228,239,239,254,273,302,302,331,331,407,407,422,422,422,448,209,237,251,283,283,318,344,344,344,377,377,451,451,468,519,741,256,269,301,315,349,349,374,405,405,118,144,144,144,144,144,144,65,98,98],"floor_reached":57,"language":"KOR","playtime":2087,"items_purged":["Strike_R","Perfected Strike","Bash"],"score":3989,"play_id":"9d49d8db-6c50-495a-b3b4-d48b16b2d950","local_time":"20210127084343","is_ascension_mode":true,"campfire_choices":[{"floor":7,"key":"REST"},{"data":"Immolate","floor":13,"key":"SMITH"},{"data":"Armaments","floor":15,"key":"SMITH"},{"data":"Fire Breathing","floor":29,"key":"SMITH"},{"data":"Feel No Pain","floor":32,"key":"SMITH"},{"data":"Dual Wield","floor":46,"key":"SMITH"},{"floor":49,"key":"RECALL"},{"data":"Second Wind","floor":53,"key":"SMITH"}],"circlet_count":0,"master_deck":["AscendersBane","Uppercut","Shockwave","Armaments+1","Disarm","Immolate+1","Corruption","Power Through+1","Fire Breathing+1","Entrench","Spot Weakness","Shrug It Off","Feel No Pain+1","Double Tap","Disarm","Reaper","Fiend Fire","Double Tap","Offering","Disarm","Spot Weakness","Second Wind+1","Dual Wield+1","Impervious","Shrug It Off","Exhume","Burning Pact","Power Through+1","Feel No Pain+1","Exhume","Dark Embrace","Entrench"],"relics":["Snecko Eye","Oddly Smooth Stone","Mummified Hand","Vajra","Whetstone","WingedGreaves","Philosopher\u0027s Stone","Red Mask","Pen Nib","Gremlin Horn","Bag of Marbles","Bottled Tornado","Nunchaku","Pantograph","War Paint","Pandora\u0027s Box","Calipers","TheAbacus","Pocketwatch","Potion Belt","Du-Vu Doll","Torii","DollysMirror","Anchor","Red Skull"],"acts_visited":["Exordium","TheCity","TheBeyond","TheEnding"],"potions_floor_usage":[10,12,18,42,56,56,56],"damage_taken":[{"damage":0,"enemies":"2 Louse","floor":1,"turns":3},{"damage":1,"enemies":"Small Slimes","floor":3,"turns":3},{"damage":0,"enemies":"Cultist","floor":5,"turns":2},{"damage":49,"enemies":"3 Sentries","floor":6,"turns":10},{"damage":0,"enemies":"Looter","floor":8,"turns":3},{"damage":0,"enemies":"3 Louse","floor":10,"turns":3},{"damage":0,"enemies":"2 Fungi Beasts","floor":11,"turns":2},{"damage":8,"enemies":"Lagavulin","floor":12,"turns":6},{"damage":0,"enemies":"3 Sentries","floor":14,"turns":1},{"damage":8,"enemies":"Slime Boss","floor":16,"turns":7},{"damage":6,"enemies":"3 Byrds","floor":18,"turns":2},{"damage":0,"enemies":"Masked Bandits","floor":21,"turns":2},{"damage":7,"enemies":"Slavers","floor":23,"turns":3},{"damage":0,"enemies":"2 Thieves","floor":24,"turns":2},{"damage":0,"enemies":"Gremlin Leader","floor":25,"turns":3},{"damage":0,"enemies":"Slavers","floor":27,"turns":4},{"damage":0,"enemies":"Book of Stabbing","floor":28,"turns":3},{"damage":0,"enemies":"Gremlin Leader","floor":31,"turns":3},{"damage":0,"enemies":"Collector","floor":33,"turns":5},{"damage":6,"enemies":"3 Darklings","floor":35,"turns":1},{"damage":0,"enemies":"2 Orb Walkers","floor":36,"turns":2},{"damage":0,"enemies":"3 Shapes","floor":39,"turns":2},{"damage":6,"enemies":"Giant Head","floor":40,"turns":5},{"damage":6,"enemies":"Spire Growth","floor":41,"turns":4},{"damage":12,"enemies":"Reptomancer","floor":42,"turns":3},{"damage":6,"enemies":"Mind Bloom Boss Battle","floor":44,"turns":5},{"damage":6,"enemies":"Giant Head","floor":45,"turns":5},{"damage":0,"enemies":"Nemesis","floor":48,"turns":5},{"damage":6,"enemies":"Time Eater","floor":50,"turns":7},{"damage":6,"enemies":"Donu and Deca","floor":51,"turns":9},{"damage":12,"enemies":"Shield and Spear","floor":55,"turns":2},{"damage":6,"enemies":"The Heart","floor":56,"turns":11}],"seed_played":"5524054147436738239","potions_obtained":[{"floor":3,"key":"SteroidPotion"},{"floor":8,"key":"PowerPotion"},{"floor":10,"key":"SneckoOil"},{"floor":16,"key":"HeartOfIron"},{"floor":21,"key":"DuplicationPotion"},{"floor":28,"key":"Regen Potion"},{"floor":41,"key":"SkillPotion"},{"floor":44,"key":"Energy Potion"},{"floor":48,"key":"SkillPotion"},{"floor":55,"key":"LiquidBronze"}],"is_trial":false,"path_per_floor":["M","?","M","?","M","E","R","M","T","M","M","E","R","E","R","B",null,"M","?","?","?","$","E","M","E","T","E","E","R","?","E","R","B",null,"M","?","?","$","M","E","M","E","T","?","E","R","$","E","R","B","B",null,"R","$","E","B",null],"character_chosen":"IRONCLAD","items_purchased":["Pen Nib","TheAbacus","Dual Wield","Impervious","DollysMirror","Dark Embrace"],"campfire_rested":1,"item_purchase_floors":[22,38,38,38,47,54],"current_hp_per_floor":[68,68,67,67,67,18,40,40,40,40,40,32,32,32,32,24,62,56,56,56,56,56,49,49,49,49,49,49,49,49,49,49,74,75,75,75,75,75,75,69,75,75,75,69,75,75,75,75,75,75,75,75,75,75,75,75],"gold":98,"neow_bonus":"BOSS_RELIC","is_daily":false,"chose_seed":false,"campfire_upgraded":6,"win_rate":0.0,"timestamp":1611704623,"path_taken":["M","?","M","?","M","E","R","M","T","M","?","E","R","E","R","BOSS","M","?","?","?","?","E","M","E","T","E","E","R","?","E","R","BOSS","M","?","?","$","M","E","M","E","T","?","E","R","?","E","R","BOSS","BOSS","R","$","E","BOSS"],"items_purchased_type":["Relic","Relic","Card","Card","Relic","Card"],"build_version":"2020-12-22","purchased_purges":3,"victory":true,"max_hp_per_floor":[75,75,75,75,75,75,75,75,75,75,75,75,75,75,75,75,75,75,75,75,75,75,75,75,75,75,75,75,75,75,75,75,75,75,75,75,75,75,75,75,75,75,75,75,75,75,75,75,75,75,75,75,75,75,75,75],"relic_stats":{"Gremlin Horn":[20,21],"Torii":0,"counters":[32,128],"Pen Nib":[13],"Whetstone":["Strike_R","Strike_R"],"War Paint":["Defend_R","Power Through"],"Nunchaku":[10],"TheAbacus":[120],"Mummified Hand":[113],"Pantograph":25,"Snecko Eye":[230,229,220,241],"Pandora\u0027s Box":["Disarm","Reaper","Fiend Fire","Double Tap","Offering","Disarm"],"obtain_stats":[{"Calipers":36,"Gremlin Horn":23,"Torii":45,"Vajra":9,"Whetstone":12,"Bottled Tornado":26,"Burning Blood":0,"Nunchaku":27,"TheAbacus":38,"Mummified Hand":6,"DollysMirror":47,"Pantograph":28,"Philosopher\u0027s Stone":17,"WingedGreaves":14,"Red Mask":21,"Red Skull":55,"Potion Belt":42,"Oddly Smooth Stone":4,"Pen Nib":22,"War Paint":31,"Du-Vu Doll":44,"Anchor":48,"Snecko Eye":0,"Pandora\u0027s Box":34,"Bag of Marbles":25,"Pocketwatch":40},{"Calipers":21,"Gremlin Horn":13,"Torii":27,"Vajra":5,"Whetstone":8,"Bottled Tornado":15,"Burning Blood":0,"Nunchaku":16,"TheAbacus":21,"Mummified Hand":4,"DollysMirror":27,"Pantograph":17,"Philosopher\u0027s Stone":10,"WingedGreaves":9,"Red Mask":12,"Red Skull":31,"Potion Belt":25,"Oddly Smooth Stone":2,"Pen Nib":12,"War Paint":18,"Du-Vu Doll":26,"Anchor":28,"Snecko Eye":0,"Pandora\u0027s Box":19,"Bag of Marbles":15,"Pocketwatch":23},{"Calipers":70,"Gremlin Horn":47,"Torii":94,"Vajra":21,"Whetstone":32,"Bottled Tornado":52,"Burning Blood":0,"Nunchaku":56,"TheAbacus":70,"Mummified Hand":18,"DollysMirror":94,"Pantograph":59,"Philosopher\u0027s Stone":40,"WingedGreaves":33,"Red Mask":44,"Red Skull":117,"Potion Belt":84,"Oddly Smooth Stone":6,"Pen Nib":44,"War Paint":62,"Du-Vu Doll":89,"Anchor":99,"Snecko Eye":0,"Pandora\u0027s Box":67,"Bag of Marbles":52,"Pocketwatch":77}],"Pocketwatch":[29]},"card_choices":[{"not_picked":["Havoc","Perfected Strike"],"picked":"Clothesline","floor":1},{"not_picked":["Iron Wave","Bloodletting"],"picked":"Uppercut","floor":3},{"not_picked":["Burning Pact","Clash"],"picked":"Shockwave","floor":5},{"not_picked":["Sentinel","Cleave"],"picked":"Armaments","floor":10},{"not_picked":["Seeing Red","Dropkick"],"picked":"Disarm","floor":11},{"not_picked":["Flex","Pommel Strike"],"picked":"Immolate","floor":12},{"not_picked":["Armaments","True Grit","Pummel"],"picked":"SKIP","floor":14},{"not_picked":["Juggernaut","Demon Form"],"picked":"Corruption","floor":16},{"not_picked":["Sword Boomerang","Cleave","Hemokinesis"],"picked":"SKIP","floor":18},{"not_picked":["Clash","Uppercut"],"picked":"Power Through","floor":21},{"not_picked":["Wild Strike","Havoc"],"picked":"Fire Breathing","floor":23},{"not_picked":["Combust","Warcry","Reckless Charge"],"picked":"SKIP","floor":24},{"not_picked":["Reckless Charge","Carnage"],"picked":"Entrench","floor":25},{"not_picked":["Twin Strike","Iron Wave"],"picked":"Spot Weakness","floor":27},{"not_picked":["Sword Boomerang","Wild Strike"],"picked":"Shrug It Off","floor":28},{"not_picked":["Berserk","Rage"],"picked":"Feel No Pain","floor":31},{"not_picked":["Brutality","Berserk"],"picked":"Double Tap","floor":33},{"not_picked":["Twin Strike","True Grit"],"picked":"Spot Weakness","floor":35},{"not_picked":["Body Slam","Wild Strike"],"picked":"Second Wind","floor":36},{"not_picked":["True Grit","Anger"],"picked":"Shrug It Off","floor":39},{"not_picked":["Clothesline","Wild Strike"],"picked":"Exhume","floor":40},{"not_picked":["Disarm","Headbutt","Clash+1"],"picked":"SKIP","floor":41},{"not_picked":["Twin Strike+1","True Grit","Armaments+1"],"picked":"SKIP","floor":42},{"not_picked":["Flame Barrier","Thunderclap"],"picked":"Burning Pact","floor":44},{"not_picked":["Thunderclap+1","Pommel Strike"],"picked":"Power Through+1","floor":45},{"not_picked":["Blood for Blood","Anger+1"],"picked":"Exhume","floor":48},{"not_picked":["Burning Pact","Hemokinesis"],"picked":"Entrench","floor":55}],"player_experience":1288145,"relics_obtained":[{"floor":6,"key":"Mummified Hand"},{"floor":9,"key":"Vajra"},{"floor":12,"key":"Whetstone"},{"floor":14,"key":"WingedGreaves"},{"floor":21,"key":"Red Mask"},{"floor":23,"key":"Gremlin Horn"},{"floor":25,"key":"Bag of Marbles"},{"floor":26,"key":"Bottled Tornado"},{"floor":27,"key":"Nunchaku"},{"floor":28,"key":"Pantograph"},{"floor":31,"key":"War Paint"},{"floor":36,"key":"Calipers"},{"floor":40,"key":"Pocketwatch"},{"floor":42,"key":"Potion Belt"},{"floor":44,"key":"Du-Vu Doll"},{"floor":45,"key":"Torii"},{"floor":48,"key":"Anchor"},{"floor":55,"key":"Red Skull"}],"event_choices":[{"damage_healed":0,"gold_gain":60,"player_choice":"Gained Gold","damage_taken":0,"max_hp_gain":0,"max_hp_loss":0,"event_name":"Golden Wing","floor":2,"gold_loss":0},{"cards_removed":["Clothesline"],"damage_healed":0,"gold_gain":0,"player_choice":"Gave Card","damage_taken":0,"relics_obtained":["Oddly Smooth Stone"],"max_hp_gain":0,"max_hp_loss":0,"event_name":"WeMeetAgain","floor":4,"gold_loss":0},{"damage_healed":0,"gold_gain":0,"player_choice":"Ignored","damage_taken":0,"max_hp_gain":0,"max_hp_loss":0,"event_name":"Ghosts","floor":19,"gold_loss":0},{"cards_removed":["Strike_R"],"damage_healed":0,"gold_gain":0,"player_choice":"Elegance","damage_taken":0,"max_hp_gain":0,"max_hp_loss":0,"event_name":"Back to Basics","floor":20,"gold_loss":0},{"damage_healed":0,"gold_gain":0,"player_choice":"Fought Bandits","damage_taken":0,"max_hp_gain":0,"max_hp_loss":0,"event_name":"Masked Bandits","floor":21,"gold_loss":0},{"damage_healed":0,"gold_gain":0,"cards_transformed":["Strike_R"],"player_choice":"Transformed","damage_taken":0,"max_hp_gain":0,"max_hp_loss":0,"event_name":"Transmorgrifier","floor":30,"gold_loss":0,"cards_obtained":["Perfected Strike"]},{"damage_healed":0,"gold_gain":0,"player_choice":"Fight","damage_taken":0,"max_hp_gain":0,"max_hp_loss":0,"event_name":"Mysterious Sphere","floor":36,"gold_loss":0},{"damage_healed":0,"gold_gain":222,"player_choice":"Wore Mask","damage_taken":0,"max_hp_gain":0,"max_hp_loss":0,"event_name":"Tomb of Lord Red Mask","floor":37,"gold_loss":0},{"damage_healed":0,"gold_gain":0,"player_choice":"Fight","damage_taken":0,"max_hp_gain":0,"max_hp_loss":0,"event_name":"MindBloom","floor":44,"gold_loss":0}],"is_beta":false,"boss_relics":[{"not_picked":["Velvet Choker","Tiny House"],"picked":"Philosopher\u0027s Stone"},{"not_picked":["Fusion Hammer","Runic Dome"],"picked":"Pandora\u0027s Box"}],"items_purged_floors":[22,38,47],"is_endless":false,"potions_floor_spawned":[3,8,10,16,21,24,25,28,31,35,36,41,44,48,55],"ascension_level":20}}