{"host":"l4kdldlios54gl54","time":1611700758,"event":{"mods":["AchievementEnabler","BaseMod","Colored Map","Colored Powertips","Minty Spire (QoL Compilation)","Random Character Button"],"gold_per_floor":[109,109,127,52,73,73,113,113,113,154,154,54,84,84,84,179,179,193,243,243,262,29,70,70,103,148,166,166,190,190,209,209,308,308,331,124,124,74,99,99,432,432,432,446,446,461,461,478,478,478,478],"floor_reached":50,"language":"ENG","playtime":1556,"items_purged":["Strike_R","Strike_R","Strike_R","Strike_R","Strike_R"],"score":997,"play_id":"c6c4ed95-a4ff-4603-92b3-3718bee2359d","local_time":"20210126233918","is_ascension_mode":true,"campfire_choices":[{"data":"Whirlwind","floor":6,"key":"SMITH"},{"data":"Flame Barrier","floor":8,"key":"SMITH"},{"floor":11,"key":"REST"},{"data":"Bash","floor":15,"key":"SMITH"},{"floor":24,"key":"REST"},{"floor":28,"key":"REST"},{"data":"Battle Trance","floor":30,"key":"SMITH"},{"data":"Defend_R","floor":32,"key":"SMITH"},{"data":"Berserk","floor":40,"key":"SMITH"},{"data":"Defend_R","floor":42,"key":"SMITH"},{"floor":45,"key":"DIG"},{"floor":49,"key":"DIG"}],"circlet_count":0,"master_deck":["AscendersBane","Defend_R+1","Defend_R","Defend_R+1","Bash+1","Whirlwind+1","Flame Barrier+1","Battle Trance+1","Berserk+1","Seeing Red"],"relics":["Burning Blood","Bag of Preparation","Paper Frog","StoneCalendar","Eternal Feather","Kunai","Busted Crown","Mummified Hand","Blue Candle","Smiling Mask","Coffee Dripper","Bag of Marbles","Shovel","Orichalcum","Bottled Lightning","Red Skull"],"acts_visited":["Exordium","TheCity","TheBeyond"],"potions_floor_usage":[7,10,18,25,25,33,33,33,33,50],"damage_taken":[{"damage":6,"enemies":"Small Slimes","floor":1,"turns":6},{"damage":9,"enemies":"Jaw Worm","floor":3,"turns":4},{"damage":1,"enemies":"Cultist","floor":5,"turns":3},{"damage":40,"enemies":"Lagavulin","floor":7,"turns":5},{"damage":20,"enemies":"3 Sentries","floor":10,"turns":4},{"damage":40,"enemies":"The Guardian","floor":16,"turns":12},{"damage":22,"enemies":"Spheric Guardian","floor":18,"turns":4},{"damage":0,"enemies":"3 Byrds","floor":21,"turns":2},{"damage":14,"enemies":"Gremlin Leader","floor":23,"turns":5},{"damage":29,"enemies":"Slavers","floor":25,"turns":2},{"damage":16,"enemies":"Shelled Parasite and Fungi","floor":27,"turns":7},{"damage":18,"enemies":"Snecko","floor":29,"turns":4},{"damage":1,"enemies":"Chosen and Byrds","floor":31,"turns":4},{"damage":56,"enemies":"Automaton","floor":33,"turns":8},{"damage":31,"enemies":"Orb Walker","floor":35,"turns":4},{"damage":0,"enemies":"3 Shapes","floor":39,"turns":1},{"damage":0,"enemies":"Jaw Worm Horde","floor":44,"turns":1},{"damage":20,"enemies":"Maw","floor":46,"turns":7},{"damage":24,"enemies":"Spire Growth","floor":48,"turns":3},{"damage":31,"enemies":"Awakened One","floor":50,"turns":11}],"seed_played":"8369429660774210524","potions_obtained":[{"floor":1,"key":"Fire Potion"},{"floor":7,"key":"SteroidPotion"},{"floor":10,"key":"Ancient Potion"},{"floor":29,"key":"Strength Potion"},{"floor":31,"key":"EntropicBrew"},{"floor":44,"key":"LiquidMemories"}],"is_trial":false,"path_per_floor":["M","?","M","$","M","R","E","R","T","E","R","$","?","T","R","B",null,"M","?","?","M","$","E","R","E","T","M","R","M","R","M","R","B",null,"M","$","?","$","M","R","?","R","T","M","R","M","T","M","R","B"],"character_chosen":"IRONCLAD","items_purchased":["Strength Potion","AttackPotion","Bag of Marbles"],"campfire_rested":3,"item_purchase_floors":[22,22,36],"current_hp_per_floor":[68,68,65,65,68,68,34,34,34,20,46,46,46,46,52,18,56,40,40,40,46,46,38,64,41,41,31,57,45,51,56,62,24,57,32,32,32,32,38,41,41,44,44,50,56,42,42,24,30,0,0],"gold":478,"neow_bonus":"RANDOM_COMMON_RELIC","is_daily":false,"chose_seed":false,"campfire_upgraded":7,"win_rate":0.0,"timestamp":1611700758,"path_taken":["M","?","M","$","M","R","E","R","T","E","R","$","?","?","R","BOSS","M","?","?","M","$","E","R","E","T","M","R","M","R","M","R","BOSS","M","$","?","$","M","R","?","R","T","?","R","M","?","M","R","BOSS"],"items_purchased_type":["Potion","Potion","Relic"],"build_version":"2020-12-22","purchased_purges":5,"victory":false,"max_hp_per_floor":[75,68,68,68,68,68,68,68,68,68,68,68,68,68,68,68,68,68,68,68,68,68,68,68,68,68,68,68,68,68,68,68,68,68,68,68,68,68,68,68,68,68,68,68,68,68,68,68,68,68,68],"card_choices":[{"not_picked":["Power Through","Anger"],"picked":"Whirlwind","floor":1},{"not_picked":["Disarm","Perfected Strike","Cleave"],"picked":"SKIP","floor":3},{"not_picked":["Clash","Body Slam","Clothesline"],"picked":"SKIP","floor":5},{"not_picked":["True Grit","Heavy Blade"],"picked":"Flame Barrier","floor":7},{"not_picked":["Body Slam","Dropkick","Twin Strike"],"picked":"SKIP","floor":10},{"not_picked":["Flex"],"picked":"SKIP","floor":18},{"not_picked":["Pommel Strike"],"picked":"SKIP","floor":21},{"not_picked":["Rupture"],"picked":"SKIP","floor":23},{"not_picked":["Body Slam"],"picked":"SKIP","floor":25},{"not_picked":["Dropkick"],"picked":"SKIP","floor":27},{"not_picked":["Dropkick"],"picked":"SKIP","floor":27},{"not_picked":["Pommel Strike+1"],"picked":"SKIP","floor":29},{"not_picked":["Clothesline"],"picked":"SKIP","floor":31},{"not_picked":[],"picked":"Berserk","floor":33},{"not_picked":["Spot Weakness"],"picked":"SKIP","floor":35},{"not_picked":["Entrench"],"picked":"SKIP","floor":39},{"not_picked":[],"picked":"Seeing Red","floor":44},{"not_picked":["Havoc"],"picked":"SKIP","floor":46},{"not_picked":["Anger"],"picked":"SKIP","floor":48}],"player_experience":889406,"relics_obtained":[{"floor":7,"key":"Paper Frog"},{"floor":9,"key":"StoneCalendar"},{"floor":10,"key":"Eternal Feather"},{"floor":14,"key":"Kunai"},{"floor":23,"key":"Mummified Hand"},{"floor":25,"key":"Blue Candle"},{"floor":26,"key":"Smiling Mask"},{"floor":43,"key":"Shovel"},{"floor":45,"key":"Orichalcum"},{"floor":47,"key":"Bottled Lightning"},{"floor":49,"key":"Red Skull"}],"event_choices":[{"damage_healed":0,"gold_gain":0,"player_choice":"Lose Max HP","damage_taken":0,"relics_obtained":["Golden Idol"],"max_hp_gain":0,"max_hp_loss":7,"event_name":"Golden Idol","floor":2,"gold_loss":0},{"damage_healed":0,"gold_gain":30,"player_choice":"Searched \u00271\u0027 times","damage_taken":0,"max_hp_gain":0,"max_hp_loss":0,"event_name":"Dead Adventurer","floor":13,"gold_loss":0},{"damage_healed":0,"gold_gain":50,"player_choice":"Stole From Cult","damage_taken":0,"max_hp_gain":0,"max_hp_loss":0,"event_name":"Nest","floor":19,"gold_loss":0},{"damage_healed":0,"gold_gain":0,"player_choice":"Read","damage_taken":0,"max_hp_gain":0,"max_hp_loss":0,"event_name":"The Library","floor":20,"gold_loss":0,"cards_obtained":["Battle Trance"]},{"cards_removed":["Defend_R"],"damage_healed":0,"gold_gain":0,"player_choice":"Removed Skill","damage_taken":0,"max_hp_gain":0,"max_hp_loss":0,"event_name":"Falling","floor":37,"gold_loss":0},{"damage_healed":0,"gold_gain":333,"player_choice":"Gave Idol","damage_taken":0,"max_hp_gain":0,"max_hp_loss":0,"event_name":"The Moai Head","floor":41,"relics_lost":["Golden Idol"],"gold_loss":0}],"is_beta":false,"boss_relics":[{"not_picked":["Empty Cage","Runic Cube"],"picked":"Busted Crown"},{"not_picked":["Calling Bell","Black Blood"],"picked":"Coffee Dripper"}],"items_purged_floors":[4,12,22,36,38],"is_endless":false,"potions_floor_spawned":[1,7,10,23,29,31,44],"killed_by":"Awakened One","ascension_level":20}}