{"host":"z9grmtg2w0nmz8n1","time":1611703790,"event":{"mods":["Aspiration","BaseMod","Better Altar","Better Match","Better Note","Better Sensory Stone","Better Skull","Better Third Choice","BetterRewards","CCEM2","Clawfect","Colored Map","Conspire","GifTheSpireLib","Halation","Highlight Path","Hubris","Hunter ??","Jedi Mod","Minty Spire (QoL Compilation)","Permanent Neow","Reliquary","Replay The Spire","Shop Mod","Spicy Shops","StSLib","Stuff the Spire","The Administrix","The Blackbeard","The Runesmith","The Servant 0.9.4"],"gold_per_floor":[112,126,51,65,78,78,78],"floor_reached":6,"language":"ENG","playtime":289,"items_purged":["Strike_G"],"score":40,"play_id":"4ff24399-dcf1-40eb-8aef-650e3c5f8eb2","local_time":"20210126212950","is_ascension_mode":true,"campfire_choices":[],"circlet_count":0,"master_deck":["Strike_G","Strike_G","Strike_G","Strike_G","Defend_G","Defend_G","Defend_G","Defend_G","Defend_G","Survivor","Neutralize+1","Slice"],"relics":["Ring of the Snake"],"acts_visited":["Exordium"],"potions_floor_usage":[],"damage_taken":[{"damage":0.0,"enemies":"Cultist","floor":1.0,"turns":4.0},{"damage":0.0,"enemies":"Jaw Worm","floor":2.0,"turns":5.0},{"damage":1,"enemies":"conspire:RoseBush","floor":4,"turns":4},{"damage":0,"enemies":"Large Slime","floor":5,"turns":10},{"damage":18,"enemies":"Lagavulin","floor":6,"turns":5}],"seed_played":"397689523695452836","potions_obtained":[{"floor":2.0,"key":"Venom Potion"}],"is_trial":false,"path_per_floor":["M","M","$","M","M","E"],"character_chosen":"THE_SILENT","items_purchased":[],"campfire_rested":0,"item_purchase_floors":[],"current_hp_per_floor":[70,70,70,69,69,51,51],"gold":78,"neow_bonus":"UPGRADE_CARD","is_daily":false,"chose_seed":false,"campfire_upgraded":0,"win_rate":0.0,"timestamp":1611703790,"path_taken":["M","?","$","M","M","E"],"items_purchased_type":[],"build_version":"2020-12-22","purchased_purges":1,"victory":false,"max_hp_per_floor":[70,70,70,70,70,70,70],"card_choices":[{"not_picked":["Bane","Dodge and Roll","Slice"],"picked":"SKIP","floor":1.0},{"not_picked":["Blur","jedi:unstablefumes"],"picked":"Slice","floor":2.0},{"not_picked":["aspiration:Lunge","Underhanded Strike","StuffTheSpire:Injection"],"picked":"SKIP","floor":4},{"not_picked":["StuffTheSpire:ReptileScales","StuffTheSpire:Python","Outmaneuver"],"picked":"SKIP","floor":5}],"player_experience":850782,"relics_obtained":[],"event_choices":[],"is_beta":false,"boss_relics":[],"items_purged_floors":[3],"is_endless":false,"potions_floor_spawned":[2],"killed_by":"Lagavulin","ascension_level":1}}