{"host":"v711dtdb46xe9u7l","time":1611696220,"event":{"mods":["BaseMod","Bestiary","Highlight Path","Minty Spire (QoL Compilation)","Quick Restart","StSLib"],"gold_per_floor":[119,119,134,134,148,180,192,192,192,192,220,16,16,28,28,123,123,133,133,143,68,82,82,82,115,115,115,146,157,157,157],"floor_reached":30,"language":"ENG","playtime":1923,"items_purged":["Strike_R"],"score":417,"play_id":"f21db69c-c38f-49c3-9abe-7bd371b78d77","local_time":"20210126212340","is_ascension_mode":true,"campfire_choices":[{"data":"Entrench","floor":8.0,"key":"SMITH"},{"data":"Body Slam","floor":10.0,"key":"SMITH"},{"data":"Sword Boomerang","floor":13.0,"key":"SMITH"},{"data":"Bash","floor":15.0,"key":"SMITH"},{"data":"Chrysalis","floor":23,"key":"SMITH"},{"data":"Dodge and Roll","floor":27,"key":"SMITH"}],"circlet_count":0,"master_deck":["AscendersBane","Strike_R","Strike_R","Strike_R","Strike_R","Defend_R","Defend_R","Defend_R","Defend_R","Bash+1","Sword Boomerang+1","Entrench+1","Bandage Up","Body Slam+1","Flex","Inflame","Battle Trance","Phantasmal Killer+1","Dodge and Roll+1","Chrysalis+1","Inflame","WaveOfTheHand+1","Backflip+1"],"relics":["Burning Blood","NeowsBlessing","HornCleat","Calipers","Meat on the Bone","InkBottle","PrismaticShard","SlaversCollar","Toxic Egg 2","The Courier","MealTicket"],"acts_visited":["Exordium","TheCity"],"potions_floor_usage":[22,22,22,22,25,25,25,29],"damage_taken":[{"damage":0.0,"enemies":"Cultist","floor":1.0,"turns":1.0},{"damage":0.0,"enemies":"Small Slimes","floor":3.0,"turns":1.0},{"damage":0.0,"enemies":"Jaw Worm","floor":5.0,"turns":1.0},{"damage":21.0,"enemies":"3 Sentries","floor":6.0,"turns":9.0},{"damage":29.0,"enemies":"Exordium Thugs","floor":7.0,"turns":6.0},{"damage":26.0,"enemies":"Lagavulin","floor":11.0,"turns":6.0},{"damage":2.0,"enemies":"2 Fungi Beasts","floor":14.0,"turns":3.0},{"damage":38.0,"enemies":"Hexaghost","floor":16.0,"turns":9.0},{"damage":18.0,"enemies":"Shell Parasite","floor":18.0,"turns":4.0},{"damage":0.0,"enemies":"3 Byrds","floor":20.0,"turns":4.0},{"damage":43,"enemies":"Snecko","floor":22,"turns":7},{"damage":27,"enemies":"Gremlin Leader","floor":25,"turns":5},{"damage":15,"enemies":"Book of Stabbing","floor":28,"turns":6},{"damage":55,"enemies":"Sentry and Sphere","floor":29,"turns":9},{"damage":29,"enemies":"Gremlin Leader","floor":30,"turns":6}],"seed_played":"9102982925009672192","potions_obtained":[{"floor":3.0,"key":"BlessingOfTheForge"},{"floor":11.0,"key":"BloodPotion"},{"floor":14.0,"key":"SkillPotion"},{"floor":20.0,"key":"CultistPotion"},{"floor":22,"key":"EntropicBrew"},{"floor":25,"key":"FearPotion"}],"is_trial":false,"path_per_floor":["M","?","M","?","M","E","M","R","T","R","E","$","R","M","R","B",null,"M","?","M","$","M","R","?","E","T","R","E","M","E"],"character_chosen":"IRONCLAD","items_purchased":["PrismaticShard","AttackPotion"],"campfire_rested":0,"item_purchase_floors":[12,12],"current_hp_per_floor":[78,60,66,66,76,65,46,46,46,46,42,42,42,50,50,34,69,61,61,71,71,50,50,50,47,47,47,54,21,0,0],"gold":157,"neow_bonus":"THREE_ENEMY_KILL","is_daily":false,"chose_seed":false,"campfire_upgraded":6,"win_rate":0.0,"timestamp":1611696220,"path_taken":["M","?","M","?","?","E","M","R","T","R","E","?","R","M","R","BOSS","M","?","M","?","M","R","?","E","T","R","E","?","E"],"items_purchased_type":["Relic","Potion"],"build_version":"2020-12-22","purchased_purges":1,"victory":false,"max_hp_per_floor":[80,80,80,80,80,80,80,80,80,80,80,80,80,80,80,80,80,80,80,80,80,80,80,80,80,80,80,80,80,80,80],"card_choices":[{"not_picked":["Heavy Blade","Metallicize"],"picked":"Sword Boomerang","floor":1.0},{"not_picked":["Perfected Strike","Havoc"],"picked":"Entrench","floor":3.0},{"not_picked":["Hemokinesis","Sentinel"],"picked":"Body Slam","floor":5.0},{"not_picked":["Iron Wave","Anger"],"picked":"Flex","floor":6.0},{"not_picked":["Cleave","Ghostly Armor"],"picked":"Inflame","floor":7.0},{"not_picked":["Exhume","Wild Strike"],"picked":"Battle Trance","floor":11.0},{"not_picked":["Acrobatics","Compile Driver","Worship"],"picked":"SKIP","floor":14.0},{"not_picked":["Judgement","Magnetism"],"picked":"Phantasmal Killer","floor":16.0},{"not_picked":["Sword Boomerang","Sweeping Beam"],"picked":"Dodge and Roll","floor":18.0},{"not_picked":["Carnage+1","Eviscerate"],"picked":"Chrysalis","floor":20.0},{"not_picked":["Clothesline+1","Sever Soul+1","Sword Boomerang"],"picked":"SKIP","floor":22},{"not_picked":["Clash+1","Flechettes","ClearTheMind+1"],"picked":"SKIP","floor":25},{"not_picked":["Infinite Blades","Twin Strike"],"picked":"WaveOfTheHand+1","floor":28},{"not_picked":["Stack+1","Deflect+1"],"picked":"Backflip+1","floor":29}],"player_experience":385941,"relics_obtained":[{"floor":6.0,"key":"Calipers"},{"floor":9.0,"key":"Meat on the Bone"},{"floor":11.0,"key":"InkBottle"},{"floor":25,"key":"Toxic Egg 2"},{"floor":26,"key":"The Courier"},{"floor":28,"key":"MealTicket"}],"event_choices":[{"damage_healed":0.0,"max_hp_gain":0.0,"max_hp_loss":0.0,"gold_gain":0.0,"event_name":"Scrap Ooze","player_choice":"Success","floor":2.0,"gold_loss":0.0,"damage_taken":18.0,"relics_obtained":["HornCleat"]},{"damage_healed":0.0,"max_hp_gain":0.0,"max_hp_loss":0.0,"gold_gain":0.0,"event_name":"Match and Keep!","player_choice":"1 cards matched","floor":4.0,"gold_loss":0.0,"damage_taken":0.0,"cards_obtained":["Bandage Up"]},{"damage_healed":0.0,"max_hp_gain":0.0,"max_hp_loss":0.0,"gold_gain":0.0,"event_name":"Accursed Blacksmith","player_choice":"Forge","floor":19.0,"gold_loss":0.0,"damage_taken":0.0,"cards_upgraded":["Phantasmal Killer"]},{"damage_healed":0,"gold_gain":0,"player_choice":"Read","damage_taken":0,"max_hp_gain":0,"max_hp_loss":0,"event_name":"The Library","floor":24,"gold_loss":0,"cards_obtained":["Inflame"]}],"is_beta":false,"boss_relics":[{"not_picked":["Empty Cage","Velvet Choker"],"picked":"SlaversCollar"}],"items_purged_floors":[21],"is_endless":false,"potions_floor_spawned":[3,11,14,18,20,22,25],"killed_by":"Gremlin Leader","ascension_level":10}}