{"host":"qekv59dthhdg54sz","time":1611642295,"event":{"mods":["AchievementEnabler","BaseMod","Colored Map","DeckTracker","KOR Keyword Fix","Minty Spire (QoL Compilation)","Rare Cards Sparkle","StSLib","SuperFastMode"],"gold_per_floor":[117,117,117,134,154,186,196,196,222,264,276,288,250,272,284,391,403,429,50,50,50,50,50,33,48,48,64,64,95,115,147,147,248,298,310,321,338,106,156,156,156,56,56,56,56,0,26,38,38,38],"floor_reached":51,"language":"KOR","playtime":1731,"items_purged":["Strike_R","Defend_R","Defend_R"],"score":1122,"play_id":"2f3e2612-0782-453b-b5fb-f118356402dd","local_time":"20210126152455","is_ascension_mode":true,"campfire_choices":[{"data":"Blood for Blood","floor":8.0,"key":"SMITH"},{"data":"Dark Embrace","floor":11.0,"key":"SMITH"},{"data":"Dual Wield","floor":15.0,"key":"SMITH"},{"data":"Ghostly","floor":23.0,"key":"SMITH"},{"data":"Brutality","floor":28.0,"key":"SMITH"},{"data":"Ghostly","floor":32.0,"key":"SMITH"},{"data":"True Grit","floor":41,"key":"SMITH"},{"data":"Limit Break","floor":45,"key":"SMITH"},{"data":"Ghostly","floor":49,"key":"SMITH"}],"circlet_count":0,"master_deck":["AscendersBane","Defend_R+1","Bash","True Grit+1","Blood for Blood+1","Dual Wield+1","Pommel Strike","Dark Embrace+1","Brutality+1","Rage","Ghostly+1","Ghostly+1","Ghostly+1","Ghostly","Ghostly","Armaments","Rupture+1","Havoc","Evolve","Exhume","Limit Break+1","Dropkick","Flash of Steel","Finesse"],"relics":["Burning Blood","NeowsBlessing","Nunchaku","Bronze Scales","MawBank","Ancient Tea Set","Mark of Pain","Shuriken","The Courier","Akabeko","Lizard Tail","Tiny House","Bag of Preparation","Mango","Pantograph","Red Mask","White Beast Statue"],"acts_visited":["Exordium","TheCity","TheBeyond"],"potions_floor_usage":[37,50,50],"damage_taken":[{"damage":0.0,"enemies":"Cultist","floor":1.0,"turns":1.0},{"damage":0.0,"enemies":"Jaw Worm","floor":4.0,"turns":1.0},{"damage":0.0,"enemies":"Small Slimes","floor":5.0,"turns":1.0},{"damage":44.0,"enemies":"3 Sentries","floor":6.0,"turns":12.0},{"damage":8.0,"enemies":"Exordium Wildlife","floor":7.0,"turns":4.0},{"damage":24.0,"enemies":"Gremlin Nob","floor":10.0,"turns":4.0},{"damage":0.0,"enemies":"Large Slime","floor":14.0,"turns":9.0},{"damage":16.0,"enemies":"Hexaghost","floor":16.0,"turns":9.0},{"damage":6.0,"enemies":"3 Byrds","floor":18.0,"turns":3.0},{"damage":2.0,"enemies":"2 Thieves","floor":24.0,"turns":4.0},{"damage":7.0,"enemies":"Shelled Parasite and Fungi","floor":25.0,"turns":5.0},{"damage":6.0,"enemies":"Centurion and Healer","floor":27.0,"turns":6.0},{"damage":14.0,"enemies":"Gremlin Leader","floor":29.0,"turns":10.0},{"damage":6.0,"enemies":"Snake Plant","floor":30.0,"turns":4.0},{"damage":6.0,"enemies":"Book of Stabbing","floor":31.0,"turns":4.0},{"damage":19.0,"enemies":"Champ","floor":33.0,"turns":9.0},{"damage":8,"enemies":"3 Shapes","floor":35,"turns":5},{"damage":9,"enemies":"3 Darklings","floor":36,"turns":6},{"damage":8,"enemies":"Maw","floor":37,"turns":7},{"damage":5,"enemies":"Mind Bloom Boss Battle","floor":39,"turns":5},{"damage":7,"enemies":"Reptomancer","floor":47,"turns":6},{"damage":5,"enemies":"4 Shapes","floor":48,"turns":4},{"damage":41,"enemies":"Awakened One","floor":50,"turns":8}],"seed_played":"3234130751673657038","potions_obtained":[{"floor":1.0,"key":"Fire Potion"},{"floor":5.0,"key":"Weak Potion"},{"floor":6.0,"key":"CultistPotion"},{"floor":10.0,"key":"ElixirPotion"},{"floor":14.0,"key":"EssenceOfSteel"},{"floor":27.0,"key":"SneckoOil"},{"floor":29.0,"key":"BlessingOfTheForge"},{"floor":34.0,"key":"DistilledChaos"},{"floor":47,"key":"CultistPotion"},{"floor":48,"key":"DistilledChaos"}],"is_trial":false,"path_per_floor":["M","?","?","M","M","E","M","R","T","E","R","?","?","M","R","B",null,"M","$","?","?","?","R","M","M","T","M","R","E","M","E","R","B",null,"M","M","M","$","?","?","R","$","T","$","R","?","E","M","R","B",null],"character_chosen":"IRONCLAD","items_purchased":["Shuriken","Rage","Bag of Preparation","Dropkick"],"campfire_rested":0,"item_purchase_floors":[19,19,38,38],"current_hp_per_floor":[78,62,62,68,74,36,34,34,34,16,16,16,16,22,22,12,63,63,63,40,40,40,40,40,39,39,39,39,31,31,31,31,18,40,38,35,33,33,48,38,38,38,38,38,38,38,37,38,38,24],"gold":38,"neow_bonus":"THREE_ENEMY_KILL","is_daily":false,"chose_seed":false,"campfire_upgraded":9,"win_rate":0.0,"timestamp":1611642295,"path_taken":["M","?","?","?","?","E","M","R","T","E","R","?","?","M","R","BOSS","M","$","?","?","?","R","M","M","T","M","R","E","M","E","R","BOSS","M","?","M","$","?","?","R","?","T","$","R","?","E","M","R","BOSS"],"items_purchased_type":["Relic","Card","Relic","Card"],"build_version":"2020-12-22","purchased_purges":3,"victory":true,"max_hp_per_floor":[80,80,80,80,80,80,80,80,80,80,80,80,80,80,80,80,80,80,80,40,40,40,40,40,40,40,40,40,40,40,40,40,40,45,45,45,45,45,59,59,59,59,59,59,59,59,59,59,59,59],"card_choices":[{"not_picked":["Reckless Charge","Havoc"],"picked":"True Grit","floor":1.0},{"not_picked":["Havoc","Dropkick","Headbutt"],"picked":"SKIP","floor":4.0},{"not_picked":["Perfected Strike","Headbutt"],"picked":"Blood for Blood","floor":5.0},{"not_picked":["Ghostly Armor","Body Slam"],"picked":"Dual Wield","floor":6.0},{"not_picked":["Flex","Sever Soul"],"picked":"Pommel Strike","floor":7.0},{"not_picked":["Havoc","Clash"],"picked":"Dark Embrace","floor":10.0},{"not_picked":["Metallicize","Body Slam","Wild Strike"],"picked":"SKIP","floor":14.0},{"not_picked":["Barricade","Corruption"],"picked":"Brutality","floor":16.0},{"not_picked":["Sword Boomerang","Havoc+1","Perfected Strike"],"picked":"SKIP","floor":18.0},{"not_picked":["Armaments+1","Blood for Blood","Fire Breathing+1"],"picked":"SKIP","floor":24.0},{"not_picked":["Entrench+1","Burning Pact"],"picked":"Havoc","floor":25.0},{"not_picked":["Pommel Strike","Thunderclap+1"],"picked":"Evolve","floor":27.0},{"not_picked":["Rupture+1","Iron Wave"],"picked":"Exhume","floor":29.0},{"not_picked":["Heavy Blade","Flex","Havoc+1"],"picked":"SKIP","floor":30.0},{"not_picked":["Heavy Blade","Body Slam","Metallicize+1"],"picked":"SKIP","floor":31.0},{"not_picked":["Fiend Fire","Brutality"],"picked":"Limit Break","floor":33.0},{"not_picked":["Shrug It Off","Clothesline","Anger"],"picked":"SKIP","floor":35},{"not_picked":["Iron Wave+1","Hemokinesis+1","Anger+1"],"picked":"SKIP","floor":36},{"not_picked":["Pommel Strike+1","Body Slam+1","Hemokinesis+1"],"picked":"SKIP","floor":37},{"not_picked":["Forethought","Violence"],"picked":"Flash of Steel","floor":40},{"not_picked":["Magnetism","Deep Breath"],"picked":"Finesse","floor":40},{"not_picked":["Fire Breathing+1","Rampage+1","Power Through"],"picked":"SKIP","floor":47},{"not_picked":["Twin Strike+1","Fire Breathing+1","Power Through+1"],"picked":"SKIP","floor":48}],"player_experience":840605,"relics_obtained":[{"floor":6.0,"key":"Bronze Scales"},{"floor":9.0,"key":"MawBank"},{"floor":10.0,"key":"Ancient Tea Set"},{"floor":26.0,"key":"The Courier"},{"floor":29.0,"key":"Akabeko"},{"floor":31.0,"key":"Lizard Tail"},{"floor":39,"key":"Mango"},{"floor":43,"key":"Pantograph"},{"floor":47,"key":"White Beast Statue"}],"event_choices":[{"damage_healed":0.0,"max_hp_gain":0.0,"max_hp_loss":0.0,"gold_gain":0.0,"event_name":"Shining Light","player_choice":"Entered Light","floor":2.0,"gold_loss":0.0,"damage_taken":16.0,"cards_upgraded":["Defend_R","Strike_R"]},{"damage_healed":0.0,"max_hp_gain":0.0,"max_hp_loss":0.0,"gold_gain":0.0,"event_name":"WeMeetAgain","player_choice":"Gave Potion","floor":3.0,"gold_loss":0.0,"damage_taken":0.0,"relics_obtained":["Nunchaku"]},{"cards_removed":["Strike_R"],"damage_healed":0.0,"max_hp_gain":0.0,"max_hp_loss":0.0,"gold_gain":0.0,"event_name":"Living Wall","player_choice":"Forget","floor":12.0,"gold_loss":0.0,"damage_taken":0.0},{"cards_removed":["Strike_R"],"damage_healed":0.0,"max_hp_gain":0.0,"max_hp_loss":0.0,"gold_gain":0.0,"event_name":"The Cleric","player_choice":"Card Removal","floor":13.0,"gold_loss":50.0,"damage_taken":0.0},{"damage_healed":0.0,"max_hp_gain":0.0,"max_hp_loss":40.0,"gold_gain":0.0,"event_name":"Ghosts","player_choice":"Became a Ghost","floor":20.0,"gold_loss":0.0,"damage_taken":0.0,"cards_obtained":["Ghostly","Ghostly","Ghostly","Ghostly","Ghostly"]},{"damage_healed":0.0,"max_hp_gain":0.0,"max_hp_loss":0.0,"gold_gain":0.0,"cards_transformed":["Defend_R","Strike_R"],"event_name":"Drug Dealer","player_choice":"Became Test Subject","floor":21.0,"gold_loss":0.0,"damage_taken":0.0,"cards_obtained":["Armaments","Rupture"]},{"cards_removed":["Strike_R"],"damage_healed":0.0,"max_hp_gain":0.0,"max_hp_loss":0.0,"gold_gain":0.0,"event_name":"Purifier","player_choice":"Purged","floor":22.0,"gold_loss":0.0,"damage_taken":0.0},{"damage_healed":0,"gold_gain":0,"player_choice":"Fight","damage_taken":0,"max_hp_gain":0,"max_hp_loss":0,"event_name":"MindBloom","floor":39,"gold_loss":0},{"damage_healed":0,"gold_gain":0,"player_choice":"Memory 3","damage_taken":10,"max_hp_gain":0,"max_hp_loss":0,"event_name":"SensoryStone","floor":40,"gold_loss":0},{"damage_healed":0,"gold_gain":0,"player_choice":"Paid","damage_taken":0,"relics_obtained":["Red Mask"],"max_hp_gain":0,"max_hp_loss":0,"event_name":"Tomb of Lord Red Mask","floor":46,"gold_loss":56}],"is_beta":false,"boss_relics":[{"not_picked":["Sozu","Ectoplasm"],"picked":"Mark of Pain"},{"not_picked":["Runic Dome","Coffee Dripper"],"picked":"Tiny House"}],"items_purged_floors":[19,38,42],"is_endless":false,"potions_floor_spawned":[1,5,6,10,14,27,29,35,47,48],"ascension_level":10}}