{"host":"q1ejl7hv5l3527la","time":1611652270,"event":{"mods":["Aspiration","BaseMod","Better Altar","Better Third Choice","Colored Powertips","Downfall","Energized Spire","Evolution","Highlight Path","Infinite Spire","Jorbs\u0027s Wanderer Trilogy","Minty Spire (QoL Compilation)","Replay The Spire","Shop Mod","StSLib","The Hierophant","The Juggle"],"gold_per_floor":[99,115,134,154,168,180,180,80,40,50,69,69,97,114,128,225,225,225,241,241,25,25,45,72,92,92,92,192,207,218,81,95,195,195,195,205,218,232,249,249,249,249,260,271,271,287,287,415,429,429,429,429],"floor_reached":50,"language":"ENG","playtime":4758,"items_purged":[],"score":606,"play_id":"d47c2300-b638-4cc1-ab61-fc34437f1858","local_time":"20210126031110","is_ascension_mode":false,"campfire_choices":[{"floor":1,"key":"RECALL"},{"data":"Slimebound:CorrosiveSpit","floor":8,"key":"SMITH"},{"data":"Slimebound:AcidTongue","floor":12,"key":"SMITH"},{"data":"Slimebound:DuplicatedForm","floor":18,"key":"SMITH"},{"floor":26,"key":"REST"},{"data":"Slimebound:RainOfGoop","floor":35,"key":"SMITH"},{"data":"Slimebound:Gluttony","floor":40,"key":"SMITH"},{"floor":42,"key":"REST"},{"floor":45,"key":"REST"},{"floor":47,"key":"REST"}],"circlet_count":0,"master_deck":["Slimebound:Strike_Slimebound","Slimebound:Strike_Slimebound","Slimebound:Strike_Slimebound","Slimebound:Tackle","Slimebound:Defend_Slimebound","Slimebound:Defend_Slimebound","Slimebound:Defend_Slimebound","Slimebound:Defend_Slimebound","Slimebound:Split","Slimebound:CorrosiveSpit+1","Slimebound:DisruptingSlam","Slimebound:SplitMire","Slimebound:GrowthPunch","Slimebound:OneTwoCombo","Slimebound:SplitLeeching","Slimebound:SamplingLick","Slimebound:PressTheAttack","Slimebound:AcidTongue+1","Slimebound:RollThrough","Slimebound:PressTheAttack","Slimebound:RejuvenatingLick","Slimebound:LivingWall","Slimebound:DuplicatedForm+1","Slimebound:HauntingLick","Slimebound:OozeBath+1","Slimebound:SamplingLick","Slimebound:SamplingLick","Slimebound:FinishingTackle","Slimebound:ComboTackle","Slimebound:SamplingLick+1","Slimebound:GrowthPunch","Slimebound:ItLooksTasty","Slimebound:AcidTongue","Slimebound:Nibble","infinitespire:Collect","Slimebound:Gluttony+1","Slimebound:ItLooksTasty","Slimebound:LeechingTouch","Slimebound:LeechEnergy+1","Slimebound:RainOfGoop+1","Slimebound:RollThrough","Slimebound:LeechEnergy+1","Slimebound:SlimeSlap","Slimebound:ItLooksTasty+1","Slimebound:HauntingLick","Slimebound:SplitBruiser","Slimebound:Schlurp+1","Slimebound:MassRepurpose","Slimebound:ItLooksTasty+1","Slimebound:Repurpose+1","Slimebound:RainOfGoop+1","Slimebound:TongueLash","Slimebound:PressTheAttack","Slimebound:SplitMire+1"],"relics":["Slimebound:AbsorbEndCombat","EVO:Axolotl","Replay:WaspNest","downfall:HeartBlessingRed","Replay:Kaleidoscope","bronze:MakeshiftBattery","downfall:KnowingSkull","Orrery","Anchor","aspiration:SneckoTail","aspiration:FutureDiary","White Beast Statue","Painkiller Herb","Meat on the Bone","Membership Card"],"acts_visited":["Exordium","TheCity","TheBeyond"],"potions_floor_usage":[13,28,30,31,32,33,48,50,50,50],"damage_taken":[{"damage":1,"enemies":"Cultist","floor":2,"turns":4},{"damage":0,"enemies":"Small Slimes","floor":3,"turns":4},{"damage":3,"enemies":"2 Louse","floor":4,"turns":3},{"damage":0,"enemies":"Exordium Wildlife","floor":5,"turns":4},{"damage":13,"enemies":"Large Slime","floor":6,"turns":7},{"damage":4,"enemies":"downfall:FleeingMerchant","floor":9,"turns":4},{"damage":0,"enemies":"Red Slaver","floor":10,"turns":2},{"damage":1,"enemies":"Lots of Slimes","floor":11,"turns":2},{"damage":10,"enemies":"Replay:BlueRogue","floor":13,"turns":4},{"damage":17,"enemies":"Gremlin Gang","floor":14,"turns":3},{"damage":7,"enemies":"2 Fungi Beasts","floor":15,"turns":3},{"damage":34,"enemies":"SI_SHIV_ARCHETYPE","floor":16,"turns":5},{"damage":15,"enemies":"Chosen","floor":19,"turns":4},{"damage":27,"enemies":"downfall:FleeingMerchant","floor":21,"turns":4},{"damage":43,"enemies":"Spheric Guardian","floor":23,"turns":4},{"damage":8,"enemies":"Snake Plant","floor":25,"turns":3},{"damage":23,"enemies":"downfall:LadyInBlue","floor":28,"turns":8},{"damage":11,"enemies":"Sentry and Sphere","floor":29,"turns":4},{"damage":2,"enemies":"Centurion and Healer","floor":30,"turns":3},{"damage":8,"enemies":"downfall:FleeingMerchant","floor":31,"turns":4},{"damage":26,"enemies":"3 Cultists","floor":32,"turns":4},{"damage":31,"enemies":"WA_ARCHETYPE_CALM","floor":33,"turns":9},{"damage":23,"enemies":"Orb Walker","floor":36,"turns":3},{"damage":1,"enemies":"3 Shapes","floor":37,"turns":3},{"damage":8,"enemies":"Maw","floor":38,"turns":6},{"damage":10,"enemies":"4 Shapes","floor":39,"turns":5},{"damage":46,"enemies":"Transient","floor":43,"turns":5},{"damage":34,"enemies":"3 Darklings","floor":44,"turns":4},{"damage":18,"enemies":"Maw","floor":46,"turns":5},{"damage":13,"enemies":"downfall:FleeingMerchant","floor":48,"turns":3},{"damage":18,"enemies":"Spire Growth","floor":49,"turns":3},{"damage":65,"enemies":"DF_ARCHETYPE_ORBS","floor":50,"turns":4}],"seed_played":"-921022393640334856","potions_obtained":[{"floor":4,"key":"Guardian:BlockOnCardUsePotion"},{"floor":5,"key":"Energy Potion"},{"floor":6,"key":"Weak Potion"},{"floor":16,"key":"Explosive Potion"},{"floor":28,"key":"DuplicationPotion"},{"floor":30,"key":"champ:CounterPotion"},{"floor":31,"key":"Fire Potion"},{"floor":32,"key":"Block Potion"},{"floor":33,"key":"hexamod:SoulburnPotion"},{"floor":36,"key":"hexamod:SoulburnPotion"},{"floor":38,"key":"Doom Potion"},{"floor":46,"key":"Cursed Concoction"},{"floor":48,"key":"hexamod:SoulburnPotion"}],"is_trial":false,"path_per_floor":["R","M","M","M","M","M","T","R","$","M","M","R","E","M","M","B",null,"R","M","?","$","?","M","T","M","R","AVR","?","M","M","$","M","B",null,"T","?","?","?","?","T","T","T","?","?","T","?","T","T","?","B"],"character_chosen":"SLIMEBOUND","items_purchased":["Slimebound:PressTheAttack","Orrery","Slimebound:GrowthPunch","Slimebound:ItLooksTasty","Slimebound:RainOfGoop","Slimebound:RollThrough","Membership Card","Slimebound:TongueLash","Slimebound:PressTheAttack"],"campfire_rested":4,"item_purchase_floors":[9,21,21,21,31,31,48,48,48],"current_hp_per_floor":[71,71,71,71,71,66,66,66,68,71,71,71,63,54,53,27,71,71,71,65,61,53,27,27,25,46,46,31,26,32,32,29,6,71,71,63,70,64,62,62,62,71,37,38,59,49,70,62,52,0,0,0],"gold":429,"neow_bonus":"TEN_PERCENT_HP_BONUS","is_daily":false,"chose_seed":false,"campfire_upgraded":5,"win_rate":0.0,"timestamp":1611652270,"path_taken":["R","M","?","M","M","M","T","R","$","M","M","R","E","M","M","BOSS","R","M","?","?","?","?","T","M","R","AVR","?","M","M","$","M","BOSS","T","?","?","?","?","T","T","T","?","?","T","?","T","T","?","BOSS"],"items_purchased_type":["Card","Relic","Card","Card","Card","Card","Relic","Card","Card"],"build_version":"2020-12-22","purchased_purges":0,"victory":false,"max_hp_per_floor":[71,71,71,71,71,71,71,71,71,71,71,71,71,71,71,71,71,71,71,71,71,71,71,71,71,71,71,71,71,71,71,71,71,71,71,71,71,71,71,71,71,71,71,71,71,71,71,71,71,71,71,71],"card_choices":[{"not_picked":["Slimebound:SplitLeeching","Slimebound:ServeAndProtect"],"picked":"Slimebound:DisruptingSlam","floor":2},{"not_picked":["Slimebound:LeechingTouch","Slimebound:ProtectTheBoss"],"picked":"Slimebound:SplitMire","floor":3},{"not_picked":["Slimebound:SamplingLick","Slimebound:Prepare"],"picked":"Slimebound:GrowthPunch","floor":4},{"not_picked":["Slimebound:BestDefense","Slimebound:ComboTackle"],"picked":"Slimebound:OneTwoCombo","floor":5},{"not_picked":["Slimebound:GoopTackle","Slimebound:SlimeBarrage"],"picked":"Slimebound:SplitLeeching","floor":6},{"not_picked":["Slimebound:Grow","Slimebound:Nibble"],"picked":"Slimebound:SamplingLick","floor":9},{"not_picked":["Slimebound:HauntingLick","Slimebound:SlimeBrawl"],"picked":"Slimebound:AcidTongue","floor":10},{"not_picked":["Slimebound:FinishingTackle","Slimebound:SlimeBrawl"],"picked":"Slimebound:RollThrough","floor":11},{"not_picked":["Slimebound:SamplingLick","Slimebound:Prepare"],"picked":"Slimebound:PressTheAttack","floor":13},{"not_picked":["Slimebound:FinishingTackle","Slimebound:PressTheAttack"],"picked":"Slimebound:RejuvenatingLick","floor":14},{"not_picked":["Slimebound:DouseInSlime","Slimebound:GoopSpray"],"picked":"Slimebound:LivingWall","floor":15},{"not_picked":["Slimebound:Teamwork","Slimebound:WasteNot"],"picked":"Slimebound:DuplicatedForm","floor":16},{"not_picked":["Slimebound:LevelUp","Slimebound:ProtectTheBoss"],"picked":"Slimebound:HauntingLick","floor":19},{"not_picked":["Slimebound:LevelUp","Slimebound:GoopSpray"],"picked":"Slimebound:OozeBath","floor":21},{"not_picked":["Slimebound:Chomp","Slimebound:SplitAcid+1"],"picked":"Slimebound:SamplingLick","floor":21},{"not_picked":["Slimebound:SplitBruiser","Slimebound:Prepare"],"picked":"Slimebound:SamplingLick","floor":21},{"not_picked":["Slimebound:ComboTackle","Slimebound:ViciousTackle"],"picked":"Slimebound:FinishingTackle","floor":21},{"not_picked":["Slimebound:LeechEnergy","Slimebound:HauntingLick"],"picked":"Slimebound:ComboTackle","floor":21},{"not_picked":["Slimebound:SplitBruiser","Slimebound:WasteNot"],"picked":"Slimebound:SamplingLick+1","floor":21},{"not_picked":["Slimebound:PressTheAttack+1","Slimebound:FinishingTackle"],"picked":"Slimebound:AcidTongue","floor":23},{"not_picked":["Slimebound:ComboTackle+1","Slimebound:ViciousTackle+1"],"picked":"Slimebound:Nibble","floor":25},{"not_picked":["Slimebound:DivideAndConquer","Slimebound:LeechEnergy"],"picked":"Slimebound:Gluttony","floor":28},{"not_picked":["Slimebound:PressTheAttack+1","Slimebound:FormOfPuddle+1"],"picked":"Slimebound:ItLooksTasty","floor":29},{"not_picked":["Slimebound:Grow","Slimebound:GoopSpray"],"picked":"Slimebound:LeechingTouch","floor":30},{"not_picked":["Slimebound:SplitLeeching","Slimebound:DisruptingSlam"],"picked":"Slimebound:LeechEnergy+1","floor":31},{"not_picked":["Slimebound:FlameTackle","Slimebound:GoopTackle+1"],"picked":"Slimebound:LeechEnergy+1","floor":32},{"not_picked":["Slimebound:Overexert","Slimebound:PrepareCrush"],"picked":"Slimebound:SlimeSlap","floor":33},{"not_picked":["Slimebound:LeechingTouch","Slimebound:FinishingTackle+1"],"picked":"Slimebound:ItLooksTasty+1","floor":36},{"not_picked":["Slimebound:LeechEnergy+1","Slimebound:LeechingTouch+1"],"picked":"Slimebound:HauntingLick","floor":37},{"not_picked":["Slimebound:Replication+1","Slimebound:GoopTackle"],"picked":"Slimebound:SplitBruiser","floor":38},{"not_picked":["Slimebound:SamplingLick","Slimebound:AcidTongue"],"picked":"Slimebound:Schlurp+1","floor":39},{"not_picked":["Slimebound:RollThrough+1","Slimebound:AcidTongue"],"picked":"Slimebound:MassRepurpose","floor":43},{"not_picked":["Slimebound:FinishingTackle+1","Slimebound:PressTheAttack+1"],"picked":"Slimebound:ItLooksTasty+1","floor":44},{"not_picked":["Slimebound:SamplingLick","Slimebound:LeechEnergy"],"picked":"Slimebound:Repurpose+1","floor":46},{"not_picked":["Slimebound:LeechEnergy","Slimebound:ServeAndProtect+1"],"picked":"Slimebound:RainOfGoop+1","floor":48},{"not_picked":["Slimebound:LeadByExample+1","Slimebound:SamplingLick"],"picked":"Slimebound:SplitMire+1","floor":49}],"player_experience":127939,"relics_obtained":[{"floor":7,"key":"Replay:WaspNest"},{"floor":13,"key":"Replay:Kaleidoscope"},{"floor":24,"key":"Anchor"},{"floor":28,"key":"White Beast Statue"},{"floor":41,"key":"Meat on the Bone"}],"event_choices":[],"is_beta":false,"boss_relics":[{"not_picked":["aspiration:WatcherSkillbook","aspiration:RitualDagger"],"picked":"bronze:MakeshiftBattery"},{"not_picked":["Philosopher\u0027s Stone","Runic Pyramid"],"picked":"Painkiller Herb"}],"items_purged_floors":[],"is_endless":false,"potions_floor_spawned":[4,5,6,11,16,25,28,29,30,31,32,33,36,37,38,39,43,44,46,48,49],"killed_by":"DF_ARCHETYPE_ORBS","ascension_level":0}}