{"host":"ojezjkpqju62j8xy","time":1611661789,"event":{"mods":["ATMod(°¢èªMod)","Act Like it!","Aspiration","BaseMod","Conspire","Minty Spire (QoL Compilation)","Pale of the Ancients","Replay The Spire","Spicy Shops","StSLib","[GremlinLeader]The Maniac","¡¾ÒÅÎï¿¨ÅÆ¡¿REMEMod"],"gold_per_floor":[112,112,112,128,9,41,59,71,97,130,170,170,27,54,54,155,155,185,185,199,210,221,250,250,269,317,345,345,375,391,411,411,508,508,527,577,651,651,667,699,713,738,763,795,795,836,880,972,972,1097,1097,1182,1182,24,24,169,169,169,169,219,219],"floor_reached":60,"language":"ZHS","playtime":2356,"items_purged":["Looming Evil"],"score":1508,"play_id":"b4aee144-ad12-45d9-a565-de049fc22992","local_time":"20210126194949","is_ascension_mode":true,"campfire_choices":[{"floor":15.0,"key":"RECALL"},{"floor":24.0,"key":"REST"},{"floor":28.0,"key":"REST"},{"floor":32.0,"key":"REST"},{"floor":45,"key":"REST"},{"floor":49,"key":"REST"},{"floor":55,"key":"REST"},{"floor":57,"key":"REST"}],"circlet_count":1,"master_deck":["conspire:GhostlyStrike","conspire:GhostlyStrike","conspire:GhostlyStrike","conspire:GhostlyStrike","conspire:GhostlyDefend","conspire:GhostlyDefend","conspire:GhostlyDefend","conspire:GhostlyDefend","Eruption+1","Vigilance","AT_DrawKnifeCut","conspire:ExplosiveBarrier","EmptyFist","InnerPeace","AT_EmpoweredMortalDraw+1","REME_FirmDetermination","ReplayTheSpireMod:Trickstab","Replay:LoomingThreat","EmptyFist","FlurryOfBlows+1","Wallop","Replay:Battleflow","Wallop","Devotion","AT_EmpoweredMortalDraw","DeceiveReality","ThirdEye","Study","Worship","FlurryOfBlows+1","AT_DivineConfetti+1","Replay:Vibes","REME_Repentance","Replay:BluntJabs","Replay:ManipulateFuture","AT_MachinaRedman","ClearTheMind","FlurryOfBlows+1","BowlingBash+1","JustLucky+1","FlurryOfBlows+1","Replay:Vibes","SashWhip+1","Parasite","REME_Repentance+1","ClearTheMind","Tantrum+1","AT_EmpoweredMortalDraw","REME_CRH"],"relics":["PureWater","AT_ATBox","REME_ComplimentaryCards","ReplayTheSpireMod:ShopPack","conspire:TopHat","Ginger","Lee\u0027s Waffle","The Courier","Replay:Grab Bag","Fusion Hammer","Busted Crown","AT_MortalBlade","Bag of Preparation","Bottled Flame","Circlet","Anchor","ReplayTheSpireMod:Shallot","conspire:Dentures","VioletLotus","conspire:GlowingRock","Pet Ghost","Girya","White Beast Statue","Akabeko","AT_MibuBalloonWealth","paleoftheancients:Timepiece","paleoftheancients:KeyRelic","CultistMask","paleoftheancients:SoulOfTheShapes","Ring of Fury","ReplayTheSpireMod:Ring of Challenge","REME_HandOfSuture","aspiration:AnachronicSnailShell","TeardropLocket","Onion Ring","Damaru","AT_EbonyIvory","Replay:Bottled Eggs"],"acts_visited":["Exordium","TheCity","TheBeyond","paleoftheancients:PaleOfTheAncients"],"potions_floor_usage":[44,44,50,50,52,56,60,60],"damage_taken":[{"damage":0.0,"enemies":"Small Slimes","floor":1.0,"turns":1.0},{"damage":0.0,"enemies":"Cultist","floor":4.0,"turns":2.0},{"damage":0.0,"enemies":"Lagavulin","floor":6.0,"turns":3.0},{"damage":1.0,"enemies":"conspire:RoseBush","floor":7.0,"turns":3.0},{"damage":4.0,"enemies":"Exordium Thugs","floor":8.0,"turns":3.0},{"damage":0.0,"enemies":"3 Sentries","floor":10.0,"turns":3.0},{"damage":1.0,"enemies":"Blue Slaver","floor":11.0,"turns":2.0},{"damage":11.0,"enemies":"Replay:BlueRogue","floor":14.0,"turns":4.0},{"damage":2.0,"enemies":"Slime Boss","floor":16.0,"turns":5.0},{"damage":9.0,"enemies":"2 Thieves","floor":18.0,"turns":2.0},{"damage":0.0,"enemies":"conspire:FuzzyDice","floor":20.0,"turns":2.0},{"damage":8.0,"enemies":"conspire:HollyBat","floor":21.0,"turns":3.0},{"damage":8.0,"enemies":"Snake Plant","floor":22.0,"turns":2.0},{"damage":0.0,"enemies":"conspire:Head Lice","floor":23.0,"turns":2.0},{"damage":0.0,"enemies":"Snecko","floor":25.0,"turns":2.0},{"damage":12.0,"enemies":"Book of Stabbing","floor":27.0,"turns":3.0},{"damage":0.0,"enemies":"Slavers","floor":29.0,"turns":2.0},{"damage":0.0,"enemies":"Centurion and Healer","floor":30.0,"turns":2.0},{"damage":0.0,"enemies":"3 Cultists","floor":31.0,"turns":2.0},{"damage":13.0,"enemies":"Collector","floor":33.0,"turns":5.0},{"damage":0.0,"enemies":"3 Darklings","floor":35.0,"turns":2.0},{"damage":2.0,"enemies":"Mind Bloom Boss Battle","floor":36.0,"turns":4.0},{"damage":0.0,"enemies":"3 Shapes","floor":39.0,"turns":1.0},{"damage":10.0,"enemies":"Nemesis","floor":40.0,"turns":4.0},{"damage":0.0,"enemies":"Jaw Worm Horde","floor":41.0,"turns":1.0},{"damage":64.0,"enemies":"R_Hoarder","floor":42.0,"turns":8.0},{"damage":0,"enemies":"Nemesis","floor":44,"turns":3},{"damage":0,"enemies":"Writhing Mass","floor":46,"turns":3},{"damage":1,"enemies":"Maw","floor":47,"turns":6},{"damage":0,"enemies":"Sphere and 2 Shapes","floor":48,"turns":1},{"damage":36,"enemies":"Awakened One","floor":50,"turns":8},{"damage":68,"enemies":"Awakened One","floor":51,"turns":3},{"damage":57,"enemies":"Awakened One","floor":52,"turns":6},{"damage":23,"enemies":"Awakened One","floor":56,"turns":5},{"damage":81,"enemies":"paleoftheancients:N","floor":60,"turns":6}],"seed_played":"-1059739882569628171","potions_obtained":[{"floor":3.0,"key":"AttackPotion"},{"floor":3.0,"key":"LiquidBronze"},{"floor":3.0,"key":"Ambrosia"},{"floor":7.0,"key":"ColorlessPotion"},{"floor":10.0,"key":"REME_GoldPotion"},{"floor":11.0,"key":"BlessingOfTheForge"},{"floor":22.0,"key":"StancePotion"},{"floor":23.0,"key":"Strength Potion"},{"floor":36.0,"key":"Strength Potion"},{"floor":40.0,"key":"Toxic Potion"},{"floor":44,"key":"AttackPotion"},{"floor":46,"key":"BottledMiracle"},{"floor":47,"key":"Block Potion"},{"floor":52,"key":"AttackPotion"},{"floor":56,"key":"Weak Potion"}],"is_trial":false,"path_per_floor":["M","?","?","M","$","E","M","M","T","E","M","?","$","E","R","B",null,"M","?","M","M","M","E","R","M","T","E","R","E","M","M","R","B",null,"M","?","?","?","M","E","M","E","T","E","R","M","M","M","R","B","M","M","?","$","R","M","R","T","?","B"],"character_chosen":"WATCHER","items_purchased":["ReplayTheSpireMod:ShopPack","Lee\u0027s Waffle","REME_HandOfSuture","aspiration:AnachronicSnailShell","TeardropLocket","Onion Ring","Damaru","AttackPotion","AT_EmpoweredMortalDraw","AT_EbonyIvory"],"campfire_rested":7,"item_purchase_floors":[5,13,54,54,54,54,54,54,54,54],"current_hp_per_floor":[51,51,51,51,51,51,50,46,46,46,45,45,79,68,68,66,76,67,67,67,59,51,51,74,79,79,67,79,79,79,79,79,71,77,77,75,75,75,75,65,65,1,1,1,24,24,23,23,46,62,79,51,51,51,74,66,79,79,79,0,0],"gold":219,"neow_bonus":"ONE_RARE_RELIC","is_daily":false,"chose_seed":false,"campfire_upgraded":0,"win_rate":0.0,"timestamp":1611661789,"path_taken":["M","?","?","?","$","E","M","M","T","E","M","?","$","E","R","BOSS","M","?","M","M","M","E","R","?","T","E","R","E","M","M","R","BOSS","M","?","?","?","?","E","M","E","T","E","R","M","M","?","R","BOSS","M","M","?","$","R","M","R","T","?","BOSS"],"items_purchased_type":["Relic","Relic","Relic","Relic","Relic","Relic","Relic","Potion","Card","Relic"],"build_version":"2020-12-22","purchased_purges":1,"victory":false,"max_hp_per_floor":[72,72,72,72,72,72,72,72,72,72,72,72,79,79,79,79,79,79,79,79,79,79,79,79,79,79,79,79,79,79,79,79,79,79,79,79,79,79,79,79,79,79,79,79,79,79,79,79,79,79,79,79,79,79,79,79,79,79,79,79,79],"card_choices":[{"not_picked":["Evaluate","LikeWater"],"picked":"EmptyFist","floor":1.0},{"not_picked":["Replay:Battleflow","REME_Repentance"],"picked":"InnerPeace","floor":4.0},{"not_picked":["Apotheosis","ReplayUltimateDefense"],"picked":"AT_EmpoweredMortalDraw","floor":5.0},{"not_picked":["Apotheosis","REME_BodyOfCthun"],"picked":"REME_FirmDetermination","floor":5.0},{"not_picked":["Crow Ritual","Purity"],"picked":"ReplayTheSpireMod:Trickstab","floor":5.0},{"not_picked":["Replay:ManipulateFuture","ThirdEye"],"picked":"Replay:LoomingThreat","floor":6.0},{"not_picked":["PathToVictory","BattleHymn"],"picked":"EmptyFist","floor":7.0},{"not_picked":["FlyingSleeves","BowlingBash"],"picked":"FlurryOfBlows","floor":8.0},{"not_picked":["Crescendo","Meditate"],"picked":"Wallop","floor":10.0},{"not_picked":["Wireheading","PathToVictory"],"picked":"Replay:Battleflow","floor":11.0},{"not_picked":["Replay:Anticipation","Indignation"],"picked":"Wallop","floor":14.0},{"not_picked":["AT_RealColorLess","Brilliance"],"picked":"Devotion","floor":16.0},{"not_picked":[],"picked":"DeceiveReality","floor":18.0},{"not_picked":[],"picked":"ThirdEye","floor":20.0},{"not_picked":[],"picked":"Study","floor":21.0},{"not_picked":[],"picked":"Worship","floor":22.0},{"not_picked":[],"picked":"FlurryOfBlows","floor":23.0},{"not_picked":[],"picked":"AT_DivineConfetti+1","floor":25.0},{"not_picked":[],"picked":"Replay:Vibes","floor":27.0},{"not_picked":[],"picked":"REME_Repentance","floor":29.0},{"not_picked":[],"picked":"Replay:BluntJabs","floor":30.0},{"not_picked":[],"picked":"Replay:ManipulateFuture","floor":31.0},{"not_picked":[],"picked":"AT_MachinaRedman","floor":33.0},{"not_picked":["CutThroughFate"],"picked":"SKIP","floor":35.0},{"not_picked":[],"picked":"ClearTheMind","floor":36.0},{"not_picked":[],"picked":"FlurryOfBlows","floor":37.0},{"not_picked":[],"picked":"BowlingBash+1","floor":39.0},{"not_picked":[],"picked":"JustLucky+1","floor":40.0},{"not_picked":[],"picked":"FlurryOfBlows","floor":41.0},{"not_picked":[],"picked":"Replay:Vibes","floor":42.0},{"not_picked":[],"picked":"SashWhip+1","floor":44},{"not_picked":[],"picked":"REME_Repentance+1","floor":46},{"not_picked":["Replay:AtTheReady"],"picked":"SKIP","floor":47},{"not_picked":[],"picked":"ClearTheMind","floor":48},{"not_picked":[],"picked":"Tantrum+1","floor":52},{"not_picked":[],"picked":"REME_CRH","floor":56}],"player_experience":1383097,"relics_obtained":[{"floor":6.0,"key":"conspire:TopHat"},{"floor":10.0,"key":"Ginger"},{"floor":14.0,"key":"The Courier"},{"floor":23.0,"key":"Bottled Flame"},{"floor":26.0,"key":"Anchor"},{"floor":27.0,"key":"ReplayTheSpireMod:Shallot"},{"floor":29.0,"key":"conspire:Dentures"},{"floor":36.0,"key":"conspire:GlowingRock"},{"floor":37.0,"key":"Pet Ghost"},{"floor":40.0,"key":"Girya"},{"floor":42.0,"key":"White Beast Statue"},{"floor":43.0,"key":"Akabeko"},{"floor":44,"key":"AT_MibuBalloonWealth"},{"floor":52,"key":"paleoftheancients:SoulOfTheShapes"},{"floor":53,"key":"Ring of Fury"},{"floor":53,"key":"ReplayTheSpireMod:Ring of Challenge"},{"floor":58,"key":"Replay:Bottled Eggs"}],"event_choices":[{"damage_healed":0.0,"max_hp_gain":0.0,"max_hp_loss":0.0,"gold_gain":0.0,"event_name":"conspire:LoneGhost","player_choice":"Agree","floor":2.0,"gold_loss":0.0,"damage_taken":0.0},{"damage_healed":0.0,"max_hp_gain":0.0,"max_hp_loss":0.0,"gold_gain":0.0,"event_name":"Lab","player_choice":"Got Potions","floor":3.0,"gold_loss":0.0,"damage_taken":0.0},{"damage_healed":0.0,"max_hp_gain":0.0,"max_hp_loss":0.0,"gold_gain":0.0,"event_name":"WeMeetAgain","player_choice":"Gave Potion","floor":19.0,"gold_loss":0.0,"damage_taken":0.0,"relics_obtained":["Bag of Preparation"]},{"damage_healed":0.0,"max_hp_gain":0.0,"max_hp_loss":0.0,"gold_gain":0.0,"event_name":"MindBloom","player_choice":"Fight","floor":36.0,"gold_loss":0.0,"damage_taken":0.0},{"damage_healed":0.0,"max_hp_gain":0.0,"max_hp_loss":0.0,"gold_gain":0.0,"event_name":"Upgrade Shrine","player_choice":"Upgraded","floor":38.0,"gold_loss":0.0,"damage_taken":0.0,"cards_upgraded":["AT_EmpoweredMortalDraw"]}],"is_beta":false,"boss_relics":[{"not_picked":["conspire:SlowCooker","aspiration:FutureDiary"],"picked":"Replay:Grab Bag"},{"not_picked":["ChewingGum","SlaversCollar"],"picked":"Fusion Hammer"},{"not_picked":["Velvet Choker","Runic Dome"],"picked":"Busted Crown"},{"not_picked":["Honey Jar","SacredBark"],"picked":"AT_MortalBlade"},{"not_picked":["Replay:Wanted Poster","Pandora\u0027s Box"],"picked":"VioletLotus"}],"items_purged_floors":[54],"is_endless":false,"potions_floor_spawned":[7,8,10,11,16,22,23,27,30,31,36,39,40,44,46,47,48,51,52,56],"killed_by":"paleoftheancients:N","ascension_level":5}}