{"host":"d9m9v0h6vo0edadb","time":1611680288,"event":{"mods":["BaseMod","Hermit","Keyboard Shortcuts","Minty Spire (QoL Compilation)","StSLib","SuperFastMode","The Cursed"],"gold_per_floor":[109,123,123,136,61,61,74,74,74,74,74,74],"floor_reached":11,"language":"KOR","playtime":154,"items_purged":["Strike_G"],"score":126,"play_id":"f4f38af5-599f-4635-92d3-e61f117e8ff4","local_time":"20210127015808","is_ascension_mode":true,"campfire_choices":[{"data":"Deadly Poison","floor":6,"key":"SMITH"},{"data":"Masterful Stab","floor":8,"key":"SMITH"}],"circlet_count":0,"master_deck":["AscendersBane","Strike_G","Strike_G","Strike_G+1","Strike_G","Defend_G","Defend_G","Defend_G","Defend_G","Defend_G","Survivor","Neutralize+1","Prepared+1","Deadly Poison+1","Masterful Stab+1","Acrobatics"],"relics":["Ring of the Snake","Akabeko","Whetstone"],"acts_visited":["Exordium"],"potions_floor_usage":[],"damage_taken":[{"damage":4,"enemies":"Small Slimes","floor":1,"turns":4},{"damage":0,"enemies":"Cultist","floor":2,"turns":4},{"damage":7,"enemies":"Jaw Worm","floor":4,"turns":3},{"damage":6,"enemies":"Gremlin Gang","floor":7,"turns":6},{"damage":27,"enemies":"3 Sentries","floor":11,"turns":10}],"seed_played":"-5853282939749481587","potions_obtained":[{"floor":2,"key":"LiquidBronze"}],"is_trial":false,"path_per_floor":["M","M","?","M","$","R","M","R","T","T","E"],"character_chosen":"THE_SILENT","items_purchased":[],"campfire_rested":0,"item_purchase_floors":[],"current_hp_per_floor":[55,55,55,48,48,48,42,42,42,42,15,15],"gold":74,"neow_bonus":"THREE_CARDS","is_daily":false,"chose_seed":false,"campfire_upgraded":2,"win_rate":0.0,"timestamp":1611680288,"path_taken":["M","M","?","?","$","R","M","R","T","?","E"],"items_purchased_type":[],"build_version":"2020-12-22","purchased_purges":1,"victory":false,"max_hp_per_floor":[66,66,66,66,66,66,66,66,66,66,66,66],"card_choices":[{"not_picked":["Concentrate","Infinite Blades"],"picked":"Prepared","floor":0},{"not_picked":["Quick Slash","Dodge and Roll"],"picked":"Deadly Poison","floor":1},{"not_picked":["Outmaneuver","Prepared"],"picked":"Masterful Stab","floor":2},{"not_picked":["Quick Slash","Dagger Spray"],"picked":"Acrobatics","floor":4},{"not_picked":["Flying Knee","Catalyst","Sucker Punch"],"picked":"SKIP","floor":7}],"player_experience":990925,"relics_obtained":[{"floor":9,"key":"Akabeko"},{"floor":10,"key":"Whetstone"}],"event_choices":[{"damage_healed":0,"gold_gain":0,"player_choice":"Upgraded","damage_taken":0,"max_hp_gain":0,"max_hp_loss":0,"event_name":"Upgrade Shrine","floor":3,"gold_loss":0,"cards_upgraded":["Prepared"]}],"is_beta":false,"boss_relics":[],"items_purged_floors":[5],"is_endless":false,"potions_floor_spawned":[2],"killed_by":"3 Sentries","ascension_level":20}}