{"host":"njo8qgvy2a57fcny","time":1611636314,"event":{"mods":["Aspiration","BaseMod","BetterRewards","CCEM","Colored Map","Colored Powertips","Conspire","Custom Start","Downfall","Energized Spire","GifTheSpireLib","Halation","Hermit","Hubris","Infinite Spire","Jedi Mod","Jorbs\u0027s Wanderer Trilogy","Mimic Mod","Minty Spire (QoL Compilation)","Quick Restart","Random Character Button","Random Character Mod","Rare Cards Sparkle","Relic Sorter","Replay The Spire","Shop Mod","StSLib","Stuff the Spire","The Animator","The Jungle","The Runesmith","The Servant 0.9.4","Unceasing Turn Reminder","thorton"],"gold_per_floor":[99,110,182,199,199,110,156,172,198,214,234,134,159,169,189,268,268,268,280,292,310,325,225,225,225,125,125,125,125,125,125],"floor_reached":29,"language":"ENG","playtime":1695,"items_purged":[],"score":503,"play_id":"48431957-0eb4-4e3d-a060-16d904c83f4a","local_time":"20210126154514","is_ascension_mode":true,"campfire_choices":[{"data":"Slimebound:Split","floor":1,"key":"SMITH"},{"data":"Slimebound:PrepareCrush","floor":12,"key":"SMITH"},{"floor":18,"key":"RECALL"},{"data":"Slimebound:MassFeed","floor":23,"key":"SMITH"},{"floor":28,"key":"REST"}],"circlet_count":0,"master_deck":["AscendersBane","Slimebound:Strike_Slimebound+1","Slimebound:Strike_Slimebound+1","Slimebound:Strike_Slimebound+1","Slimebound:Tackle","Slimebound:Defend_Slimebound+1","Slimebound:Defend_Slimebound+1","Slimebound:Defend_Slimebound+1","Slimebound:Defend_Slimebound+1","Slimebound:Split+1","Slimebound:CorrosiveSpit","Slimebound:LivingWall","Slimebound:Equalize","Slimebound:Split+1","Slimebound:LivingWall","Slimebound:PrepareCrush+1","Slimebound:HauntingLick","Slimebound:LeechingTouch","Slimebound:ItLooksTasty","Slimebound:AcidTongue","Slimebound:Teamwork","Slimebound:Gluttony","Slimebound:AcidTongue","Slimebound:MassFeed+1","Slimebound:GoopSpray","Slimebound:LeechEnergy","Slimebound:SplitMire","Slimebound:SamplingLick","conspire:SpireCoStock","conspire:SpireCoStock"],"relics":["Slimebound:AbsorbEndCombat","CCEMRelics:DissonantTune","infinitespire:CheckeredPen","downfall:HeartBlessingBlue","StuffTheSpire:Expresso","aspiration:MobileForge","downfall:HeartBlessingRed","Anchor","downfall:KnowingSkull"],"acts_visited":["Exordium","TheCity"],"potions_floor_usage":[4,10,13,20,21,29,29],"damage_taken":[{"damage":0,"enemies":"Cultist","floor":2,"turns":4},{"damage":8,"enemies":"Small Slimes","floor":4,"turns":4},{"damage":7,"enemies":"Jaw Worm","floor":6,"turns":4},{"damage":24,"enemies":"3 Louse","floor":8,"turns":5},{"damage":11,"enemies":"Lagavulin","floor":9,"turns":6},{"damage":7,"enemies":"Gremlin Gang","floor":10,"turns":5},{"damage":9,"enemies":"2 Fungi Beasts","floor":11,"turns":3},{"damage":18,"enemies":"3 Sentries","floor":13,"turns":4},{"damage":8,"enemies":"Red Slaver","floor":14,"turns":2},{"damage":6,"enemies":"Large Slime","floor":15,"turns":3},{"damage":64,"enemies":"SI_SHIV_ARCHETYPE","floor":16,"turns":8},{"damage":4,"enemies":"Chosen","floor":19,"turns":5},{"damage":32,"enemies":"Shell Parasite","floor":20,"turns":7},{"damage":12,"enemies":"Snake Plant","floor":21,"turns":4},{"damage":50,"enemies":"Chosen and Byrds","floor":22,"turns":6},{"damage":29,"enemies":"Slavers","floor":29,"turns":1}],"seed_played":"1156213258704976872","potions_obtained":[{"floor":2,"key":"LifebloodPotion"},{"floor":9,"key":"Regen Potion"},{"floor":11,"key":"Slimebound:ThreeZeroPotion"},{"floor":16,"key":"Slimebound:SlimedPotion"},{"floor":20,"key":"Milkshake"},{"floor":22,"key":"Strength Potion"}],"is_trial":false,"path_per_floor":["R","M","T","M","?","M","T","M","E","M","M","R","E","M","M","B",null,"R","M","M","M","M","R","T","?","?","?","R","E"],"character_chosen":"SLIMEBOUND","items_purchased":[],"campfire_rested":1,"item_purchase_floors":[],"current_hp_per_floor":[58,64,64,62,62,63,63,45,48,64,59,69,63,67,73,22,61,61,65,51,48,14,14,14,14,14,2,26,0,0,0],"gold":125,"neow_bonus":"TEN_PERCENT_HP_BONUS","is_daily":false,"chose_seed":false,"campfire_upgraded":3,"win_rate":0.0,"timestamp":1611636314,"path_taken":["R","M","?","M","?","M","T","?","E","M","M","R","E","M","M","BOSS","R","M","M","M","M","R","T","?","?","?","R","E"],"items_purchased_type":[],"build_version":"2020-12-22","purchased_purges":0,"victory":false,"max_hp_per_floor":[64,64,64,64,64,64,64,64,64,64,64,74,74,74,74,74,74,74,74,77,80,80,80,80,80,80,80,80,80,80,80],"card_choices":[{"not_picked":["Slimebound:ComboTackle","Slimebound:Equalize"],"picked":"Slimebound:LivingWall","floor":2},{"not_picked":["Slimebound:Schlurp","Slimebound:SplitBruiser"],"picked":"Slimebound:Equalize","floor":4},{"not_picked":["Slimebound:SplitLeeching","Slimebound:FinishingTackle"],"picked":"Slimebound:PrepareCrush","floor":6},{"not_picked":["Slimebound:Dissolve","Slimebound:SlimeBrawl"],"picked":"Slimebound:HauntingLick","floor":8},{"not_picked":["Slimebound:SplitAcid","Slimebound:SplitBruiser"],"picked":"Slimebound:LeechingTouch","floor":9},{"not_picked":["Slimebound:DisruptingSlam","Slimebound:MegaLick"],"picked":"Slimebound:ItLooksTasty","floor":10},{"not_picked":["Slimebound:ProtectTheBoss","Slimebound:LeadByExample"],"picked":"Slimebound:AcidTongue","floor":11},{"not_picked":["Slimebound:ForwardTackle","Slimebound:LivingWall"],"picked":"Slimebound:Teamwork","floor":13},{"not_picked":["Slimebound:MegaLick","Slimebound:PressTheAttack"],"picked":"Slimebound:Gluttony","floor":14},{"not_picked":["Slimebound:SlimeBrawl","Slimebound:SlimeSpikes"],"picked":"Slimebound:AcidTongue","floor":15},{"not_picked":["Slimebound:LeechLife","Slimebound:Overexert"],"picked":"Slimebound:MassFeed","floor":16},{"not_picked":["Slimebound:RollThrough","Slimebound:DivideAndConquer"],"picked":"Slimebound:GoopSpray","floor":19},{"not_picked":["Slimebound:ProtectTheBoss","Slimebound:GoopTackle"],"picked":"Slimebound:LeechEnergy","floor":20},{"not_picked":["Slimebound:LeadByExample","Slimebound:LivingWall"],"picked":"Slimebound:SplitMire","floor":21},{"not_picked":["Slimebound:Chomp","Slimebound:ServeAndProtect"],"picked":"Slimebound:SamplingLick","floor":22}],"player_experience":703687,"relics_obtained":[{"floor":3,"key":"CCEMRelics:DissonantTune"},{"floor":9,"key":"infinitespire:CheckeredPen"},{"floor":13,"key":"StuffTheSpire:Expresso"},{"floor":24,"key":"Anchor"}],"event_choices":[{"damage_healed":0,"gold_gain":0,"player_choice":"Invest 2","damage_taken":0,"max_hp_gain":0,"max_hp_loss":0,"event_name":"conspire:Investor","floor":26,"gold_loss":0}],"is_beta":false,"boss_relics":[{"not_picked":["ReplayTheSpireMod:DimensionalGlitch","infinitespire:Cupcake"],"picked":"aspiration:MobileForge"}],"items_purged_floors":[],"is_endless":false,"potions_floor_spawned":[2,9,11,16,20,22],"killed_by":"Slavers","ascension_level":20}}