{"host":"vqgrg90fv56geajp","time":1611700338,"event":{"mods":["BaseMod","Colored Map","Colored Powertips","Minty Spire (QoL Compilation)","Quick Restart","Rare Cards Sparkle","Relic Stats"],"gold_per_floor":[119,119,4,4,4,39,39,70,70,103,115,142,160,177,177,177,177],"floor_reached":16,"language":"ENG","playtime":693,"items_purged":["Regret"],"score":356,"play_id":"ee67ee34-0128-4442-9ccf-7838ad750797","local_time":"20210127003218","is_ascension_mode":true,"campfire_choices":[{"data":"Eviscerate","floor":7,"key":"SMITH"},{"floor":15,"key":"REST"}],"circlet_count":0,"master_deck":["AscendersBane","Strike_G","Strike_G","Strike_G","Strike_G+1","Strike_G","Defend_G","Defend_G+1","Defend_G","Defend_G","Defend_G","Survivor","Neutralize","Eviscerate+1","Flechettes","Dagger Throw","Predator","Underhanded Strike","PiercingWail","Tactician","Underhanded Strike","Leg Sweep"],"relics":["Ring of the Snake","NeowsBlessing","Blood Vial","Letter Opener","Regal Pillow","Thread and Needle","White Beast Statue","Potion Belt"],"acts_visited":["Exordium"],"potions_floor_usage":[12,12,16],"damage_taken":[{"damage":0,"enemies":"2 Louse","floor":1,"turns":2},{"damage":0,"enemies":"Lagavulin","floor":6,"turns":1},{"damage":0,"enemies":"Gremlin Nob","floor":8,"turns":1},{"damage":32,"enemies":"Lagavulin","floor":10,"turns":8},{"damage":0,"enemies":"Jaw Worm","floor":11,"turns":2},{"damage":9,"enemies":"3 Sentries","floor":12,"turns":7},{"damage":0,"enemies":"Cultist","floor":13,"turns":4},{"damage":0,"enemies":"Red Slaver","floor":14,"turns":2},{"damage":50,"enemies":"Hexaghost","floor":16,"turns":12}],"seed_played":"-6543178795762014625","potions_obtained":[{"floor":1,"key":"Explosive Potion"},{"floor":11,"key":"Fire Potion"},{"floor":12,"key":"LiquidMemories"},{"floor":13,"key":"ColorlessPotion"},{"floor":14,"key":"GamblersBrew"}],"is_trial":false,"path_per_floor":["M","?","$","?","$","E","R","E","T","E","M","E","M","M","R","B"],"character_chosen":"THE_SILENT","items_purchased":["Flechettes"],"campfire_rested":1,"item_purchase_floors":[3],"current_hp_per_floor":[59,59,59,39,39,41,41,43,43,13,15,8,10,12,46,0,0],"gold":177,"neow_bonus":"THREE_ENEMY_KILL","is_daily":false,"chose_seed":false,"campfire_upgraded":1,"win_rate":0.0,"timestamp":1611700338,"path_taken":["M","?","$","?","?","E","R","E","T","E","M","E","?","M","R","BOSS"],"items_purchased_type":["Card"],"build_version":"2020-12-22","purchased_purges":1,"victory":false,"max_hp_per_floor":[66,66,66,66,66,66,66,66,66,66,66,66,66,66,66,66,66],"relic_stats":{"Blood Vial":16,"Regal Pillow":15,"counters":[9,39],"Letter Opener":[5],"obtain_stats":[{"Blood Vial":2,"Potion Belt":12,"Regal Pillow":8,"NeowsBlessing":0,"Thread and Needle":9,"Letter Opener":6,"White Beast Statue":10,"Ring of the Snake":0},{"Blood Vial":1,"Potion Belt":6,"Regal Pillow":3,"NeowsBlessing":0,"Thread and Needle":3,"Letter Opener":2,"White Beast Statue":4,"Ring of the Snake":0},{"Blood Vial":2,"Potion Belt":21,"Regal Pillow":4,"NeowsBlessing":0,"Thread and Needle":4,"Letter Opener":3,"White Beast Statue":12,"Ring of the Snake":0}],"Ring of the Snake":[18]},"card_choices":[{"not_picked":["Flechettes","Sucker Punch"],"picked":"Eviscerate","floor":1},{"not_picked":["Sucker Punch","Deadly Poison"],"picked":"Dagger Throw","floor":6},{"not_picked":["Deflect","Sucker Punch"],"picked":"Predator","floor":8},{"not_picked":["Envenom","Eviscerate"],"picked":"Underhanded Strike","floor":10},{"not_picked":["Outmaneuver","Quick Slash"],"picked":"PiercingWail","floor":11},{"not_picked":["Catalyst","Blur"],"picked":"Tactician","floor":12},{"not_picked":["Predator","Bane"],"picked":"Underhanded Strike","floor":13},{"not_picked":["Finisher","Blade Dance"],"picked":"Leg Sweep","floor":14}],"player_experience":2504600,"relics_obtained":[{"floor":6,"key":"Letter Opener"},{"floor":8,"key":"Regal Pillow"},{"floor":9,"key":"Thread and Needle"},{"floor":10,"key":"White Beast Statue"},{"floor":12,"key":"Potion Belt"}],"event_choices":[{"damage_healed":0,"gold_gain":0,"player_choice":"Box","damage_taken":0,"relics_obtained":["Blood Vial"],"max_hp_gain":0,"max_hp_loss":0,"event_name":"Big Fish","floor":2,"gold_loss":0,"cards_obtained":["Regret"]},{"damage_healed":0,"gold_gain":0,"player_choice":"Entered Light","damage_taken":20,"max_hp_gain":0,"max_hp_loss":0,"event_name":"Shining Light","floor":4,"gold_loss":0,"cards_upgraded":["Defend_G","Strike_G"]}],"is_beta":false,"boss_relics":[],"items_purged_floors":[3],"is_endless":false,"potions_floor_spawned":[1,11,12,13,14],"killed_by":"Hexaghost","ascension_level":20}}