{"host":"rb2nh8tmj630u4aw","time":1611665284,"event":{"mods":["AchievementEnabler","Act Like it!","BaseMod","Friendly Minions","Luminous","Minty Spire (QoL Compilation)","Quick Restart","Replay The Spire","StSLib","noobMod","【功能Mod】聪明的最终Boss","【遗物Mod】简单游戏"],"gold_per_floor":[113,38,48,48,48,77,89,134,170,182,269,292,314,353,365,472,484,514,826,838,850,881,893,934,956,994,1019,1031,1056,1098,1121,1133,1242,1254,1284,650,667,682,695,721,721,721,721,741,281,202,214,231,231,231],"floor_reached":51,"language":"ZHS","playtime":2105,"items_purged":["Luminous:Light_Flash_Shower","Luminous:Dark_Abyssal_Drop","Luminous:Defend_Luminous"],"score":954,"play_id":"b58784b4-5a03-436a-b4ea-22d8d0cec9d8","local_time":"20210126204804","is_ascension_mode":false,"campfire_choices":[{"data":"Luminous:Fast_Spell_Luminous","floor":10,"key":"SMITH"},{"data":"Luminous:Lunar_Tide_Luminous","floor":15,"key":"SMITH"},{"data":"Luminous:Photic_Meditation_Luminous","floor":23,"key":"SMITH"},{"floor":28,"key":"DIG"},{"floor":32,"key":"DIG"},{"data":"Luminous:Chaos_Field_Luminous","floor":41,"key":"SMITH"},{"floor":49,"key":"DIG"}],"circlet_count":0,"master_deck":["Luminous:Light_Flash_Shower","Luminous:Light_Flash_Shower","Luminous:Dark_Abyssal_Drop","Luminous:Defend_Luminous","Luminous:Defend_Luminous","Luminous:Defend_Luminous","Luminous:Switch_Luminous","Luminous:Fast_Spell_Luminous+1","Luminous:Concentrate_Luminous","Luminous:Lunar_Tide_Luminous+1","Luminous:Photic_Meditation_Luminous+1","Luminous:Light_Glare","Luminous:Ethereal_Form_Luminous","Luminous:Lunar_Tide_Luminous+1","Luminous:Dark_Apocalypse+1","Luminous:Chaos_Field_Luminous+1","Luminous:Dusk_Guard_Luminous+1","Luminous:Lania_Blessing_Luminous","Luminous:Dark_Moonlight_Spear+1","Luminous:Light_Wash_Luminous","Luminous:Light_Wash_Luminous","Luminous:Darkness_Mastery_Luminous+1","Luminous:Balance_Ender+1"],"relics":["Luminous:MirrorRelic","ice","EasyRelic","NeowsBlessing","MawBank","Mummified Hand","Simple Rune","Runic Dome","Old Coin","Shovel","Anchor","Nunchaku","Replay:Mystery Machine","Tiny Chest","Black Star","Strange Spoon","ReplayTheSpireMod:TigerMarble","Quantum Egg","ReplayFunnel","Molten Egg 2","Mirror","Membership Card","Replay:Accelerometer","ReplayTheSpireMod:Lightbulb","Replay:Bottled Eggs","Bag of Marbles"],"acts_visited":["Exordium","TheCity","TheBeyond"],"potions_floor_usage":[33,33],"damage_taken":[{"damage":0.0,"enemies":"Cultist","floor":1.0,"turns":1.0},{"damage":0.0,"enemies":"Jaw Worm","floor":3.0,"turns":1.0},{"damage":0.0,"enemies":"Lagavulin","floor":6.0,"turns":1.0},{"damage":52,"enemies":"Replay:BlueRogue","floor":8,"turns":9},{"damage":1,"enemies":"2 Louse","floor":12,"turns":2},{"damage":2,"enemies":"Looter","floor":13,"turns":3},{"damage":2,"enemies":"Slime Boss","floor":16,"turns":12},{"damage":5,"enemies":"Spheric Guardian","floor":18,"turns":4},{"damage":0,"enemies":"Shell Parasite","floor":22,"turns":5},{"damage":20,"enemies":"Replay:Snechameleon","floor":24,"turns":5},{"damage":21,"enemies":"Snake Plant","floor":25,"turns":4},{"damage":0,"enemies":"Centurion and Healer","floor":27,"turns":4},{"damage":0,"enemies":"3 Cultists","floor":29,"turns":1},{"damage":18,"enemies":"Gremlin Leader","floor":30,"turns":5},{"damage":2,"enemies":"Snecko","floor":31,"turns":4},{"damage":53,"enemies":"Pondfish","floor":33,"turns":9},{"damage":0,"enemies":"Orb Walker","floor":35,"turns":3},{"damage":18,"enemies":"3 Shapes","floor":37,"turns":3},{"damage":3,"enemies":"Sphere and 2 Shapes","floor":38,"turns":4},{"damage":0,"enemies":"Maw","floor":39,"turns":6},{"damage":0,"enemies":"Giant Head","floor":40,"turns":6},{"damage":0,"enemies":"Spire Growth","floor":44,"turns":2},{"damage":0,"enemies":"3 Darklings","floor":47,"turns":2},{"damage":0,"enemies":"Sphere and 2 Shapes","floor":48,"turns":1},{"damage":0,"enemies":"Donu and Deca","floor":50,"turns":4}],"seed_played":"915169944863374847","potions_obtained":[{"floor":3.0,"key":"Block Potion"},{"floor":12,"key":"Cursed Concoction"},{"floor":16,"key":"SkillPotion"},{"floor":22,"key":"Energy Potion"},{"floor":33,"key":"Explosive Potion"}],"is_trial":false,"path_per_floor":["M","$","M","?","$","E","$","E","T","R","?","M","M","T","R","B",null,"M","?","?","$","M","R","E","M","T","M","R","M","E","M","R","B",null,"M","$","M","M","M","E","R","?","T","M","$","?","M","M","R","B",null],"character_chosen":"LuminousClass","items_purchased":["Strange Spoon","ReplayTheSpireMod:TigerMarble","Quantum Egg","Membership Card","Replay:Accelerometer","ReplayTheSpireMod:Lightbulb","Luminous:Light_Wash_Luminous"],"campfire_rested":0,"item_purchase_floors":[36,36,36,45,45,45,45],"current_hp_per_floor":[75,75,75,68,68,68,68,16,16,16,5,4,2,2,2,73,81,77,77,77,77,82,82,68,53,53,59,59,59,47,50,50,151,151,151,151,141,143,149,170,170,167,167,167,167,167,167,167,167,177],"gold":231,"neow_bonus":"THREE_ENEMY_KILL","is_daily":false,"chose_seed":false,"campfire_upgraded":4,"win_rate":0.0,"timestamp":1611665284,"path_taken":["M","?","M","?","?","E","$","E","T","R","?","M","M","?","R","BOSS","M","?","?","$","M","R","E","M","T","?","R","M","E","M","R","BOSS","M","$","M","M","?","E","R","?","T","M","$","?","M","M","R","BOSS"],"items_purchased_type":["Relic","Relic","Relic","Relic","Relic","Relic","Card"],"build_version":"2020-12-22","purchased_purges":3,"victory":true,"max_hp_per_floor":[75,75,75,75,75,75,75,75,75,75,75,75,75,75,75,81,81,84,84,84,84,91,91,106,112,112,116,116,116,124,126,126,151,151,153,153,163,167,172,176,176,167,167,167,167,167,168,172,172,178],"card_choices":[{"not_picked":["Luminous:Light_Sylvan_Lance","Luminous:Light_Spectral_Light"],"picked":"Luminous:Fast_Spell_Luminous","floor":1.0},{"not_picked":["Luminous:Light_Gather","Luminous:Dark_Dim_Erosion"],"picked":"Luminous:Concentrate_Luminous","floor":3.0},{"not_picked":["Luminous:Dark_Raid","Luminous:Light_Reflection","Luminous:Light_Disperse"],"picked":"SKIP","floor":6},{"not_picked":["Luminous:Light_Disperse","Luminous:Blinding_Pillar_Luminous"],"picked":"Luminous:Lunar_Tide_Luminous","floor":8},{"not_picked":["Luminous:Light_Disperse","Luminous:Lights_Protection_Luminous"],"picked":"Luminous:Photic_Meditation_Luminous","floor":12},{"not_picked":["Luminous:Dark_Pressure_Void","Luminous:Abyss_Heart_Luminous"],"picked":"Luminous:Light_Glare","floor":13},{"not_picked":["Luminous:Date_of_Light_Luminous","Luminous:Arcane_Rage_Luminous"],"picked":"Luminous:Ethereal_Form_Luminous","floor":16},{"not_picked":["Luminous:Light_Glare+1","Luminous:Light_Gather","Luminous:Blinding_Pillar_Luminous+1"],"picked":"SKIP","floor":18},{"not_picked":["Luminous:Dark_Dim_Erosion","Luminous:Blinding_Pillar_Luminous+1"],"picked":"Luminous:Dark_Apocalypse+1","floor":22},{"not_picked":["Luminous:Light_Disperse","Luminous:Sympathy_Luminous","Luminous:Light_Glare"],"picked":"SKIP","floor":24},{"not_picked":["Luminous:Mana_Overload_Luminous","Luminous:Dark_Dim_Erosion","Luminous:Dark_Raid+1"],"picked":"SKIP","floor":25},{"not_picked":["Luminous:Light_Gather","Luminous:Light_Track"],"picked":"Luminous:Chaos_Field_Luminous","floor":27},{"not_picked":["Luminous:Accumulation_Luminous","Luminous:Concentrate_Luminous+1","Luminous:Light_Disperse"],"picked":"SKIP","floor":29},{"not_picked":["Luminous:Dark_Raid+1","Luminous:Tune_Luminous"],"picked":"Luminous:Dusk_Guard_Luminous+1","floor":30},{"not_picked":["Luminous:Photic_Meditation_Luminous","Luminous:Tune_Luminous","Luminous:Dark_Dim_Erosion"],"picked":"SKIP","floor":31},{"not_picked":["Luminous:Erosion_Luminous","Luminous:Arcane_Rage_Luminous"],"picked":"Luminous:Lania_Blessing_Luminous","floor":33},{"not_picked":["Luminous:Dark_Pressure_Void+1","Luminous:Dark_Raid+1","Luminous:Concentrate_Luminous"],"picked":"SKIP","floor":35},{"not_picked":["Luminous:Light_Disperse+1","Luminous:Dark_Raid+1","Luminous:Dark_Pressure_Void+1"],"picked":"SKIP","floor":37},{"not_picked":["Luminous:Light_Gather","Luminous:Light_Ray_of_Redemption","Luminous:Light_Glare+1"],"picked":"SKIP","floor":38},{"not_picked":["Luminous:Dark_Raid","Luminous:Light_Gather+1","Luminous:Photic_Meditation_Luminous"],"picked":"SKIP","floor":39},{"not_picked":["Luminous:Balance_Baptism+1","Luminous:Sympathy_Luminous"],"picked":"Luminous:Dark_Moonlight_Spear+1","floor":40},{"not_picked":["Luminous:Accumulation_Luminous+1","Luminous:Dark_Dim_Erosion+1","Luminous:Mana_Well_Luminous+1"],"picked":"SKIP","floor":44},{"not_picked":["Luminous:Light_Sylvan_Lance+1","Luminous:Light_Wash_Luminous+1"],"picked":"Luminous:Darkness_Mastery_Luminous+1","floor":47},{"not_picked":["Luminous:Light_Wash_Luminous","Luminous:Mana_Overload_Luminous"],"picked":"Luminous:Balance_Ender+1","floor":48}],"player_experience":46057,"relics_obtained":[{"floor":6,"key":"MawBank"},{"floor":8,"key":"Mummified Hand"},{"floor":14,"key":"Simple Rune"},{"floor":24,"key":"Shovel"},{"floor":26,"key":"Anchor"},{"floor":28,"key":"Nunchaku"},{"floor":30,"key":"Replay:Mystery Machine"},{"floor":32,"key":"Tiny Chest"},{"floor":40,"key":"ReplayFunnel"},{"floor":40,"key":"Molten Egg 2"},{"floor":43,"key":"Mirror"},{"floor":49,"key":"Bag of Marbles"}],"event_choices":[{"cards_removed":["Luminous:Dark_Abyssal_Drop"],"damage_healed":0.0,"max_hp_gain":0.0,"max_hp_loss":0.0,"gold_gain":0.0,"event_name":"Golden Wing","player_choice":"Card Removal","floor":4.0,"gold_loss":0.0,"damage_taken":7.0},{"damage_healed":0,"gold_gain":75,"player_choice":"Gather Gold","damage_taken":11,"max_hp_gain":0,"max_hp_loss":0,"event_name":"World of Goop","floor":11,"gold_loss":0},{"damage_healed":0,"gold_gain":0,"player_choice":"Copied","damage_taken":0,"max_hp_gain":0,"max_hp_loss":0,"event_name":"Duplicator","floor":20,"gold_loss":0,"cards_obtained":["Luminous:Lunar_Tide_Luminous"]},{"damage_healed":0,"gold_gain":0,"player_choice":"Max HP","damage_taken":0,"max_hp_gain":0,"max_hp_loss":9,"event_name":"Winding Halls","floor":42,"gold_loss":0},{"damage_healed":0,"gold_gain":0,"player_choice":"Paid Gold","damage_taken":0,"relics_obtained":["Replay:Bottled Eggs"],"max_hp_gain":0,"max_hp_loss":0,"event_name":"WeMeetAgain","floor":46,"gold_loss":79}],"is_beta":false,"boss_relics":[{"not_picked":["Cursed Key","Velvet Choker"],"picked":"Runic Dome"},{"not_picked":["SacredBark","Kintsugi"],"picked":"Black Star"}],"items_purged_floors":[2,36,45],"is_endless":false,"potions_floor_spawned":[3,12,16,22,24,30,33,39,40,44,48],"ascension_level":0}}