{"host":"u0qetpmu4y58k1tf","time":1611658788,"event":{"mods":["AchievementEnabler","BaseMod","Colored Map","Colored Powertips","Hermit","Marisa£¨Ùöéë¡¡Øª×âÞÞ£©","Minty Spire (QoL Compilation)","Replay The Spire","StSLib","SuperFastMode","The Bug Knight","The Cursed","The Hierophant","The Runesmith"],"gold_per_floor":[119,294,312,312,237,272,272,306,351,364,383,383,411,425,425,530,530,548,548,566,566,566,598,617,649,674,674,574,574,286,315,315,414,414,432,202,252,252,271,305,318,351,351,369,402,415,431,451,451,451,451,451,36,68,68,68],"floor_reached":55,"language":"KOR","playtime":3295,"items_purged":["Strike_R","Pain","Overencumbered","Bash","Strike_R"],"score":1185,"play_id":"c5f74f08-a545-4118-be35-7f9694c643cf","local_time":"20210126195948","is_ascension_mode":true,"campfire_choices":[{"data":"Body Slam","floor":7.0,"key":"SMITH"},{"data":"Body Slam","floor":12.0,"key":"SMITH"},{"data":"Shrug It Off","floor":27,"key":"SMITH"},{"floor":29,"key":"RECALL"},{"data":"Impervious","floor":32,"key":"SMITH"},{"floor":49,"key":"DIG"},{"data":"Double Tap","floor":52,"key":"SMITH"}],"circlet_count":0,"master_deck":["Strike_R","Strike_R","Strike_R","Defend_R","Defend_R","Defend_R+1","Defend_R+1","Body Slam+1","Body Slam+1","Double Tap+1","Ghostly Armor+1","Shrug It Off+1","Impervious+1","Warcry+1","Seeing Red+1","Metallicize+1","True Grit+1","ReplayReversal+1","Secret Technique+1","Battle Trance+1","Impervious+1","Metallicize+1","Disarm+1","Warcry+1","Ghostly Armor+1","Flame Barrier+1","Madness+1","Intimidate+1"],"relics":["Burning Blood","NeowsBlessing","Spirit Poop","Replay:Mystery Machine","ReplayTheSpireMod:TigerMarble","Torii","Sozu","ReplayTheSpireMod:Ring of Exchange","ReplayTheSpireMod:Ring of Collecting","WarpedTongs","Toxic Egg 2","Potion Belt","Ring of Searing","Replay:Wax Seal","Du-Vu Doll","Busted Crown","Turnip","War Paint","MealTicket","Ring of Peace","Pet Ghost","White Beast Statue","Replay:Bottled Steam","Gremlin Food","Bottled Tornado"],"acts_visited":["Exordium","TheCity","TheBeyond","TheEnding"],"potions_floor_usage":[13,16,16],"damage_taken":[{"damage":0.0,"enemies":"Small Slimes","floor":1.0,"turns":1.0},{"damage":0.0,"enemies":"Cultist","floor":3.0,"turns":1.0},{"damage":0.0,"enemies":"3 Sentries","floor":6.0,"turns":2.0},{"damage":49.0,"enemies":"Gremlin Nob","floor":8.0,"turns":5.0},{"damage":5.0,"enemies":"Jaw Worm","floor":10.0,"turns":4.0},{"damage":0.0,"enemies":"Large Slime","floor":11.0,"turns":7.0},{"damage":32,"enemies":"Lagavulin","floor":13,"turns":6},{"damage":1,"enemies":"Gremlin Gang","floor":14,"turns":4},{"damage":31,"enemies":"Slime Boss","floor":16,"turns":8},{"damage":0,"enemies":"Chosen","floor":18,"turns":3},{"damage":1,"enemies":"3 Byrds","floor":20,"turns":5},{"damage":5,"enemies":"Replay:Snechameleon","floor":23,"turns":4},{"damage":13,"enemies":"Snecko","floor":24,"turns":7},{"damage":22,"enemies":"Gremlin Leader","floor":25,"turns":7},{"damage":5,"enemies":"Book of Stabbing","floor":31,"turns":2},{"damage":20,"enemies":"Champ","floor":33,"turns":6},{"damage":15,"enemies":"3 Darklings","floor":35,"turns":4},{"damage":15,"enemies":"Mind Bloom Boss Battle","floor":37,"turns":5},{"damage":10,"enemies":"Orb Walker","floor":39,"turns":4},{"damage":5,"enemies":"Giant Head","floor":40,"turns":4},{"damage":5,"enemies":"Transient","floor":41,"turns":5},{"damage":14,"enemies":"R_Hoarder","floor":42,"turns":10},{"damage":6,"enemies":"3 Darklings","floor":44,"turns":5},{"damage":0,"enemies":"Giant Head","floor":45,"turns":6},{"damage":6,"enemies":"4 Shapes","floor":46,"turns":9},{"damage":14,"enemies":"Transient","floor":47,"turns":5},{"damage":0,"enemies":"Jaw Worm Horde","floor":48,"turns":4},{"damage":5,"enemies":"Awakened One","floor":50,"turns":9},{"damage":31,"enemies":"Shield and Spear","floor":54,"turns":8},{"damage":57,"enemies":"The Heart","floor":55,"turns":8}],"seed_played":"2454301754511313533","potions_obtained":[{"floor":10.0,"key":"FearPotion"},{"floor":13,"key":"Swift Potion"},{"floor":14,"key":"Fire Potion"}],"is_trial":false,"path_per_floor":["M","?","M","?","$","E","R","E","T","M","M","R","E","M","R_BF","B",null,"M","?","M","?","?","E","M","E","T","R","$","R","$","E","R","B",null,"M","$","?","?","M","E","M","E","T","M","E","M","M","M","R_BF","B",null,"R","$","E","B"],"character_chosen":"IRONCLAD","items_purchased":["Secret Technique+1","Disarm+1","Madness+1","Gremlin Food"],"campfire_rested":0,"item_purchase_floors":[30,36,53,53],"current_hp_per_floor":[80,80,80,80,80,80,80,37,37,38,44,44,18,23,47,22,80,80,80,80,80,80,80,73,75,75,75,75,75,75,76,76,62,80,71,71,62,62,64,65,66,58,58,58,64,64,56,62,62,63,80,80,80,55,0,0],"gold":68,"neow_bonus":"THREE_ENEMY_KILL","is_daily":false,"chose_seed":false,"campfire_upgraded":5,"win_rate":0.0,"timestamp":1611658788,"path_taken":["M","?","M","?","$","E","R","E","T","?","M","R","E","M","R_BF","BOSS","M","?","M","?","?","E","?","E","T","R","$","R","$","E","R","BOSS","M","$","?","?","M","E","M","E","T","M","E","M","M","?","R_BF","BOSS","R","$","E","BOSS"],"items_purchased_type":["Card","Card","Card","Relic"],"build_version":"2020-12-22","purchased_purges":5,"victory":false,"max_hp_per_floor":[80,80,80,80,80,80,80,80,80,80,80,80,80,80,80,80,80,80,80,80,80,80,80,80,80,80,80,80,80,80,80,80,80,80,80,80,80,80,80,80,80,80,80,80,80,80,80,80,80,80,80,80,80,80,80,80],"card_choices":[{"not_picked":["Run Through","Armaments"],"picked":"Body Slam","floor":1.0},{"not_picked":["ReplayTheSpireMod:Muscle Training","Iron Wave"],"picked":"Body Slam","floor":3.0},{"not_picked":["Replay:Undeath\u0027s Touch","Bludgeon"],"picked":"Double Tap","floor":6.0},{"not_picked":["Heavy Blade","Demon Form"],"picked":"Ghostly Armor","floor":8.0},{"not_picked":["Dual Wield","Clothesline","Shockwave"],"picked":"SKIP","floor":10.0},{"not_picked":["Life Link","Flex","Sword Boomerang"],"picked":"SKIP","floor":11.0},{"not_picked":["Rupture","Clothesline","Body Slam"],"picked":"SKIP","floor":13},{"not_picked":["Blood for Blood","Armaments"],"picked":"Shrug It Off","floor":14},{"not_picked":["Juggernaut","Bludgeon"],"picked":"Impervious","floor":16},{"not_picked":["Thunderclap","ReplayTheSpireMod:Muscle Training"],"picked":"Warcry+1","floor":18},{"not_picked":["Anger","True Grit"],"picked":"Seeing Red+1","floor":20},{"not_picked":["Demon Form","Massacre"],"picked":"True Grit+1","floor":23},{"not_picked":["Iron Wave","Armaments+1","Dropkick"],"picked":"SKIP","floor":24},{"not_picked":["Reckless Charge+1","Massacre+1"],"picked":"ReplayReversal+1","floor":25},{"not_picked":["Rampage","Fire Breathing"],"picked":"Battle Trance+1","floor":31},{"not_picked":["Barricade","Double Tap+1"],"picked":"Impervious+1","floor":33},{"not_picked":[],"picked":"Metallicize+1","floor":35},{"not_picked":[],"picked":"Warcry+1","floor":37},{"not_picked":["Clash"],"picked":"SKIP","floor":39},{"not_picked":[],"picked":"Ghostly Armor+1","floor":40},{"not_picked":["ReplayTheSpireMod:Strike From Hell"],"picked":"SKIP","floor":41},{"not_picked":[],"picked":"Flame Barrier+1","floor":42},{"not_picked":["Pommel Strike"],"picked":"SKIP","floor":44},{"not_picked":["Spot Weakness+1"],"picked":"SKIP","floor":45},{"not_picked":["Armaments+1"],"picked":"SKIP","floor":46},{"not_picked":["Cleave"],"picked":"SKIP","floor":47},{"not_picked":["ReplayTheSpireMod:LeadingStrike"],"picked":"SKIP","floor":48},{"not_picked":[],"picked":"Intimidate+1","floor":54}],"player_experience":49618,"relics_obtained":[{"floor":6.0,"key":"Replay:Mystery Machine"},{"floor":8.0,"key":"ReplayTheSpireMod:TigerMarble"},{"floor":13,"key":"Torii"},{"floor":19,"key":"ReplayTheSpireMod:Ring of Exchange"},{"floor":19,"key":"ReplayTheSpireMod:Ring of Collecting"},{"floor":23,"key":"Toxic Egg 2"},{"floor":25,"key":"Potion Belt"},{"floor":26,"key":"Ring of Searing"},{"floor":26,"key":"Replay:Wax Seal"},{"floor":31,"key":"Du-Vu Doll"},{"floor":37,"key":"Turnip"},{"floor":40,"key":"War Paint"},{"floor":42,"key":"MealTicket"},{"floor":43,"key":"Ring of Peace"},{"floor":43,"key":"Pet Ghost"},{"floor":45,"key":"White Beast Statue"},{"floor":49,"key":"Replay:Bottled Steam"},{"floor":54,"key":"Bottled Tornado"}],"event_choices":[{"damage_healed":0.0,"max_hp_gain":0.0,"max_hp_loss":0.0,"gold_gain":175.0,"event_name":"Liars Game","player_choice":"AGREE","floor":2.0,"gold_loss":0.0,"damage_taken":0.0,"cards_obtained":["Doubt"]},{"cards_removed":["Doubt"],"damage_healed":0.0,"max_hp_gain":0.0,"max_hp_loss":0.0,"gold_gain":0.0,"event_name":"Bonfire Elementals","player_choice":"Offered Curse","floor":4.0,"gold_loss":0.0,"damage_taken":0.0,"relics_obtained":["Spirit Poop"]},{"damage_healed":0,"gold_gain":0,"player_choice":"Read","damage_taken":0,"max_hp_gain":0,"max_hp_loss":0,"event_name":"The Library","floor":21,"gold_loss":0,"cards_obtained":["Metallicize"]},{"damage_healed":0,"gold_gain":0,"player_choice":"Rummage","damage_taken":0,"relics_obtained":["WarpedTongs"],"max_hp_gain":0,"max_hp_loss":0,"event_name":"Accursed Blacksmith","floor":22,"gold_loss":0,"cards_obtained":["Pain"]},{"damage_healed":0,"gold_gain":0,"player_choice":"Fight","damage_taken":0,"max_hp_gain":0,"max_hp_loss":0,"event_name":"MindBloom","floor":37,"gold_loss":0},{"damage_healed":0,"gold_gain":0,"player_choice":"Upgraded","damage_taken":0,"max_hp_gain":0,"max_hp_loss":0,"event_name":"Upgrade Shrine","floor":38,"gold_loss":0,"cards_upgraded":["Metallicize"]}],"is_beta":false,"boss_relics":[{"not_picked":["Replay:Wanted Poster","Black Blood"],"picked":"Sozu"},{"not_picked":["Cursed Key","Black Star"],"picked":"Busted Crown"}],"items_purged_floors":[5,28,30,36,53],"is_endless":false,"potions_floor_spawned":[10,13,14,18,23,25,35,40,42,44,46,47,48,54],"killed_by":"The Heart","ascension_level":2}}