{"host":"bq4pt811tk9yrmjl","time":1611664246,"event":{"mods":["AchievementEnabler","BaseMod","Colored Map","Colored Powertips","Defuse TimeMaze Blight","Hermit","Minty Spire (QoL Compilation)","StSLib","SuperFastMode"],"gold_per_floor":[115,43,58,58,58,58,91,102,102,112,137,137,137,155,155,252,252,241,241,241,241,241],"floor_reached":21,"language":"ENG","playtime":477,"items_purged":[],"score":248,"play_id":"3d295e09-0b12-495d-9059-32796c1a5d70","local_time":"20210126103046","is_ascension_mode":true,"campfire_choices":[{"data":"Bouncing Flask","floor":6,"key":"SMITH"},{"data":"Neutralize","floor":12,"key":"SMITH"},{"data":"Dash","floor":15,"key":"SMITH"}],"circlet_count":0,"master_deck":["Strike_G","Strike_G","Strike_G","Strike_G","Strike_G","Defend_G","Defend_G","Defend_G","Defend_G","Defend_G","Survivor","Neutralize+1","Slice","Bouncing Flask+1","Slice","Dash+1","Predator+1"],"relics":["Ring of the Snake","NeowsBlessing","HornCleat","PreservedInsect","Molten Egg 2","Fusion Hammer"],"acts_visited":["Exordium","TheCity"],"potions_floor_usage":[10,10,16,16,16],"damage_taken":[{"damage":0,"enemies":"Cultist","floor":1,"turns":1},{"damage":0,"enemies":"Jaw Worm","floor":3,"turns":1},{"damage":0,"enemies":"Gremlin Nob","floor":7,"turns":1},{"damage":0,"enemies":"2 Louse","floor":8,"turns":4},{"damage":0,"enemies":"Gremlin Gang","floor":10,"turns":2},{"damage":6,"enemies":"3 Sentries","floor":11,"turns":8},{"damage":0,"enemies":"Lots of Slimes","floor":14,"turns":4},{"damage":53,"enemies":"Slime Boss","floor":16,"turns":12},{"damage":20,"enemies":"2 Thieves","floor":18,"turns":4}],"seed_played":"2071595484235079286","potions_obtained":[{"floor":5,"key":"Fire Potion"},{"floor":5,"key":"DistilledChaos"},{"floor":5,"key":"PowerPotion"},{"floor":10,"key":"Block Potion"},{"floor":11,"key":"Block Potion"},{"floor":16,"key":"SpeedPotion"},{"floor":18,"key":"Block Potion"}],"is_trial":false,"path_per_floor":["M","$","M","$","?","R","E","M","T","M","E","R","?","M","R","B",null,"M","?","?","$"],"character_chosen":"THE_SILENT","items_purchased":["Bouncing Flask"],"campfire_rested":0,"item_purchase_floors":[2],"current_hp_per_floor":[70,70,70,70,70,70,70,70,70,70,64,64,69,69,69,16,75,55,55,85,85,85],"gold":241,"neow_bonus":"THREE_ENEMY_KILL","is_daily":false,"chose_seed":false,"campfire_upgraded":3,"win_rate":0.0,"timestamp":1611664246,"path_taken":["M","$","M","$","?","R","E","M","T","?","E","R","?","M","R","BOSS","M","?","?","$"],"items_purchased_type":["Card"],"build_version":"2020-12-22","purchased_purges":0,"victory":false,"max_hp_per_floor":[70,70,70,70,70,70,70,70,70,70,70,70,75,75,75,75,75,75,75,85,85,85],"card_choices":[{"not_picked":["Dodge and Roll","Accuracy"],"picked":"Slice","floor":1},{"not_picked":["Predator","Distraction","Dagger Throw"],"picked":"SKIP","floor":3},{"not_picked":["Tactician","Riddle With Holes","Poisoned Stab"],"picked":"SKIP","floor":7},{"not_picked":["Quick Slash","Dagger Spray"],"picked":"Slice","floor":8},{"not_picked":["Sucker Punch","Dodge and Roll"],"picked":"Dash","floor":10},{"not_picked":["Quick Slash+1","Cloak And Dagger"],"picked":"Predator+1","floor":11},{"not_picked":["Night Terror","Dagger Throw+1","Deadly Poison"],"picked":"SKIP","floor":14},{"not_picked":["Glass Knife+1","Wraith Form v2"],"picked":"Envenom","floor":16},{"not_picked":["Bouncing Flask","Concentrate","Accuracy"],"picked":"SKIP","floor":18}],"player_experience":256055,"relics_obtained":[{"floor":7,"key":"HornCleat"},{"floor":9,"key":"PreservedInsect"},{"floor":11,"key":"Molten Egg 2"}],"event_choices":[{"damage_healed":0,"gold_gain":0,"player_choice":"Got Potions","damage_taken":0,"max_hp_gain":0,"max_hp_loss":0,"event_name":"Lab","floor":5,"gold_loss":0},{"damage_healed":0,"gold_gain":0,"player_choice":"Donut","damage_taken":0,"max_hp_gain":5,"max_hp_loss":0,"event_name":"Big Fish","floor":13,"gold_loss":0},{"damage_healed":0,"gold_gain":0,"player_choice":"Ignored","damage_taken":0,"max_hp_gain":0,"max_hp_loss":0,"event_name":"Beggar","floor":19,"gold_loss":0},{"cards_removed":["Envenom"],"damage_healed":20,"gold_gain":0,"player_choice":"Offered Rare","damage_taken":0,"max_hp_gain":10,"max_hp_loss":0,"event_name":"Bonfire Elementals","floor":20,"gold_loss":0}],"is_beta":false,"boss_relics":[{"not_picked":["Calling Bell","Runic Pyramid"],"picked":"Fusion Hammer"}],"items_purged_floors":[],"is_endless":false,"potions_floor_spawned":[7,10,11,16,18],"ascension_level":1}}