{"host":"lrlw254gqe5layub","time":1611647226,"event":{"mods":["AchievementEnabler","BaseMod","Colored Map","Colored Powertips","Minty Spire (QoL Compilation)","Rare Cards Sparkle","SuperFastMode"],"gold_per_floor":[216,491,504,280,280,313,313,88,88,112,112,187,197,212,212,311,311],"floor_reached":16,"language":"KOR","playtime":698,"items_purged":["Regret"],"score":207,"play_id":"9dd727bf-7b64-48bb-8e83-a860f455a517","local_time":"20210126164706","is_ascension_mode":true,"campfire_choices":[{"data":"White Noise","floor":7,"key":"SMITH"},{"floor":11,"key":"REST"},{"data":"Apotheosis","floor":15,"key":"SMITH"}],"circlet_count":0,"master_deck":["Strike_B","Strike_B","Strike_B","Strike_B","Defend_B","Defend_B","Defend_B","Defend_B","Zap","Dualcast","BootSequence","Coolheaded","Consume","Self Repair","White Noise+1","Apotheosis+1","Self Repair","Genetic Algorithm","Conserve Battery","Sweeping Beam"],"relics":["Cracked Core","White Beast Statue","HornCleat","Odd Mushroom"],"acts_visited":["Exordium"],"potions_floor_usage":[],"damage_taken":[{"damage":6,"enemies":"Cultist","floor":1,"turns":4},{"damage":4,"enemies":"2 Louse","floor":3,"turns":2},{"damage":33,"enemies":"Lagavulin","floor":6,"turns":10},{"damage":20,"enemies":"The Mushroom Lair","floor":10,"turns":6},{"damage":4,"enemies":"Jaw Worm","floor":13,"turns":5},{"damage":9,"enemies":"3 Louse","floor":14,"turns":5},{"damage":42,"enemies":"Slime Boss","floor":16,"turns":17}],"seed_played":"-3943237427558372525","potions_obtained":[{"floor":10,"key":"FearPotion"},{"floor":13,"key":"LiquidBronze"},{"floor":14,"key":"Regen Potion"}],"is_trial":false,"path_per_floor":["M","?","M","$","T","E","R","$","T","?","R","?","M","M","R","B"],"character_chosen":"DEFECT","items_purchased":["Consume","Self Repair","Apotheosis","Self Repair"],"campfire_rested":1,"item_purchase_floors":[4,4,8,8],"current_hp_per_floor":[62,62,58,58,58,32,32,32,32,22,44,33,36,44,44,22,22],"gold":311,"neow_bonus":"HUNDRED_GOLD","is_daily":false,"chose_seed":true,"campfire_upgraded":2,"win_rate":0.0,"timestamp":1611647226,"path_taken":["M","?","M","$","?","E","R","$","T","?","R","?","M","M","R","BOSS"],"items_purchased_type":["Card","Card","Card","Card"],"build_version":"2020-12-22","purchased_purges":1,"victory":false,"max_hp_per_floor":[75,75,75,75,75,75,75,75,75,75,75,75,75,75,75,75,75],"card_choices":[{"not_picked":["Ball Lightning","Fusion"],"picked":"BootSequence","floor":1},{"not_picked":["Double Energy","Compile Driver"],"picked":"Coolheaded","floor":3},{"not_picked":["Fusion","Streamline"],"picked":"White Noise","floor":6},{"not_picked":["Chaos","Gash"],"picked":"Genetic Algorithm","floor":10},{"not_picked":["Streamline","Double Energy"],"picked":"Conserve Battery","floor":13},{"not_picked":["Leap","Ball Lightning"],"picked":"Sweeping Beam","floor":14}],"player_experience":459730,"relics_obtained":[{"floor":6,"key":"White Beast Statue"},{"floor":9,"key":"HornCleat"},{"floor":10,"key":"Odd Mushroom"}],"event_choices":[{"damage_healed":0,"gold_gain":275,"player_choice":"Desecrate","damage_taken":0,"max_hp_gain":0,"max_hp_loss":0,"event_name":"Golden Shrine","floor":2,"gold_loss":0,"cards_obtained":["Regret"]},{"damage_healed":0,"gold_gain":0,"player_choice":"Fought Mushrooms","damage_taken":0,"max_hp_gain":0,"max_hp_loss":0,"event_name":"Mushrooms","floor":10,"gold_loss":0},{"damage_healed":0,"gold_gain":75,"player_choice":"Gather Gold","damage_taken":11,"max_hp_gain":0,"max_hp_loss":0,"event_name":"World of Goop","floor":12,"gold_loss":0}],"is_beta":false,"boss_relics":[],"items_purged_floors":[4],"is_endless":false,"potions_floor_spawned":[10,13,14,16],"killed_by":"Slime Boss","ascension_level":8}}