{"host":"jpzdg3po3tjxdjri","time":1611696340,"event":{"mods":["BaseMod","Better Third Choice","Colored Map","Colored Powertips","Minty Spire (QoL Compilation)","StSLib"],"gold_per_floor":[11,11,26,39,39,68,68,96,96,96,121,121,138,156,156,230,230,230,54,54,54,54,54,54,54,54,54,54,54,54,54,54,54,54,54,54,54,54,54,54,54,54,54,54,54,54,54,54,54,54],"floor_reached":51,"language":"ENG","playtime":1870,"items_purged":["Strike_G"],"score":1456,"play_id":"8340b35b-675f-4bd6-93b0-5bc69e343e3c","local_time":"20210126212540","is_ascension_mode":true,"campfire_choices":[{"data":"Envenom","floor":7,"key":"SMITH"},{"floor":10,"key":"REST"},{"floor":12,"key":"REST"},{"floor":15,"key":"REST"},{"data":"Cloak And Dagger","floor":23,"key":"SMITH"},{"floor":32,"key":"REST"},{"data":"Footwork","floor":40,"key":"SMITH"},{"data":"Noxious Fumes","floor":42,"key":"SMITH"},{"floor":49,"key":"REST"}],"circlet_count":0,"master_deck":["AscendersBane","Strike_G+1","Strike_G+1","Defend_G+1","Defend_G+1","Defend_G+1","Defend_G+1","Defend_G+1","Survivor","Neutralize","Dagger Spray","Crippling Poison","Cloak And Dagger","Poisoned Stab","Footwork+1","Cloak And Dagger+1","Envenom+1","Sucker Punch","Blade Dance","Blade Dance","Cloak And Dagger","Poisoned Stab","Footwork+1","A Thousand Cuts","Cloak And Dagger+1","Poisoned Stab","Dagger Spray","PiercingWail","Noxious Fumes","Backflip","Backflip","Accuracy+1","PiercingWail","Noxious Fumes+1","Leg Sweep","Phantasmal Killer","Dagger Throw","Blade Dance+1","Blade Dance+1","Poisoned Stab","Panacea","Neutralize","PiercingWail","Writhe"],"relics":["Ring of the Snake","Prayer Wheel","Torii","Shuriken","Lizard Tail","Tiny Chest","Ectoplasm","HornCleat","Regal Pillow","Ancient Tea Set","Blood Vial","Sozu","Orichalcum","Ninja Scroll","Mercury Hourglass","Snake Skull"],"acts_visited":["Exordium","TheCity","TheBeyond"],"potions_floor_usage":[8,11,16,16,24,29,31,33],"damage_taken":[{"damage":0,"enemies":"Jaw Worm","floor":1,"turns":5},{"damage":0,"enemies":"Cultist","floor":3,"turns":5},{"damage":1,"enemies":"Small Slimes","floor":4,"turns":3},{"damage":21,"enemies":"Gremlin Nob","floor":6,"turns":5},{"damage":26,"enemies":"Lagavulin","floor":8,"turns":6},{"damage":17,"enemies":"3 Sentries","floor":11,"turns":7},{"damage":7,"enemies":"3 Louse","floor":13,"turns":3},{"damage":9,"enemies":"Exordium Wildlife","floor":14,"turns":5},{"damage":27,"enemies":"The Guardian","floor":16,"turns":11},{"damage":6,"enemies":"3 Byrds","floor":18,"turns":4},{"damage":10,"enemies":"Shell Parasite","floor":20,"turns":6},{"damage":10,"enemies":"Book of Stabbing","floor":24,"turns":6},{"damage":0,"enemies":"Sentry and Sphere","floor":25,"turns":3},{"damage":29,"enemies":"Cultist and Chosen","floor":27,"turns":7},{"damage":17,"enemies":"Slavers","floor":29,"turns":6},{"damage":1,"enemies":"Centurion and Healer","floor":30,"turns":4},{"damage":1,"enemies":"Shelled Parasite and Fungi","floor":31,"turns":5},{"damage":29,"enemies":"Collector","floor":33,"turns":8},{"damage":0,"enemies":"3 Shapes","floor":35,"turns":3},{"damage":1,"enemies":"3 Darklings","floor":36,"turns":3},{"damage":8,"enemies":"Reptomancer","floor":41,"turns":5},{"damage":63,"enemies":"Writhing Mass","floor":44,"turns":5},{"damage":0,"enemies":"Giant Head","floor":46,"turns":5},{"damage":10,"enemies":"Reptomancer","floor":48,"turns":5},{"damage":31,"enemies":"Awakened One","floor":50,"turns":10}],"seed_played":"-3291372452239401789","potions_obtained":[{"floor":1,"key":"CultistPotion"},{"floor":6,"key":"Fire Potion"},{"floor":8,"key":"Swift Potion"},{"floor":11,"key":"PowerPotion"},{"floor":18,"key":"Block Potion"},{"floor":25,"key":"BlessingOfTheForge"},{"floor":27,"key":"CunningPotion"},{"floor":31,"key":"Strength Potion"}],"is_trial":false,"path_per_floor":["M","?","M","M","?","E","R","E","T","R","E","R","M","M","R","B",null,"M","$","M","?","?","R","E","M","T","M","T","E","M","M","R","B",null,"M","M","?","?","T","R","E","R","T","M","?","E","?","E","R","B",null],"character_chosen":"THE_SILENT","items_purchased":["FairyPotion"],"campfire_rested":5,"item_purchase_floors":[19],"current_hp_per_floor":[59,59,59,58,58,37,37,11,11,30,13,32,25,16,35,8,52,46,46,36,36,36,36,26,26,26,19,19,2,3,4,38,11,52,54,55,55,55,55,55,49,49,49,33,33,35,52,44,66,35],"gold":54,"neow_bonus":"ONE_RARE_RELIC","is_daily":false,"chose_seed":true,"campfire_upgraded":4,"win_rate":0.0,"timestamp":1611696340,"path_taken":["M","?","M","?","?","E","R","E","T","R","E","R","M","M","R","BOSS","M","$","M","?","?","R","E","M","T","?","?","E","M","M","R","BOSS","M","?","?","?","?","R","E","R","T","?","?","E","?","E","R","BOSS"],"items_purchased_type":["Potion"],"build_version":"2020-12-22","purchased_purges":1,"victory":true,"max_hp_per_floor":[66,66,66,66,66,66,66,66,66,66,66,66,66,66,66,66,66,66,66,66,66,66,66,66,66,66,66,66,66,66,66,66,66,66,66,66,66,66,66,66,66,66,66,66,66,66,66,66,66,66],"card_choices":[{"not_picked":["Choke","Dodge and Roll"],"picked":"Dagger Spray","floor":1},{"not_picked":["Flying Knee","PiercingWail"],"picked":"Crippling Poison","floor":1},{"not_picked":["Acrobatics","Flechettes"],"picked":"Cloak And Dagger","floor":3},{"not_picked":["Skewer","Deflect"],"picked":"Poisoned Stab","floor":3},{"not_picked":["Underhanded Strike","Noxious Fumes"],"picked":"Footwork","floor":4},{"not_picked":["Underhanded Strike","Dagger Throw"],"picked":"Cloak And Dagger","floor":4},{"not_picked":["Backflip","Infinite Blades"],"picked":"Envenom","floor":6},{"not_picked":["Wraith Form v2","Slice"],"picked":"Sucker Punch","floor":8},{"not_picked":["Flying Knee","PiercingWail"],"picked":"Blade Dance","floor":11},{"not_picked":["Backflip","Flying Knee"],"picked":"Blade Dance","floor":13},{"not_picked":["Setup","Finisher"],"picked":"Cloak And Dagger","floor":13},{"not_picked":["Riddle With Holes","Flying Knee"],"picked":"Poisoned Stab","floor":14},{"not_picked":["Accuracy","All Out Attack"],"picked":"Footwork","floor":14},{"not_picked":["Storm of Steel","Wraith Form v2"],"picked":"A Thousand Cuts","floor":16},{"not_picked":["Predator","Backstab"],"picked":"Cloak And Dagger+1","floor":18},{"not_picked":["Heel Hook+1","Distraction"],"picked":"Poisoned Stab","floor":18},{"not_picked":["Dagger Throw","Dash"],"picked":"Dagger Spray","floor":20},{"not_picked":["Quick Slash","Storm of Steel"],"picked":"PiercingWail","floor":20},{"not_picked":["Blade Dance","Caltrops"],"picked":"Noxious Fumes","floor":24},{"not_picked":["Caltrops","Acrobatics"],"picked":"Backflip","floor":25},{"not_picked":["Skewer+1","Distraction"],"picked":"Backflip","floor":25},{"not_picked":["Poisoned Stab","Reflex"],"picked":"Accuracy+1","floor":27},{"not_picked":["Prepared","Slice","Flechettes"],"picked":"SKIP","floor":27},{"not_picked":["Grand Finale","Outmaneuver"],"picked":"PiercingWail","floor":29},{"not_picked":["Reflex","Prepared"],"picked":"Noxious Fumes","floor":30},{"not_picked":["Outmaneuver","Noxious Fumes","Deadly Poison"],"picked":"SKIP","floor":30},{"not_picked":["Crippling Poison","Blade Dance"],"picked":"Leg Sweep","floor":31},{"not_picked":["Deadly Poison+1","Bouncing Flask","Reflex"],"picked":"SKIP","floor":31},{"not_picked":["Bullet Time","Burst"],"picked":"Phantasmal Killer","floor":33},{"not_picked":["Reflex","Prepared"],"picked":"Dagger Throw","floor":35},{"not_picked":["Acrobatics","Deflect"],"picked":"Blade Dance+1","floor":35},{"not_picked":["Acrobatics","Quick Slash"],"picked":"Blade Dance+1","floor":36},{"not_picked":["Prepared","Deadly Poison+1"],"picked":"Poisoned Stab","floor":36},{"not_picked":["Blind","Deep Breath"],"picked":"Panacea","floor":37},{"not_picked":["Phantasmal Killer","Expertise","Dagger Throw"],"picked":"SKIP","floor":41},{"not_picked":["Deflect","Distraction","Flechettes"],"picked":"SKIP","floor":44},{"not_picked":["Sucker Punch","Acrobatics","All Out Attack+1"],"picked":"SKIP","floor":44},{"not_picked":["Poisoned Stab","Crippling Poison"],"picked":"PiercingWail","floor":46},{"not_picked":["Dagger Throw","Leg Sweep","Underhanded Strike+1"],"picked":"SKIP","floor":48}],"player_experience":865783,"relics_obtained":[{"floor":6,"key":"Torii"},{"floor":8,"key":"Shuriken"},{"floor":9,"key":"Lizard Tail"},{"floor":11,"key":"Tiny Chest"},{"floor":24,"key":"HornCleat"},{"floor":26,"key":"Regal Pillow"},{"floor":28,"key":"Ancient Tea Set"},{"floor":29,"key":"Blood Vial"},{"floor":39,"key":"Orichalcum"},{"floor":43,"key":"Ninja Scroll"},{"floor":46,"key":"Mercury Hourglass"},{"floor":48,"key":"Snake Skull"}],"event_choices":[{"cards_removed":["Strike_G"],"damage_healed":0,"gold_gain":0,"player_choice":"Purged","damage_taken":0,"max_hp_gain":0,"max_hp_loss":0,"event_name":"Purifier","floor":2,"gold_loss":0},{"damage_healed":0,"gold_gain":0,"player_choice":"Grow","damage_taken":0,"max_hp_gain":0,"max_hp_loss":0,"event_name":"Living Wall","floor":5,"gold_loss":0,"cards_upgraded":["Footwork"]},{"damage_healed":0,"gold_gain":0,"player_choice":"Simplicity","damage_taken":0,"max_hp_gain":0,"max_hp_loss":8,"event_name":"betterThird:BetterWriting","floor":22,"gold_loss":0},{"damage_healed":0,"gold_gain":0,"player_choice":"Memory 1","damage_taken":0,"max_hp_gain":0,"max_hp_loss":0,"event_name":"SensoryStone","floor":37,"gold_loss":0},{"damage_healed":0,"gold_gain":0,"player_choice":"1 cards matched","damage_taken":0,"max_hp_gain":0,"max_hp_loss":0,"event_name":"Match and Keep!","floor":38,"gold_loss":0,"cards_obtained":["Neutralize"]},{"cards_removed":["Strike_G"],"damage_healed":0,"gold_gain":0,"player_choice":"Removed Attack","damage_taken":0,"max_hp_gain":0,"max_hp_loss":0,"event_name":"Falling","floor":45,"gold_loss":0},{"damage_healed":17,"gold_gain":0,"player_choice":"Writhe","damage_taken":0,"max_hp_gain":0,"max_hp_loss":0,"event_name":"Winding Halls","floor":47,"gold_loss":0,"cards_obtained":["Writhe"]}],"is_beta":false,"boss_relics":[{"not_picked":["Pandora\u0027s Box","Cursed Key"],"picked":"Ectoplasm"},{"not_picked":["SlaversCollar","SacredBark"],"picked":"Sozu"}],"items_purged_floors":[19],"is_endless":false,"potions_floor_spawned":[1,6,8,11,18,25,27,31,36,48],"ascension_level":14}}