{"host":"TheHustler","time":1611660516,"event":{"mods":["BaseMod","Block Reminder","Colored Map","Colored Powertips","Minty Spire (QoL Compilation)","Quick Restart","StSLib","SuperFastMode","Unceasing Turn Reminder"],"gold_per_floor":[114,114,129,144,159,189,189,189,189,189,189,39,69,84,84,184,184,199,199,199,199,72,102,57,57,57,57,57,72,102,117,117,217,217,232,507,522,522,22,52,52,52,52,52,52,52,52,82,82,82],"floor_reached":51,"language":"ENG","playtime":1150,"items_purged":["Twin Strike+1","Regret"],"score":845,"play_id":"9399b263-38d8-40dd-963c-7641693d1c5c","local_time":"20210126122836","daily_mods":["SealedDeck","Flight","Night Terrors"],"is_ascension_mode":false,"campfire_choices":[{"data":"Uppercut","floor":7,"key":"SMITH"},{"data":"Armaments","floor":8,"key":"SMITH"},{"data":"Flame Barrier","floor":10,"key":"SMITH"},{"data":"Flex","floor":15,"key":"SMITH"},{"data":"Double Tap","floor":25,"key":"SMITH"},{"data":"Rampage","floor":32,"key":"SMITH"},{"data":"Barricade","floor":42,"key":"SMITH"},{"data":"Madness","floor":44,"key":"SMITH"},{"data":"Madness","floor":45,"key":"SMITH"},{"data":"Shrug It Off","floor":46,"key":"SMITH"},{"floor":49,"key":"REST"}],"circlet_count":0,"master_deck":["Intimidate","Flex+1","Entrench+1","Iron Wave+1","Body Slam+1","Dropkick","Uppercut+1","Flame Barrier+1","Double Tap+1","Body Slam+1","Rampage+1","Shrug It Off+1","Shrug It Off","Barricade+1","Thunderclap+1","Spot Weakness+1","Madness+1","Madness+1","Shrug It Off+1"],"relics":["Burning Blood","Mango","Ornamental Fan","Whetstone","Nunchaku","SlaversCollar","Pen Nib","Regal Pillow","Lantern","Philosopher\u0027s Stone","TheAbacus","Sundial","Bottled Tornado","Letter Opener","Incense Burner"],"acts_visited":["Exordium","TheCity","TheBeyond"],"potions_floor_usage":[33,35,50,50,50,50,50],"damage_taken":[{"damage":8,"enemies":"Jaw Worm","floor":1,"turns":3},{"damage":0,"enemies":"Cultist","floor":3,"turns":3},{"damage":0,"enemies":"2 Louse","floor":4,"turns":2},{"damage":5,"enemies":"Blue Slaver","floor":5,"turns":4},{"damage":20,"enemies":"3 Sentries","floor":6,"turns":8},{"damage":2,"enemies":"Lagavulin","floor":13,"turns":5},{"damage":0,"enemies":"2 Fungi Beasts","floor":14,"turns":4},{"damage":29,"enemies":"Slime Boss","floor":16,"turns":13},{"damage":0,"enemies":"3 Byrds","floor":18,"turns":3},{"damage":5,"enemies":"Slavers","floor":23,"turns":5},{"damage":0,"enemies":"Shell Parasite","floor":29,"turns":3},{"damage":0,"enemies":"Gremlin Leader","floor":30,"turns":4},{"damage":0,"enemies":"Centurion and Healer","floor":31,"turns":5},{"damage":3,"enemies":"Automaton","floor":33,"turns":7},{"damage":2,"enemies":"3 Shapes","floor":35,"turns":3},{"damage":35,"enemies":"3 Darklings","floor":37,"turns":4},{"damage":33,"enemies":"Reptomancer","floor":40,"turns":4},{"damage":30,"enemies":"Nemesis","floor":48,"turns":5},{"damage":0,"enemies":"Donu and Deca","floor":50,"turns":5}],"seed_played":"-4735054310349275430","potions_obtained":[{"floor":4,"key":"ColorlessPotion"},{"floor":6,"key":"SteroidPotion"},{"floor":13,"key":"EntropicBrew"},{"floor":16,"key":"DistilledChaos"},{"floor":30,"key":"DuplicationPotion"},{"floor":40,"key":"SmokeBomb"},{"floor":48,"key":"DistilledChaos"}],"is_trial":false,"path_per_floor":["M","?","M","M","M","E","R","R","T","R","?","$","E","M","R","B",null,"M","?","?","?","$","E","$","R","T","?","?","M","E","M","R","B",null,"M","?","M","?","$","E","$","R","T","R","R","R","?","E","R","B",null],"character_chosen":"IRONCLAD","items_purchased":["Whetstone","Shrug It Off","Shrug It Off","TheAbacus","Sundial"],"campfire_rested":1,"item_purchase_floors":[12,22,24,39,39],"current_hp_per_floor":[78,78,80,80,80,80,80,80,80,80,80,80,84,90,90,67,94,94,94,94,94,94,94,94,94,94,75,75,81,87,93,93,96,99,99,99,70,58,58,31,31,31,31,31,31,31,31,7,94,94],"gold":82,"neow_bonus":"","is_daily":true,"chose_seed":false,"campfire_upgraded":10,"win_rate":0.0,"timestamp":1611660516,"path_taken":["M","?","M","?","M","E","R","R","T","R","?","$","E","?","R","BOSS","M","?","?","?","$","E","$","R","T","?","?","M","E","?","R","BOSS","M","?","?","?","$","E","$","R","T","R","R","R","?","E","R","BOSS"],"items_purchased_type":["Relic","Card","Card","Relic","Relic"],"build_version":"2020-12-18","purchased_purges":2,"victory":true,"max_hp_per_floor":[80,80,80,80,80,94,94,94,94,94,94,94,94,94,94,94,94,94,94,94,94,94,94,94,94,94,99,99,99,99,99,99,99,99,99,99,99,99,99,99,99,99,99,99,99,99,99,99,94,94],"card_choices":[{"not_picked":["Rupture","Cleave","Anger"],"picked":"SKIP","floor":1},{"not_picked":["Rampage","Bloodletting"],"picked":"Flame Barrier","floor":3},{"not_picked":["Havoc","Warcry","Disarm"],"picked":"SKIP","floor":4},{"not_picked":["Rupture","Heavy Blade","Seeing Red"],"picked":"SKIP","floor":5},{"not_picked":["Thunderclap","Flame Barrier","Twin Strike"],"picked":"SKIP","floor":6},{"not_picked":["Heavy Blade","Pummel","True Grit"],"picked":"SKIP","floor":13},{"not_picked":["Rupture","Perfected Strike","Clothesline"],"picked":"SKIP","floor":14},{"not_picked":["Fiend Fire","Immolate"],"picked":"Double Tap","floor":16},{"not_picked":["Flex+1","Thunderclap"],"picked":"Body Slam+1","floor":18},{"not_picked":["Headbutt+1","Wild Strike","True Grit"],"picked":"SKIP","floor":23},{"not_picked":["Sever Soul","Clash","Feel No Pain"],"picked":"SKIP","floor":29},{"not_picked":["Cleave","Fire Breathing","Dual Wield"],"picked":"SKIP","floor":30},{"not_picked":["Armaments","Seeing Red+1","Battle Trance"],"picked":"SKIP","floor":31},{"not_picked":["Demon Form","Exhume"],"picked":"Barricade","floor":33},{"not_picked":["True Grit","Perfected Strike"],"picked":"Thunderclap+1","floor":35},{"not_picked":["Anger","Inflame+1"],"picked":"Spot Weakness+1","floor":37},{"not_picked":["Bloodletting","Flex+1"],"picked":"Shrug It Off+1","floor":40},{"not_picked":["Spot Weakness+1","Iron Wave+1","Perfected Strike"],"picked":"SKIP","floor":48}],"player_experience":648302,"relics_obtained":[{"floor":6,"key":"Mango"},{"floor":9,"key":"Ornamental Fan"},{"floor":13,"key":"Nunchaku"},{"floor":23,"key":"Pen Nib"},{"floor":26,"key":"Regal Pillow"},{"floor":30,"key":"Lantern"},{"floor":40,"key":"Bottled Tornado"},{"floor":43,"key":"Letter Opener"},{"floor":48,"key":"Incense Burner"}],"event_choices":[{"damage_healed":0,"gold_gain":0,"player_choice":"Forge","damage_taken":0,"max_hp_gain":0,"max_hp_loss":0,"event_name":"Accursed Blacksmith","floor":2,"gold_loss":0,"cards_upgraded":["Body Slam"]},{"damage_healed":0,"gold_gain":0,"player_choice":"Upgraded","damage_taken":0,"max_hp_gain":0,"max_hp_loss":0,"event_name":"Upgrade Shrine","floor":11,"gold_loss":0,"cards_upgraded":["Entrench"]},{"damage_healed":0,"gold_gain":0,"cards_transformed":["Armaments","Disarm"],"player_choice":"Became Test Subject","damage_taken":0,"max_hp_gain":0,"max_hp_loss":0,"event_name":"Drug Dealer","floor":19,"gold_loss":0,"cards_obtained":["Bloodletting","Rampage"]},{"damage_healed":0,"gold_gain":0,"player_choice":"Ignored","damage_taken":0,"max_hp_gain":0,"max_hp_loss":0,"event_name":"Ghosts","floor":20,"gold_loss":0},{"cards_removed":["Bloodletting"],"damage_healed":0,"gold_gain":0,"player_choice":"Elegance","damage_taken":0,"max_hp_gain":0,"max_hp_loss":0,"event_name":"Back to Basics","floor":21,"gold_loss":0},{"damage_healed":0,"gold_gain":0,"player_choice":"Shed Blood","damage_taken":24,"max_hp_gain":5,"max_hp_loss":0,"event_name":"Forgotten Altar","floor":27,"gold_loss":0},{"damage_healed":0,"gold_gain":275,"player_choice":"Desecrate","damage_taken":0,"max_hp_gain":0,"max_hp_loss":0,"event_name":"Golden Shrine","floor":36,"gold_loss":0,"cards_obtained":["Regret"]},{"damage_healed":0,"gold_gain":0,"player_choice":"Embrace Madness","damage_taken":12,"max_hp_gain":0,"max_hp_loss":0,"event_name":"Winding Halls","floor":38,"gold_loss":0,"cards_obtained":["Madness","Madness"]},{"damage_healed":0,"gold_gain":0,"player_choice":"Memory 1","damage_taken":0,"max_hp_gain":0,"max_hp_loss":0,"event_name":"SensoryStone","floor":47,"gold_loss":0}],"is_beta":true,"boss_relics":[{"not_picked":["Fusion Hammer","Astrolabe"],"picked":"SlaversCollar"},{"not_picked":["Black Blood","SacredBark"],"picked":"Philosopher\u0027s Stone"}],"items_purged_floors":[22,39],"is_endless":false,"potions_floor_spawned":[4,6,13,14,16,23,29,30,31,40,48],"ascension_level":0}}