{"host":"h2977v3ax51ohsow","time":1611654610,"event":{"mods":["Act Like it!","BaseMod","CapriCore","Colored Powertips","Koishi","Marisa（F雨　魔理沙）","Minty Spire (QoL Compilation)","Remilia（蕾米莉亚）","StSLib","The Immortal","WarShipGirlsR/战舰少女R mod","Yakumo Yukari mod"],"gold_per_floor":[109,59,72,85,102,102,137,157,233,266,286,303,303,318,318,416,416,432,432,432,432],"floor_reached":19,"language":"ZHS","playtime":1604,"items_purged":[],"score":256,"play_id":"8e012f27-ef27-4e0d-95d2-5ec695e82730","local_time":"20210126175010","is_ascension_mode":false,"campfire_choices":[{"data":"MokouMod:Sear","floor":6,"key":"SMITH"},{"floor":13,"key":"REST"},{"data":"MokouMod:Fireball","floor":15,"key":"SMITH"}],"circlet_count":0,"master_deck":["MokouMod:Strike","MokouMod:Strike","MokouMod:Strike","MokouMod:Defend","MokouMod:Defend","MokouMod:Defend","MokouMod:HeatSpark","MokouMod:Sear+1","MokouMod:WarmUp","MokouMod:FlickeringFlame","MokouMod:SacredFire","MokouMod:RisingSunBarrier","MokouMod:FlareStarter","MokouMod:FlickeringFlame","MokouMod:RoaringFlare","MokouMod:Fireball+1","MokouMod:Extinguish","MokouMod:EternalBurstReactor+1","MokouMod:SacredFire+1","MokouMod:CrimsonFlare+1"],"relics":["MokouMod:PhoenixFeather","FossilizedHelix","Odd Mushroom","Bottled Flame","Ancient Tea Set","Astrolabe"],"acts_visited":["Exordium","TheCity"],"potions_floor_usage":[4,7,11,11,16],"damage_taken":[{"damage":3,"enemies":"Small Slimes","floor":1,"turns":5},{"damage":0,"enemies":"2 Louse","floor":3,"turns":2},{"damage":8,"enemies":"Jaw Worm","floor":4,"turns":3},{"damage":0,"enemies":"3 Louse","floor":5,"turns":4},{"damage":18,"enemies":"Lagavulin","floor":7,"turns":4},{"damage":3,"enemies":"The Mushroom Lair","floor":8,"turns":5},{"damage":0,"enemies":"Gremlin Nob","floor":10,"turns":3},{"damage":19,"enemies":"Exordium Thugs","floor":11,"turns":4},{"damage":0,"enemies":"Large Slime","floor":12,"turns":3},{"damage":5,"enemies":"Looter","floor":14,"turns":3},{"damage":0,"enemies":"Slime Boss","floor":16,"turns":7},{"damage":19,"enemies":"Spheric Guardian","floor":18,"turns":6},{"damage":0,"enemies":"3 Byrds","floor":19,"turns":2}],"seed_played":"7113336289585339049","potions_obtained":[{"floor":3,"key":"Weak Potion"},{"floor":5,"key":"SteroidPotion"},{"floor":8,"key":"PowerPotion"},{"floor":10,"key":"GamblersBrew"},{"floor":12,"key":"Weak Potion"},{"floor":14,"key":"Fire Potion"}],"is_trial":false,"path_per_floor":["M","?","M","M","M","R","E","?","T","E","M","M","R","M","R","B",null,"M","M"],"character_chosen":"MKU","items_purchased":[],"campfire_rested":1,"item_purchase_floors":[],"current_hp_per_floor":[79,79,79,71,71,71,53,50,50,50,31,31,55,50,50,50,82,63,63,63,63],"gold":432,"neow_bonus":"TEN_PERCENT_HP_BONUS","is_daily":false,"chose_seed":false,"campfire_upgraded":2,"win_rate":0.0,"timestamp":1611654610,"path_taken":["M","?","M","M","M","R","E","?","T","E","M","?","R","M","R","BOSS","M","M"],"items_purchased_type":[],"build_version":"2020-12-22","purchased_purges":0,"victory":false,"max_hp_per_floor":[82,82,82,82,82,82,82,82,82,82,82,82,82,82,82,82,82,82,82,82,82],"card_choices":[{"not_picked":["MokouMod:IndiscriminateIgnition","MokouMod:BurningDraft"],"picked":"MokouMod:Sear","floor":1},{"not_picked":["MokouMod:FujiyamaVolcano","MokouMod:SearingShot"],"picked":"MokouMod:UncontrollableSolarReaction","floor":3},{"not_picked":["MokouMod:IgneousBlow","MokouMod:FlamingFireTalons"],"picked":"MokouMod:WarmUp","floor":4},{"not_picked":["MokouMod:InfernalWave","MokouMod:Burn"],"picked":"MokouMod:FlickeringFlame","floor":5},{"not_picked":["MokouMod:HeatCyclone","MokouMod:Firecracker"],"picked":"MokouMod:SacredFire","floor":7},{"not_picked":["MokouMod:UncontrollableSolarReaction","MokouMod:Meltdown"],"picked":"MokouMod:RisingSunBarrier","floor":8},{"not_picked":["MokouMod:PhoenixFeathers","MokouMod:BurningDraft"],"picked":"MokouMod:FlareStarter","floor":10},{"not_picked":["MokouMod:UncontrollableSolarReaction","MokouMod:Sear"],"picked":"MokouMod:FlickeringFlame","floor":11},{"not_picked":["MokouMod:BlazingComet","MokouMod:UncontrollableSolarReaction"],"picked":"MokouMod:RoaringFlare","floor":12},{"not_picked":["MokouMod:HeatFactory","MokouMod:BurningHiddenBullet"],"picked":"MokouMod:Fireball","floor":14},{"not_picked":["MokouMod:HouraiForge","MokouMod:Rebirth"],"picked":"MokouMod:Extinguish","floor":16},{"not_picked":["MokouMod:SearingShot","MokouMod:AdaptivePyromancy+1","MokouMod:Firecracker"],"picked":"SKIP","floor":18}],"player_experience":72486,"relics_obtained":[{"floor":7,"key":"FossilizedHelix"},{"floor":8,"key":"Odd Mushroom"},{"floor":9,"key":"Bottled Flame"},{"floor":10,"key":"Ancient Tea Set"}],"event_choices":[{"cards_removed":["MokouMod:Strike"],"damage_healed":0,"gold_gain":0,"player_choice":"Card Removal","damage_taken":0,"max_hp_gain":0,"max_hp_loss":0,"event_name":"The Cleric","floor":2,"gold_loss":50},{"damage_healed":0,"gold_gain":0,"player_choice":"Fought Mushrooms","damage_taken":0,"max_hp_gain":0,"max_hp_loss":0,"event_name":"Mushrooms","floor":8,"gold_loss":0}],"is_beta":false,"boss_relics":[{"not_picked":["Empty Cage","Runic Pyramid"],"picked":"Astrolabe"}],"items_purged_floors":[],"is_endless":false,"potions_floor_spawned":[3,5,8,10,12,14],"killed_by":"3 Byrds","ascension_level":0}}