{"host":"djhsegwhyaqdvgr8","time":1611638758,"event":{"mods":["BaseMod","Minty Spire (QoL Compilation)","Replay The Spire","StSLib","The Cursed"],"gold_per_floor":[117,137,137,150,77,102,118,118,118,118,138,171,182,182,182],"floor_reached":14,"language":"ENG","playtime":1125,"items_purged":[],"score":122,"play_id":"5ec1fa53-cb74-4843-ab53-35d06b0c763c","local_time":"20210126002558","is_ascension_mode":true,"campfire_choices":[{"floor":8,"key":"RECALL"},{"data":"ReplayTheSpireMod:Muscle Training","floor":10,"key":"SMITH"}],"circlet_count":0,"master_deck":["Strike_R","Strike_R","Strike_R","Strike_R","Defend_R","Defend_R","Defend_R","Defend_R","Bash","Iron Wave","Double Tap","ReplayTheSpireMod:Muscle Training+1","Disarm","Bloodletting","Shrug It Off","Iron Wave","Sword Boomerang"],"relics":["Burning Blood","Bag of Preparation","Girya"],"acts_visited":["Exordium"],"potions_floor_usage":[14],"damage_taken":[{"damage":13,"enemies":"Jaw Worm","floor":1,"turns":5},{"damage":1,"enemies":"Cultist","floor":2,"turns":3},{"damage":3,"enemies":"2 Louse","floor":4,"turns":4},{"damage":42,"enemies":"3 Sentries","floor":6,"turns":10},{"damage":10,"enemies":"Red Slaver","floor":7,"turns":5},{"damage":5,"enemies":"2 Fungi Beasts","floor":11,"turns":5},{"damage":29,"enemies":"Lagavulin","floor":12,"turns":10},{"damage":6,"enemies":"Lots of Slimes","floor":13,"turns":6},{"damage":26,"enemies":"3 Sentries","floor":14,"turns":5}],"seed_played":"5508802860330886690","potions_obtained":[{"floor":1,"key":"Death Potion"},{"floor":2,"key":"Adrenaline Potion"},{"floor":6,"key":"Languid Potion"}],"is_trial":false,"path_per_floor":["M","M","?","M","$","E","M","R","T","R","M","E","M","E"],"character_chosen":"IRONCLAD","items_purchased":["Disarm"],"campfire_rested":0,"item_purchase_floors":[5],"current_hp_per_floor":[81,86,86,88,88,52,48,48,48,48,49,26,26,0,0],"gold":182,"neow_bonus":"TEN_PERCENT_HP_BONUS","is_daily":false,"chose_seed":false,"campfire_upgraded":1,"win_rate":0.0,"timestamp":1611638758,"path_taken":["M","M","?","?","$","E","M","R","T","R","M","E","M","E"],"items_purchased_type":["Card"],"build_version":"2020-12-22","purchased_purges":0,"victory":false,"max_hp_per_floor":[88,88,88,88,88,88,88,88,88,88,88,88,88,88,88],"card_choices":[{"not_picked":["Blood for Blood","Clash","Dual Wield"],"picked":"SKIP","floor":1},{"not_picked":["Headbutt","Clothesline"],"picked":"Iron Wave","floor":2},{"not_picked":["Headbutt","Clothesline"],"picked":"ReplayTheSpireMod:Muscle Training","floor":4},{"not_picked":["Thunderclap","Anger"],"picked":"Bloodletting","floor":6},{"not_picked":["Armaments","Feel No Pain"],"picked":"Shrug It Off","floor":7},{"not_picked":["Replay:Undeath\u0027s Touch","Thunderclap","Armaments"],"picked":"SKIP","floor":11},{"not_picked":["Offering","Entrench"],"picked":"Iron Wave","floor":12},{"not_picked":["Bloodletting","Headbutt"],"picked":"Sword Boomerang","floor":13}],"player_experience":348323,"relics_obtained":[{"floor":6,"key":"Bag of Preparation"},{"floor":12,"key":"Girya"}],"event_choices":[{"damage_healed":0,"gold_gain":0,"cards_transformed":["Strike_R"],"player_choice":"Transformed","damage_taken":0,"max_hp_gain":0,"max_hp_loss":0,"event_name":"Transmorgrifier","floor":3,"gold_loss":0,"cards_obtained":["Double Tap"]}],"is_beta":false,"boss_relics":[],"items_purged_floors":[],"is_endless":false,"potions_floor_spawned":[1,2,6,12],"killed_by":"3 Sentries","ascension_level":4}}