{"host":"mlerl2sxhcwd6xvy","time":1611703480,"event":{"mods":["BaseMod","Downfall","Minty Spire (QoL Compilation)","StSLib"],"gold_per_floor":[113,131,51,51,51,77,97,130,130,130,148,173,173,203,203,302,302,313,413,338,73,88,88,123,123,147,147,165,178,3,3,3,106,106,119,136,146,162,176,176,176,176,176,190,190,190,190],"floor_reached":45,"language":"ENG","playtime":3023,"items_purged":["bronze:Strike","Normality"],"score":512,"play_id":"8818efe6-ed43-4350-ae8a-04222e5afc9f","local_time":"20210126182440","is_ascension_mode":true,"campfire_choices":[{"data":"bronze:Philosophize","floor":10,"key":"SMITH"},{"floor":13,"key":"REST"},{"floor":15,"key":"REST"},{"data":"bronze:TinkerersToolbox","floor":23,"key":"SMITH"},{"floor":27,"key":"REST"},{"data":"bronze:NullPointer","floor":32,"key":"SMITH"},{"floor":40,"key":"REST"},{"data":"bronze:Separator","floor":42,"key":"SMITH"}],"circlet_count":0,"master_deck":["bronze:Strike","bronze:Strike","bronze:Strike","bronze:Defend","bronze:Defend","bronze:Defend","bronze:Defend","bronze:Replicate","bronze:Goto","bronze:Iterate","bronze:ClassDefault","bronze:Philosophize+1","bronze:FineTuning","bronze:Shield","bronze:Separator+1","bronze:FollowUp","bronze:Flail","bronze:SpaghettiCode","bronze:TinkerersToolbox+1","CurseOfTheBell","bronze:Turbo","bronze:Verify+1","bronze:FineTuning","bronze:NullPointer+1","bronze:AlphaBuild","Parasite","bronze:Terminator"],"relics":["bronze:BronzeCore","NeowsBlessing","Pantograph","Gremlin Horn","Frozen Egg 2","Question Card","TungstenRod","Calling Bell","Centennial Puzzle","Girya","bronze:DecasWashers","downfall:ExtraCursedKey","Omamori","sneckomod:BabySnecko","Art of War","champ:DeflectingBracers","Busted Crown"],"acts_visited":["Exordium","TheCity","TheBeyond"],"potions_floor_usage":[8,8,11,14,24,24,37,45],"damage_taken":[{"damage":0,"enemies":"Small Slimes","floor":1,"turns":1},{"damage":0,"enemies":"Jaw Worm","floor":2,"turns":1},{"damage":0,"enemies":"Gremlin Nob","floor":6,"turns":1},{"damage":1,"enemies":"2 Louse","floor":7,"turns":3},{"damage":15,"enemies":"Lagavulin","floor":8,"turns":6},{"damage":0,"enemies":"Gremlin Gang","floor":11,"turns":4},{"damage":33,"enemies":"Gremlin Nob","floor":12,"turns":4},{"damage":20,"enemies":"Lagavulin","floor":14,"turns":6},{"damage":60,"enemies":"Hexaghost","floor":16,"turns":12},{"damage":13,"enemies":"3 Byrds","floor":18,"turns":4},{"damage":9,"enemies":"2 Thieves","floor":22,"turns":3},{"damage":14,"enemies":"Book of Stabbing","floor":24,"turns":4},{"damage":9,"enemies":"Sentry and Sphere","floor":28,"turns":3},{"damage":3,"enemies":"3 Cultists","floor":29,"turns":4},{"damage":8,"enemies":"Collector","floor":33,"turns":7},{"damage":0,"enemies":"Orb Walker","floor":35,"turns":2},{"damage":8,"enemies":"3 Darklings","floor":36,"turns":5},{"damage":13,"enemies":"Writhing Mass","floor":37,"turns":5},{"damage":0,"enemies":"Jaw Worm Horde","floor":38,"turns":2},{"damage":3,"enemies":"3 Darklings","floor":39,"turns":2},{"damage":0,"enemies":"Spire Growth","floor":44,"turns":3},{"damage":67,"enemies":"Nemesis","floor":45,"turns":10}],"seed_played":"-5264080710554101688","potions_obtained":[{"floor":2,"key":"FearPotion"},{"floor":7,"key":"bronze:CleanCodePotion"},{"floor":8,"key":"LiquidMemories"},{"floor":12,"key":"PowerPotion"},{"floor":16,"key":"CultistPotion"},{"floor":18,"key":"GamblersBrew"},{"floor":24,"key":"bronze:CleanCodePotion"},{"floor":29,"key":"Guardian:BlockOnCardUsePotion"},{"floor":33,"key":"FearPotion"},{"floor":37,"key":"hexamod:SoulburnPotion"}],"is_trial":false,"path_per_floor":["M","M","$","?","$","E","M","E","T","R","M","E","R","E","R","B",null,"M","?","?","$","M","R","E","?","T","R","M","M","$","?","R","B",null,"M","M","M","M","M","R","?","R","T","M","E"],"character_chosen":"THE_AUTOMATON","items_purchased":["bronze:Philosophize","bronze:Verify+1","Energy Potion","bronze:NullPointer"],"campfire_rested":4,"item_purchase_floors":[3,21,21,30],"current_hp_per_floor":[70,70,70,70,70,70,69,54,54,54,54,21,42,22,43,8,70,57,57,57,57,48,48,34,34,34,55,46,43,43,43,43,60,70,70,62,49,49,46,67,66,66,66,66,0,0,0],"gold":190,"neow_bonus":"THREE_ENEMY_KILL","is_daily":false,"chose_seed":false,"campfire_upgraded":4,"win_rate":0.0,"timestamp":1611703480,"path_taken":["M","M","$","?","$","E","M","E","T","R","M","E","R","E","R","BOSS","M","?","?","$","M","R","E","?","T","R","M","M","$","?","R","BOSS","M","?","?","M","?","R","?","R","T","M","E"],"items_purchased_type":["Card","Card","Potion","Card"],"build_version":"2020-12-22","purchased_purges":2,"victory":false,"max_hp_per_floor":[70,70,70,70,70,70,70,70,70,70,70,70,70,70,70,70,70,70,70,70,70,70,70,70,70,70,70,70,70,70,70,70,70,70,70,70,70,70,70,70,66,66,66,66,66,66,66],"card_choices":[{"not_picked":["bronze:Overheat","bronze:ForLoop"],"picked":"bronze:Iterate","floor":1},{"not_picked":["bronze:FineTuning","bronze:Backtrace"],"picked":"bronze:ClassDefault","floor":2},{"not_picked":["bronze:BitShift","bronze:Shell"],"picked":"bronze:FineTuning","floor":6},{"not_picked":["bronze:Library","bronze:BronzeOrb"],"picked":"bronze:Shield","floor":7},{"not_picked":["bronze:Turbo","bronze:Frontload"],"picked":"bronze:Separator","floor":8},{"not_picked":["bronze:Boost","bronze:BitShift"],"picked":"bronze:FollowUp","floor":11},{"not_picked":["bronze:Repulsor+1","bronze:Separator"],"picked":"bronze:Flail","floor":12},{"not_picked":["bronze:Deprecate","bronze:Shield","bronze:Repair"],"picked":"bronze:SpaghettiCode","floor":14},{"not_picked":["bronze:Format","bronze:RecursiveStrike","bronze:FindAndReplace"],"picked":"bronze:TinkerersToolbox","floor":16},{"not_picked":["bronze:Refactor","bronze:BuggyMess","bronze:Deprecate+1"],"picked":"bronze:Turbo","floor":18},{"not_picked":["bronze:DigitalCarnage","bronze:BitShift+1","bronze:ChosenStrike","bronze:Safeguard"],"picked":"SKIP","floor":22},{"not_picked":["bronze:DelayedGuard","bronze:Flail","bronze:BitShift+1","bronze:Frontload+1"],"picked":"SKIP","floor":24},{"not_picked":["bronze:BuggyMess","bronze:Shell","bronze:Return","bronze:ChosenStrike"],"picked":"SKIP","floor":28},{"not_picked":["bronze:Frontload","bronze:CutThrough","bronze:ChildClass"],"picked":"bronze:FineTuning","floor":29},{"not_picked":["bronze:SpaghettiCode","bronze:ShipIt","bronze:HyperBeam"],"picked":"bronze:AlphaBuild","floor":33},{"not_picked":["bronze:Turbo","bronze:Constructor"],"picked":"SKIP","floor":35},{"not_picked":["bronze:Separator+1","bronze:Refactor"],"picked":"SKIP","floor":36},{"not_picked":["bronze:DelayedSlice+1","bronze:Deprecate"],"picked":"SKIP","floor":37},{"not_picked":["bronze:Philosophize+1"],"picked":"bronze:Terminator","floor":38},{"not_picked":["bronze:Terminator","bronze:BronzeOrb"],"picked":"SKIP","floor":39},{"not_picked":["bronze:Overload+1","bronze:Turbo"],"picked":"SKIP","floor":44}],"player_experience":221042,"relics_obtained":[{"floor":6,"key":"Pantograph"},{"floor":8,"key":"Gremlin Horn"},{"floor":9,"key":"Frozen Egg 2"},{"floor":12,"key":"Question Card"},{"floor":14,"key":"TungstenRod"},{"floor":17,"key":"Centennial Puzzle"},{"floor":17,"key":"Girya"},{"floor":17,"key":"bronze:DecasWashers"},{"floor":24,"key":"Omamori"},{"floor":26,"key":"Art of War"}],"event_choices":[{"damage_healed":0,"gold_gain":0,"player_choice":"Leave","damage_taken":0,"max_hp_gain":0,"max_hp_loss":0,"event_name":"The Cleric","floor":4,"gold_loss":0},{"cards_removed":["downfall:Malfunctioning"],"damage_healed":0,"gold_gain":0,"player_choice":"Gave Gold","damage_taken":0,"max_hp_gain":0,"max_hp_loss":0,"event_name":"Beggar","floor":20,"gold_loss":75},{"damage_healed":0,"gold_gain":0,"player_choice":"Gave Potion","damage_taken":0,"relics_obtained":["champ:DeflectingBracers"],"max_hp_gain":0,"max_hp_loss":0,"event_name":"WeMeetAgain","floor":31,"gold_loss":0},{"damage_healed":0,"gold_gain":0,"player_choice":"Max HP","damage_taken":0,"max_hp_gain":0,"max_hp_loss":4,"event_name":"Winding Halls","floor":41,"gold_loss":0}],"is_beta":false,"boss_relics":[{"not_picked":["Sozu","Runic Dome"],"picked":"Calling Bell"},{"not_picked":["Philosopher\u0027s Stone","Tiny House"],"picked":"Busted Crown"}],"items_purged_floors":[21,30],"is_endless":false,"potions_floor_spawned":[2,7,8,12,16,18,24,29,33,37,39,44],"killed_by":"Nemesis","ascension_level":1}}