{"host":"xmr2g8b7eju0288o","time":1611646270,"event":{"mods":["AchievementEnabler","BaseMod","Colored Map","Colored Powertips","Minty Spire (QoL Compilation)","Quick Restart","StSLib","SuperFastMode"],"gold_per_floor":[112,124,124,274,199,224,224,224,224],"floor_reached":8,"language":"KOR","playtime":152,"items_purged":["Doubt"],"score":208,"play_id":"39ad54df-2131-4bf0-8ca0-c2a3aea14b11","local_time":"20210126163110","daily_mods":["Heirloom","DeadlyEvents","Elite Swarm"],"is_ascension_mode":true,"campfire_choices":[{"data":"Heavy Blade","floor":7.0,"key":"SMITH"}],"circlet_count":0,"master_deck":["AscendersBane","Strike_R","Strike_R","Strike_R","Strike_R","Strike_R","Defend_R+1","Defend_R","Defend_R+1","Defend_R","Bash","Heavy Blade+1"],"relics":["Burning Blood","Torii","Toy Ornithopter"],"acts_visited":["Exordium"],"potions_floor_usage":[8],"damage_taken":[{"damage":10.0,"enemies":"Small Slimes","floor":1.0,"turns":3.0},{"damage":1.0,"enemies":"2 Louse","floor":2.0,"turns":3.0},{"damage":34.0,"enemies":"3 Sentries","floor":6.0,"turns":10.0},{"damage":36,"enemies":"Gremlin Nob","floor":8,"turns":4}],"seed_played":"-303428519993511810","potions_obtained":[{"floor":2.0,"key":"Strength Potion"},{"floor":6.0,"key":"ColorlessPotion"}],"is_trial":true,"path_per_floor":["M","M","?","?","$","E","R","E"],"character_chosen":"IRONCLAD","items_purchased":[],"campfire_rested":0,"item_purchase_floors":[],"current_hp_per_floor":[64,69,46,46,46,18,18,0,0],"gold":224,"neow_bonus":"","is_daily":false,"chose_seed":false,"campfire_upgraded":1,"win_rate":0.0,"timestamp":1611646270,"path_taken":["M","M","?","?","$","E","R","E"],"items_purchased_type":[],"build_version":"2020-12-22","purchased_purges":1,"victory":false,"max_hp_per_floor":[75,75,75,75,75,75,75,75,75],"card_choices":[{"not_picked":["Armaments","True Grit"],"picked":"Heavy Blade","floor":1.0},{"not_picked":["Dropkick","Havoc","Anger"],"picked":"SKIP","floor":2.0},{"not_picked":["Offering","Immolate","Brutality"],"picked":"SKIP","floor":6.0}],"player_experience":74684,"relics_obtained":[{"floor":6.0,"key":"Toy Ornithopter"}],"event_choices":[{"damage_healed":0.0,"max_hp_gain":0.0,"max_hp_loss":0.0,"gold_gain":0.0,"event_name":"Shining Light","player_choice":"Entered Light","floor":3.0,"gold_loss":0.0,"damage_taken":23.0,"cards_upgraded":["Defend_R","Defend_R"]},{"damage_healed":0.0,"max_hp_gain":0.0,"max_hp_loss":0.0,"gold_gain":150.0,"event_name":"Liars Game","player_choice":"AGREE","floor":4.0,"gold_loss":0.0,"damage_taken":0.0,"cards_obtained":["Doubt"]}],"is_beta":false,"boss_relics":[],"items_purged_floors":[5],"is_endless":true,"potions_floor_spawned":[2,6],"killed_by":"Gremlin Nob","ascension_level":20}}