{"host":"8is2j71l4wmybkoi","time":1611669440,"event":{"mods":["AchievementEnabler","BaseMod","Colored Map","Minty Spire (QoL Compilation)","Rare Cards Sparkle","StSLib","SuperFastMode"],"gold_per_floor":[109,109,119,146,106,106,138,156,156,174,174,205,223,24,24,102,102,119,138,61,75,0,26,46,66,143,178,188,188,36,36,36,110,110,122,122,122,132,151,180,180,180,228,262,262,296,310,310,310,310,310,310,1,29,29,29],"floor_reached":55,"language":"KOR","playtime":1697,"items_purged":["Strike_R","Defend_R"],"score":1478,"play_id":"6c139407-e696-4311-b20f-452b5e5b974f","local_time":"20210126225720","is_ascension_mode":true,"campfire_choices":[{"data":"Perfected Strike","floor":6.0,"key":"SMITH"},{"data":"Immolate","floor":15.0,"key":"SMITH"},{"data":"Flame Barrier","floor":29.0,"key":"SMITH"},{"data":"Shockwave","floor":32.0,"key":"SMITH"},{"data":"Double Tap","floor":41.0,"key":"SMITH"},{"floor":45.0,"key":"RECALL"},{"floor":49.0,"key":"REST"},{"data":"Perfected Strike","floor":52.0,"key":"SMITH"}],"circlet_count":0,"master_deck":["AscendersBane","Strike_R","Strike_R","Strike_R","Strike_R","Defend_R","Bash","Perfected Strike+1","Spot Weakness","Twin Strike","Disarm","Pommel Strike","Immolate+1","Shrug It Off","Perfected Strike+1","Double Tap+1","Twin Strike","Perfected Strike+1","Inflame","Uppercut","Shrug It Off","Shockwave+1","Body Slam+1","Flame Barrier+1","Impervious","The Bomb","Magnetism","Power Through","Clothesline+1","Perfected Strike","Second Wind","Sword Boomerang","Uppercut+1"],"relics":["Burning Blood","NeowsBlessing","MealTicket","Ornamental Fan","Blood Vial","Bag of Marbles","SlaversCollar","Pen Nib","HornCleat","Lee\u0027s Waffle","Snecko Eye","Boot","Red Skull","Kunai","Juzu Bracelet","Bottled Tornado"],"acts_visited":["Exordium","TheCity","TheBeyond","TheEnding"],"potions_floor_usage":[55],"damage_taken":[{"damage":0.0,"enemies":"Cultist","floor":1.0,"turns":1.0},{"damage":0.0,"enemies":"Jaw Worm","floor":3.0,"turns":1.0},{"damage":0.0,"enemies":"Lagavulin","floor":7.0,"turns":1.0},{"damage":1.0,"enemies":"2 Louse","floor":8.0,"turns":3.0},{"damage":25.0,"enemies":"Exordium Thugs","floor":10.0,"turns":5.0},{"damage":25.0,"enemies":"3 Sentries","floor":12.0,"turns":6.0},{"damage":4.0,"enemies":"2 Fungi Beasts","floor":13.0,"turns":2.0},{"damage":44.0,"enemies":"The Guardian","floor":16.0,"turns":9.0},{"damage":22.0,"enemies":"3 Byrds","floor":18.0,"turns":3.0},{"damage":11.0,"enemies":"Spheric Guardian","floor":19.0,"turns":3.0},{"damage":0.0,"enemies":"Snake Plant","floor":21.0,"turns":2.0},{"damage":10.0,"enemies":"Gremlin Leader","floor":23.0,"turns":3.0},{"damage":31.0,"enemies":"Centurion and Healer","floor":24.0,"turns":4.0},{"damage":21.0,"enemies":"3 Cultists","floor":25.0,"turns":4.0},{"damage":15.0,"enemies":"Book of Stabbing","floor":27.0,"turns":4.0},{"damage":24.0,"enemies":"Snake Plant","floor":28.0,"turns":3.0},{"damage":59.0,"enemies":"Champ","floor":33.0,"turns":9.0},{"damage":0.0,"enemies":"Orb Walker","floor":35.0,"turns":3.0},{"damage":11.0,"enemies":"3 Shapes","floor":38.0,"turns":6.0},{"damage":0.0,"enemies":"Jaw Worm Horde","floor":39.0,"turns":2.0},{"damage":0.0,"enemies":"Nemesis","floor":40.0,"turns":3.0},{"damage":30.0,"enemies":"Reptomancer","floor":44.0,"turns":4.0},{"damage":32.0,"enemies":"Nemesis","floor":46.0,"turns":4.0},{"damage":0.0,"enemies":"Writhing Mass","floor":47.0,"turns":3.0},{"damage":37.0,"enemies":"Awakened One","floor":50.0,"turns":7.0},{"damage":76.0,"enemies":"Shield and Spear","floor":54.0,"turns":7.0},{"damage":80,"enemies":"The Heart","floor":55,"turns":6}],"seed_played":"5564041467816657972","potions_obtained":[{"floor":5.0,"key":"CultistPotion"},{"floor":5.0,"key":"FairyPotion"},{"floor":19.0,"key":"BloodPotion"},{"floor":24.0,"key":"Block Potion"},{"floor":38.0,"key":"FairyPotion"},{"floor":46.0,"key":"DistilledChaos"}],"is_trial":false,"path_per_floor":["M","?","M","T","?","R","E","M","T","M","?","E","M","$","R","B",null,"M","M","$","M","?","E","M","M","T","E","M","R","$","?","R","B",null,"M","$","?","M","M","E","R","?","T","E","R","E","M","$","R","B",null,"R","$","E","B"],"character_chosen":"IRONCLAD","items_purchased":["Perfected Strike","Double Tap","Inflame","Lee\u0027s Waffle","Perfected Strike","Dexterity Potion","Second Wind","Sword Boomerang"],"campfire_rested":1,"item_purchase_floors":[14,14,20,30,53,53,53,53],"current_hp_per_floor":[74,74,75,75,75,75,75,75,75,56,56,39,43,58,58,22,62,48,45,60,68,68,75,65,52,52,45,29,29,82,92,92,39,79,87,92,82,79,87,92,92,92,92,68,68,44,52,67,92,61,84,84,92,22,0,0],"gold":29,"neow_bonus":"THREE_ENEMY_KILL","is_daily":false,"chose_seed":false,"campfire_upgraded":6,"win_rate":0.0,"timestamp":1611669440,"path_taken":["M","?","M","?","?","R","E","M","T","?","?","E","M","?","R","BOSS","M","M","$","M","?","E","M","M","T","E","M","R","$","?","R","BOSS","M","?","?","M","M","E","R","?","T","E","R","E","M","$","R","BOSS","R","$","E","BOSS"],"items_purchased_type":["Card","Card","Card","Relic","Card","Potion","Card","Card"],"build_version":"2020-12-22","purchased_purges":2,"victory":false,"max_hp_per_floor":[75,75,75,75,75,75,75,75,75,75,75,75,75,75,75,75,75,75,75,75,75,75,75,75,75,75,75,75,75,82,92,92,92,92,92,92,92,92,92,92,92,92,92,92,92,92,92,92,92,92,92,92,92,92,92,92],"card_choices":[{"not_picked":["Heavy Blade","Feel No Pain"],"picked":"Perfected Strike","floor":1.0},{"not_picked":["Evolve","Intimidate"],"picked":"Twin Strike","floor":3.0},{"not_picked":["Flex","Iron Wave"],"picked":"Disarm","floor":7.0},{"not_picked":["Warcry","Sword Boomerang","Havoc"],"picked":"SKIP","floor":8.0},{"not_picked":["Warcry","Sword Boomerang","Havoc"],"picked":"SKIP","floor":8.0},{"not_picked":["Clothesline","Corruption"],"picked":"Pommel Strike","floor":10.0},{"not_picked":["Armaments","Metallicize"],"picked":"Immolate","floor":12.0},{"not_picked":["Sever Soul","Pummel"],"picked":"Shrug It Off","floor":13.0},{"not_picked":["Immolate","Juggernaut"],"picked":"Reaper","floor":16.0},{"not_picked":["Clash","Clothesline"],"picked":"Twin Strike","floor":18.0},{"not_picked":["Combust","Pummel+1"],"picked":"Perfected Strike+1","floor":19.0},{"not_picked":["True Grit","Intimidate"],"picked":"Uppercut","floor":21.0},{"not_picked":["Blood for Blood","Feel No Pain"],"picked":"Shrug It Off","floor":23.0},{"not_picked":["Armaments","Iron Wave"],"picked":"Shockwave","floor":24.0},{"not_picked":["Iron Wave","Disarm"],"picked":"Body Slam+1","floor":25.0},{"not_picked":["Burning Pact","Ghostly Armor"],"picked":"Flame Barrier","floor":27.0},{"not_picked":["Ghostly Armor","Spot Weakness","Fiend Fire"],"picked":"SKIP","floor":28.0},{"not_picked":["Fiend Fire","Brutality"],"picked":"Impervious","floor":33.0},{"not_picked":["Flex+1","Clash","Anger"],"picked":"SKIP","floor":35.0},{"not_picked":["Panacea","Discovery"],"picked":"The Bomb","floor":37.0},{"not_picked":["Good Instincts","Deep Breath"],"picked":"Magnetism","floor":37.0},{"not_picked":["Intimidate","Armaments+1"],"picked":"Power Through","floor":38.0},{"not_picked":["Bloodletting","Iron Wave","Body Slam"],"picked":"SKIP","floor":39.0},{"not_picked":["Bloodletting","Iron Wave","Body Slam"],"picked":"SKIP","floor":39.0},{"not_picked":["Bloodletting","Iron Wave","Body Slam"],"picked":"SKIP","floor":39.0},{"not_picked":["Inflame","Heavy Blade","Sword Boomerang"],"picked":"SKIP","floor":40.0},{"not_picked":["Twin Strike","Rupture+1","Spot Weakness"],"picked":"SKIP","floor":44.0},{"not_picked":["Infernal Blade+1","Clash","Disarm"],"picked":"SKIP","floor":46.0},{"not_picked":["Feel No Pain","Havoc"],"picked":"Clothesline+1","floor":47.0},{"not_picked":["Anger","Heavy Blade"],"picked":"Uppercut+1","floor":54.0}],"player_experience":824233,"relics_obtained":[{"floor":4.0,"key":"MealTicket"},{"floor":7.0,"key":"Ornamental Fan"},{"floor":9.0,"key":"Blood Vial"},{"floor":12.0,"key":"Bag of Marbles"},{"floor":23.0,"key":"Pen Nib"},{"floor":27.0,"key":"HornCleat"},{"floor":40.0,"key":"Boot"},{"floor":43.0,"key":"Red Skull"},{"floor":44.0,"key":"Kunai"},{"floor":46.0,"key":"Juzu Bracelet"},{"floor":54.0,"key":"Bottled Tornado"}],"event_choices":[{"damage_healed":0.0,"max_hp_gain":0.0,"max_hp_loss":0.0,"gold_gain":0.0,"cards_transformed":["Defend_R"],"event_name":"Living Wall","player_choice":"Change","floor":2.0,"gold_loss":0.0,"damage_taken":0.0,"cards_obtained":["Spot Weakness"]},{"damage_healed":0.0,"max_hp_gain":0.0,"max_hp_loss":0.0,"gold_gain":0.0,"event_name":"The Woman in Blue","player_choice":"Bought 3 Potions","floor":5.0,"gold_loss":0.0,"damage_taken":0.0},{"damage_healed":0.0,"max_hp_gain":0.0,"max_hp_loss":0.0,"gold_gain":0.0,"event_name":"Liars Game","player_choice":"Ignored","floor":11.0,"gold_loss":0.0,"damage_taken":0.0},{"cards_removed":["Defend_R"],"damage_healed":0.0,"max_hp_gain":0.0,"max_hp_loss":0.0,"gold_gain":0.0,"event_name":"Beggar","player_choice":"Gave Gold","floor":22.0,"gold_loss":75.0,"damage_taken":0.0},{"cards_removed":["Reaper"],"damage_healed":0.0,"max_hp_gain":10.0,"max_hp_loss":0.0,"gold_gain":0.0,"event_name":"Bonfire Elementals","player_choice":"Offered Rare","floor":31.0,"gold_loss":0.0,"damage_taken":0.0},{"damage_healed":0.0,"max_hp_gain":0.0,"max_hp_loss":0.0,"gold_gain":0.0,"event_name":"SensoryStone","player_choice":"Memory 3","floor":37.0,"gold_loss":0.0,"damage_taken":10.0},{"damage_healed":0.0,"max_hp_gain":0.0,"max_hp_loss":0.0,"gold_gain":0.0,"event_name":"Tomb of Lord Red Mask","player_choice":"Ignored","floor":42.0,"gold_loss":0.0,"damage_taken":0.0}],"is_beta":false,"boss_relics":[{"not_picked":["Black Star","Ectoplasm"],"picked":"SlaversCollar"},{"not_picked":["Philosopher\u0027s Stone","SacredBark"],"picked":"Snecko Eye"}],"items_purged_floors":[14,53],"is_endless":false,"potions_floor_spawned":[8,10,19,23,24,38,44,46,54],"killed_by":"The Heart","ascension_level":15}}