{"host":"kywtqy4o43fs5yna","time":1611649106,"event":{"mods":["AchievementEnabler","Act Like it!","BaseMod","Better Note","BetterRewards","Colored Map","Minty Spire (QoL Compilation)","Quick Restart","Rare Cards Sparkle","StSLib","SuperFastMode"],"gold_per_floor":[116,39,39,50,68,68,94,94,94,156,175,175,191,230,230,350,350,363,132,132,152,172,208,208,244,270,270,289,357,391,416,416,545,545,559,584,503,523,523,561,894,441,441,473,473,473,473,491,491,491],"floor_reached":51,"language":"RUS","playtime":1952,"items_purged":["Injury","Defend_G"],"score":1129,"play_id":"b8b784eb-6497-4908-a7f0-2d88891d308d","local_time":"20210126181826","is_ascension_mode":true,"campfire_choices":[{"data":"Choke","floor":6,"key":"SMITH"},{"data":"Accuracy","floor":8,"key":"SMITH"},{"data":"Accuracy","floor":15,"key":"SMITH"},{"data":"Phantasmal Killer","floor":24,"key":"SMITH"},{"data":"Blade Dance","floor":27,"key":"SMITH"},{"data":"Blade Dance","floor":32,"key":"SMITH"},{"data":"Terror","floor":46,"key":"SMITH"},{"data":"Blade Dance","floor":49,"key":"SMITH"}],"circlet_count":0,"master_deck":["Strike_G","Strike_G","Strike_G","Strike_G","Defend_G","Defend_G","Defend_G","Defend_G","Survivor","Neutralize","Accuracy+1","Choke+1","Blade Dance","Finisher","Blade Dance+1","Blade Dance","Accuracy+1","Masterful Stab","Flying Knee","PiercingWail","Backflip","Acrobatics","Die Die Die","Phantasmal Killer+1","Finisher+1","Blade Dance+1","Blade Dance+1","Dagger Throw+1","Blade Dance+1","Masterful Stab+1","Grand Finale","CurseOfTheBell","Finisher+1","Infinite Blades","Blade Dance","Accuracy","Terror+1","Impatience","Violence"],"relics":["Ring of the Snake","Bottled Tornado","Mercury Hourglass","Kunai","Strawberry","Oddly Smooth Stone","Philosopher\u0027s Stone","TwistedFunnel","MutagenicStrength","Art of War","Centennial Puzzle","Bag of Marbles","Bottled Lightning","Snake Skull","Calling Bell","Tiny Chest","InkBottle","Ginger","Potion Belt","Ornamental Fan","Incense Burner","FossilizedHelix","Frozen Egg 2"],"acts_visited":["Exordium","TheCity","TheBeyond"],"potions_floor_usage":[7,7,16,21,44],"damage_taken":[{"damage":0,"enemies":"Cultist","floor":1,"turns":3},{"damage":4,"enemies":"Small Slimes","floor":4,"turns":2},{"damage":0,"enemies":"2 Louse","floor":5,"turns":1},{"damage":0,"enemies":"Gremlin Nob","floor":7,"turns":2},{"damage":6,"enemies":"3 Sentries","floor":10,"turns":4},{"damage":0,"enemies":"Looter","floor":11,"turns":1},{"damage":7,"enemies":"Exordium Thugs","floor":13,"turns":2},{"damage":8,"enemies":"3 Sentries","floor":14,"turns":3},{"damage":0,"enemies":"Hexaghost","floor":16,"turns":5},{"damage":0,"enemies":"2 Thieves","floor":18,"turns":1},{"damage":0,"enemies":"3 Byrds","floor":21,"turns":3},{"damage":0,"enemies":"Shelled Parasite and Fungi","floor":22,"turns":1},{"damage":9,"enemies":"Book of Stabbing","floor":23,"turns":3},{"damage":0,"enemies":"Gremlin Leader","floor":25,"turns":3},{"damage":0,"enemies":"Sentry and Sphere","floor":28,"turns":2},{"damage":8,"enemies":"Slavers","floor":30,"turns":2},{"damage":0,"enemies":"Centurion and Healer","floor":31,"turns":1},{"damage":6,"enemies":"Collector","floor":33,"turns":3},{"damage":0,"enemies":"3 Darklings","floor":35,"turns":1},{"damage":2,"enemies":"3 Shapes","floor":36,"turns":1},{"damage":0,"enemies":"Jaw Worm Horde","floor":38,"turns":2},{"damage":0,"enemies":"Nemesis","floor":40,"turns":1},{"damage":0,"enemies":"Giant Head","floor":44,"turns":1},{"damage":0,"enemies":"Sphere and 2 Shapes","floor":48,"turns":1},{"damage":12,"enemies":"Awakened One","floor":50,"turns":6}],"seed_played":"-8913699781146521895","potions_obtained":[{"floor":4,"key":"BlessingOfTheForge"},{"floor":5,"key":"FearPotion"},{"floor":13,"key":"Dexterity Potion"},{"floor":16,"key":"CunningPotion"},{"floor":22,"key":"LiquidBronze"},{"floor":30,"key":"DuplicationPotion"},{"floor":33,"key":"Regen Potion"},{"floor":40,"key":"LiquidMemories"},{"floor":48,"key":"SneckoOil"}],"is_trial":false,"path_per_floor":["M","$","?","M","M","R","E","R","T","?","M","?","M","E","R","B",null,"M","$","?","M","M","E","R","E","T","R","M","T","E","M","R","B",null,"M","M","$","M","?","E","?","$","T","E","?","R","T","M","R","B",null],"character_chosen":"THE_SILENT","items_purchased":["Accuracy","Choke","Blade Dance","Finisher","Bottled Tornado","Blade Dance","Accuracy","TwistedFunnel","Infinite Blades","Ornamental Fan","Accuracy","Terror"],"campfire_rested":0,"item_purchase_floors":[0,0,0,0,0,0,2,19,37,42,42,42],"current_hp_per_floor":[38,38,31,27,27,27,27,27,27,28,28,28,21,13,13,13,77,77,77,77,77,77,68,68,68,68,68,68,68,60,60,60,54,77,77,75,75,75,75,75,75,75,75,75,65,65,65,65,65,53],"gold":491,"neow_bonus":"","is_daily":false,"chose_seed":false,"campfire_upgraded":8,"win_rate":0.0,"timestamp":1611649106,"path_taken":["M","$","?","M","M","R","E","R","T","?","M","?","M","E","R","BOSS","M","$","?","M","M","E","R","E","T","R","M","?","E","M","R","BOSS","M","M","$","M","?","E","?","$","T","E","?","R","?","M","R","BOSS"],"items_purchased_type":["Card","Card","Card","Card","Relic","Card","Card","Relic","Card","Relic","Card","Card"],"build_version":"2020-12-22","purchased_purges":2,"victory":true,"max_hp_per_floor":[70,70,70,70,70,70,70,70,70,77,77,77,77,77,77,77,77,77,77,77,77,77,77,77,77,77,77,77,77,77,77,77,77,77,77,77,77,77,77,77,77,77,77,77,77,77,77,77,77,77],"card_choices":[{"not_picked":["Deadly Poison","Distraction"],"picked":"Blade Dance","floor":1},{"not_picked":["Terror","Blur"],"picked":"Masterful Stab","floor":4},{"not_picked":["Escape Plan","Poisoned Stab"],"picked":"Flying Knee","floor":5},{"not_picked":["Well Laid Plans","Poisoned Stab"],"picked":"PiercingWail","floor":7},{"not_picked":["Flying Knee","Skewer"],"picked":"Backflip","floor":11},{"not_picked":["Prepared","Slice"],"picked":"Acrobatics","floor":13},{"not_picked":["Leg Sweep","Riddle With Holes"],"picked":"Die Die Die","floor":14},{"not_picked":["Glass Knife","Night Terror"],"picked":"Phantasmal Killer","floor":16},{"not_picked":["Slice","Deadly Poison+1"],"picked":"Finisher+1","floor":18},{"not_picked":["Concentrate","Footwork"],"picked":"Blade Dance","floor":21},{"not_picked":["Sucker Punch","Finisher+1"],"picked":"Blade Dance+1","floor":22},{"not_picked":["Bane+1","Sucker Punch"],"picked":"Dagger Throw+1","floor":23},{"not_picked":["Blur+1","Concentrate"],"picked":"Blade Dance","floor":25},{"not_picked":["Prepared","Masterful Stab+1","Cloak And Dagger"],"picked":"SKIP","floor":28},{"not_picked":["Sucker Punch","Cloak And Dagger","Deflect"],"picked":"SKIP","floor":30},{"not_picked":["Flying Knee","Prepared"],"picked":"Masterful Stab+1","floor":31},{"not_picked":["Tools of the Trade","Venomology"],"picked":"Grand Finale","floor":33},{"not_picked":["Heel Hook+1","Backflip","Bouncing Flask+1"],"picked":"SKIP","floor":35},{"not_picked":["Cloak And Dagger+1","Prepared+1"],"picked":"Finisher+1","floor":36},{"not_picked":["Finisher","PiercingWail+1"],"picked":"Blade Dance","floor":38},{"not_picked":["Grand Finale","Acrobatics","Flying Knee"],"picked":"SKIP","floor":40},{"not_picked":["Endless Agony","Reflex","PiercingWail"],"picked":"SKIP","floor":44},{"not_picked":["Master of Strategy","HandOfGreed"],"picked":"Impatience","floor":45},{"not_picked":["Good Instincts","Enlightenment"],"picked":"Violence","floor":45},{"not_picked":["Underhanded Strike","Sucker Punch+1","Poisoned Stab+1"],"picked":"SKIP","floor":48}],"player_experience":188562,"relics_obtained":[{"floor":7,"key":"Mercury Hourglass"},{"floor":9,"key":"Kunai"},{"floor":10,"key":"Strawberry"},{"floor":14,"key":"Oddly Smooth Stone"},{"floor":23,"key":"Art of War"},{"floor":25,"key":"Centennial Puzzle"},{"floor":26,"key":"Bag of Marbles"},{"floor":29,"key":"Bottled Lightning"},{"floor":30,"key":"Snake Skull"},{"floor":34,"key":"Tiny Chest"},{"floor":34,"key":"InkBottle"},{"floor":34,"key":"Ginger"},{"floor":40,"key":"Potion Belt"},{"floor":43,"key":"Incense Burner"},{"floor":44,"key":"FossilizedHelix"},{"floor":47,"key":"Frozen Egg 2"}],"event_choices":[{"cards_removed":["Strike_G"],"damage_healed":0,"gold_gain":0,"player_choice":"Card Removal","damage_taken":7,"max_hp_gain":0,"max_hp_loss":0,"event_name":"Golden Wing","floor":3,"gold_loss":0},{"damage_healed":0,"gold_gain":30,"player_choice":"Searched \u00273\u0027 times","damage_taken":0,"max_hp_gain":0,"max_hp_loss":0,"event_name":"Dead Adventurer","floor":10,"gold_loss":0},{"damage_healed":0,"gold_gain":0,"player_choice":"Take Wound","damage_taken":0,"relics_obtained":["Golden Idol"],"max_hp_gain":0,"max_hp_loss":0,"event_name":"Golden Idol","floor":12,"gold_loss":0,"cards_obtained":["Injury"]},{"damage_healed":0,"gold_gain":0,"player_choice":"Inject Mutagens","damage_taken":0,"relics_obtained":["MutagenicStrength"],"max_hp_gain":0,"max_hp_loss":0,"event_name":"Drug Dealer","floor":20,"gold_loss":0},{"damage_healed":0,"gold_gain":0,"player_choice":"Ignored","damage_taken":0,"max_hp_gain":0,"max_hp_loss":0,"event_name":"Tomb of Lord Red Mask","floor":39,"gold_loss":0},{"damage_healed":0,"gold_gain":333,"player_choice":"Gave Idol","damage_taken":0,"max_hp_gain":0,"max_hp_loss":0,"event_name":"The Moai Head","floor":41,"relics_lost":["Golden Idol"],"gold_loss":0},{"damage_healed":0,"gold_gain":0,"player_choice":"Memory 3","damage_taken":10,"max_hp_gain":0,"max_hp_loss":0,"event_name":"SensoryStone","floor":45,"gold_loss":0}],"is_beta":false,"boss_relics":[{"not_picked":["Tiny House","Fusion Hammer"],"picked":"Philosopher\u0027s Stone"},{"not_picked":["Cursed Key","Coffee Dripper"],"picked":"Calling Bell"}],"items_purged_floors":[19,42],"is_endless":false,"potions_floor_spawned":[4,5,13,16,22,30,33,40,48],"ascension_level":3}}