{"host":"9kesdg97wkrx2bva","time":1611625019,"event":{"mods":["AchievementEnabler","BaseMod","Colored Map","GifTheSpireLib","Infinite Spire","Minty Spire (QoL Compilation)","Replay The Spire","StSLib"],"gold_per_floor":[212,226,237,108,108,108,8,26,49,62,137,137,137,137,137,148,148,225,225,238,113,3,3,3,15,41,41,71,71,71,71,71,71,71,83,83,83,83],"floor_reached":37,"language":"ENG","playtime":739,"items_purged":["Strike_G","Strike_G","Strike_G"],"score":491,"play_id":"1dba4512-3394-4c17-a835-a562314cfce8","local_time":"20210125193659","is_ascension_mode":true,"campfire_choices":[{"data":"Dagger Spray","floor":6,"key":"SMITH"},{"data":"Phantasmal Killer","floor":12,"key":"SMITH"},{"data":"Pot Of Greed","floor":27,"key":"SMITH"},{"floor":29,"key":"REST"},{"data":"Skewer","floor":32,"key":"SMITH"},{"floor":36,"key":"REST"}],"circlet_count":0,"master_deck":["AscendersBane","Defend_G","Defend_G","Defend_G","Defend_G","Survivor","Neutralize","Poisoned Stab","Dagger Spray+1","Skewer+1","Underhanded Strike","Phantasmal Killer+1","Pot Of Greed+1","Pot Of Greed+1","Quick Slash","Corpse Explosion","Catalyst+1","Dagger Throw+1","ReplayTheSpireMod:Speed Training"],"relics":["Ring of the Snake","Grinning Jar","HoveringKite","Akabeko","Blue Doll","White Beast Statue"],"acts_visited":["Exordium","TheCity"],"potions_floor_usage":[18,18,31,37],"damage_taken":[{"damage":5,"enemies":"Cultist","floor":1,"turns":6},{"damage":0,"enemies":"Small Slimes","floor":2,"turns":4},{"damage":2,"enemies":"Jaw Worm","floor":3,"turns":4},{"damage":6,"enemies":"Blue Slaver","floor":8,"turns":3},{"damage":0,"enemies":"2 Fungi Beasts","floor":10,"turns":2},{"damage":0,"enemies":"Gremlin Gang","floor":16,"turns":2},{"damage":17,"enemies":"Slime Boss","floor":18,"turns":6},{"damage":0,"enemies":"Chosen","floor":20,"turns":4},{"damage":18,"enemies":"Spheric Guardian","floor":25,"turns":4},{"damage":25,"enemies":"Slavers","floor":28,"turns":2},{"damage":0,"enemies":"Colosseum Slavers","floor":31,"turns":1},{"damage":0,"enemies":"3 Cultists","floor":35,"turns":2},{"damage":57,"enemies":"Automaton","floor":37,"turns":6}],"seed_played":"-4577376647458907481","potions_obtained":[{"floor":2,"key":"SpeedPotion"},{"floor":3,"key":"SteroidPotion"},{"floor":8,"key":"SkillPotion"},{"floor":18,"key":"GamblersBrew"},{"floor":28,"key":"infinitespire:BlackPotion"},{"floor":35,"key":"EssenceOfSteel"}],"is_trial":false,"path_per_floor":["M","M","M","$","?","R","$","M","T","M","?","R","?","PTL","PTL","M","R_BF","B",null,"M","$","?","PTL","PTL","M","T","R","E","R","T","?","R","?","?","M","R","B"],"character_chosen":"THE_SILENT","items_purchased":["Underhanded Strike"],"campfire_rested":2,"item_purchase_floors":[4],"current_hp_per_floor":[54,54,52,52,52,52,52,46,46,46,35,35,35,35,35,35,54,37,59,59,59,59,59,59,41,41,41,16,35,35,35,35,35,17,17,38,0,0],"gold":83,"neow_bonus":"HUNDRED_GOLD","is_daily":false,"chose_seed":false,"campfire_upgraded":4,"win_rate":0.0,"timestamp":1611625019,"path_taken":["M","M","?","$","?","R","$","M","T","?","?","R","?","PTL","PTL","M","R_BF","BOSS","M","$","?","PTL","PTL","?","?","R","E","R","T","?","R","?","?","M","R","BOSS"],"items_purchased_type":["Card"],"build_version":"2020-12-22","purchased_purges":3,"victory":false,"max_hp_per_floor":[66,66,66,66,66,66,66,66,66,66,66,66,66,66,66,66,66,66,66,66,66,66,66,66,66,66,66,66,66,66,66,66,66,71,71,71,71,71],"card_choices":[{"not_picked":["Concentrate","Slice"],"picked":"Poisoned Stab","floor":1},{"not_picked":["Bouncing Flask","Outmaneuver"],"picked":"Dagger Spray","floor":2},{"not_picked":["Caltrops","Deflect"],"picked":"Skewer","floor":3},{"not_picked":["Cloak And Dagger","Poisoned Stab"],"picked":"Phantasmal Killer","floor":8},{"not_picked":["Endless Agony","Toxin Wave","Dagger Spray"],"picked":"SKIP","floor":10},{"not_picked":["Outmaneuver","Slice"],"picked":"Quick Slash","floor":16},{"not_picked":["Venomology","Grand Finale"],"picked":"Corpse Explosion","floor":18},{"not_picked":["Underhanded Strike","Concentrate"],"picked":"Catalyst","floor":20},{"not_picked":["Underhanded Strike","Poisoned Stab"],"picked":"Dagger Throw+1","floor":25},{"not_picked":["Choke+1","Flechettes"],"picked":"ReplayTheSpireMod:Speed Training","floor":28},{"not_picked":["Fluid Movement","Sucker Punch","Blade Dance"],"picked":"SKIP","floor":35}],"player_experience":970221,"relics_obtained":[{"floor":9,"key":"Grinning Jar"},{"floor":26,"key":"Akabeko"},{"floor":28,"key":"Blue Doll"},{"floor":30,"key":"White Beast Statue"}],"event_choices":[{"cards_removed":["Strike_G"],"damage_healed":0,"gold_gain":0,"player_choice":"Card Removal","damage_taken":0,"max_hp_gain":0,"max_hp_loss":0,"event_name":"Wheel of Change","floor":5,"gold_loss":0},{"damage_healed":0,"gold_gain":75,"player_choice":"Gather Gold","damage_taken":11,"max_hp_gain":0,"max_hp_loss":0,"event_name":"World of Goop","floor":11,"gold_loss":0},{"cards_removed":["Defend_G"],"damage_healed":0,"gold_gain":0,"player_choice":"Upgrade and Remove","damage_taken":0,"max_hp_gain":0,"max_hp_loss":0,"event_name":"Designer","floor":22,"gold_loss":110,"cards_upgraded":["Catalyst"]},{"damage_healed":0,"gold_gain":0,"player_choice":"Fight","damage_taken":0,"max_hp_gain":0,"max_hp_loss":0,"event_name":"Colosseum","floor":31,"gold_loss":0},{"damage_healed":0,"gold_gain":0,"player_choice":"Fled From Nobs","damage_taken":0,"max_hp_gain":0,"max_hp_loss":0,"event_name":"Colosseum","floor":31,"gold_loss":0},{"damage_healed":0,"gold_gain":0,"player_choice":"Ignored","damage_taken":0,"max_hp_gain":0,"max_hp_loss":0,"event_name":"Vampires","floor":33,"gold_loss":0},{"damage_healed":0,"gold_gain":0,"player_choice":"Shed Blood","damage_taken":23,"max_hp_gain":5,"max_hp_loss":0,"event_name":"Forgotten Altar","floor":34,"gold_loss":0}],"is_beta":false,"boss_relics":[{"not_picked":["Replay:Bronze Core","Replay:Grab Bag"],"picked":"HoveringKite"}],"items_purged_floors":[4,7,21],"is_endless":false,"potions_floor_spawned":[2,3,8,18,28,31,35],"killed_by":"Automaton","ascension_level":16}}