{"host":"8ztb9kwpjc2zof9s","time":1611636582,"event":{"mods":["BaseMod","Block Reminder","Curses Come First","Minty Spire (QoL Compilation)","Relic Stats","StSLib"],"gold_per_floor":[114,90,265,20,20,54,64,99,125,125,125],"floor_reached":10,"language":"ENG","playtime":280,"items_purged":[],"score":144,"play_id":"2ae67641-0075-46d7-b502-f8d25d8e7c71","local_time":"20210125204942","is_ascension_mode":true,"campfire_choices":[],"circlet_count":0,"master_deck":["Strike_G","Strike_G","Strike_G","Strike_G","Strike_G","Defend_G","Defend_G","Defend_G","Defend_G","Defend_G","Survivor","Neutralize","Backflip","PiercingWail","Doubt","Leg Sweep","Acrobatics"],"relics":["Ring of the Snake","NeowsBlessing","Anchor","Orichalcum","Dream Catcher","Potion Belt"],"acts_visited":["Exordium"],"potions_floor_usage":[8,8,10],"damage_taken":[{"damage":0,"enemies":"Jaw Worm","floor":1,"turns":1},{"damage":0,"enemies":"3 Sentries","floor":6,"turns":1},{"damage":0,"enemies":"2 Louse","floor":7,"turns":1},{"damage":8,"enemies":"Gremlin Nob","floor":8,"turns":4},{"damage":43,"enemies":"Lagavulin","floor":10,"turns":16}],"seed_played":"-2415467416649068430","potions_obtained":[{"floor":1,"key":"FearPotion"},{"floor":7,"key":"Fire Potion"},{"floor":8,"key":"SkillPotion"}],"is_trial":false,"path_per_floor":["M","$","?","$","?","E","M","E","T","E"],"character_chosen":"THE_SILENT","items_purchased":["PiercingWail","Leg Sweep","Anchor","Acrobatics"],"campfire_rested":0,"item_purchase_floors":[2,4,4,4],"current_hp_per_floor":[63,63,63,63,68,68,68,60,60,17,17],"gold":125,"neow_bonus":"THREE_ENEMY_KILL","is_daily":false,"chose_seed":false,"campfire_upgraded":0,"win_rate":0.0,"timestamp":1611636582,"path_taken":["M","$","?","$","?","E","M","E","T","E"],"items_purchased_type":["Card","Card","Relic","Card"],"build_version":"2020-12-22","purchased_purges":0,"victory":false,"max_hp_per_floor":[70,70,70,70,75,75,75,75,75,75,75],"relic_stats":{"Dream Catcher":0,"counters":[5,23],"Orichalcum":[24],"obtain_stats":[{"Potion Belt":9,"Anchor":4,"Dream Catcher":8,"NeowsBlessing":0,"Orichalcum":6,"Ring of the Snake":0},{"Potion Belt":4,"Anchor":1,"Dream Catcher":4,"NeowsBlessing":0,"Orichalcum":2,"Ring of the Snake":0},{"Potion Belt":7,"Anchor":1,"Dream Catcher":7,"NeowsBlessing":0,"Orichalcum":2,"Ring of the Snake":0}],"Ring of the Snake":[10]},"card_choices":[{"not_picked":["All Out Attack","Blade Dance"],"picked":"Backflip","floor":1},{"not_picked":["Masterful Stab","Poisoned Stab","Choke"],"picked":"SKIP","floor":6},{"not_picked":["Riddle With Holes","Bane","PiercingWail"],"picked":"SKIP","floor":7},{"not_picked":["Night Terror","Cloak And Dagger","Predator"],"picked":"SKIP","floor":8}],"player_experience":273405,"relics_obtained":[{"floor":6,"key":"Orichalcum"},{"floor":8,"key":"Dream Catcher"},{"floor":9,"key":"Potion Belt"}],"event_choices":[{"damage_healed":0,"gold_gain":175,"player_choice":"AGREE","damage_taken":0,"max_hp_gain":0,"max_hp_loss":0,"event_name":"Liars Game","floor":3,"gold_loss":0,"cards_obtained":["Doubt"]},{"damage_healed":0,"gold_gain":0,"player_choice":"Donut","damage_taken":0,"max_hp_gain":5,"max_hp_loss":0,"event_name":"Big Fish","floor":5,"gold_loss":0}],"is_beta":false,"boss_relics":[],"items_purged_floors":[],"is_endless":false,"potions_floor_spawned":[1,7,8],"killed_by":"Lagavulin","ascension_level":9}}