{"host":"07hijahnzjd8voao","time":1611630421,"event":{"mods":["BaseMod","Better Third Choice","Colored Map","Colored Powertips","Hermit","Mimic Mod","Minty Spire (QoL Compilation)","Random Character Button","Replay The Spire","StSLib","The Cursed","The Jungle","The Runesmith","slay the spire mod where everything is the same but ironclad has a cowboy hat"],"gold_per_floor":[113,124,137,153,328,328,359,332,356,391,451,112,112,122,122,226,226,241,255,287,91,101,140,163,172,221,45,69,110,110,110],"floor_reached":30,"language":"ENG","playtime":3568,"items_purged":["hermit:Strike_Hermit"],"score":305,"play_id":"8fecc677-0ed4-418d-a0c5-5503c73b6c49","local_time":"20210125220701","is_ascension_mode":false,"campfire_choices":[{"data":"hermit:Grudge","floor":6,"key":"SMITH"},{"floor":13,"key":"REST"},{"floor":15,"key":"REST"},{"floor":25,"key":"REST"}],"circlet_count":0,"master_deck":["hermit:Strike_Hermit","hermit:Strike_Hermit+1","hermit:Strike_Hermit","hermit:Defend_Hermit","hermit:Defend_Hermit","hermit:Defend_Hermit","hermit:Defend_Hermit","hermit:Snapshot+1","hermit:Covet","hermit:Grudge+1","hermit:Quickdraw","hermit:Feint+1","hermit:TakeAim+1","Doubt","hermit:GoldenBullet+1","hermit:PistolWhip","hermit:Vantage+1","hermit:ShadowCloak","hermit:GhostlyPresence","hermit:Snipe","hermit:Headshot","hermit:NoHoldsBarred","hermit:Roughhouse","hermit:Headshot","hermit:Feint","hermit:BodyArmor","hermit:Glare","hermit:GhostlyPresence","hermit:Misfire","hermit:Combo","hermit:Shortfuse+1","hermit:Malice","hermit:WideOpen","hermit:Misfire","hermit:Brawl+1","hermit:RoundhouseKick","hermit:HighCaliber","hermit:LowProfile","hermit:FromBeyond"],"relics":["hermit:Momento","NeowsBlessing","Gremlin Food","betterThird:SlimedRelic","Tiny Chest","Dream Catcher","Guide Book","Replay:Fungal Core","InkBottle","BargainBundle","CeramicFish","Eternal Feather","White Beast Statue"],"acts_visited":["Exordium","Exordium"],"potions_floor_usage":[4,7,16,20,22,22,28,29],"damage_taken":[{"damage":0,"enemies":"2 Louse","floor":1,"turns":1},{"damage":0,"enemies":"Jaw Worm","floor":2,"turns":1},{"damage":0,"enemies":"Cultist","floor":3,"turns":1},{"damage":2,"enemies":"Exordium Thugs","floor":4,"turns":4},{"damage":28,"enemies":"Lagavulin","floor":7,"turns":8},{"damage":28,"enemies":"3 Sentries","floor":10,"turns":12},{"damage":9,"enemies":"3 Louse","floor":14,"turns":4},{"damage":36,"enemies":"Hexaghost","floor":16,"turns":11},{"damage":0,"enemies":"theJungle:Flameango_and_Byrd","floor":18,"turns":6},{"damage":5,"enemies":"Shell Parasite","floor":19,"turns":5},{"damage":1,"enemies":"theJungle:JungleHuntersEncounter","floor":20,"turns":7},{"damage":9,"enemies":"theJungle:JungleHuntersEncounter","floor":22,"turns":8},{"damage":8,"enemies":"theJungle:MamaSnecko","floor":23,"turns":5},{"damage":30,"enemies":"theJungle:Lyon","floor":24,"turns":5},{"damage":6,"enemies":"theJungle:2_Snecko_Cultists","floor":26,"turns":3},{"damage":0,"enemies":"theJungle:2_Snecko_Cultists","floor":28,"turns":2},{"damage":37,"enemies":"theJungle:Cassacara","floor":29,"turns":7},{"damage":13,"enemies":"theJungle:SlimyTreeVines","floor":30,"turns":6}],"seed_played":"8714272635201231133","potions_obtained":[{"floor":3,"key":"SpeedPotion"},{"floor":4,"key":"ColorlessPotion"},{"floor":14,"key":"FearPotion"},{"floor":18,"key":"Flashbang"},{"floor":19,"key":"SkillPotion"},{"floor":23,"key":"PowerPotion"},{"floor":28,"key":"Fruit Juice"}],"is_trial":false,"path_per_floor":["M","M","M","M","?","R","E","?","T","E","?","$","R","M","R","B",null,"M","M","MIM","$","M","E","M","R","MIM","$","M","E","M"],"character_chosen":"HERMIT","items_purchased":["hermit:Vantage+1","hermit:ShadowCloak","hermit:GhostlyPresence","Guide Book","BargainBundle","hermit:Glare","hermit:GhostlyPresence","hermit:Misfire","hermit:Combo","Toxic Potion","hermit:RoundhouseKick","hermit:HighCaliber"],"campfire_rested":3,"item_purchase_floors":[12,12,12,12,21,21,21,21,21,21,27,27],"current_hp_per_floor":[75,75,75,73,73,73,45,34,34,6,6,6,28,19,41,5,75,75,70,69,69,60,52,22,44,38,38,43,6,0,0],"gold":110,"neow_bonus":"THREE_ENEMY_KILL","is_daily":false,"chose_seed":false,"campfire_upgraded":1,"win_rate":0.0,"timestamp":1611630421,"path_taken":["M","M","M","M","?","R","E","?","T","E","?","?","R","?","R","BOSS","M","M","?","?","M","E","M","R","MIM","$","M","E","M"],"items_purchased_type":["Card","Card","Card","Relic","Relic","Card","Card","Card","Card","Potion","Card","Card"],"build_version":"2020-12-22","purchased_purges":1,"victory":false,"max_hp_per_floor":[75,75,75,75,75,75,75,75,75,75,75,75,75,75,75,75,75,75,75,75,75,75,75,75,75,75,75,80,80,80,80],"card_choices":[{"not_picked":["hermit:LowProfile","hermit:Dive"],"picked":"hermit:Grudge","floor":1},{"not_picked":["hermit:BodyArmor","hermit:Manifest"],"picked":"hermit:Quickdraw","floor":2},{"not_picked":["hermit:WideOpen","hermit:Ricochet"],"picked":"hermit:Feint","floor":3},{"not_picked":["hermit:Coalescence","hermit:BlackWind"],"picked":"hermit:TakeAim","floor":4},{"not_picked":["hermit:Virtue","hermit:Desperado"],"picked":"hermit:GoldenBullet","floor":7},{"not_picked":["hermit:SprayPray","hermit:ItchyTrigger"],"picked":"hermit:PistolWhip","floor":10},{"not_picked":["hermit:Gambit","hermit:SprayPray"],"picked":"hermit:Snipe","floor":13},{"not_picked":["hermit:FullyLoaded","hermit:FlashPowder"],"picked":"hermit:Headshot","floor":14},{"not_picked":["hermit:DeadMansHand","hermit:TakeCover"],"picked":"hermit:NoHoldsBarred","floor":15},{"not_picked":["hermit:FinalCanter","hermit:HeroicBravado"],"picked":"hermit:Roughhouse","floor":16},{"not_picked":["hermit:Coalescence","hermit:TakeAim"],"picked":"hermit:Headshot","floor":18},{"not_picked":["hermit:LoneWolf","hermit:Gestalt"],"picked":"hermit:Feint","floor":19},{"not_picked":["hermit:TakeCover","hermit:LoneWolf"],"picked":"hermit:BodyArmor","floor":20},{"not_picked":["hermit:Combo","hermit:Quickdraw"],"picked":"hermit:Shortfuse+1","floor":22},{"not_picked":["hermit:ItchyTrigger+1","hermit:Snipe"],"picked":"hermit:Malice","floor":23},{"not_picked":["hermit:Vantage+1","hermit:DeadMansHand"],"picked":"hermit:WideOpen","floor":24},{"not_picked":["hermit:Vantage+1","hermit:Feint"],"picked":"hermit:Misfire","floor":25},{"not_picked":["hermit:Roulette","hermit:FlashPowder"],"picked":"hermit:Brawl+1","floor":26},{"not_picked":["hermit:Gestalt","hermit:Quickdraw"],"picked":"hermit:LowProfile","floor":28},{"not_picked":["hermit:Desperado+1","hermit:WideOpen"],"picked":"hermit:FromBeyond","floor":29}],"player_experience":810233,"relics_obtained":[{"floor":7,"key":"Gremlin Food"},{"floor":9,"key":"Tiny Chest"},{"floor":10,"key":"Dream Catcher"},{"floor":20,"key":"InkBottle"},{"floor":23,"key":"CeramicFish"},{"floor":26,"key":"Eternal Feather"},{"floor":29,"key":"White Beast Statue"}],"event_choices":[{"damage_healed":0,"gold_gain":175,"player_choice":"AGREE","damage_taken":153,"max_hp_gain":0,"max_hp_loss":0,"event_name":"betterThird:BetterSerpent","floor":5,"gold_loss":0},{"damage_healed":0,"gold_gain":0,"player_choice":"Slimed","damage_taken":11,"max_hp_gain":0,"max_hp_loss":0,"event_name":"betterThird:BetterGoop","floor":8,"gold_loss":27},{"damage_healed":0,"gold_gain":60,"player_choice":"Gained Gold","damage_taken":0,"max_hp_gain":0,"max_hp_loss":0,"event_name":"Golden Wing","floor":11,"gold_loss":0}],"is_beta":false,"boss_relics":[{"not_picked":["hermit:DentedPlate","ReplayTheSpireMod:DimensionalGlitch"],"picked":"Replay:Fungal Core"}],"items_purged_floors":[21],"is_endless":false,"potions_floor_spawned":[3,4,10,14,18,19,23,28],"killed_by":"theJungle:SlimyTreeVines","ascension_level":0}}