{"host":"v9oq5ccz01n9mezq","time":1611622844,"event":{"mods":["BaseMod","Colored Map","Minty Spire (QoL Compilation)"],"gold_per_floor":[112,132,149,2,14,14,39,39,62,62,80,108,108,108,108,207,207,222,233,233,252,177,203,203,235,312,346,346,360,378,391,391,487,487,499,516,516,516,516],"floor_reached":38,"language":"ENG","playtime":2653,"items_purged":["Strike_P"],"score":542,"play_id":"59dae40d-008f-43e8-943d-6f1933d4af21","local_time":"20210125200044","is_ascension_mode":true,"campfire_choices":[{"data":"Eruption","floor":6.0,"key":"SMITH"},{"data":"BattleHymn","floor":8.0,"key":"SMITH"},{"data":"EmptyFist","floor":15.0,"key":"SMITH"},{"data":"CrushJoints","floor":24.0,"key":"SMITH"},{"data":"Conclude","floor":28.0,"key":"SMITH"},{"floor":32.0,"key":"REST"}],"circlet_count":0,"master_deck":["Strike_P","Strike_P","Defend_P","Defend_P","Defend_P","Defend_P","Eruption+1","Vigilance","Prostrate","FollowUp","CutThroughFate","Pray","BattleHymn+1","FollowUp","EmptyFist+1","Meditate","Judgement","CrushJoints+1","RitualDagger","Evaluate+1","Protect+1","Blasphemy","Conclude+1","ReachHeaven","Evaluate+1","WindmillStrike+1","Establishment","Wallop"],"relics":["HolyWater","NeowsBlessing","ClockworkSouvenir","Bag of Marbles","PreservedInsect","Vajra","Snecko Eye","Regal Pillow","Letter Opener","Shuriken","Damaru"],"acts_visited":["TheCity","TheBeyond"],"potions_floor_usage":[36],"damage_taken":[{"damage":0.0,"enemies":"Cultist","floor":1.0,"turns":1.0},{"damage":0.0,"enemies":"Jaw Worm","floor":2.0,"turns":1.0},{"damage":0.0,"enemies":"2 Louse","floor":3.0,"turns":2.0},{"damage":12.0,"enemies":"Exordium Wildlife","floor":5.0,"turns":3.0},{"damage":8.0,"enemies":"Lagavulin","floor":7.0,"turns":6.0},{"damage":4.0,"enemies":"2 Fungi Beasts","floor":11.0,"turns":3.0},{"damage":6.0,"enemies":"3 Sentries","floor":12.0,"turns":5.0},{"damage":35.0,"enemies":"Hexaghost","floor":16.0,"turns":8.0},{"damage":2.0,"enemies":"Shell Parasite","floor":18.0,"turns":2.0},{"damage":2.0,"enemies":"Chosen","floor":19.0,"turns":3.0},{"damage":0.0,"enemies":"Snecko","floor":21.0,"turns":2.0},{"damage":19.0,"enemies":"Book of Stabbing","floor":23.0,"turns":4.0},{"damage":0.0,"enemies":"Slavers","floor":25.0,"turns":1.0},{"damage":6.0,"enemies":"Book of Stabbing","floor":27.0,"turns":3.0},{"damage":3.0,"enemies":"3 Cultists","floor":29.0,"turns":4.0},{"damage":0.0,"enemies":"Centurion and Healer","floor":30.0,"turns":3.0},{"damage":12.0,"enemies":"Cultist and Chosen","floor":31.0,"turns":4.0},{"damage":71.0,"enemies":"Automaton","floor":33.0,"turns":9.0},{"damage":5,"enemies":"3 Shapes","floor":35,"turns":4},{"damage":35,"enemies":"3 Darklings","floor":36,"turns":5},{"damage":100009,"enemies":"Maw","floor":38,"turns":3}],"seed_played":"1621557240691110479","potions_obtained":[{"floor":1.0,"key":"DistilledChaos"},{"floor":7.0,"key":"DuplicationPotion"},{"floor":16.0,"key":"FairyPotion"},{"floor":19.0,"key":"ColorlessPotion"},{"floor":21.0,"key":"DuplicationPotion"},{"floor":25.0,"key":"EntropicBrew"},{"floor":31.0,"key":"EntropicBrew"},{"floor":33.0,"key":"Ancient Potion"},{"floor":36,"key":"Fire Potion"}],"is_trial":false,"path_per_floor":["M","M","M","$","M","R","E","R","T","?","M","E","?","?","R","B",null,"M","M","?","M","$","E","R","E","T","E","R","M","M","M","R","B",null,"M","M","?","M"],"character_chosen":"WATCHER","items_purchased":["ClockworkSouvenir"],"campfire_rested":1,"item_purchase_floors":[4],"current_hp_per_floor":[72,72,72,72,60,60,52,52,52,52,48,42,47,47,47,12,77,75,73,67,67,67,48,48,48,48,42,42,39,39,27,65,23,77,72,37,37,0,0],"gold":516,"neow_bonus":"THREE_ENEMY_KILL","is_daily":false,"chose_seed":false,"campfire_upgraded":5,"win_rate":0.0,"timestamp":1611622844,"path_taken":["M","M","M","$","M","R","E","R","T","?","M","E","?","?","R","BOSS","M","M","?","M","$","E","R","E","T","E","R","M","M","M","R","BOSS","M","M","?","M"],"items_purchased_type":["Relic"],"build_version":"2020-12-22","purchased_purges":1,"victory":false,"max_hp_per_floor":[72,72,72,72,72,72,72,72,72,72,72,72,77,77,77,77,77,77,77,77,77,77,77,77,77,77,77,77,77,77,77,77,77,77,77,77,73,73,73],"card_choices":[{"not_picked":["Study","Indignation"],"picked":"Prostrate","floor":1.0},{"not_picked":["InnerPeace","FlurryOfBlows"],"picked":"FollowUp","floor":2.0},{"not_picked":["Nirvana","DeceiveReality"],"picked":"CutThroughFate","floor":3.0},{"not_picked":["BowlingBash","FollowUp"],"picked":"Pray","floor":5.0},{"not_picked":["Wireheading","Prostrate"],"picked":"BattleHymn","floor":7.0},{"not_picked":["Consecrate","EmptyBody"],"picked":"EmptyFist","floor":11.0},{"not_picked":["EmptyFist","WheelKick"],"picked":"Meditate","floor":12.0},{"not_picked":["Wish","SpiritShield"],"picked":"Judgement","floor":16.0},{"not_picked":["CarveReality","ThirdEye"],"picked":"CrushJoints","floor":18.0},{"not_picked":["PathToVictory+1","Pray","FollowUp"],"picked":"SKIP","floor":19.0},{"not_picked":["SashWhip","Weave"],"picked":"Evaluate+1","floor":21.0},{"not_picked":["CrushJoints","ConjureBlade"],"picked":"Protect+1","floor":23.0},{"not_picked":["JustLucky","FearNoEvil"],"picked":"Blasphemy","floor":25.0},{"not_picked":["Wireheading","CrushJoints"],"picked":"Conclude","floor":27.0},{"not_picked":["Halt","FollowUp+1"],"picked":"ReachHeaven","floor":29.0},{"not_picked":["Crescendo+1","BowlingBash"],"picked":"Evaluate+1","floor":30.0},{"not_picked":["Protect","Meditate"],"picked":"WindmillStrike+1","floor":31.0},{"not_picked":["Omniscience","Judgement"],"picked":"Establishment","floor":33.0},{"not_picked":["Consecrate+1","FlyingSleeves+1","WaveOfTheHand+1"],"picked":"SKIP","floor":35},{"not_picked":["Protect+1","Consecrate+1"],"picked":"Wallop","floor":36}],"player_experience":123944,"relics_obtained":[{"floor":7.0,"key":"Bag of Marbles"},{"floor":9.0,"key":"PreservedInsect"},{"floor":12.0,"key":"Vajra"},{"floor":23.0,"key":"Regal Pillow"},{"floor":25.0,"key":"Letter Opener"},{"floor":26.0,"key":"Shuriken"},{"floor":27.0,"key":"Damaru"}],"event_choices":[{"damage_healed":0.0,"max_hp_gain":0.0,"max_hp_loss":0.0,"gold_gain":0.0,"cards_transformed":["Strike_P"],"event_name":"Living Wall","player_choice":"Change","floor":10.0,"gold_loss":0.0,"damage_taken":0.0,"cards_obtained":["FollowUp"]},{"damage_healed":0.0,"max_hp_gain":5.0,"max_hp_loss":0.0,"gold_gain":0.0,"event_name":"Big Fish","player_choice":"Donut","floor":13.0,"gold_loss":0.0,"damage_taken":0.0},{"damage_healed":0.0,"max_hp_gain":0.0,"max_hp_loss":0.0,"gold_gain":0.0,"event_name":"Liars Game","player_choice":"Ignored","floor":14.0,"gold_loss":0.0,"damage_taken":0.0},{"damage_healed":0.0,"max_hp_gain":0.0,"max_hp_loss":0.0,"gold_gain":0.0,"event_name":"Nest","player_choice":"Joined the Cult","floor":20.0,"gold_loss":0.0,"damage_taken":6.0,"cards_obtained":["RitualDagger"]},{"damage_healed":0,"gold_gain":0,"player_choice":"Max HP","damage_taken":0,"max_hp_gain":0,"max_hp_loss":4,"event_name":"Winding Halls","floor":37,"gold_loss":0}],"is_beta":false,"boss_relics":[{"not_picked":["Calling Bell","Astrolabe"],"picked":"Snecko Eye"},{"not_picked":["Velvet Choker","SlaversCollar"],"picked":"HolyWater"}],"items_purged_floors":[22],"is_endless":false,"potions_floor_spawned":[1,7,16,19,21,25,31,33,36],"killed_by":"Maw","ascension_level":3}}