{"host":"9bcwdp8h7kwcxx90","time":1611619245,"event":{"mods":["2.2 Compatiblity","BaseMod","Colored Map","Colored Powertips","Downfall","Infinite Spire","Minty Spire (QoL Compilation)","Permanent Neow","Quick Restart","Random Character Button","Relic Sorter","Relic Stats","Robot Space Explorer","Shop Mod","StSLib","The Marked","Unknown Chances"],"gold_per_floor":[99,116,116,133,4,4,51,80,80,80,65,76,76,109,127,127,127,127],"floor_reached":16,"language":"ENG","playtime":1849,"items_purged":["bronze:Strike"],"score":113,"play_id":"9498e13f-b7ab-40c7-8691-1a683edd7967","local_time":"20210125180045","is_ascension_mode":true,"campfire_choices":[{"floor":1,"key":"RECALL"},{"data":"bronze:BronzeOrb","floor":6,"key":"SMITH"},{"floor":13,"key":"REST"}],"circlet_count":0,"master_deck":["bronze:Strike","bronze:Strike","bronze:Strike","bronze:Defend","bronze:Defend","bronze:Defend","bronze:Defend","bronze:Replicate","bronze:Goto","bronze:ShipIt","bronze:FollowUp","bronze:Spike","bronze:DazingPulse","bronze:MaxOutput+1","bronze:BronzeOrb+1","bronze:ClassDefault","bronze:ItsAFeature","bronze:Repulsor","bronze:BronzeOrb","bronze:FineTuning"],"relics":["bronze:BronzeCore","Du-Vu Doll","HornCleat"],"acts_visited":["Exordium"],"potions_floor_usage":[8,16],"damage_taken":[{"damage":9,"enemies":"2 Louse","floor":2,"turns":3},{"damage":34,"enemies":"2 Louse","floor":3,"turns":7},{"damage":7,"enemies":"Jaw Worm","floor":4,"turns":3},{"damage":0,"enemies":"downfall:FleeingMerchant","floor":5,"turns":4},{"damage":7,"enemies":"3 Sentries","floor":8,"turns":6},{"damage":0,"enemies":"downfall:FleeingMerchant","floor":11,"turns":4},{"damage":0,"enemies":"Small Slimes","floor":12,"turns":3},{"damage":33,"enemies":"Gremlin Nob","floor":14,"turns":5},{"damage":0,"enemies":"Exordium Thugs","floor":15,"turns":3},{"damage":0,"enemies":"SI_SHIV_ARCHETYPE","floor":16,"turns":3}],"seed_played":"4907815499695147566","potions_obtained":[{"floor":3,"key":"Block Potion"},{"floor":12,"key":"SteroidPotion"},{"floor":14,"key":"Dexterity Potion"},{"floor":15,"key":"SkillPotion"}],"is_trial":false,"path_per_floor":["R","M","?","M","$","R","T","E","?","?","$","M","R","E","M","B"],"character_chosen":"THE_AUTOMATON","items_purchased":["bronze:ItsAFeature"],"campfire_rested":1,"item_purchase_floors":[5],"current_hp_per_floor":[70,61,27,20,20,20,20,13,13,13,13,13,34,1,1,1,1,1],"gold":127,"neow_bonus":"ONE_RANDOM_RARE_CARD","is_daily":false,"chose_seed":false,"campfire_upgraded":1,"win_rate":0.0,"timestamp":1611619245,"path_taken":["R","M","?","M","$","R","T","E","?","?","$","M","R","E","M","BOSS"],"items_purchased_type":["Card"],"build_version":"2020-12-22","purchased_purges":1,"victory":false,"max_hp_per_floor":[70,70,70,70,70,70,70,70,70,70,70,70,70,70,70,70,70,70],"relic_stats":{"counters":[10,41],"obtain_stats":[{"Du-Vu Doll":8,"bronze:BronzeCore":0,"HornCleat":14},{"Du-Vu Doll":5,"bronze:BronzeCore":0,"HornCleat":8},{"Du-Vu Doll":23,"bronze:BronzeCore":0,"HornCleat":35}]},"card_choices":[{"not_picked":["bronze:GetLatest","bronze:WildBeam"],"picked":"bronze:FollowUp","floor":2},{"not_picked":[],"picked":"bronze:Spike","floor":3},{"not_picked":[],"picked":"bronze:DazingPulse","floor":3},{"not_picked":["bronze:BugBarrage","bronze:OilSpill"],"picked":"bronze:MaxOutput","floor":3},{"not_picked":["bronze:Repair","bronze:Branch"],"picked":"bronze:BronzeOrb","floor":4},{"not_picked":["bronze:Invalidate","bronze:DigitalCarnage"],"picked":"bronze:ClassDefault","floor":5},{"not_picked":["bronze:OilSpill","bronze:Terminator"],"picked":"bronze:Repulsor","floor":8},{"not_picked":["bronze:Frontload","bronze:Separator"],"picked":"bronze:BronzeOrb","floor":11},{"not_picked":["bronze:Overheat","bronze:Repulsor","bronze:OilSpill"],"picked":"SKIP","floor":12},{"not_picked":["bronze:Shield","bronze:ForLoop"],"picked":"bronze:FineTuning","floor":14},{"not_picked":["bronze:DelayedGuard","bronze:Separator","bronze:ClassDefault"],"picked":"SKIP","floor":15}],"player_experience":274549,"relics_obtained":[{"floor":8,"key":"Du-Vu Doll"},{"floor":14,"key":"HornCleat"}],"event_choices":[],"is_beta":false,"boss_relics":[],"items_purged_floors":[5],"is_endless":false,"potions_floor_spawned":[3,12,14,15],"killed_by":"SI_SHIV_ARCHETYPE","ascension_level":1}}