{"host":"0rdbtfh27r6ur4pq","time":1611697087,"event":{"mods":["BaseMod","Colored Map","Colored Powertips","Downfall","Hubris","Minty Spire (QoL Compilation)","Quick Restart","Replay The Spire","StSLib","SuperFastMode"],"gold_per_floor":[99,99,154,154,171,171,171,13,28,38,58,58,72,89,99,195,195,195,215,228,228,14,14,14,43,77,89,106,119,119,145,164,259,259,259,277,297,314,5,5,5,20,125,156,168,168,193,203,214,214],"floor_reached":51,"language":"ENG","playtime":3985,"items_purged":[],"score":845,"play_id":"20233dbf-e857-45c3-8753-9b02ce8b300a","local_time":"20210126153807","is_ascension_mode":false,"campfire_choices":[{"data":"champ:Execute","floor":1,"key":"SMITH"},{"data":"champ:Taunt","floor":12,"key":"SMITH"},{"data":"champ:Improvising","floor":18,"key":"SMITH"},{"data":"champ:CalledShot","floor":23,"key":"SMITH"},{"floor":35,"key":"RECALL"}],"circlet_count":0,"master_deck":["champ:Strike","champ:Strike","champ:Strike","champ:Strike","champ:Defend","champ:Defend","champ:Defend","champ:Defend","champ:Execute+1","champ:Taunt+1","champ:RisingSlash","champ:Duel","champ:FlashCut","champ:MurderStrike","champ:RisingSlash","champ:CalledShot+1","champ:Endure","champ:FanOfKnives","champ:BladeFlurry","champ:Improvising+1","champ:AdrenalArmor+1","champ:Shatter","champ:RapidStrikes","champ:StrikeOfGenius+1","champ:FaceSlap+1","champ:RapidStrikes+1","champ:VampiricStrike","champ:PerfectedStrike+1","champ:TornadoPunch+1","champ:EnGarde+1","champ:MurderStrike","champ:FlashCut","champ:HoldFirm+1","champ:ArenaPreparation","champ:PerfectedStrike+1","champ:Backstep+1","champ:GladiatorStyle+1","champ:FocusedDefense","champ:CrownThrow+1","champ:CrookedStrike","champ:EnragedBash+1","champ:ShieldSlam"],"relics":["champ:ChampionCrown","Orichalcum","Smiling Mask","hubris:Icosahedron","champ:LiftRelic","Replay:Ringing Soul","champ:FightingForDummies","Black Star","champ:BerserkersGuideToSlaughter","Red Mask","hubris:DeckOfHolding","Simple Rune","Golden Egg","Painkiller Herb","Bag of Preparation","ClockworkSouvenir","hubris:64BitClover","Mercury Hourglass","Oddly Smooth Stone","Vajra","ReplayTheSpireMod:Shallot","War Paint"],"acts_visited":["Exordium","TheCity","TheBeyond"],"potions_floor_usage":[16,16,31,33,33,33],"damage_taken":[{"damage":42,"enemies":"Gremlin Nob","floor":3,"turns":5},{"damage":16,"enemies":"Jaw Worm","floor":5,"turns":3},{"damage":30,"enemies":"downfall:FleeingMerchant","floor":8,"turns":4},{"damage":0,"enemies":"2 Louse","floor":9,"turns":2},{"damage":10,"enemies":"Small Slimes","floor":10,"turns":3},{"damage":5,"enemies":"3 Louse","floor":11,"turns":3},{"damage":23,"enemies":"2 Fungi Beasts","floor":13,"turns":3},{"damage":3,"enemies":"Red Slaver","floor":14,"turns":5},{"damage":10,"enemies":"3 Louse","floor":15,"turns":3},{"damage":45,"enemies":"DF_ARCHETYPE_STREAMLINE","floor":16,"turns":7},{"damage":18,"enemies":"Shell Parasite","floor":19,"turns":5},{"damage":27,"enemies":"Chosen and Byrds","floor":20,"turns":6},{"damage":50,"enemies":"downfall:FleeingMerchant","floor":22,"turns":4},{"damage":5,"enemies":"Masked Bandits","floor":25,"turns":3},{"damage":51,"enemies":"Slavers","floor":26,"turns":6},{"damage":19,"enemies":"Sentry and Sphere","floor":27,"turns":4},{"damage":29,"enemies":"Centurion and Healer","floor":28,"turns":5},{"damage":11,"enemies":"Snecko","floor":29,"turns":4},{"damage":33,"enemies":"Gremlin Leader","floor":31,"turns":5},{"damage":23,"enemies":"Snake Plant","floor":32,"turns":4},{"damage":34,"enemies":"IC_MUSHROOM_ARCHETYPE","floor":33,"turns":7},{"damage":0,"enemies":"Orb Walker","floor":36,"turns":2},{"damage":6,"enemies":"3 Darklings","floor":37,"turns":5},{"damage":4,"enemies":"4 Shapes","floor":38,"turns":3},{"damage":8,"enemies":"downfall:FleeingMerchant","floor":39,"turns":4},{"damage":27,"enemies":"Maw","floor":42,"turns":5},{"damage":1,"enemies":"downfall:FleeingMerchant","floor":43,"turns":4},{"damage":26,"enemies":"Giant Head","floor":44,"turns":7},{"damage":14,"enemies":"Sphere and 2 Shapes","floor":45,"turns":4},{"damage":15,"enemies":"Nemesis","floor":47,"turns":5},{"damage":0,"enemies":"Jaw Worm Horde","floor":48,"turns":4},{"damage":0,"enemies":"Transient","floor":49,"turns":5},{"damage":48,"enemies":"WA_ARCHETYPE_DIVINITY","floor":50,"turns":10}],"seed_played":"3266403095931601584","potions_obtained":[{"floor":10,"key":"Guardian:BlockOnCardUsePotion"},{"floor":11,"key":"Milkshake"},{"floor":13,"key":"Adrenaline Potion"},{"floor":19,"key":"Strength Potion"},{"floor":26,"key":"LiquidBronze"},{"floor":27,"key":"Slimebound:ThreeZeroPotion"},{"floor":32,"key":"champ:CounterPotion"},{"floor":36,"key":"Milkshake"},{"floor":38,"key":"Elixir"},{"floor":44,"key":"Fire Potion"}],"is_trial":false,"path_per_floor":["R","?","?","?","M","?","T","$","M","M","M","R","M","M","M","B",null,"R_BF","M","M","?","$","R","T","?","E","M","M","M","?","E","M","B",null,"T","?","?","?","T","?","T","?","T","E","?","?","E","?","?","B",null],"character_chosen":"THE_CHAMP","items_purchased":["champ:FightingForDummies","champ:StrikeOfGenius","champ:FaceSlap+1","Bag of Preparation","ClockworkSouvenir","Mercury Hourglass"],"campfire_rested":0,"item_purchase_floors":[8,22,22,39,39,43],"current_hp_per_floor":[99,96,79,79,73,73,73,76,79,82,80,80,80,80,83,71,123,123,113,99,99,107,107,107,120,77,71,65,67,59,49,44,18,156,156,159,162,161,161,161,161,152,164,163,152,152,165,175,178,160],"gold":214,"neow_bonus":"TEN_PERCENT_HP_BONUS","is_daily":false,"chose_seed":false,"campfire_upgraded":4,"win_rate":0.0,"timestamp":1611697087,"path_taken":["R","?","?","?","M","?","T","?","M","?","M","R","M","M","M","BOSS","R_BF","M","M","?","$","R","T","?","E","M","M","M","?","E","M","BOSS","T","?","?","?","T","?","T","?","T","E","?","?","E","?","?","BOSS"],"items_purchased_type":["Relic","Card","Card","Relic","Relic","Relic"],"build_version":"2020-12-22","purchased_purges":0,"victory":true,"max_hp_per_floor":[99,99,99,99,99,99,99,102,105,108,111,111,114,117,120,123,123,123,126,129,129,132,132,132,135,138,141,144,147,147,150,153,156,156,156,159,162,165,168,168,168,171,174,174,177,177,180,180,183,183],"card_choices":[{"not_picked":["champ:PreciseThrust","champ:Backstep"],"picked":"champ:RisingSlash","floor":3},{"not_picked":["champ:CrownThrow","champ:FancyFootwork"],"picked":"champ:Duel","floor":5},{"not_picked":["champ:TornadoPunch","champ:BerserkersShout"],"picked":"champ:FlashCut","floor":8},{"not_picked":["champ:PerfectedStrike","champ:AdrenalArmor"],"picked":"champ:MurderStrike","floor":9},{"not_picked":["champ:Encircle","champ:CrownThrow"],"picked":"champ:RisingSlash","floor":10},{"not_picked":["champ:DeathBlow","champ:FalseCounter"],"picked":"champ:CalledShot","floor":11},{"not_picked":["champ:Circumvent","champ:Backstep"],"picked":"champ:Endure","floor":13},{"not_picked":["champ:BerserkersShout","champ:TornadoPunch"],"picked":"champ:FanOfKnives","floor":14},{"not_picked":["champ:EndlessRage","champ:EnragedBash"],"picked":"champ:BladeFlurry","floor":15},{"not_picked":["champ:StrikeOfGenius","champ:SteelEdge"],"picked":"champ:Improvising","floor":16},{"not_picked":["champ:Circumvent","champ:Haymaker+1"],"picked":"champ:AdrenalArmor","floor":19},{"not_picked":["champ:Haymaker+1","champ:Lariat"],"picked":"champ:Shatter","floor":20},{"not_picked":["champ:Circumvent","champ:AdrenalArmor"],"picked":"champ:RapidStrikes","floor":22},{"not_picked":["champ:Backstep+1","champ:DefensiveShout"],"picked":"champ:RapidStrikes+1","floor":25},{"not_picked":["champ:SetATrap","champ:BringItOn"],"picked":"champ:VampiricStrike","floor":26},{"not_picked":["champ:GladiatorStyle+1","champ:Duel+1"],"picked":"champ:PerfectedStrike+1","floor":27},{"not_picked":["champ:BladeFlurry+1","champ:PreemptiveStrike+1"],"picked":"champ:TornadoPunch+1","floor":28},{"not_picked":["champ:RapidStrikes","champ:Haymaker"],"picked":"champ:EnGarde+1","floor":29},{"not_picked":["champ:SkillfulDodge+1","champ:Duel"],"picked":"champ:MurderStrike","floor":31},{"not_picked":["champ:PerfectedStrike+1","champ:TornadoPunch"],"picked":"champ:FlashCut","floor":32},{"not_picked":["champ:Devastate","champ:MurderStrike"],"picked":"champ:HoldFirm","floor":33},{"not_picked":["champ:CalledShot","champ:BringItOn"],"picked":"champ:ArenaPreparation","floor":36},{"not_picked":["champ:EnGarde","champ:DefensiveShout"],"picked":"champ:PerfectedStrike+1","floor":37},{"not_picked":["champ:PerfectedStrike","champ:BringItOn"],"picked":"champ:Backstep","floor":38},{"not_picked":["champ:StanceDance","champ:Backstep+1"],"picked":"champ:GladiatorStyle+1","floor":39},{"not_picked":["champ:DeathBlow+1","champ:EnGarde+1"],"picked":"champ:FocusedDefense","floor":42},{"not_picked":["champ:RapidStrikes+1","champ:BringItOn"],"picked":"champ:CrownThrow+1","floor":43},{"not_picked":["champ:TornadoPunch","champ:FanOfKnives","champ:AdrenalArmor"],"picked":"SKIP","floor":44},{"not_picked":["champ:TornadoPunch","champ:EnGarde"],"picked":"champ:CrookedStrike","floor":45},{"not_picked":["champ:FanOfKnives+1","champ:GutPunch+1"],"picked":"champ:EnragedBash+1","floor":47},{"not_picked":["champ:CrownThrow","champ:FalseCounter","champ:DeathBlow+1"],"picked":"SKIP","floor":48},{"not_picked":["champ:CheapShot","champ:CalledShot"],"picked":"champ:ShieldSlam","floor":49}],"player_experience":90177,"relics_obtained":[{"floor":7,"key":"Replay:Ringing Soul"},{"floor":25,"key":"Red Mask"},{"floor":26,"key":"hubris:DeckOfHolding"},{"floor":31,"key":"Simple Rune"},{"floor":31,"key":"Golden Egg"},{"floor":41,"key":"hubris:64BitClover"},{"floor":44,"key":"Oddly Smooth Stone"},{"floor":44,"key":"Vajra"},{"floor":47,"key":"ReplayTheSpireMod:Shallot"},{"floor":47,"key":"War Paint"}],"event_choices":[{"damage_healed":0,"gold_gain":0,"player_choice":"Success","damage_taken":3,"relics_obtained":["Orichalcum"],"max_hp_gain":0,"max_hp_loss":0,"event_name":"Scrap Ooze","floor":2,"gold_loss":0},{"damage_healed":0,"gold_gain":0,"player_choice":"Fought Bandits","damage_taken":0,"max_hp_gain":0,"max_hp_loss":0,"event_name":"Masked Bandits","floor":25,"gold_loss":0}],"is_beta":false,"boss_relics":[{"not_picked":["champ:ChampionCrownUpgraded","hubris:Stopwatch"],"picked":"Black Star"},{"not_picked":["bronze:MakeshiftBattery","SacredBark"],"picked":"Painkiller Herb"}],"items_purged_floors":[],"is_endless":false,"potions_floor_spawned":[10,11,13,15,19,26,27,28,32,36,38,44,47,48,49],"ascension_level":0}}