{"host":"1ekl8hlbnopmdapi","time":1611632453,"event":{"mods":["AchievementEnabler","BaseMod","Colored Map","Colored Powertips","DeckTracker","Googly Eyes","Highlight Path","Minty Spire (QoL Compilation)","Relic Sorter","StSLib","Synergy Search"],"gold_per_floor":[111,127,77,49,49,81,81,97,122,152,164,180,180,180,180,279,279,279,279,279,279,39,39,39,39,39,39,39,39,39,39,39,39,39],"floor_reached":33,"language":"ENG","playtime":983,"items_purged":[],"score":422,"play_id":"a2b1a14e-4db3-4756-81b9-2fa3debc9239","local_time":"20210125224053","is_ascension_mode":true,"campfire_choices":[{"floor":7,"key":"REST"},{"floor":13,"key":"REST"},{"floor":15,"key":"REST"},{"floor":23,"key":"REST"},{"floor":32,"key":"REST"}],"circlet_count":0,"master_deck":["AscendersBane","Strike_B+1","Strike_B+1","Strike_B+1","Defend_B+1","Defend_B+1","Defend_B+1","Defend_B+1","Zap","Dualcast","Conserve Battery","Hologram","Steam","Leap","Ball Lightning","Barrage","Buffer","FTL","Rip and Tear+1","Barrage","White Noise","FTL+1","Leap+1","FTL+1","Steam+1"],"relics":["Cracked Core","Tiny Chest","DataDisk","Ginger","Ectoplasm","Strawberry","Shuriken","Boot","Blood Vial"],"acts_visited":["Exordium","TheCity"],"potions_floor_usage":[6,12,24,25,28,29,31],"damage_taken":[{"damage":1,"enemies":"2 Louse","floor":1,"turns":3},{"damage":2,"enemies":"Jaw Worm","floor":2,"turns":3},{"damage":37,"enemies":"3 Sentries","floor":6,"turns":12},{"damage":0,"enemies":"Cultist","floor":8,"turns":4},{"damage":12,"enemies":"Lagavulin","floor":10,"turns":7},{"damage":1,"enemies":"Blue Slaver","floor":11,"turns":4},{"damage":18,"enemies":"Exordium Thugs","floor":12,"turns":4},{"damage":58,"enemies":"The Guardian","floor":16,"turns":12},{"damage":21,"enemies":"Shell Parasite","floor":18,"turns":5},{"damage":11,"enemies":"Spheric Guardian","floor":19,"turns":4},{"damage":22,"enemies":"Snake Plant","floor":21,"turns":4},{"damage":24,"enemies":"Book of Stabbing","floor":24,"turns":5},{"damage":3,"enemies":"Cultist and Chosen","floor":25,"turns":4},{"damage":11,"enemies":"Sentry and Sphere","floor":28,"turns":4},{"damage":8,"enemies":"Snake Plant","floor":29,"turns":3},{"damage":1,"enemies":"Snecko","floor":30,"turns":4},{"damage":0,"enemies":"Centurion and Healer","floor":31,"turns":3},{"damage":48,"enemies":"Automaton","floor":33,"turns":6}],"seed_played":"-2859891700293850148","potions_obtained":[{"floor":2,"key":"BlessingOfTheForge"},{"floor":10,"key":"PowerPotion"},{"floor":11,"key":"EssenceOfDarkness"},{"floor":12,"key":"Weak Potion"},{"floor":21,"key":"SteroidPotion"},{"floor":25,"key":"Swift Potion"},{"floor":28,"key":"BlessingOfTheForge"},{"floor":29,"key":"Fire Potion"},{"floor":30,"key":"DistilledChaos"}],"is_trial":false,"path_per_floor":["M","M","?","?","?","E","R","M","T","E","M","M","R","T","R","B",null,"M","M","T","M","$","R","E","M","T","?","M","M","M","M","R","B"],"character_chosen":"DEFECT","items_purchased":["Shuriken"],"campfire_rested":5,"item_purchase_floors":[22],"current_hp_per_floor":[74,72,72,72,72,35,59,59,59,47,46,28,52,52,76,18,66,45,34,41,19,19,45,21,18,18,18,9,3,4,6,32,0,0],"gold":39,"neow_bonus":"TEN_PERCENT_HP_BONUS","is_daily":false,"chose_seed":false,"campfire_upgraded":0,"win_rate":0.0,"timestamp":1611632453,"path_taken":["M","M","?","?","?","E","R","?","T","E","M","M","R","?","R","BOSS","M","?","?","M","?","R","E","M","T","?","M","M","M","M","R","BOSS"],"items_purchased_type":["Relic"],"build_version":"2020-12-22","purchased_purges":0,"victory":false,"max_hp_per_floor":[82,82,82,82,82,82,82,82,82,82,82,82,82,82,82,82,82,82,82,89,89,89,89,89,89,89,89,89,89,89,89,89,89,89],"card_choices":[{"not_picked":["Hologram","Sweeping Beam"],"picked":"Conserve Battery","floor":1},{"not_picked":["Go for the Eyes","Gash"],"picked":"Hologram","floor":2},{"not_picked":["Chaos","Capacitor"],"picked":"Steam","floor":6},{"not_picked":["Cold Snap","Fusion"],"picked":"Leap","floor":8},{"not_picked":["Fusion","Lockon"],"picked":"Ball Lightning","floor":10},{"not_picked":["Consume","Skim","Compile Driver"],"picked":"SKIP","floor":11},{"not_picked":["Gash","Glacier"],"picked":"Barrage","floor":12},{"not_picked":["Amplify","All For One"],"picked":"Buffer","floor":16},{"not_picked":["Streamline","Cold Snap"],"picked":"FTL","floor":18},{"not_picked":["Static Discharge","Hologram"],"picked":"Rip and Tear+1","floor":19},{"not_picked":["Go for the Eyes","Sweeping Beam"],"picked":"Barrage","floor":21},{"not_picked":["Redo","Compile Driver"],"picked":"White Noise","floor":24},{"not_picked":["Genetic Algorithm","Chaos"],"picked":"FTL+1","floor":25},{"not_picked":["Go for the Eyes","Fusion","Chill+1"],"picked":"SKIP","floor":28},{"not_picked":["Sweeping Beam","Capacitor"],"picked":"Leap+1","floor":29},{"not_picked":["Compile Driver","Hologram"],"picked":"FTL+1","floor":30},{"not_picked":["Double Energy","Recycle+1"],"picked":"Steam+1","floor":31}],"player_experience":496497,"relics_obtained":[{"floor":6,"key":"Tiny Chest"},{"floor":9,"key":"DataDisk"},{"floor":10,"key":"Ginger"},{"floor":20,"key":"Strawberry"},{"floor":24,"key":"Boot"},{"floor":26,"key":"Blood Vial"}],"event_choices":[{"cards_removed":["Strike_B"],"damage_healed":0,"gold_gain":0,"player_choice":"Card Removal","damage_taken":0,"max_hp_gain":0,"max_hp_loss":0,"event_name":"The Cleric","floor":3,"gold_loss":50},{"damage_healed":0,"gold_gain":0,"player_choice":"Left Gold","damage_taken":0,"max_hp_gain":0,"max_hp_loss":0,"event_name":"World of Goop","floor":4,"gold_loss":28},{"damage_healed":0,"gold_gain":0,"player_choice":"Ignored","damage_taken":0,"max_hp_gain":0,"max_hp_loss":0,"event_name":"Liars Game","floor":5,"gold_loss":0},{"damage_healed":0,"gold_gain":0,"player_choice":"Simplicity","damage_taken":0,"max_hp_gain":0,"max_hp_loss":0,"event_name":"Back to Basics","floor":27,"gold_loss":0,"cards_upgraded":["Strike_B","Strike_B","Strike_B","Defend_B","Defend_B","Defend_B","Defend_B"]}],"is_beta":false,"boss_relics":[{"not_picked":["Runic Dome","Velvet Choker"],"picked":"Ectoplasm"}],"items_purged_floors":[],"is_endless":false,"potions_floor_spawned":[2,10,11,12,21,25,28,29,30],"killed_by":"Automaton","ascension_level":10}}