{"host":"qq27suot6m8koe0b","time":1611671372,"event":{"mods":["Act Like it!","BaseMod","CapriCore","Downfall","GifTheSpireLib","Minty Spire (QoL Compilation)","StSLib"],"gold_per_floor":[99,112,126,226,401,401,401,415,204,104,104,119,119,151,164,264,264,164,176,176,188,201,216,216,233,233,263,263,263,163,189,205,302,302,302,314,42,53,53,108,161,161,161,179,194,247,260,277,296,296,296,296,296,296],"floor_reached":52,"language":"ZHS","playtime":2364,"items_purged":["Doubt"],"score":696,"play_id":"b0048488-15f8-4313-bcb8-57b9efa62151","local_time":"20210126222932","is_ascension_mode":false,"campfire_choices":[{"floor":1,"key":"RECALL"},{"data":"bronze:DelayedSlice","floor":10,"key":"SMITH"},{"data":"bronze:Mutator","floor":18,"key":"SMITH"},{"floor":28,"key":"REST"},{"data":"bronze:BurnOut","floor":30,"key":"SMITH"},{"data":"bronze:AlphaBuild","floor":35,"key":"SMITH"},{"data":"bronze:Virus","floor":43,"key":"SMITH"}],"circlet_count":0,"master_deck":["bronze:Strike","bronze:Strike+1","bronze:Strike","bronze:Defend","bronze:Defend","bronze:Defend+1","bronze:Defend+1","bronze:Replicate","bronze:Goto","bronze:BronzeOrb","bronze:ForceShield","bronze:Separator","bronze:DelayedSlice+1","bronze:FollowUp","bronze:Separator","downfall:Malfunctioning","bronze:Mutator+1","bronze:BurnOut+1","bronze:Frontload","bronze:Repair","Pride","bronze:Iterate","bronze:Constructor","bronze:AlphaBuild+1","bronze:Branch+1","bronze:Virus+1","bronze:DelayedSlice+1","bronze:WhirlingStrike"],"relics":["bronze:BronzeCore","Potion Belt","Nunchaku","downfall:HeartBlessingRed","Pantograph","Lantern","bronze:MakeshiftBattery","downfall:HeartBlessingGreen","Calipers","Shuriken","downfall:HeartBlessingBlue","Bird Faced Urn","Philosopher\u0027s Stone","Mummified Hand","Oddly Smooth Stone","Ancient Tea Set","Ginger"],"acts_visited":["Exordium","TheCity","TheBeyond","TheEnding"],"potions_floor_usage":[14,22,27,27,27,32,33],"damage_taken":[{"damage":10,"enemies":"Small Slimes","floor":2,"turns":4},{"damage":4,"enemies":"Jaw Worm","floor":3,"turns":4},{"damage":0,"enemies":"2 Louse","floor":8,"turns":3},{"damage":0,"enemies":"downfall:FleeingMerchant","floor":9,"turns":4},{"damage":0,"enemies":"Blue Slaver","floor":12,"turns":1},{"damage":23,"enemies":"Lagavulin","floor":14,"turns":4},{"damage":0,"enemies":"2 Fungi Beasts","floor":15,"turns":2},{"damage":45,"enemies":"SI_SHIV_ARCHETYPE","floor":16,"turns":8},{"damage":4,"enemies":"Chosen","floor":19,"turns":4},{"damage":10,"enemies":"Spheric Guardian","floor":21,"turns":3},{"damage":18,"enemies":"3 Cultists","floor":22,"turns":6},{"damage":16,"enemies":"Snake Plant","floor":23,"turns":5},{"damage":0,"enemies":"Centurion and Healer","floor":25,"turns":7},{"damage":33,"enemies":"Gremlin Leader","floor":27,"turns":8},{"damage":13,"enemies":"Book of Stabbing","floor":31,"turns":5},{"damage":0,"enemies":"3 Cultists","floor":32,"turns":4},{"damage":30,"enemies":"DF_ARCHETYPE_CLAW","floor":33,"turns":6},{"damage":7,"enemies":"Orb Walker","floor":36,"turns":4},{"damage":0,"enemies":"downfall:FleeingMerchant","floor":37,"turns":4},{"damage":48,"enemies":"3 Darklings","floor":38,"turns":6},{"damage":3,"enemies":"Maw","floor":44,"turns":7},{"damage":0,"enemies":"Transient","floor":45,"turns":5},{"damage":11,"enemies":"2 Orb Walkers","floor":46,"turns":3},{"damage":0,"enemies":"3 Darklings","floor":47,"turns":3},{"damage":0,"enemies":"Sphere and 2 Shapes","floor":48,"turns":4},{"damage":22,"enemies":"Jaw Worm Horde","floor":49,"turns":4},{"damage":82,"enemies":"IC_BLOCK_ARCHETYPE","floor":50,"turns":10},{"damage":149,"enemies":"downfall:CharBossMerchant","floor":52,"turns":8}],"seed_played":"-5100048044272236317","potions_obtained":[{"floor":2,"key":"Weak Potion"},{"floor":8,"key":"PowerPotion"},{"floor":19,"key":"ColorlessPotion"},{"floor":21,"key":"AttackPotion"},{"floor":23,"key":"Block Potion"},{"floor":31,"key":"PowerPotion"},{"floor":32,"key":"PowerPotion"},{"floor":44,"key":"Fire Potion"},{"floor":45,"key":"GamblersBrew"},{"floor":47,"key":"champ:CounterPotion"},{"floor":48,"key":"SpeedPotion"}],"is_trial":false,"path_per_floor":["R","M","M","?","?","?","T","M","$","R","T","M","?","E","M","B",null,"R","M","?","M","M","M","T","M","?","E","R","?","R","E","M","B",null,"R","M","$","M","?","T","T","?","R","M","M","?","M","M","M","B",null,"E"],"character_chosen":"THE_AUTOMATON","items_purchased":["bronze:DelayedSlice","bronze:FollowUp","Mummified Hand"],"campfire_rested":1,"item_purchase_floors":[9,9,37],"current_hp_per_floor":[70,60,56,56,56,61,61,61,61,61,61,61,61,38,38,18,75,75,71,71,61,43,27,27,27,27,1,23,48,58,52,61,59,85,85,82,85,50,95,95,95,95,95,95,95,84,91,95,80,26,95,0,0,0],"gold":296,"neow_bonus":"RANDOM_COMMON_RELIC","is_daily":false,"chose_seed":false,"campfire_upgraded":5,"win_rate":0.0,"timestamp":1611671372,"path_taken":["R","M","M","?","?","?","T","M","?","R","?","?","?","E","M","BOSS","R","M","?","?","M","M","T","M","?","E","R","?","R","E","M","BOSS","R","M","$","M","?","?","T","?","R","M","?","?","M","M","M","BOSS","E"],"items_purchased_type":["Card","Card","Relic"],"build_version":"2020-12-22","purchased_purges":1,"victory":false,"max_hp_per_floor":[70,70,70,70,70,75,75,75,75,75,75,75,75,75,75,75,75,75,75,75,75,75,75,75,75,75,75,75,75,85,85,85,85,85,85,85,85,85,95,95,95,95,95,95,95,95,95,95,95,95,95,95,95,95],"card_choices":[{"not_picked":["bronze:Deprecate","bronze:Overload"],"picked":"bronze:BronzeOrb","floor":2},{"not_picked":["bronze:Shield","bronze:Invalidate","bronze:Deprecate"],"picked":"SKIP","floor":3},{"not_picked":["bronze:Turbo","bronze:DelayedGuard"],"picked":"bronze:ForceShield","floor":8},{"not_picked":["bronze:CutThrough","bronze:NullPointer"],"picked":"bronze:Separator","floor":9},{"not_picked":["bronze:Return","bronze:Turbo"],"picked":"bronze:Separator","floor":12},{"not_picked":["bronze:Shell","bronze:ClassDefault"],"picked":"bronze:Mutator","floor":14},{"not_picked":["bronze:Turbo","bronze:BugBarrage","bronze:ChildClass"],"picked":"SKIP","floor":15},{"not_picked":["bronze:HyperBeam","bronze:Mutator"],"picked":"bronze:BurnOut","floor":16},{"not_picked":["bronze:Shield","bronze:Separator+1","bronze:DelayedGuard"],"picked":"SKIP","floor":19},{"not_picked":["bronze:NullPointer","bronze:Overheat"],"picked":"bronze:Frontload","floor":21},{"not_picked":["bronze:Separator","bronze:Refactor+1","bronze:Shell"],"picked":"SKIP","floor":22},{"not_picked":["bronze:BitShift","bronze:BuggyMess","bronze:Separator+1"],"picked":"SKIP","floor":23},{"not_picked":["bronze:DelayedGuard","bronze:CleanCode"],"picked":"bronze:Repair","floor":25},{"not_picked":["bronze:ForLoop","bronze:BugBarrage+1"],"picked":"bronze:Iterate","floor":27},{"not_picked":["bronze:Shield+1","bronze:FineTuning"],"picked":"bronze:Constructor","floor":31},{"not_picked":["bronze:Frontload","bronze:Shield","bronze:BugBarrage"],"picked":"SKIP","floor":32},{"not_picked":["bronze:Format","bronze:HardenedForm"],"picked":"bronze:AlphaBuild","floor":33},{"not_picked":["bronze:Refactor+1","bronze:Separator+1"],"picked":"bronze:Branch+1","floor":36},{"not_picked":["bronze:DelayedGuard+1","bronze:Philosophize"],"picked":"bronze:Virus","floor":37},{"not_picked":["bronze:FineTuning+1","bronze:Deprecate","bronze:BitShift"],"picked":"SKIP","floor":38},{"not_picked":["bronze:DarkDash+1","bronze:Optimize","bronze:NullPointer+1"],"picked":"SKIP","floor":44},{"not_picked":["bronze:OilSpill+1","bronze:NullPointer","bronze:WildBeam"],"picked":"SKIP","floor":45},{"not_picked":["bronze:Constructor+1","bronze:BuggyMess"],"picked":"bronze:DelayedSlice+1","floor":46},{"not_picked":["bronze:Overload","bronze:CutThrough"],"picked":"bronze:WhirlingStrike","floor":47},{"not_picked":["bronze:DarkDash+1","bronze:BuggyMess+1","bronze:Format"],"picked":"SKIP","floor":48},{"not_picked":["bronze:Fortify+1","bronze:WhirlingStrike","bronze:Invalidate+1"],"picked":"SKIP","floor":49}],"player_experience":369597,"relics_obtained":[{"floor":7,"key":"Nunchaku"},{"floor":11,"key":"Pantograph"},{"floor":14,"key":"Lantern"},{"floor":27,"key":"Shuriken"},{"floor":31,"key":"Bird Faced Urn"},{"floor":40,"key":"Oddly Smooth Stone"},{"floor":41,"key":"Ancient Tea Set"},{"floor":46,"key":"Ginger"}],"event_choices":[{"damage_healed":0,"gold_gain":0,"player_choice":"Donut","damage_taken":0,"max_hp_gain":5,"max_hp_loss":0,"event_name":"Big Fish","floor":6,"gold_loss":0},{"damage_healed":0,"gold_gain":0,"player_choice":"Stole Relic","damage_taken":0,"relics_obtained":["Calipers"],"max_hp_gain":0,"max_hp_loss":0,"event_name":"Addict","floor":26,"gold_loss":0,"cards_obtained":["Pride"]},{"damage_healed":25,"gold_gain":0,"player_choice":"Heal","damage_taken":0,"max_hp_gain":0,"max_hp_loss":0,"event_name":"The Library","floor":29,"gold_loss":0},{"damage_healed":0,"gold_gain":0,"player_choice":"Ignored","damage_taken":0,"max_hp_gain":0,"max_hp_loss":0,"event_name":"NoteForYourself","floor":42,"gold_loss":0},{"damage_healed":0,"gold_gain":0,"player_choice":"Fight","damage_taken":0,"max_hp_gain":0,"max_hp_loss":0,"event_name":"Mysterious Sphere","floor":46,"gold_loss":0}],"is_beta":false,"boss_relics":[{"not_picked":["Cursed Key","Calling Bell"],"picked":"bronze:MakeshiftBattery"},{"not_picked":["Empty Cage","Coffee Dripper"],"picked":"Philosopher\u0027s Stone"}],"items_purged_floors":[9],"is_endless":false,"potions_floor_spawned":[2,8,19,21,23,31,32,44,45,47,48],"killed_by":"downfall:CharBossMerchant","ascension_level":0}}