{"host":"3d8t1b2vmfpvguqe","time":1611692385,"event":{"mods":["AchievementEnabler","BaseMod","Block Reminder","Minty Spire (QoL Compilation)","Slay the Relics Exporter","StSLib"],"gold_per_floor":[117,42,53,53,68,102,102,121,174,174,53,71,71,87,87,188,188,200,29,40,0,13,13,48,48,48,61,61,61],"floor_reached":28,"language":"ENG","playtime":1256,"items_purged":["Defend_R","Strike_R"],"score":240,"play_id":"14dda99f-7a09-4978-a0c7-eb43e532b2b9","local_time":"20210126141945","is_ascension_mode":false,"campfire_choices":[{"data":"Sever Soul","floor":10.0,"key":"SMITH"},{"data":"Whirlwind","floor":15.0,"key":"SMITH"},{"data":"Searing Blow+1","floor":23,"key":"SMITH"},{"data":"Armaments","floor":25,"key":"SMITH"}],"circlet_count":0,"master_deck":["Strike_R","Strike_R","Defend_R","Defend_R","Defend_R","Bash","Power Through","Iron Wave","Searing Blow+2","Sever Soul+1","Flex","Armaments+1","Whirlwind+1","Feed","Fire Breathing","Shrug It Off","Whirlwind+1","Metallicize"],"relics":["Coffee Dripper","Matryoshka","Bag of Marbles","Nunchaku","Empty Cage","Gremlin Horn","Happy Flower","Letter Opener"],"acts_visited":["Exordium","TheCity"],"potions_floor_usage":[24],"damage_taken":[{"damage":5.0,"enemies":"Small Slimes","floor":1.0,"turns":4.0},{"damage":0.0,"enemies":"Cultist","floor":3.0,"turns":3.0},{"damage":0.0,"enemies":"2 Louse","floor":5.0,"turns":4.0},{"damage":5.0,"enemies":"Gremlin Nob","floor":6.0,"turns":5.0},{"damage":0.0,"enemies":"Looter","floor":8.0,"turns":4.0},{"damage":0.0,"enemies":"Blue Slaver","floor":12.0,"turns":1.0},{"damage":0.0,"enemies":"3 Louse","floor":14.0,"turns":3.0},{"damage":30.0,"enemies":"The Guardian","floor":16.0,"turns":10.0},{"damage":5.0,"enemies":"Chosen","floor":18.0,"turns":3.0},{"damage":10.0,"enemies":"2 Thieves","floor":20.0,"turns":3.0},{"damage":3,"enemies":"3 Cultists","floor":22,"turns":3},{"damage":43,"enemies":"Book of Stabbing","floor":24,"turns":7},{"damage":22,"enemies":"Centurion and Healer","floor":27,"turns":5},{"damage":6,"enemies":"Cultist and Chosen","floor":28,"turns":2}],"seed_played":"-8282307900719976083","potions_obtained":[{"floor":1.0,"key":"Ancient Potion"},{"floor":6.0,"key":"FearPotion"},{"floor":14.0,"key":"Swift Potion"},{"floor":16.0,"key":"AttackPotion"},{"floor":20.0,"key":"FearPotion"}],"is_trial":false,"path_per_floor":["M","$","M","?","M","E","?","M","T","R","$","M","?","M","R","B",null,"M","$","M","?","M","R","E","R","T","M","M"],"character_chosen":"IRONCLAD","items_purchased":["DistilledChaos","Flex","Fire Breathing"],"campfire_rested":0,"item_purchase_floors":[2,11,19],"current_hp_per_floor":[75,75,75,68,68,63,63,63,63,63,63,63,63,63,63,33,80,75,75,65,65,62,62,19,19,19,1,0,0],"gold":61,"neow_bonus":"BOSS_RELIC","is_daily":false,"chose_seed":false,"campfire_upgraded":4,"win_rate":0.0,"timestamp":1611692385,"path_taken":["M","$","M","?","M","E","?","M","T","R","$","?","?","M","R","BOSS","M","$","M","?","M","R","E","R","T","M","M"],"items_purchased_type":["Potion","Card","Card"],"build_version":"2020-12-22","purchased_purges":2,"victory":false,"max_hp_per_floor":[80,80,80,80,80,80,80,80,80,80,80,80,80,80,80,80,80,80,80,80,80,80,80,80,80,80,84,84,84],"card_choices":[{"not_picked":["Pummel","Clash"],"picked":"Power Through","floor":1.0},{"not_picked":["True Grit","Power Through"],"picked":"Iron Wave","floor":3.0},{"not_picked":["Second Wind","Hemokinesis"],"picked":"Disarm","floor":5.0},{"not_picked":["Shockwave","Twin Strike"],"picked":"Searing Blow","floor":6.0},{"not_picked":["Dropkick","Hemokinesis"],"picked":"Sever Soul","floor":8.0},{"not_picked":["Anger","Metallicize"],"picked":"Armaments","floor":12.0},{"not_picked":["Seeing Red","Carnage"],"picked":"Whirlwind","floor":14.0},{"not_picked":["Juggernaut","Impervious"],"picked":"Feed","floor":16.0},{"not_picked":["Clothesline","Second Wind","Flex"],"picked":"SKIP","floor":18.0},{"not_picked":["Pummel","Sword Boomerang","Pommel Strike"],"picked":"SKIP","floor":20.0},{"not_picked":["Uppercut","Ghostly Armor"],"picked":"Shrug It Off","floor":22},{"not_picked":["Dark Embrace","Anger"],"picked":"Whirlwind+1","floor":24},{"not_picked":["Seeing Red","Flex"],"picked":"Metallicize","floor":27}],"player_experience":9056,"relics_obtained":[{"floor":6.0,"key":"Matryoshka"},{"floor":9.0,"key":"Bag of Marbles"},{"floor":9.0,"key":"Nunchaku"},{"floor":24,"key":"Gremlin Horn"},{"floor":26,"key":"Happy Flower"},{"floor":26,"key":"Letter Opener"}],"event_choices":[{"cards_removed":["Strike_R"],"damage_healed":0.0,"max_hp_gain":0.0,"max_hp_loss":0.0,"gold_gain":0.0,"event_name":"Golden Wing","player_choice":"Card Removal","floor":4.0,"gold_loss":0.0,"damage_taken":7.0},{"damage_healed":0.0,"max_hp_gain":0.0,"max_hp_loss":0.0,"gold_gain":0.0,"event_name":"Accursed Blacksmith","player_choice":"Forge","floor":7.0,"gold_loss":0.0,"damage_taken":0.0,"cards_upgraded":["Searing Blow"]},{"damage_healed":0.0,"max_hp_gain":0.0,"max_hp_loss":0.0,"gold_gain":0.0,"event_name":"Liars Game","player_choice":"Ignored","floor":13.0,"gold_loss":0.0,"damage_taken":0.0},{"damage_healed":0,"gold_gain":0,"player_choice":"Paid Fearfully","damage_taken":0,"max_hp_gain":0,"max_hp_loss":0,"event_name":"Masked Bandits","floor":21,"gold_loss":40}],"is_beta":false,"boss_relics":[{"not_picked":["Runic Cube","Sozu"],"picked":"Empty Cage"}],"items_purged_floors":[11,19],"is_endless":false,"potions_floor_spawned":[1,6,14,16,20],"killed_by":"Cultist and Chosen","ascension_level":0}}