{"host":"jhy70w0yh8dayqay","time":1611662715,"event":{"mods":["AchievementEnabler","BaseMod","Colored Map","Colored Powertips","DeckTracker","Minty Spire (QoL Compilation)","Permanent Neow","SuperFastMode"],"gold_per_floor":[110,124,135,150,150,150,150,150],"floor_reached":7,"language":"KOR","playtime":211,"items_purged":[],"score":67,"play_id":"4aff89c4-b2e3-4e5d-847e-2464376eeb50","local_time":"20210126210515","is_ascension_mode":true,"campfire_choices":[{"data":"Body Slam","floor":6,"key":"SMITH"}],"circlet_count":0,"master_deck":["AscendersBane","Strike_R","Strike_R","Strike_R","Strike_R","Strike_R","Defend_R","Defend_R","Defend_R","Defend_R","Bash","Finesse","Burning Pact","Shrug It Off","Body Slam+1","Clothesline"],"relics":["Burning Blood","Golden Idol"],"acts_visited":["Exordium"],"potions_floor_usage":[],"damage_taken":[{"damage":11,"enemies":"Cultist","floor":1,"turns":4},{"damage":17,"enemies":"Small Slimes","floor":2,"turns":4},{"damage":3,"enemies":"2 Louse","floor":3,"turns":3},{"damage":24,"enemies":"Exordium Thugs","floor":4,"turns":5},{"damage":47,"enemies":"Gremlin Nob","floor":7,"turns":4}],"seed_played":"-9104624691588128207","potions_obtained":[{"floor":3,"key":"Fire Potion"},{"floor":4,"key":"Swift Potion"}],"is_trial":false,"path_per_floor":["M","M","M","M","?","R","E"],"character_chosen":"IRONCLAD","items_purchased":[],"campfire_rested":0,"item_purchase_floors":[],"current_hp_per_floor":[67,56,59,41,41,41,0,0],"gold":150,"neow_bonus":"RANDOM_COLORLESS","is_daily":false,"chose_seed":false,"campfire_upgraded":1,"win_rate":0.0,"timestamp":1611662715,"path_taken":["M","M","?","M","?","R","E"],"items_purchased_type":[],"build_version":"2020-12-22","purchased_purges":0,"victory":false,"max_hp_per_floor":[80,80,80,80,74,74,74,74],"card_choices":[{"not_picked":["Impatience","Good Instincts"],"picked":"Finesse","floor":0},{"not_picked":["Rage","Iron Wave"],"picked":"Burning Pact","floor":1},{"not_picked":["Flame Barrier","Sentinel"],"picked":"Shrug It Off","floor":2},{"not_picked":["Anger","Burning Pact"],"picked":"Body Slam","floor":3},{"not_picked":["Body Slam","Twin Strike"],"picked":"Clothesline","floor":4}],"player_experience":430207,"relics_obtained":[],"event_choices":[{"damage_healed":0,"gold_gain":0,"player_choice":"Lose Max HP","damage_taken":0,"relics_obtained":["Golden Idol"],"max_hp_gain":0,"max_hp_loss":6,"event_name":"Golden Idol","floor":5,"gold_loss":0}],"is_beta":false,"boss_relics":[],"items_purged_floors":[],"is_endless":false,"potions_floor_spawned":[3,4],"killed_by":"Gremlin Nob","ascension_level":11}}