{"host":"l84l8xigz5v5foa2","time":1611673514,"event":{"mods":["2.2 Compatiblity","AchievementEnabler","BaseMod","Better Note","Better Vampires","Card Filter","Colored Map","DeckTracker","Downfall","Gremlin Skip","Highlight Path","Keyboard Shortcuts","Minty Spire (QoL Compilation)","Permanent Neow","Quick Restart","Relic Filter","Relic Stats","StSLib","SuperFastMode","Transform Curses","Unknown Chances"],"gold_per_floor":[14,14,14,37,55,55,97,18,18,46,74,74,74,74,74,161,161,184,184,225,225,252,252,85,85,112,4,4,30,56,98,98,183,183,206,228,301,47,65,65,106,106,106,106,125,125,125,153,153,153,153,153],"floor_reached":50,"language":"ENG","playtime":2437,"items_purged":["hexamod:Defend","hexamod:Strike"],"score":1197,"play_id":"7a7e8727-4e80-46fb-be50-52aa2fdba00e","local_time":"20210127000514","is_ascension_mode":true,"campfire_choices":[{"data":"hexamod:Float","floor":6.0,"key":"SMITH"},{"data":"hexamod:Rewind","floor":13.0,"key":"SMITH"},{"data":"hexamod:GhostOfSpirePast","floor":15.0,"key":"SMITH"},{"data":"hexamod:FlameSwitch","floor":23.0,"key":"SMITH"},{"data":"hexamod:ForkedFlame","floor":25.0,"key":"SMITH"},{"data":"hexamod:GhostOfSpireFuture","floor":28.0,"key":"SMITH"},{"data":"hexamod:HexaLevel","floor":32.0,"key":"SMITH"},{"data":"hexamod:GhostOfSpirePast","floor":40,"key":"SMITH"},{"data":"hexamod:ForkedFlame","floor":42,"key":"SMITH"},{"floor":44,"key":"RECALL"},{"floor":47,"key":"REST"},{"floor":49,"key":"REST"}],"circlet_count":0,"master_deck":["AscendersBane","hexamod:Defend","hexamod:Defend","hexamod:Sear+1","hexamod:Float+1","hexamod:HeatMetal+1","hexamod:FourthSeal","hexamod:PhantomFireball","hexamod:SecondSeal","hexamod:RetreatToShadows+1","hexamod:GhostOfSpirePast+1","hexamod:FlameSwitch+1","hexamod:Rewind+1","hexamod:GhostOfSpireFuture+1","hexamod:PowerFromBeyond","hexamod:ForkedFlame+1","hexamod:HauntingEcho+1","hexamod:InspiringFlames+1","hexamod:Rewind+1","hexamod:ThirdSeal","hexamod:ShieldOfDarkness","hexamod:AdvancingGuard+1","hexamod:HauntingEcho+1","hexamod:NightmareGuise","hexamod:HexaLevel+1","hexamod:StepThrough","hexamod:ForkedFlame+1","hexamod:SixthSeal","hexamod:GhostOfSpirePast+1","hexamod:SpectersWail","hexamod:FastForward","hexamod:RecurringNightmare","hexamod:ThermalTransfer+1","hexamod:ForkedFlame+1","hexamod:RadiantFlame+1","hexamod:RainOfEmbers+1","Madness+1","Madness"],"relics":["hexamod:SpiritBrand","Ancient Tea Set","Smiling Mask","Odd Mushroom","sneckomod:SneckoTalon","Red Mask","Lee\u0027s Waffle","White Beast Statue","SlaversCollar","Kunai","Strange Spoon","Toy Ornithopter","Boot"],"acts_visited":["Exordium","TheCity","TheBeyond"],"potions_floor_usage":[35,35,36,39,41,41,45,45,48,48,50,50],"damage_taken":[{"damage":2.0,"enemies":"Jaw Worm","floor":1.0,"turns":3.0},{"damage":0.0,"enemies":"2 Louse","floor":4.0,"turns":3.0},{"damage":0.0,"enemies":"Small Slimes","floor":5.0,"turns":1.0},{"damage":5.0,"enemies":"Lagavulin","floor":7.0,"turns":7.0},{"damage":15.0,"enemies":"The Mushroom Lair","floor":10.0,"turns":4.0},{"damage":6.0,"enemies":"Exordium Thugs","floor":11.0,"turns":4.0},{"damage":6.0,"enemies":"Slime Boss","floor":16.0,"turns":7.0},{"damage":6.0,"enemies":"Shell Parasite","floor":18.0,"turns":4.0},{"damage":26.0,"enemies":"Masked Bandits","floor":20.0,"turns":4.0},{"damage":4.0,"enemies":"3 Byrds","floor":22.0,"turns":4.0},{"damage":2.0,"enemies":"Shelled Parasite and Fungi","floor":29.0,"turns":4.0},{"damage":0.0,"enemies":"Snake Plant","floor":30.0,"turns":3.0},{"damage":0.0,"enemies":"Slavers","floor":31.0,"turns":5.0},{"damage":29.0,"enemies":"Collector","floor":33.0,"turns":10.0},{"damage":0,"enemies":"3 Shapes","floor":35,"turns":5},{"damage":6,"enemies":"3 Darklings","floor":36,"turns":4},{"damage":26,"enemies":"Spire Growth","floor":39,"turns":6},{"damage":0,"enemies":"Giant Head","floor":41,"turns":8},{"damage":24,"enemies":"Jaw Worm Horde","floor":45,"turns":5},{"damage":6,"enemies":"Transient","floor":48,"turns":6},{"damage":82,"enemies":"Donu and Deca","floor":50,"turns":9}],"seed_played":"4858997854526617313","potions_obtained":[{"floor":1.0,"key":"Fire Potion"},{"floor":1.0,"key":"FairyPotion"},{"floor":4.0,"key":"AttackPotion"},{"floor":4.0,"key":"hexamod:EctoCoolerPotion"},{"floor":7.0,"key":"hexamod:DoubleChargePotion"},{"floor":10.0,"key":"EntropicBrew"},{"floor":11.0,"key":"GamblersBrew"},{"floor":16.0,"key":"SneckoOil"},{"floor":16.0,"key":"SteroidPotion"},{"floor":18.0,"key":"hexamod:InfernoChargePotion"},{"floor":20.0,"key":"Fire Potion"},{"floor":20.0,"key":"Fire Potion"},{"floor":22.0,"key":"PowerPotion"},{"floor":29.0,"key":"PowerPotion"},{"floor":31.0,"key":"Block Potion"},{"floor":33.0,"key":"Strength Potion"},{"floor":33.0,"key":"LiquidMemories"},{"floor":35,"key":"DistilledChaos"},{"floor":35,"key":"ColorlessPotion"},{"floor":36,"key":"PowerPotion"},{"floor":39,"key":"hexamod:EctoCoolerPotion"},{"floor":41,"key":"Weak Potion"},{"floor":41,"key":"LiquidBronze"},{"floor":45,"key":"Block Potion"},{"floor":45,"key":"Weak Potion"},{"floor":48,"key":"Swift Potion"},{"floor":48,"key":"Explosive Potion"}],"is_trial":false,"path_per_floor":["M","?","?","M","M","R","E","$","T","?","M","?","R","?","R","B",null,"M","?","?","?","M","R","$","R","T","$","R","M","M","E","R","B",null,"M","M","T","$","M","R","E","R","T","R","M","?","R","M","R","B"],"character_chosen":"THE_SPIRIT","items_purchased":["hexamod:Rewind","Lee\u0027s Waffle","hexamod:ShieldOfDarkness","hexamod:RecurringNightmare","Strange Spoon"],"campfire_rested":2,"item_purchase_floors":[8,24,27,38,38],"current_hp_per_floor":[55,55,55,55,55,55,50,50,50,35,29,29,29,29,29,23,53,47,47,21,21,17,17,70,70,70,70,70,68,68,68,68,39,62,62,56,56,56,30,30,30,30,30,30,16,3,24,28,49,0,0,0],"gold":153,"neow_bonus":"TRANSFORM_TWO_CARDS","is_daily":false,"chose_seed":false,"campfire_upgraded":9,"win_rate":0.0,"timestamp":1611673514,"path_taken":["M","?","?","M","M","R","E","$","T","?","?","?","R","?","R","BOSS","M","?","?","?","M","R","$","R","T","$","R","M","M","E","R","BOSS","M","?","?","$","M","R","E","R","T","R","M","?","R","M","R","BOSS"],"items_purchased_type":["Card","Relic","Card","Card","Relic"],"build_version":"2020-12-22","purchased_purges":2,"victory":false,"max_hp_per_floor":[63,63,63,63,63,63,63,63,63,63,63,63,63,63,63,63,63,63,63,63,63,63,63,70,70,70,70,70,70,70,70,70,70,70,70,70,70,70,70,70,70,70,70,70,70,70,70,70,70,70,70,70],"relic_stats":{"Strange Spoon":[6],"Lee\u0027s Waffle":53,"counters":[21,106],"Kunai":[6],"Smiling Mask":75,"Boot":[0],"obtain_stats":[{"Lee\u0027s Waffle":24,"Odd Mushroom":10,"Ancient Tea Set":7,"Smiling Mask":9,"sneckomod:SneckoTalon":17,"Boot":43,"White Beast Statue":31,"SlaversCollar":34,"Strange Spoon":38,"Red Mask":20,"Kunai":37,"hexamod:SpiritBrand":0,"Toy Ornithopter":41},{"Lee\u0027s Waffle":10,"Odd Mushroom":5,"Ancient Tea Set":4,"Smiling Mask":4,"sneckomod:SneckoTalon":7,"Boot":18,"White Beast Statue":13,"SlaversCollar":14,"Strange Spoon":16,"Red Mask":9,"Kunai":16,"hexamod:SpiritBrand":0,"Toy Ornithopter":18},{"Lee\u0027s Waffle":41,"Odd Mushroom":18,"Ancient Tea Set":14,"Smiling Mask":14,"sneckomod:SneckoTalon":29,"Boot":86,"White Beast Statue":53,"SlaversCollar":63,"Strange Spoon":72,"Red Mask":37,"Kunai":72,"hexamod:SpiritBrand":0,"Toy Ornithopter":86}],"Toy Ornithopter":30},"card_choices":[{"not_picked":["hexamod:NightmareStrike","hexamod:HeatMetal"],"picked":"hexamod:PhantomFireball","floor":1.0},{"not_picked":["hexamod:AdvancingGuard","hexamod:SwordOfDarkness"],"picked":"hexamod:RetreatToShadows","floor":4.0},{"not_picked":["hexamod:NightmareStrike","hexamod:SuperheatedStrike"],"picked":"hexamod:GhostOfSpirePast","floor":5.0},{"not_picked":["hexamod:HeatMetal","hexamod:GhostOfSpirePast"],"picked":"hexamod:FlameSwitch","floor":7.0},{"not_picked":["hexamod:HeatMetal","hexamod:Hexaguard"],"picked":"hexamod:GhostOfSpireFuture","floor":10.0},{"not_picked":["hexamod:RetreatToShadows","hexamod:BurningTouch"],"picked":"hexamod:PowerFromBeyond","floor":11.0},{"not_picked":["hexamod:WildfireWeapon","hexamod:Toasty"],"picked":"hexamod:ForkedFlame","floor":16.0},{"not_picked":["hexamod:Hexaguard","hexamod:Again"],"picked":"hexamod:HauntingEcho","floor":18.0},{"not_picked":["hexamod:NightmareGuise","hexamod:Haunt"],"picked":"hexamod:InspiringFlames+1","floor":20.0},{"not_picked":["hexamod:Hexaguard","hexamod:BurningTouch"],"picked":"hexamod:ThirdSeal","floor":22.0},{"not_picked":["hexamod:NightmareGuise","hexamod:PhantomCloak"],"picked":"hexamod:AdvancingGuard+1","floor":29.0},{"not_picked":["hexamod:SpectersWail","hexamod:PhantomFireball"],"picked":"hexamod:HauntingEcho+1","floor":29.0},{"not_picked":["hexamod:HeatCrush","hexamod:ThermalTransfer"],"picked":"hexamod:NightmareGuise","floor":30.0},{"not_picked":["hexamod:ThirdSeal","hexamod:SuperheatedStrike","hexamod:CatchUp"],"picked":"SKIP","floor":30.0},{"not_picked":["hexamod:ThirdSeal","hexamod:SuperheatedStrike","hexamod:CatchUp"],"picked":"SKIP","floor":30.0},{"not_picked":["hexamod:GhostShield","hexamod:PhantomFireball"],"picked":"hexamod:HexaLevel","floor":31.0},{"not_picked":["hexamod:SuperheatedStrike","hexamod:RadiantFlame"],"picked":"hexamod:StepThrough","floor":31.0},{"not_picked":["hexamod:GhostOfSpirePresent","hexamod:TimeOfNeed"],"picked":"hexamod:ForkedFlame","floor":33.0},{"not_picked":["hexamod:TimeWarp","hexamod:UnleashSpirits"],"picked":"hexamod:SixthSeal","floor":33.0},{"not_picked":["hexamod:Hexaguard","hexamod:HeatShield"],"picked":"hexamod:GhostOfSpirePast","floor":35},{"not_picked":["hexamod:HauntingEcho","hexamod:EtherealExpedition+1"],"picked":"hexamod:SpectersWail","floor":35},{"not_picked":["hexamod:NightmareGuise","hexamod:CatchUp"],"picked":"hexamod:FastForward","floor":36},{"not_picked":["hexamod:PowerFromBeyond","hexamod:FlamesFromBeyond","hexamod:AdvancingGuard"],"picked":"SKIP","floor":36},{"not_picked":["hexamod:EmpoweredFlame+1","hexamod:SwordOfDarkness"],"picked":"hexamod:ThermalTransfer+1","floor":39},{"not_picked":["hexamod:RetreatToShadows","hexamod:InspiringFlames+1"],"picked":"hexamod:ForkedFlame","floor":39},{"not_picked":["hexamod:NightmareGuise+1","hexamod:GhostShield"],"picked":"hexamod:RadiantFlame+1","floor":41},{"not_picked":["hexamod:FlamesFromBeyond","hexamod:DynamicBlow","hexamod:FourthSeal"],"picked":"SKIP","floor":41},{"not_picked":["hexamod:ExtraCrispy","hexamod:RecurringNightmare+1"],"picked":"hexamod:RainOfEmbers+1","floor":45},{"not_picked":["hexamod:FastForward","hexamod:PowerFromBeyond","hexamod:InspiringFlames"],"picked":"SKIP","floor":45},{"not_picked":["hexamod:Hexaguard","hexamod:SpectersWail","hexamod:SearingWound"],"picked":"SKIP","floor":48},{"not_picked":["hexamod:SuperheatedStrike","hexamod:HauntingEcho","hexamod:FastForward"],"picked":"SKIP","floor":48}],"player_experience":3433851,"relics_obtained":[{"floor":7.0,"key":"Ancient Tea Set"},{"floor":9.0,"key":"Smiling Mask"},{"floor":10.0,"key":"Odd Mushroom"},{"floor":20.0,"key":"Red Mask"},{"floor":31.0,"key":"White Beast Statue"},{"floor":37,"key":"Kunai"},{"floor":41,"key":"Toy Ornithopter"},{"floor":43,"key":"Boot"}],"event_choices":[{"damage_healed":0.0,"max_hp_gain":0.0,"max_hp_loss":0.0,"gold_gain":0.0,"cards_transformed":["hexamod:Strike"],"event_name":"Living Wall","player_choice":"Change","floor":2.0,"gold_loss":0.0,"damage_taken":0.0,"cards_obtained":["hexamod:SecondSeal"]},{"damage_healed":0.0,"max_hp_gain":0.0,"max_hp_loss":0.0,"gold_gain":0.0,"event_name":"Liars Game","player_choice":"Ignored","floor":3.0,"gold_loss":0.0,"damage_taken":0.0},{"damage_healed":0.0,"max_hp_gain":0.0,"max_hp_loss":0.0,"gold_gain":0.0,"event_name":"Mushrooms","player_choice":"Fought Mushrooms","floor":10.0,"gold_loss":0.0,"damage_taken":0.0},{"damage_healed":0.0,"max_hp_gain":0.0,"max_hp_loss":0.0,"gold_gain":0.0,"event_name":"The Cleric","player_choice":"Leave","floor":12.0,"gold_loss":0.0,"damage_taken":0.0},{"damage_healed":0.0,"max_hp_gain":0.0,"max_hp_loss":0.0,"gold_gain":0.0,"event_name":"Lab","player_choice":"Got Potions","floor":14.0,"gold_loss":0.0,"damage_taken":0.0},{"damage_healed":0.0,"max_hp_gain":0.0,"max_hp_loss":0.0,"gold_gain":0.0,"event_name":"Masked Bandits","player_choice":"Fought Bandits","floor":20.0,"gold_loss":0.0,"damage_taken":0.0},{"damage_healed":0.0,"max_hp_gain":0.0,"max_hp_loss":0.0,"gold_gain":0.0,"event_name":"Duplicator","player_choice":"Copied","floor":21.0,"gold_loss":0.0,"damage_taken":0.0,"cards_obtained":["hexamod:Rewind"]},{"damage_healed":0,"gold_gain":0,"player_choice":"Embrace Madness","damage_taken":13,"max_hp_gain":0,"max_hp_loss":0,"event_name":"Winding Halls","floor":46,"gold_loss":0,"cards_obtained":["Madness","Madness"]}],"is_beta":false,"boss_relics":[{"not_picked":["Cursed Key","SacredBark"],"picked":"sneckomod:SneckoTalon"},{"not_picked":["Calling Bell","Coffee Dripper"],"picked":"SlaversCollar"}],"items_purged_floors":[27,38],"is_endless":false,"potions_floor_spawned":[1,4,16,20,29,30,33,35,36,39,41,45,48],"killed_by":"Donu and Deca","ascension_level":20}}