{"host":"x3xr1fzypq6qqz5s","time":1611663075,"event":{"mods":["BaseMod","Better Vampires","Colored Powertips","DeckTracker","Highlight Path","Minty Spire (QoL Compilation)","Quick Restart","Rare Cards Sparkle","Relic Stats"],"gold_per_floor":[111,111,125,125,145,185,185,203,503,543,543,643,664,684,684,808,808,827,827,668,707,720,720,745,370,445,460,484,502,520,561,561,680,680,700,700,700,724,146,146,166,166,189,189,189,214,69,291,291,291,291,291,141,172,172],"floor_reached":56,"language":"ZHS","playtime":3258,"items_purged":["Writhe","Strike_G","Strike_G"],"score":1204,"play_id":"d074249f-bf1d-473c-b97f-084b1d45ef74","local_time":"20210126201115","is_ascension_mode":false,"campfire_choices":[{"data":"Bouncing Flask","floor":7.0,"key":"SMITH"},{"floor":15.0,"key":"REST"},{"data":"Adrenaline","floor":23.0,"key":"SMITH"},{"data":"Setup","floor":32.0,"key":"SMITH"},{"data":"Apotheosis","floor":40,"key":"SMITH"},{"floor":42,"key":"REST"},{"floor":45,"key":"RECALL"},{"data":"Noxious Fumes","floor":49,"key":"SMITH"},{"data":"Well Laid Plans","floor":52,"key":"SMITH"}],"circlet_count":0,"master_deck":["Strike_G","Strike_G","Defend_G","Defend_G+1","Defend_G","Defend_G","Survivor","Neutralize","Bouncing Flask+1","Deadly Poison","Dagger Spray","Crippling Poison+1","Adrenaline+1","Setup+1","Bullet Time","Madness","Leg Sweep","Well Laid Plans+1","Venomology","Bane+1","Madness","Madness","Apotheosis+1","Noxious Fumes+1","Expertise","Night Terror","Burst"],"relics":["Ring of the Snake","Golden Idol","Mango","Old Coin","Gambling Chip","Busted Crown","Bag of Preparation","Red Mask","HornCleat","War Paint","Philosopher\u0027s Stone","Snake Skull","Dream Catcher","Bag of Marbles","Boot","Bronze Scales"],"acts_visited":["Exordium","TheCity","TheBeyond","TheEnding"],"potions_floor_usage":[35,38,46,50,55,55,55],"damage_taken":[{"damage":2.0,"enemies":"Small Slimes","floor":1.0,"turns":4.0},{"damage":0.0,"enemies":"Jaw Worm","floor":3.0,"turns":4.0},{"damage":0.0,"enemies":"Cultist","floor":5.0,"turns":4.0},{"damage":26.0,"enemies":"Lagavulin","floor":6.0,"turns":5.0},{"damage":0.0,"enemies":"2 Fungi Beasts","floor":8.0,"turns":3.0},{"damage":18.0,"enemies":"Gremlin Nob","floor":10.0,"turns":4.0},{"damage":0.0,"enemies":"Blue Slaver","floor":13.0,"turns":3.0},{"damage":2.0,"enemies":"Exordium Thugs","floor":14.0,"turns":4.0},{"damage":76.0,"enemies":"Slime Boss","floor":16.0,"turns":12.0},{"damage":9.0,"enemies":"3 Byrds","floor":18.0,"turns":5.0},{"damage":21.0,"enemies":"Masked Bandits","floor":21.0,"turns":4.0},{"damage":1.0,"enemies":"Chosen","floor":22.0,"turns":4.0},{"damage":9.0,"enemies":"Snake Plant","floor":24.0,"turns":4.0},{"damage":2.0,"enemies":"3 Cultists","floor":27.0,"turns":4.0},{"damage":11.0,"enemies":"Sentry and Sphere","floor":28.0,"turns":4.0},{"damage":3.0,"enemies":"Shelled Parasite and Fungi","floor":29.0,"turns":4.0},{"damage":0.0,"enemies":"Chosen and Byrds","floor":30.0,"turns":4.0},{"damage":62.0,"enemies":"Gremlin Leader","floor":31.0,"turns":8.0},{"damage":13,"enemies":"Collector","floor":33,"turns":12},{"damage":2,"enemies":"Orb Walker","floor":35,"turns":3},{"damage":7,"enemies":"3 Darklings","floor":38,"turns":7},{"damage":4,"enemies":"4 Shapes","floor":41,"turns":5},{"damage":7,"enemies":"Jaw Worm Horde","floor":46,"turns":5},{"damage":7,"enemies":"Donu and Deca","floor":50,"turns":6},{"damage":20,"enemies":"Shield and Spear","floor":54,"turns":6},{"damage":95,"enemies":"The Heart","floor":55,"turns":8}],"seed_played":"-1477934534757070998","potions_obtained":[{"floor":3.0,"key":"LiquidMemories"},{"floor":4.0,"key":"Fruit Juice"},{"floor":4.0,"key":"GamblersBrew"},{"floor":4.0,"key":"Fire Potion"},{"floor":8.0,"key":"LiquidBronze"},{"floor":13.0,"key":"Dexterity Potion"},{"floor":18.0,"key":"SpeedPotion"},{"floor":21.0,"key":"Dexterity Potion"},{"floor":22.0,"key":"Fire Potion"},{"floor":28.0,"key":"PowerPotion"},{"floor":33,"key":"Dexterity Potion"},{"floor":41,"key":"LiquidMemories"}],"is_trial":false,"path_per_floor":["M","?","M","?","M","E","R","M","T","E","?","?","M","M","R","B",null,"M","?","$","?","M","R","M","$","T","M","M","M","M","E","R","B",null,"M","?","?","M","$","R","M","R","T","?","R","M","$","?","R","B",null,"R","$","E","B",null],"character_chosen":"THE_SILENT","items_purchased":["Madness","Leg Sweep","HornCleat","Snake Skull","Apotheosis","Dream Catcher","Noxious Fumes","Expertise","Night Terror"],"campfire_rested":2,"item_purchase_floors":[20,25,25,39,39,39,47,47,53],"current_hp_per_floor":[68,51,51,56,56,44,44,44,44,26,26,26,26,24,50,80,89,80,80,80,59,58,58,49,49,49,47,36,33,33,89,89,76,89,87,87,76,69,69,69,65,89,89,89,89,82,82,82,82,75,89,89,89,69,23],"gold":172,"neow_bonus":"TRANSFORM_CARD","is_daily":false,"chose_seed":false,"campfire_upgraded":6,"win_rate":0.0,"timestamp":1611663075,"path_taken":["M","?","M","?","?","E","R","M","T","E","?","?","M","M","R","BOSS","M","?","$","?","M","R","M","$","T","M","M","M","M","E","R","BOSS","M","?","?","M","$","R","M","R","T","?","R","?","$","?","R","BOSS","R","$","E","BOSS"],"items_purchased_type":["Card","Card","Relic","Relic","Card","Relic","Card","Card","Card"],"build_version":"2020-12-22","purchased_purges":3,"victory":true,"max_hp_per_floor":[70,70,70,75,75,89,89,89,89,89,89,89,89,89,89,89,89,89,89,89,89,89,89,89,89,89,89,89,89,89,89,89,89,89,89,89,89,89,89,89,89,89,89,89,89,89,89,89,89,89,89,89,89,89,89],"relic_stats":{"Dream Catcher":1,"Busted Crown":32,"counters":[26,136],"Golden Idol":202,"Gambling Chip":[67],"Bronze Scales":[78],"Snake Skull":[124],"Bag of Preparation":[32],"War Paint":["Defend_G","Crippling Poison"],"Boot":[11],"obtain_stats":[{"Golden Idol":2,"Mango":6,"Snake Skull":39,"Bag of Preparation":19,"War Paint":31,"Boot":44,"Old Coin":9,"Dream Catcher":39,"Busted Crown":17,"HornCleat":25,"Gambling Chip":10,"Bronze Scales":54,"Philosopher\u0027s Stone":34,"Red Mask":21,"Bag of Marbles":43,"Ring of the Snake":0},{"Golden Idol":1,"Mango":4,"Snake Skull":21,"Bag of Preparation":10,"War Paint":18,"Boot":22,"Old Coin":5,"Dream Catcher":21,"Busted Crown":9,"HornCleat":13,"Gambling Chip":6,"Bronze Scales":25,"Philosopher\u0027s Stone":19,"Red Mask":11,"Bag of Marbles":22,"Ring of the Snake":0},{"Golden Idol":4,"Mango":17,"Snake Skull":106,"Bag of Preparation":48,"War Paint":84,"Boot":111,"Old Coin":20,"Dream Catcher":106,"Busted Crown":43,"HornCleat":60,"Gambling Chip":24,"Bronze Scales":128,"Philosopher\u0027s Stone":96,"Red Mask":52,"Bag of Marbles":111,"Ring of the Snake":0}],"Ring of the Snake":[52]},"card_choices":[{"not_picked":["Backflip","Flying Knee"],"picked":"Deadly Poison","floor":1.0},{"not_picked":["Choke","Poisoned Stab"],"picked":"Dagger Spray","floor":3.0},{"not_picked":["Dagger Throw","Slice","Heel Hook"],"picked":"SKIP","floor":5.0},{"not_picked":["Slice","Deflect"],"picked":"Crippling Poison","floor":6.0},{"not_picked":["Dagger Spray","Endless Agony"],"picked":"Adrenaline","floor":8.0},{"not_picked":["Dagger Spray","Sucker Punch","Accuracy"],"picked":"SKIP","floor":10.0},{"not_picked":["Riddle With Holes","Prepared","Heel Hook"],"picked":"SKIP","floor":13.0},{"not_picked":["Dagger Throw","Outmaneuver"],"picked":"Setup","floor":14.0},{"not_picked":["Grand Finale","Envenom"],"picked":"Bullet Time","floor":16.0},{"not_picked":["Deadly Poison"],"picked":"SKIP","floor":18.0},{"not_picked":["Sucker Punch"],"picked":"SKIP","floor":22.0},{"not_picked":["Backflip"],"picked":"SKIP","floor":24.0},{"not_picked":[],"picked":"Well Laid Plans","floor":27.0},{"not_picked":["Accuracy+1"],"picked":"SKIP","floor":28.0},{"not_picked":["Flying Knee"],"picked":"SKIP","floor":29.0},{"not_picked":["Sucker Punch"],"picked":"SKIP","floor":30.0},{"not_picked":["Distraction"],"picked":"SKIP","floor":31.0},{"not_picked":[],"picked":"Venomology","floor":33},{"not_picked":[],"picked":"Bane+1","floor":35},{"not_picked":["Quick Slash+1"],"picked":"SKIP","floor":38},{"not_picked":["Blade Dance+1"],"picked":"SKIP","floor":41},{"not_picked":["PiercingWail"],"picked":"SKIP","floor":46},{"not_picked":[],"picked":"Burst","floor":54}],"player_experience":635485,"relics_obtained":[{"floor":6.0,"key":"Mango"},{"floor":9.0,"key":"Old Coin"},{"floor":10.0,"key":"Gambling Chip"},{"floor":21.0,"key":"Red Mask"},{"floor":31.0,"key":"War Paint"},{"floor":43,"key":"Bag of Marbles"},{"floor":54,"key":"Bronze Scales"}],"event_choices":[{"damage_healed":0.0,"max_hp_gain":0.0,"max_hp_loss":0.0,"gold_gain":0.0,"event_name":"Golden Idol","player_choice":"Take Damage","floor":2.0,"gold_loss":0.0,"damage_taken":17.0,"relics_obtained":["Golden Idol"]},{"damage_healed":0.0,"max_hp_gain":0.0,"max_hp_loss":0.0,"gold_gain":0.0,"event_name":"Lab","player_choice":"Got Potions","floor":4.0,"gold_loss":0.0,"damage_taken":0.0},{"damage_healed":0.0,"max_hp_gain":0.0,"max_hp_loss":0.0,"gold_gain":0.0,"event_name":"Liars Game","player_choice":"Ignored","floor":11.0,"gold_loss":0.0,"damage_taken":0.0},{"damage_healed":0.0,"max_hp_gain":0.0,"max_hp_loss":0.0,"gold_gain":100.0,"event_name":"Golden Shrine","player_choice":"Pray","floor":12.0,"gold_loss":0.0,"damage_taken":0.0},{"damage_healed":0.0,"max_hp_gain":0.0,"max_hp_loss":0.0,"gold_gain":0.0,"event_name":"The Mausoleum","player_choice":"Opened","floor":19.0,"gold_loss":0.0,"damage_taken":0.0,"relics_obtained":["Bag of Preparation"],"cards_obtained":["Writhe"]},{"damage_healed":0.0,"max_hp_gain":0.0,"max_hp_loss":0.0,"gold_gain":0.0,"event_name":"Masked Bandits","player_choice":"Fought Bandits","floor":21.0,"gold_loss":0.0,"damage_taken":0.0},{"cards_removed":["Strike_G"],"damage_healed":0,"gold_gain":0,"player_choice":"Removed Attack","damage_taken":0,"max_hp_gain":0,"max_hp_loss":0,"event_name":"Falling","floor":36,"gold_loss":0},{"damage_healed":0,"gold_gain":0,"player_choice":"Embrace Madness","damage_taken":11,"max_hp_gain":0,"max_hp_loss":0,"event_name":"Winding Halls","floor":37,"gold_loss":0,"cards_obtained":["Madness","Madness"]},{"damage_healed":0,"gold_gain":0,"player_choice":"Gave Potion","damage_taken":0,"relics_obtained":["Boot"],"max_hp_gain":0,"max_hp_loss":0,"event_name":"WeMeetAgain","floor":44,"gold_loss":0},{"damage_healed":0,"gold_gain":222,"player_choice":"Wore Mask","damage_taken":0,"max_hp_gain":0,"max_hp_loss":0,"event_name":"Tomb of Lord Red Mask","floor":48,"gold_loss":0}],"is_beta":false,"boss_relics":[{"not_picked":["Runic Dome","Calling Bell"],"picked":"Busted Crown"},{"not_picked":["WristBlade","HoveringKite"],"picked":"Philosopher\u0027s Stone"}],"items_purged_floors":[20,25,39],"is_endless":false,"potions_floor_spawned":[3,5,8,13,18,21,22,28,33,41,54],"ascension_level":0}}