{"host":"nb3r5a3er9rrnn3n","time":1611635034,"event":{"mods":["BaseMod","Colored Map","Downfall","Minty Spire (QoL Compilation)","Spire Arcade","StSLib"],"gold_per_floor":[0,13,30,50,500,527,606,192,192,205,205,233,233,233],"floor_reached":12,"language":"ENG","playtime":637,"items_purged":["downfall:Icky"],"score":110,"play_id":"0af4af83-8375-47df-a53b-7fab9623ad91","local_time":"20210126152354","is_ascension_mode":true,"campfire_choices":[{"data":"bronze:Goto","floor":1,"key":"SMITH"},{"data":"bronze:OilSpill","floor":9,"key":"SMITH"}],"circlet_count":0,"master_deck":["bronze:Strike+1","bronze:Strike","bronze:Strike","bronze:Defend+1","bronze:Defend+1","bronze:Defend","bronze:Replicate","bronze:Goto+1","bronze:NullPointer","bronze:Safeguard","bronze:OilSpill+1","downfall:Icky","downfall:Icky","bronze:ItsAFeature","bronze:InfiniteBeams","downfall:Malfunctioning"],"relics":["bronze:BronzeCore","bronze:SilverBullet","Pantograph","Ornamental Fan","Darkstone Periapt"],"acts_visited":["Exordium"],"potions_floor_usage":[],"damage_taken":[{"damage":2,"enemies":"Jaw Worm","floor":2,"turns":4},{"damage":0,"enemies":"2 Louse","floor":3,"turns":2},{"damage":0,"enemies":"Cultist","floor":4,"turns":3},{"damage":17,"enemies":"Lagavulin","floor":6,"turns":7},{"damage":1,"enemies":"downfall:FleeingMerchant","floor":8,"turns":4},{"damage":0,"enemies":"3 Louse","floor":10,"turns":2},{"damage":38,"enemies":"Gremlin Nob","floor":12,"turns":5}],"seed_played":"-2443239543494814614","potions_obtained":[{"floor":2,"key":"FairyPotion"},{"floor":3,"key":"BlessingOfTheForge"},{"floor":10,"key":"ColorlessPotion"}],"is_trial":false,"path_per_floor":["R","M","M","M","?","E","T","$","R","M","?","E"],"character_chosen":"THE_AUTOMATON","items_purchased":["bronze:InfiniteBeams","Ornamental Fan"],"campfire_rested":0,"item_purchase_floors":[8,8],"current_hp_per_floor":[70,68,68,68,68,51,51,50,50,50,50,12,12,12],"gold":233,"neow_bonus":"REMOVE_TWO","is_daily":false,"chose_seed":false,"campfire_upgraded":2,"win_rate":0.0,"timestamp":1611635034,"path_taken":["R","M","M","M","?","E","T","$","R","M","?","E"],"items_purchased_type":["Card","Relic"],"build_version":"2020-12-22","purchased_purges":1,"victory":false,"max_hp_per_floor":[70,70,70,70,70,70,70,70,70,70,70,70,70,70],"card_choices":[{"not_picked":["bronze:Deprecate","bronze:WildBeam"],"picked":"bronze:NullPointer","floor":2},{"not_picked":["bronze:CutThrough","bronze:Refactor"],"picked":"bronze:Safeguard","floor":3},{"not_picked":["bronze:BronzeOrb","bronze:Safeguard"],"picked":"bronze:OilSpill","floor":4},{"not_picked":["bronze:OilSpill","bronze:Frontload"],"picked":"bronze:ItsAFeature","floor":6},{"not_picked":["bronze:Frontload","bronze:DelayedSlice","bronze:Turbo"],"picked":"SKIP","floor":8},{"not_picked":["bronze:Invalidate","bronze:Repair","bronze:CutThrough"],"picked":"SKIP","floor":10}],"player_experience":1937445,"relics_obtained":[{"floor":6,"key":"bronze:SilverBullet"},{"floor":7,"key":"Pantograph"},{"floor":12,"key":"Darkstone Periapt"}],"event_choices":[],"is_beta":false,"boss_relics":[],"items_purged_floors":[8],"is_endless":false,"potions_floor_spawned":[2,3,10],"killed_by":"Gremlin Nob","ascension_level":5}}