{"host":"njo8qgvy2a57fcny","time":1611629523,"event":{"mods":["Aspiration","BaseMod","BetterRewards","CCEM","Colored Map","Colored Powertips","Conspire","Custom Start","Downfall","Energized Spire","GifTheSpireLib","Halation","Hermit","Hubris","Infinite Spire","Jedi Mod","Jorbs\u0027s Wanderer Trilogy","Mimic Mod","Minty Spire (QoL Compilation)","Quick Restart","Random Character Button","Random Character Mod","Rare Cards Sparkle","Relic Sorter","Replay The Spire","Shop Mod","StSLib","Stuff the Spire","The Animator","The Jungle","The Runesmith","The Servant 0.9.4","Unceasing Turn Reminder","thorton"],"gold_per_floor":[99,119,139,139,155,183,183,183,197,216,242,262,288,305,321,394,394,394,49,49,34,51,51,51,67,67,67,67,67,67],"floor_reached":28,"language":"ENG","playtime":2049,"items_purged":[],"score":530,"play_id":"ece296ef-17fb-4561-8968-179cdfd644b3","local_time":"20210126135203","is_ascension_mode":true,"campfire_choices":[{"data":"Slimebound:CorrosiveSpit","floor":1,"key":"SMITH"},{"data":"Slimebound:DuplicatedForm","floor":18,"key":"SMITH"},{"data":"Slimebound:DouseInSlime","floor":23,"key":"SMITH"},{"data":"Magnetism","floor":26,"key":"SMITH"}],"circlet_count":0,"master_deck":["AscendersBane","Slimebound:Strike_Slimebound","Slimebound:Strike_Slimebound","Slimebound:Strike_Slimebound","Slimebound:Tackle","Slimebound:Defend_Slimebound","Slimebound:Defend_Slimebound","Slimebound:Defend_Slimebound","Slimebound:Defend_Slimebound","Slimebound:Split","Slimebound:CorrosiveSpit+1","Slimebound:SlimeSlap","Slimebound:Equalize","Slimebound:Schlurp","StuffTheSpire:CuriosityCurse","Slimebound:GoopSpray","Slimebound:DouseInSlime+1","Slimebound:GoopSpray","Slimebound:SpikyOuterGoop","Slimebound:LivingWall","Slimebound:SlimeSpikes","Slimebound:LeechingTouch","Slimebound:SplitMire","Slimebound:LivingWall","Slimebound:DuplicatedForm+1","Slimebound:SplitMire","Magnetism+1","Slimebound:LeechEnergy","Slimebound:SpikyOuterGoop","Slimebound:MinionMaster","Slimebound:Prepare","hubris:Greed","Slimebound:SamplingLick","hubris:Greed"],"relics":["Slimebound:AbsorbEndCombat","aspiration:AnachronicSnailShell","ReplayFunnel","CCEMRelics:TechnogenicHelmet","conspire:DeflatedDodgeball","Replay:Rubber Ducky","aspiration:RunicSpoon","infinitespire:FocusingShard","hubris:Towel"],"acts_visited":["Exordium","TheCity"],"potions_floor_usage":[3,3,6,13,16,28],"damage_taken":[{"damage":11,"enemies":"Cultist","floor":2,"turns":4},{"damage":0,"enemies":"2 Louse","floor":3,"turns":2},{"damage":7,"enemies":"Jaw Worm","floor":5,"turns":6},{"damage":48,"enemies":"3 Sentries","floor":6,"turns":8},{"damage":9,"enemies":"Red Slaver","floor":9,"turns":4},{"damage":16,"enemies":"Gremlin Gang","floor":10,"turns":5},{"damage":20,"enemies":"Lagavulin","floor":11,"turns":6},{"damage":0,"enemies":"2 Fungi Beasts","floor":12,"turns":4},{"damage":16,"enemies":"3 Sentries","floor":13,"turns":7},{"damage":2,"enemies":"Blue Slaver","floor":14,"turns":5},{"damage":0,"enemies":"Large Slime","floor":15,"turns":5},{"damage":48,"enemies":"WA_ARCHETYPE_RETAIN","floor":16,"turns":17},{"damage":16,"enemies":"downfall:FleeingMerchant","floor":19,"turns":4},{"damage":16,"enemies":"downfall:FleeingMerchant","floor":21,"turns":4},{"damage":36,"enemies":"Spheric Guardian","floor":22,"turns":7},{"damage":15,"enemies":"Chosen","floor":25,"turns":6},{"damage":63,"enemies":"Book of Stabbing","floor":28,"turns":6}],"seed_played":"6989221204913776803","potions_obtained":[{"floor":2,"key":"SkillPotion"},{"floor":3,"key":"Fruit Juice"},{"floor":5,"key":"SkillPotion"},{"floor":11,"key":"Adrenaline Potion"},{"floor":13,"key":"ColorlessPotion"},{"floor":25,"key":"FearPotion"}],"is_trial":false,"path_per_floor":["R","M","M","?","M","E","T","?","M","M","E","M","E","M","M","B",null,"R","$","?","$","M","R","T","M","R","?","E"],"character_chosen":"SLIMEBOUND","items_purchased":["Magnetism","Slimebound:LeechEnergy","Slimebound:SpikyOuterGoop"],"campfire_rested":0,"item_purchase_floors":[19,19,19],"current_hp_per_floor":[53,48,57,57,62,38,38,38,41,41,37,41,41,47,63,22,54,54,53,53,64,45,45,45,49,49,49,0,0,0],"gold":67,"neow_bonus":"ONE_RANDOM_RARE_CARD","is_daily":false,"chose_seed":false,"campfire_upgraded":4,"win_rate":0.0,"timestamp":1611629523,"path_taken":["R","M","M","?","M","E","T","?","M","M","E","M","E","M","M","BOSS","R","?","?","?","?","R","T","M","R","?","E"],"items_purchased_type":["Card","Card","Card"],"build_version":"2020-12-22","purchased_purges":0,"victory":false,"max_hp_per_floor":[59,59,64,64,64,64,64,64,64,64,64,64,64,64,64,64,64,64,64,64,64,64,64,64,64,64,64,64,64,64],"card_choices":[{"not_picked":["Slimebound:SamplingLick","Slimebound:ProtectTheBoss"],"picked":"Slimebound:Equalize","floor":2},{"not_picked":["Slimebound:SamplingLick","Slimebound:SplitBruiser"],"picked":"Slimebound:Schlurp","floor":3},{"not_picked":["Slimebound:Nibble","Slimebound:ItLooksTasty"],"picked":"Slimebound:GoopSpray","floor":5},{"not_picked":["Slimebound:SlimeSpikes","Slimebound:HauntingLick"],"picked":"Slimebound:DouseInSlime","floor":6},{"not_picked":["Slimebound:SplitBruiser","Slimebound:FlameTackle"],"picked":"Slimebound:GoopSpray","floor":9},{"not_picked":["Slimebound:SlimeBrawl","Slimebound:FinishingTackle"],"picked":"Slimebound:SpikyOuterGoop","floor":10},{"not_picked":["Slimebound:PrepareCrush","Slimebound:ForwardTackle"],"picked":"Slimebound:LivingWall","floor":11},{"not_picked":["Slimebound:RollThrough","Slimebound:Repurpose"],"picked":"Slimebound:SlimeSpikes","floor":12},{"not_picked":["Slimebound:SlimeSpikes","Slimebound:ForwardTackle"],"picked":"Slimebound:LeechingTouch","floor":13},{"not_picked":["Slimebound:SpikyOuterGoop","Slimebound:SlimeSpikes"],"picked":"Slimebound:SplitMire","floor":14},{"not_picked":["Slimebound:SlimeSpikes","Slimebound:GoopTackle"],"picked":"Slimebound:LivingWall","floor":15},{"not_picked":["Slimebound:MinionMaster","Slimebound:SelfFormingGoo"],"picked":"Slimebound:DuplicatedForm","floor":16},{"not_picked":["Slimebound:Gluttony","Slimebound:SlimeSpikes"],"picked":"Slimebound:SplitMire","floor":19},{"not_picked":["Slimebound:GrowthPunch","Slimebound:Equalize"],"picked":"Slimebound:MinionMaster","floor":21},{"not_picked":["Slimebound:Dissolve","Slimebound:GrowthPunch"],"picked":"Slimebound:Prepare","floor":22},{"not_picked":["Slimebound:HauntingLick","Slimebound:SplitBruiser"],"picked":"Slimebound:SamplingLick","floor":25}],"player_experience":703687,"relics_obtained":[{"floor":6,"key":"ReplayFunnel"},{"floor":7,"key":"CCEMRelics:TechnogenicHelmet"},{"floor":11,"key":"conspire:DeflatedDodgeball"},{"floor":13,"key":"Replay:Rubber Ducky"},{"floor":24,"key":"infinitespire:FocusingShard"}],"event_choices":[],"is_beta":false,"boss_relics":[{"not_picked":["SlaversCollar","SacredBark"],"picked":"aspiration:RunicSpoon"}],"items_purged_floors":[],"is_endless":false,"potions_floor_spawned":[2,3,5,11,13,25],"killed_by":"Book of Stabbing","ascension_level":20}}