{"host":"snn1c4qsf0fj7fzf","time":1611627163,"event":{"mods":["AchievementEnabler","Aspiration","Astrologer","BaseMod","Colored Powertips","Downfall","Hermit","Infinite Spire","Lobotomy","Marisa????????","Minty Spire (QoL Compilation)","Random Character Button","Rare Cards Sparkle","Reimu??????","Reliquary","Replay The Spire","Shop Mod","Spire Arcade","StSLib","The Administrix","The Cursed","The Gatherer","The Hierophant","The Poker Player","The Runesmith","Wandering Minibosses"],"gold_per_floor":[117,117,42,53,53,53,126,151,225,250,275,292,292,307,307,407,407,426,426,426,156,156,156,184,184,184,184,209,234,276,306,318,425,437,466,112,126,0,0,0,33,53,98,116,116,151,151,6,6,13,13],"floor_reached":50,"language":"ENG","playtime":3894,"items_purged":["Defend_B","Strike_B","Defend_B"],"score":701,"play_id":"82ea4b92-2aa0-43f3-ae0e-e6db1bfc3968","local_time":"20210126101243","is_ascension_mode":true,"campfire_choices":[{"data":"Zap","floor":6,"key":"SMITH"},{"floor":15,"key":"REST"},{"data":"Hologram","floor":23,"key":"SMITH"},{"data":"Dualcast","floor":25,"key":"SMITH"},{"data":"Conserve Battery","floor":27,"key":"SMITH"},{"floor":32,"key":"REST"},{"floor":40,"key":"REST"},{"data":"JA","floor":45,"key":"SMITH"},{"floor":47,"key":"REST"},{"floor":49,"key":"DIG"}],"circlet_count":0,"master_deck":["Zap+1","Dualcast+1","Conserve Battery+1","Doom and Gloom+1","Hologram+1","FairyDestructionRay+1","Reboot","JA+1","PropBag+1","Conserve Battery","Beam Cell+1","Gash+1","Hologram+1","StarlightTyphoon","UnstableBomb+1","Singularity"],"relics":["Cracked Core","infinitespire:BottledMercury","Omamori","Bottled Flame","aspiration:SeaSaltIceCream","CrazyTorch:ReiMu","reliquary:TuningFork","aspiration:MarisaSkillbook","Replay:Blank Codex","Replay:Lucky Slots","Strawberry","Replay:PocketPolymizer","MawBank","Replay:Mystery Machine","Sozu","reliquary:QuartzCube","Red Mask","Singing Bowl","Happy Flower","infinitespire:Freezer","reliquary:Buckler","CaptainsWheel","Gremlin Horn"],"acts_visited":["Exordium","TheCity","TheBeyond"],"potions_floor_usage":[8,16,24,33,35],"damage_taken":[{"damage":8,"enemies":"Small Slimes","floor":1,"turns":3},{"damage":0,"enemies":"Cultist","floor":4,"turns":3},{"damage":11,"enemies":"Lagavulin","floor":8,"turns":7},{"damage":29,"enemies":"3 Sentries","floor":10,"turns":5},{"damage":0,"enemies":"Jaw Worm","floor":12,"turns":4},{"damage":7,"enemies":"Blue Slaver","floor":14,"turns":2},{"damage":11,"enemies":"Hexaghost","floor":16,"turns":6},{"damage":0,"enemies":"3 Byrds","floor":18,"turns":2},{"damage":0,"enemies":"Gremlin Leader","floor":24,"turns":4},{"damage":9,"enemies":"Book of Stabbing","floor":28,"turns":4},{"damage":0,"enemies":"Spheric Guardian","floor":29,"turns":2},{"damage":16,"enemies":"Gremlin Leader","floor":30,"turns":5},{"damage":20,"enemies":"Centurion and Healer","floor":31,"turns":5},{"damage":0,"enemies":"Champ","floor":33,"turns":7},{"damage":2,"enemies":"3 Darklings","floor":35,"turns":3},{"damage":21,"enemies":"Orb Walker","floor":37,"turns":3},{"damage":12,"enemies":"Nemesis","floor":41,"turns":5},{"damage":19,"enemies":"Transient","floor":42,"turns":5},{"damage":12,"enemies":"4 Shapes","floor":44,"turns":3},{"damage":48,"enemies":"Giant Head","floor":46,"turns":7},{"damage":45,"enemies":"Awakened One","floor":50,"turns":6}],"seed_played":"-1219174761809475259","potions_obtained":[{"floor":1,"key":"Languid Potion"},{"floor":12,"key":"BlessingOfTheForge"},{"floor":18,"key":"Explosive Potion"},{"floor":29,"key":"Venom Potion"},{"floor":30,"key":"Doom Potion"},{"floor":33,"key":"DistilledChaos"}],"is_trial":false,"path_per_floor":["M","?","$","M","$","R","T","E","T","E","T","M","?","M","R","B",null,"M","?","?","$","?","R","E","R","T","R","E","M","E","M","R","B",null,"M","$","M","?","?","R","E","M","T","M","R","E","R","$","R","B"],"character_chosen":"DEFECT","items_purchased":["Replay:Lucky Slots","reliquary:QuartzCube","reliquary:Buckler"],"campfire_rested":4,"item_purchase_floors":[21,36,48],"current_hp_per_floor":[60,60,60,60,60,60,60,49,49,20,20,20,20,13,33,22,68,68,52,40,40,40,40,47,47,47,47,38,38,22,2,26,26,80,78,78,57,57,57,80,68,61,61,51,51,5,30,30,30,0,0],"gold":13,"neow_bonus":"REMOVE_TWO","is_daily":false,"chose_seed":false,"campfire_upgraded":5,"win_rate":0.0,"timestamp":1611627163,"path_taken":["M","?","$","?","?","R","?","E","T","E","?","M","?","M","R","BOSS","M","?","?","$","?","R","E","R","T","R","E","M","E","M","R","BOSS","M","$","M","?","?","R","E","M","T","?","R","E","R","$","R","BOSS"],"items_purchased_type":["Relic","Relic","Relic"],"build_version":"2020-12-22","purchased_purges":3,"victory":false,"max_hp_per_floor":[68,68,68,68,68,68,68,68,68,68,68,68,68,68,68,68,68,68,68,73,73,73,73,80,80,80,80,80,80,80,80,80,80,80,80,80,80,80,80,80,80,82,82,84,84,86,86,86,86,86,86],"card_choices":[{"not_picked":["Hologram","Cold Snap"],"picked":"Conserve Battery","floor":1},{"not_picked":["Turbo","Aggregate"],"picked":"Doom and Gloom","floor":4},{"not_picked":["Mirror Shield","Recycle"],"picked":"Hologram","floor":8},{"not_picked":["Time Bomb","Rebound","Redo"],"picked":"SKIP","floor":10},{"not_picked":["Coolheaded","Cold Snap","Beam Cell"],"picked":"SKIP","floor":12},{"not_picked":["Time Bomb","Steam"],"picked":"Go for the Eyes","floor":14},{"not_picked":["ReplayRNGCard","Hyperbeam"],"picked":"Machine Learning","floor":16},{"not_picked":["BasicCrystalCard+1","EventHorizon","Barrage"],"picked":"FairyDestructionRay+1","floor":18},{"not_picked":["BasicCrystalCard","Acceleration","EventHorizon"],"picked":"Reboot","floor":24},{"not_picked":["Orbital","GravityBeat","BasicCrystalCard+1","SporeBomb+1"],"picked":"SKIP","floor":28},{"not_picked":["Genetic Algorithm","Lockon","ReplaySolidLightProjector","Sweeping Beam"],"picked":"SKIP","floor":29},{"not_picked":["Beam Cell","Go for the Eyes","Conserve Battery"],"picked":"PropBag","floor":30},{"not_picked":["MilkyWay","PowerUp","Stack"],"picked":"Conserve Battery","floor":31},{"not_picked":["Leap+1","WitchLeyline+1","6A"],"picked":"Gash+1","floor":35},{"not_picked":["Coolheaded","White Noise","Ball Lightning"],"picked":"Hologram+1","floor":37},{"not_picked":["Capacitor","WitchLeyline","DragonMeteor+1"],"picked":"UnstableBomb+1","floor":41},{"not_picked":["Tempest","ReplaySolidLightProjector","DeepEcoloBomb","SporeBomb"],"picked":"Singing Bowl","floor":42},{"not_picked":["WitchLeyline","SprinkleStarSeal","WitchOfGreed+1","NonDirectionalLaser"],"picked":"Singing Bowl","floor":44},{"not_picked":["AbsoluteMagnitude","6A","aspiration:Polymerization","Robbery+1"],"picked":"Singing Bowl","floor":46}],"player_experience":324580,"relics_obtained":[{"floor":7,"key":"infinitespire:BottledMercury"},{"floor":8,"key":"Omamori"},{"floor":9,"key":"Bottled Flame"},{"floor":10,"key":"aspiration:SeaSaltIceCream"},{"floor":11,"key":"reliquary:TuningFork"},{"floor":19,"key":"Replay:Blank Codex"},{"floor":24,"key":"Strawberry"},{"floor":26,"key":"Replay:PocketPolymizer"},{"floor":28,"key":"MawBank"},{"floor":30,"key":"Replay:Mystery Machine"},{"floor":41,"key":"Singing Bowl"},{"floor":43,"key":"Happy Flower"},{"floor":46,"key":"infinitespire:Freezer"},{"floor":49,"key":"CaptainsWheel"}],"event_choices":[{"cards_removed":["Defend_B"],"damage_healed":0,"gold_gain":0,"player_choice":"Offered Basic","damage_taken":0,"max_hp_gain":0,"max_hp_loss":0,"event_name":"Bonfire Elementals","floor":2,"gold_loss":0},{"damage_healed":0,"gold_gain":0,"player_choice":"Upgraded","damage_taken":0,"max_hp_gain":0,"max_hp_loss":0,"event_name":"Upgrade Shrine","floor":13,"gold_loss":0,"cards_upgraded":["Doom and Gloom"]},{"damage_healed":0,"gold_gain":0,"player_choice":"Obtained Book","damage_taken":16,"max_hp_gain":0,"max_hp_loss":0,"event_name":"Cursed Tome","floor":19,"gold_loss":0},{"damage_healed":0,"gold_gain":0,"player_choice":"Shed Blood","damage_taken":17,"max_hp_gain":5,"max_hp_loss":0,"event_name":"Forgotten Altar","floor":20,"gold_loss":0},{"damage_healed":0,"gold_gain":0,"player_choice":"Ignored","damage_taken":0,"max_hp_gain":0,"max_hp_loss":0,"event_name":"Ghosts","floor":22,"gold_loss":0},{"damage_healed":0,"gold_gain":0,"player_choice":"Paid","damage_taken":0,"relics_obtained":["Red Mask"],"max_hp_gain":0,"max_hp_loss":0,"event_name":"Tomb of Lord Red Mask","floor":38,"gold_loss":126},{"damage_healed":0,"gold_gain":0,"player_choice":"Ignored","damage_taken":0,"max_hp_gain":0,"max_hp_loss":0,"event_name":"SecretPortal","floor":39,"gold_loss":0}],"is_beta":false,"boss_relics":[{"not_picked":["aspiration:SilentSkillbook","aspiration:MobileForge"],"picked":"aspiration:MarisaSkillbook"},{"not_picked":["reliquary:RedPaperclip","Coffee Dripper"],"picked":"Sozu"}],"items_purged_floors":[3,21,36],"is_endless":false,"potions_floor_spawned":[1,12,18,29,30,33,37,44,46],"killed_by":"Awakened One","ascension_level":2}}