{"host":"qdfumeom6htv8yxl","time":1611686899,"event":{"mods":["AchievementEnabler","BaseMod","Bestiary","Block Reminder","Minty Spire (QoL Compilation)","Quick Restart","Relic Stats"],"gold_per_floor":[364,329,0,0,12,12,87,87,87,113,5,5,36,59,59,59,59],"floor_reached":16,"language":"ENG","playtime":596,"items_purged":[],"score":203,"play_id":"335a3a38-d9ad-4a84-89d8-1c73b1391489","local_time":"20210126124819","is_ascension_mode":true,"campfire_choices":[{"data":"Beam Cell","floor":6,"key":"SMITH"},{"data":"Beam Cell","floor":8,"key":"SMITH"},{"floor":12,"key":"REST"},{"data":"Go for the Eyes","floor":15,"key":"SMITH"}],"circlet_count":0,"master_deck":["AscendersBane","Strike_B","Strike_B","Strike_B","Defend_B","Defend_B","Defend_B","Defend_B","Zap","Dualcast","Beam Cell+1","Beam Cell+1","Sweeping Beam","Go for the Eyes+1","Gash","BootSequence","Gash"],"relics":["Cracked Core","Gremlin Horn","Dream Catcher","Boot","Happy Flower","Odd Mushroom"],"acts_visited":["Exordium"],"potions_floor_usage":[11,16],"damage_taken":[{"damage":4,"enemies":"Jaw Worm","floor":1,"turns":4},{"damage":2,"enemies":"Small Slimes","floor":5,"turns":3},{"damage":11,"enemies":"Gremlin Nob","floor":10,"turns":3},{"damage":20,"enemies":"Lagavulin","floor":13,"turns":5},{"damage":0,"enemies":"The Mushroom Lair","floor":14,"turns":3},{"damage":36,"enemies":"Hexaghost","floor":16,"turns":9}],"seed_played":"-4554437293544447275","potions_obtained":[{"floor":13,"key":"PotionOfCapacity"},{"floor":14,"key":"DistilledChaos"}],"is_trial":false,"path_per_floor":["M","?","$","?","M","R","?","R","T","E","$","R","E","?","R","B"],"character_chosen":"DEFECT","items_purchased":["Gremlin Horn","Beam Cell","Fruit Juice"],"campfire_rested":1,"item_purchase_floors":[3,3,11],"current_hp_per_floor":[42,59,59,52,50,50,39,39,39,28,33,55,35,35,35,0,0],"gold":59,"neow_bonus":"TWO_FIFTY_GOLD","is_daily":false,"chose_seed":false,"campfire_upgraded":3,"win_rate":0.0,"timestamp":1611686899,"path_taken":["M","?","$","?","M","R","?","R","T","E","?","R","E","?","R","BOSS"],"items_purchased_type":["Relic","Card","Potion"],"build_version":"2020-12-22","purchased_purges":0,"victory":false,"max_hp_per_floor":[71,71,71,71,71,71,71,71,71,71,76,76,76,76,76,76,76],"relic_stats":{"Dream Catcher":1,"Gremlin Horn":[3,3],"Happy Flower":[4],"counters":[6,27],"Boot":[20],"obtain_stats":[{"Dream Catcher":9,"Gremlin Horn":3,"Happy Flower":13,"Odd Mushroom":14,"Cracked Core":0,"Boot":10},{"Dream Catcher":2,"Gremlin Horn":1,"Happy Flower":4,"Odd Mushroom":5,"Cracked Core":0,"Boot":3},{"Dream Catcher":7,"Gremlin Horn":4,"Happy Flower":15,"Odd Mushroom":18,"Cracked Core":0,"Boot":10}]},"card_choices":[{"not_picked":["Redo","Heatsinks"],"picked":"Beam Cell","floor":1},{"not_picked":["Compile Driver","Cold Snap"],"picked":"Sweeping Beam","floor":5},{"not_picked":["Force Field","Beam Cell"],"picked":"Go for the Eyes","floor":10},{"not_picked":["Go for the Eyes","BootSequence"],"picked":"Gash","floor":12},{"not_picked":["Undo","Electrodynamics"],"picked":"BootSequence","floor":13},{"not_picked":["Rebound","Force Field"],"picked":"Gash","floor":14}],"player_experience":1839664,"relics_obtained":[{"floor":9,"key":"Dream Catcher"},{"floor":10,"key":"Boot"},{"floor":13,"key":"Happy Flower"},{"floor":14,"key":"Odd Mushroom"}],"event_choices":[{"damage_healed":17,"gold_gain":0,"player_choice":"Healed","damage_taken":0,"max_hp_gain":0,"max_hp_loss":0,"event_name":"The Cleric","floor":2,"gold_loss":35},{"cards_removed":["Strike_B"],"damage_healed":0,"gold_gain":0,"player_choice":"Card Removal","damage_taken":7,"max_hp_gain":0,"max_hp_loss":0,"event_name":"Golden Wing","floor":4,"gold_loss":0},{"damage_healed":0,"gold_gain":75,"player_choice":"Gather Gold","damage_taken":11,"max_hp_gain":0,"max_hp_loss":0,"event_name":"World of Goop","floor":7,"gold_loss":0},{"damage_healed":0,"gold_gain":0,"player_choice":"Fought Mushrooms","damage_taken":0,"max_hp_gain":0,"max_hp_loss":0,"event_name":"Mushrooms","floor":14,"gold_loss":0}],"is_beta":false,"boss_relics":[],"items_purged_floors":[],"is_endless":false,"potions_floor_spawned":[13,14],"killed_by":"Hexaghost","ascension_level":19}}