{"host":"9p8ljyyt9iu4be92","time":1611700752,"event":{"mods":["AchievementEnabler","BaseMod","Challenge The Spire","Colored Map","Downfall","Hubris","Minty Spire (QoL Compilation)","StSLib","The Bug Knight","slay the spire mod where everything is the same but ironclad has a cowboy hat"],"gold_per_floor":[99,115,115,135,149,134,157,57,88,106,122,142,42,27,47,143,143,143,154,154,167,2,2,25,58,58,58,84,84,102,127,146,243,243,243,243,262,278,278,291,308,206,235,235,252,264,264],"floor_reached":51,"language":"ENG","playtime":6182,"items_purged":["Guardian:Defend_Guardian"],"score":789,"play_id":"d19e1b67-e6dd-48db-995f-e5d9da3d9354","local_time":"20210126173912","is_ascension_mode":false,"campfire_choices":[{"floor":1,"key":"RECALL"},{"data":"Guardian:TwinSlam","floor":8,"key":"SMITH"},{"floor":13,"key":"REST"},{"data":"Guardian:HyperBeam_Guardian","floor":18,"key":"SMITH"},{"floor":23,"key":"REST"},{"floor":26,"key":"REST"},{"data":"Guardian:FloatingOrbs","floor":35,"key":"SMITH"}],"circlet_count":0,"master_deck":["Guardian:Defend_Guardian","Guardian:TwinSlam+1","Guardian:ChargeCore","Guardian:ConstructionForm","hubris:DuctTapeCard","Guardian:Reroute","Guardian:TemporalStrike","Guardian:CrystalBeam","Guardian:FloatingOrbs+1","Guardian:HyperBeam_Guardian+1","Guardian:ArmoredProtocol+1","Slimebound:Tackle+1","Slimebound:Tackle+1","Guardian:Reroute+1","Guardian:ShieldCharger+1","Guardian:VentSteam+1","Guardian:AncientConstruct","Guardian:Preprogram","Guardian:StasisField","Guardian:Gem_Yellow","Guardian:Gem_Cyan","Guardian:Incinerate+1","Guardian:FastForward","Guardian:TemporalShield+1","Thinking Ahead","Guardian:SentryBeam","Guardian:DonusPower+1","Guardian:ShieldCharger+1"],"relics":["Guardian:ModeShifter","Gremlin Horn","PreservedInsect","downfall:HeartBlessingRed","hubris:DuctTape","downfall:HeartBlessingGreen","hubris:GrandSneckoEye","Membership Card","Oddly Smooth Stone","Juzu Bracelet","Vajra","hubris:Teleporter","hubris:Stopwatch","Shuriken","hubris:PeanutButter","hubris:AstralHammer","The Courier","Bag of Marbles"],"acts_visited":["Exordium","TheCity","TheBeyond"],"potions_floor_usage":[16,16,21,28,33,44,50],"damage_taken":[{"damage":3,"enemies":"Cultist","floor":2,"turns":5},{"damage":0,"enemies":"Small Slimes","floor":4,"turns":3},{"damage":11,"enemies":"Jaw Worm","floor":5,"turns":3},{"damage":5,"enemies":"downfall:FleeingMerchant","floor":6,"turns":4},{"damage":18,"enemies":"HollowMod:MossKnight","floor":9,"turns":14},{"damage":0,"enemies":"3 Louse","floor":10,"turns":2},{"damage":7,"enemies":"Blue Slaver","floor":11,"turns":3},{"damage":0,"enemies":"2 Fungi Beasts","floor":12,"turns":3},{"damage":9,"enemies":"downfall:FleeingMerchant","floor":14,"turns":4},{"damage":0,"enemies":"Red Slaver","floor":15,"turns":3},{"damage":21,"enemies":"SI_SHIV_ARCHETYPE","floor":16,"turns":7},{"damage":10,"enemies":"Chosen","floor":19,"turns":3},{"damage":30,"enemies":"Shelled Parasite and Fungi","floor":21,"turns":3},{"damage":23,"enemies":"downfall:FleeingMerchant","floor":22,"turns":4},{"damage":0,"enemies":"Slavers","floor":25,"turns":1},{"damage":0,"enemies":"HollowMod:Nosk","floor":28,"turns":5},{"damage":0,"enemies":"Centurion and Healer","floor":30,"turns":1},{"damage":17,"enemies":"Book of Stabbing","floor":31,"turns":3},{"damage":5,"enemies":"Snake Plant","floor":32,"turns":3},{"damage":31,"enemies":"DF_ARCHETYPE_CLAW","floor":33,"turns":7},{"damage":11,"enemies":"3 Darklings","floor":38,"turns":4},{"damage":3,"enemies":"3 Shapes","floor":40,"turns":1},{"damage":0,"enemies":"3 Darklings","floor":43,"turns":3},{"damage":6,"enemies":"4 Shapes","floor":44,"turns":1},{"damage":0,"enemies":"downfall:FleeingMerchant","floor":45,"turns":1},{"damage":0,"enemies":"Giant Head","floor":46,"turns":6},{"damage":0,"enemies":"Spire Growth","floor":48,"turns":4},{"damage":0,"enemies":"Transient","floor":49,"turns":5},{"damage":41,"enemies":"IC_BLOCK_ARCHETYPE","floor":50,"turns":8}],"seed_played":"4732803620260156968","potions_obtained":[{"floor":5,"key":"FearPotion"},{"floor":9,"key":"Dexterity Potion"},{"floor":11,"key":"ColorlessPotion"},{"floor":12,"key":"ColorlessPotion"},{"floor":15,"key":"BlessingOfTheForge"},{"floor":16,"key":"champ:CounterPotion"},{"floor":19,"key":"ColorlessPotion"},{"floor":25,"key":"Swift Potion"},{"floor":30,"key":"SteroidPotion"},{"floor":32,"key":"SpeedPotion"},{"floor":43,"key":"SpeedPotion"},{"floor":44,"key":"LiquidMemories"},{"floor":48,"key":"SteroidPotion"},{"floor":49,"key":"bronze:BurnAndBuffPotion"}],"is_trial":false,"path_per_floor":["R","M","T","M","M","$","T","R","E","M","M","M","R","$","M","B",null,"R","M","?","M","$","R","T","E","R","?","E","?","M","E","M","B",null,"R","?","M","M","T","M","M","$","E","?","M","M","B",null],"character_chosen":"GUARDIAN","items_purchased":["Membership Card","hubris:PeanutButter","Thinking Ahead","hubris:AstralHammer","Guardian:SentryBeam"],"campfire_rested":3,"item_purchase_floors":[22,45,45,45,45],"current_hp_per_floor":[88,85,85,85,74,69,69,69,51,51,44,44,70,61,61,40,88,88,78,78,48,25,51,51,51,77,77,77,77,77,60,55,24,88,88,88,77,74,74,74,68,68,68,68,68,68,27],"gold":264,"neow_bonus":"TEN_PERCENT_HP_BONUS","is_daily":false,"chose_seed":false,"campfire_upgraded":3,"win_rate":0.0,"timestamp":1611700752,"path_taken":["R","M","?","M","?","$","T","R","E","M","M","M","R","$","M","BOSS","R","M","?","M","$","R","T","E","R","?","E","?","M","E","M","BOSS","R","?","M","M","T","M","M","$","E","?","M","M","BOSS"],"items_purchased_type":["Relic","Relic","Card","Relic","Card"],"build_version":"2020-12-22","purchased_purges":1,"victory":true,"max_hp_per_floor":[88,88,88,88,88,88,88,88,88,88,88,88,88,88,88,88,88,88,88,88,88,88,88,88,88,88,88,88,88,88,88,88,88,88,88,88,88,88,88,88,88,88,88,88,88,88,88],"card_choices":[{"not_picked":["Guardian:Incinerate","Guardian:Gem_Lightblue"],"picked":"Guardian:ChargeCore","floor":2},{"not_picked":["Guardian:Suspension","Guardian:TemporalStrike"],"picked":"Guardian:Gem_Lightblue","floor":4},{"not_picked":["Guardian:SpikerProtocol","Guardian:Emergency"],"picked":"Guardian:Gem_Red","floor":5},{"not_picked":["Guardian:EvasiveProtocol","Guardian:RefractedBeam"],"picked":"Guardian:Gem_Red","floor":6},{"not_picked":["Guardian:Planning","Guardian:VentSteam"],"picked":"Guardian:ConstructionForm","floor":9},{"not_picked":["Guardian:Emergency","Guardian:EvasiveProtocol"],"picked":"Guardian:Reroute","floor":10},{"not_picked":["Guardian:TimeCapacitor","Guardian:Reroute"],"picked":"Guardian:Gem_Green","floor":11},{"not_picked":["Guardian:Gem_Green","Guardian:Gem_Lightblue"],"picked":"Guardian:TemporalStrike","floor":12},{"not_picked":["Guardian:Gem_Red","Guardian:Incinerate"],"picked":"Guardian:CrystalBeam","floor":14},{"not_picked":["Guardian:Emergency","Guardian:ShieldCharger"],"picked":"Guardian:FloatingOrbs","floor":15},{"not_picked":["Guardian:RevengeProtocol","Guardian:Gem_Synthetic"],"picked":"Guardian:HyperBeam_Guardian","floor":16},{"not_picked":["Guardian:PrimingBeam","Guardian:RollAttack"],"picked":"Guardian:ArmoredProtocol+1","floor":19},{"not_picked":["Guardian:Emergency+1","Guardian:Harden"],"picked":"Guardian:Reroute+1","floor":21},{"not_picked":["Guardian:Reroute","Guardian:ShieldSpikes"],"picked":"Guardian:Gem_Red","floor":22},{"not_picked":["Guardian:RollAttack","Guardian:SpikerProtocol"],"picked":"Guardian:ShieldCharger+1","floor":25},{"not_picked":["Guardian:RollAttack","Guardian:PrimingBeam"],"picked":"Guardian:VentSteam+1","floor":28},{"not_picked":["Guardian:Gem_White","Guardian:ShieldSpikes+1"],"picked":"Guardian:AncientConstruct","floor":30},{"not_picked":["Guardian:RollAttack","Guardian:GuardianWhirl","Guardian:Reroute"],"picked":"SKIP","floor":31},{"not_picked":["Guardian:Gem_Red","Guardian:BodySlam+1"],"picked":"Guardian:Preprogram","floor":32},{"not_picked":["Guardian:HyperBeam_Guardian","Guardian:RevengeProtocol"],"picked":"Guardian:StasisField","floor":33},{"not_picked":["Guardian:WalkerClaw","Guardian:ChargeCore+1"],"picked":"Guardian:Gem_Yellow","floor":38},{"not_picked":["Guardian:Incinerate","Guardian:Suspension+1"],"picked":"Guardian:Gem_Cyan","floor":40},{"not_picked":["Guardian:Gem_Red","Guardian:Suspension+1"],"picked":"Guardian:Incinerate+1","floor":43},{"not_picked":["Guardian:PrimingBeam+1","Guardian:Gem_Red"],"picked":"Guardian:FastForward","floor":44},{"not_picked":["Guardian:Gem_Red","Guardian:GuardianWhirl"],"picked":"Guardian:TemporalShield+1","floor":45},{"not_picked":["Guardian:Gem_Green","Guardian:PrismaticBeam","Guardian:PiercingHide"],"picked":"SKIP","floor":46},{"not_picked":["Guardian:PrimingBeam+1","Guardian:VentSteam"],"picked":"Guardian:DonusPower+1","floor":48},{"not_picked":["Guardian:Clone","Guardian:Gem_Yellow"],"picked":"Guardian:ShieldCharger+1","floor":49}],"player_experience":501984,"relics_obtained":[{"floor":3,"key":"Gremlin Horn"},{"floor":7,"key":"PreservedInsect"},{"floor":9,"key":"hubris:DuctTape"},{"floor":24,"key":"Oddly Smooth Stone"},{"floor":25,"key":"Juzu Bracelet"},{"floor":28,"key":"Vajra"},{"floor":31,"key":"hubris:Teleporter"},{"floor":41,"key":"Shuriken"},{"floor":46,"key":"The Courier"},{"floor":47,"key":"Bag of Marbles"}],"event_choices":[{"damage_healed":0,"gold_gain":0,"player_choice":"Ignored","damage_taken":0,"max_hp_gain":0,"max_hp_loss":0,"event_name":"Vampires","floor":29,"gold_loss":0},{"cards_removed":["Slimebound:Tackle"],"damage_healed":0,"gold_gain":0,"player_choice":"Removed Attack","damage_taken":0,"max_hp_gain":0,"max_hp_loss":0,"event_name":"Falling","floor":37,"gold_loss":0},{"damage_healed":0,"gold_gain":0,"player_choice":"Relic","damage_taken":0,"max_hp_gain":0,"max_hp_loss":0,"event_name":"Wheel of Change","floor":47,"gold_loss":0}],"is_beta":false,"boss_relics":[{"not_picked":["Runic Dome","hubris:Backtick"],"picked":"hubris:GrandSneckoEye"},{"not_picked":["Pandora\u0027s Box","bronze:MakeshiftBattery"],"picked":"hubris:Stopwatch"}],"items_purged_floors":[45],"is_endless":false,"potions_floor_spawned":[5,9,11,12,15,16,19,25,30,32,43,44,48,49],"ascension_level":0}}