{"host":"zksvs3x2ysy9npnz","time":1611683447,"event":{"mods":["Aspiration","BaseMod","Beaked The Cultist","BetterRewards","Clockwork Mod","Colored Map","Conspire","Downfall","Duelist Mod","Halation","Highlight Path","Hubris","Infinite Spire","Jedi Mod","Magitek Elite","Minty Spire (QoL Compilation)","Permanent Neow","Quick Restart","Relic Stats","Shop Mod","StSLib","The Runesmith","The Witch"],"gold_per_floor":[144,144,69,1,13,13,47,47,127,158,158,183,183,183,183,254,254,266,266,316,330,341,341,371,371,371,371,389,23,23,43,43,120,120,140,140,152,52,52,72,72,103,128,428,428,428,447,447,447],"floor_reached":48,"language":"FRA","playtime":2835,"items_purged":["theDuelist:Sparks","theDuelist:CastleWalls","theDuelist:LesserDragon","theDuelist:LesserDragon"],"score":1234,"play_id":"ba3fa393-2bb8-42e5-8ad7-b2df4762ee4b","local_time":"20210126185047","is_ascension_mode":true,"campfire_choices":[{"data":"theDuelist:TyrantWing","floor":6.0,"key":"SMITH"},{"data":"theDuelist:SafeZone","floor":8.0,"key":"SMITH"},{"data":"theDuelist:SafeZone+1","floor":11.0,"key":"SMITH"},{"data":"theDuelist:SafeZone+2","floor":15.0,"key":"SMITH"},{"data":"infinitespire:Collect","floor":23.0,"key":"SMITH"},{"data":"theDuelist:DefenseDraw+1","floor":25.0,"key":"SMITH"},{"data":"theDuelist:DefenseDraw+2","floor":27.0,"key":"SMITH"},{"data":"theDuelist:DefenseDraw+3","floor":30.0,"key":"SMITH"},{"data":"theDuelist:DragonMastery","floor":32.0,"key":"SMITH"},{"data":"theDuelist:DefenseDraw+4","floor":41.0,"key":"SMITH"},{"floor":45.0,"key":"RECALL"}],"circlet_count":0,"master_deck":["theDuelist:BabyDragon","theDuelist:CaveDragon","theDuelist:CaveDragon+1","AscendersBane","theDuelist:YamataDragon+1","theDuelist:BurstBreath","theDuelist:TyrantWing+1","theDuelist:SafeZone+3","theDuelist:DragonMastery+1","theDuelist:SliferSky","theDuelist:TwinBarrelDragon","infinitespire:Collect+1","theDuelist:DefenseDraw+5","theDuelist:SilverWing","theDuelist:ArmageddonDragonEmp","Forethought","theDuelist:LavaDragon"],"relics":["theDuelist:MillenniumPuzzle","theDuelist:CardPoolRelic","theDuelist:CardPoolBasicRelic","theDuelist:BoosterPackPoolRelic","theDuelist:CardPoolAddRelic","theDuelist:CardPoolMinusRelic","theDuelist:CardPoolSaveRelic","theDuelist:CardPoolOptionsRelic","hubris:SlimyHat","theDuelist:SolderToken","theDuelist:DragonRelic","Guardian:PocketSentry","conspire:SpecialSausage","Juzu Bracelet","Tiny House","Gremlin Horn","Frozen Egg 2","Blue Candle","infinitespire:Golems Mask","Mythril_Glove","hubris:Icosahedron"],"acts_visited":["Exordium","TheCity","TheBeyond"],"potions_floor_usage":[48],"damage_taken":[{"damage":0.0,"enemies":"conspire:RoseBush","floor":1.0,"turns":4.0},{"damage":2.0,"enemies":"Small Slimes","floor":5.0,"turns":3.0},{"damage":13.0,"enemies":"Lagavulin","floor":7.0,"turns":8.0},{"damage":0.0,"enemies":"Gremlin Nob","floor":10.0,"turns":3.0},{"damage":1.0,"enemies":"3 Sentries","floor":12.0,"turns":7.0},{"damage":3.0,"enemies":"Hexaghost","floor":16.0,"turns":11.0},{"damage":0.0,"enemies":"Chosen","floor":18.0,"turns":5.0},{"damage":0.0,"enemies":"3 Byrds","floor":21.0,"turns":6.0},{"damage":0.0,"enemies":"Centurion and Healer","floor":22.0,"turns":4.0},{"damage":1.0,"enemies":"theDuelist:KaibaA2","floor":24.0,"turns":4.0},{"damage":0.0,"enemies":"Chosen and Byrds","floor":28.0,"turns":6.0},{"damage":0.0,"enemies":"conspire:HollyBat","floor":31.0,"turns":8.0},{"damage":0.0,"enemies":"Collector","floor":33.0,"turns":6.0},{"damage":0.0,"enemies":"Orb Walker","floor":35.0,"turns":5.0},{"damage":8.0,"enemies":"3 Darklings","floor":37.0,"turns":3.0},{"damage":6.0,"enemies":"4 Shapes","floor":40.0,"turns":8.0},{"damage":0.0,"enemies":"Giant Head","floor":42.0,"turns":5.0},{"damage":1.0,"enemies":"Writhing Mass","floor":47.0,"turns":5.0},{"damage":64,"enemies":"Reptomancer","floor":48,"turns":2}],"seed_played":"-2035905015493049210","potions_obtained":[{"floor":10.0,"key":"theDuelist:BigTributeBottle"},{"floor":16.0,"key":"theDuelist:OrbBottle"}],"is_trial":false,"path_per_floor":["M","?","$","?","M","R","E","R","T","E","R","E","?","?","R","B",null,"M","?","AVR","M","M","R","E","R","T","R","M","$","R","M","R","B",null,"M","AVR","M","$","?","M","R","E","T","?","R","?","M","E"],"character_chosen":"THE_DUELIST","items_purchased":["Blue Candle","Forethought"],"campfire_rested":0,"item_purchase_floors":[29,38],"current_hp_per_floor":[63,63,63,63,61,61,48,48,48,48,48,47,47,40,40,37,62,62,58,63,63,63,63,62,62,62,62,62,62,62,62,62,62,72,72,72,64,64,64,58,58,58,58,58,58,58,57,0,0],"gold":447,"neow_bonus":"UPGRADE_CARD","is_daily":false,"chose_seed":false,"campfire_upgraded":10,"win_rate":0.0,"timestamp":1611683447,"path_taken":["M","?","$","?","M","R","E","R","T","E","R","E","?","?","R","BOSS","M","?","AVR","M","M","R","E","R","T","R","M","$","R","M","R","BOSS","M","AVR","M","$","?","M","R","E","T","?","R","?","M","E"],"items_purchased_type":["Relic","Card"],"build_version":"2020-12-22","purchased_purges":4,"victory":false,"max_hp_per_floor":[70,70,70,70,70,70,70,70,70,70,70,70,70,70,70,70,70,70,70,75,75,75,75,75,75,75,75,75,75,75,75,75,75,75,75,75,75,75,75,75,75,75,75,75,75,75,75,75,75],"relic_stats":{"Gremlin Horn":[11,11],"counters":[19,103],"Blue Candle":[0],"Juzu Bracelet":1,"obtain_stats":[{"theDuelist:DragonRelic":10,"Tiny House":20,"Gremlin Horn":24,"Blue Candle":29,"conspire:SpecialSausage":17,"hubris:SlimyHat":7,"Guardian:PocketSentry":12,"Juzu Bracelet":20,"theDuelist:MillenniumPuzzle":0,"theDuelist:CardPoolSaveRelic":0,"theDuelist:SolderToken":9,"Mythril_Glove":42,"Frozen Egg 2":26,"theDuelist:BoosterPackPoolRelic":0,"theDuelist:CardPoolMinusRelic":0,"hubris:Icosahedron":46,"theDuelist:CardPoolBasicRelic":0,"infinitespire:Golems Mask":36,"theDuelist:CardPoolAddRelic":0,"theDuelist:CardPoolOptionsRelic":0,"theDuelist:CardPoolRelic":0},{"theDuelist:DragonRelic":4,"Tiny House":7,"Gremlin Horn":10,"Blue Candle":11,"conspire:SpecialSausage":6,"hubris:SlimyHat":3,"Guardian:PocketSentry":5,"Juzu Bracelet":7,"theDuelist:MillenniumPuzzle":0,"theDuelist:CardPoolSaveRelic":0,"theDuelist:SolderToken":3,"Mythril_Glove":17,"Frozen Egg 2":10,"theDuelist:BoosterPackPoolRelic":0,"theDuelist:CardPoolMinusRelic":0,"hubris:Icosahedron":17,"theDuelist:CardPoolBasicRelic":0,"infinitespire:Golems Mask":14,"theDuelist:CardPoolAddRelic":0,"theDuelist:CardPoolOptionsRelic":0,"theDuelist:CardPoolRelic":0},{"theDuelist:DragonRelic":18,"Tiny House":41,"Gremlin Horn":55,"Blue Candle":61,"conspire:SpecialSausage":36,"hubris:SlimyHat":15,"Guardian:PocketSentry":25,"Juzu Bracelet":41,"theDuelist:MillenniumPuzzle":0,"theDuelist:CardPoolSaveRelic":0,"theDuelist:SolderToken":15,"Mythril_Glove":96,"Frozen Egg 2":55,"theDuelist:BoosterPackPoolRelic":0,"theDuelist:CardPoolMinusRelic":0,"hubris:Icosahedron":96,"theDuelist:CardPoolBasicRelic":0,"infinitespire:Golems Mask":80,"theDuelist:CardPoolAddRelic":0,"theDuelist:CardPoolOptionsRelic":0,"theDuelist:CardPoolRelic":0}]},"card_choices":[{"not_picked":["theDuelist:CurseDragon","theDuelist:CyberEndDragon","theDuelist:ArmedDragon5","theDuelist:TailSwipe"],"picked":"theDuelist:BurstBreath","floor":1.0},{"not_picked":["theDuelist:TyrantWing","theDuelist:StarlightRoad","theDuelist:CastleDragonSouls","theDuelist:BurstBreath"],"picked":"theDuelist:SafeZone","floor":5.0},{"not_picked":["theDuelist:BattleguardKing","theDuelist:LightningDarts","theDuelist:RainbowBridge","theDuelist:PreventRat","theDuelist:BlockGolem"],"picked":"SKIP","floor":7.0},{"not_picked":["theDuelist:BigFire","theDuelist:Hinotama","theDuelist:HarpieFeather","theDuelist:PurplePainOni","theDuelist:StrayLambs"],"picked":"SKIP","floor":10.0},{"not_picked":["theDuelist:VeilDarkness","theDuelist:DreadnoughtDreadnoid","theDuelist:BlackBrutdrago","theDuelist:TrihornedDragon","theDuelist:BlackVeloci"],"picked":"SKIP","floor":12.0},{"not_picked":["theDuelist:SurvivalFittest","theDuelist:DefensiveTactics","theDuelist:BlueDuston","theDuelist:BSkullDragon"],"picked":"theDuelist:DragonMastery","floor":16.0},{"not_picked":["theDuelist:ViceDragon","theDuelist:LesserDragon","theDuelist:CyberDragonInfinity+1","theDuelist:GaiaDragonChamp"],"picked":"theDuelist:SliferSky","floor":18.0},{"not_picked":["theDuelist:YamataDragon","theDuelist:RedRisingDragon+1","theDuelist:MoltenDestruction+1","theDuelist:EyeTimaeus"],"picked":"theDuelist:TwinBarrelDragon","floor":20.0},{"not_picked":["theDuelist:Beatraptor","theDuelist:CyberDragonVier","theDuelist:CaveDragon+1","theDuelist:Earthquake","theDuelist:BlackPtera"],"picked":"SKIP","floor":21.0},{"not_picked":["theDuelist:MirageDragon","theDuelist:AncientPixieDragon","theDuelist:BlackPtera","theDuelist:ArmedDragon3+1"],"picked":"theDuelist:DefenseDraw+1","floor":22.0},{"not_picked":["theDuelist:TyrantWing","theDuelist:SystemDown+1","theDuelist:CyberLaserDragon","theDuelist:DragonMastery"],"picked":"theDuelist:SilverWing","floor":24.0},{"not_picked":["theDuelist:StampingDestruction","theDuelist:SpiralSpearStrike+1","theDuelist:UltraEvolutionPill","theDuelist:EvilMind","theDuelist:CyberEmergency"],"picked":"SKIP","floor":28.0},{"not_picked":["theDuelist:StampingDestruction","theDuelist:VeilDarkness","theDuelist:Mountain+1","theDuelist:DragonRavine+1","theDuelist:SoulCharge"],"picked":"SKIP","floor":31.0},{"not_picked":["theDuelist:OceanDragonLord","theDuelist:DragonMastery+1","theDuelist:BusterBladerDDS","theDuelist:BerserkScales+1"],"picked":"theDuelist:ArmageddonDragonEmp","floor":35.0},{"not_picked":["theDuelist:LightningDarts","theDuelist:GoldenApples","theDuelist:PurplePainOni","theDuelist:FeatherPho","theDuelist:DarkFactory+1"],"picked":"SKIP","floor":37.0},{"not_picked":["theDuelist:CurseDragon","theDuelist:BusterBlader+1","theDuelist:CyberDragonCore+1","theDuelist:BoosterDragon+1"],"picked":"theDuelist:LavaDragon","floor":40.0},{"not_picked":["theDuelist:Earthquake","theDuelist:AxeDespair","theDuelist:Mountain+1","theDuelist:DragonRavine+1","theDuelist:SystemDown+1"],"picked":"SKIP","floor":42.0},{"not_picked":["theDuelist:Earthquake","theDuelist:AxeDespair","theDuelist:Mountain+1","theDuelist:DragonRavine+1","theDuelist:SystemDown+1"],"picked":"SKIP","floor":42.0},{"not_picked":["theDuelist:RainbowOverdragon","theDuelist:ReinforcementsArmy","theDuelist:BlueBloodedOni","theDuelist:Terraforming","theDuelist:LightningDarts"],"picked":"SKIP","floor":47.0}],"player_experience":2052383,"relics_obtained":[{"floor":7.0,"key":"hubris:SlimyHat"},{"floor":9.0,"key":"theDuelist:SolderToken"},{"floor":10.0,"key":"theDuelist:DragonRelic"},{"floor":12.0,"key":"Guardian:PocketSentry"},{"floor":24.0,"key":"Gremlin Horn"},{"floor":26.0,"key":"Frozen Egg 2"},{"floor":42.0,"key":"Mythril_Glove"}],"event_choices":[{"damage_healed":0.0,"max_hp_gain":0.0,"max_hp_loss":0.0,"gold_gain":0.0,"event_name":"Tomb of the Nameless","player_choice":"Leave","duelist":true,"floor":2.0,"gold_loss":0.0,"damage_taken":0.0},{"damage_healed":0.0,"max_hp_gain":0.0,"max_hp_loss":0.0,"gold_gain":0.0,"event_name":"Card Trader","player_choice":"Purchased Tyrant Wing for 68 Gold.","duelist":true,"floor":4.0,"gold_loss":0.0,"damage_taken":0.0},{"cards_removed":["theDuelist:CastleWalls"],"damage_healed":0.0,"max_hp_gain":0.0,"max_hp_loss":0.0,"gold_gain":0.0,"event_name":"Golden Wing","player_choice":"Card Removal","floor":14.0,"gold_loss":0.0,"damage_taken":7.0},{"damage_healed":0.0,"max_hp_gain":0.0,"max_hp_loss":0.0,"gold_gain":0.0,"event_name":"conspire:Investor","player_choice":"Leave","floor":19.0,"gold_loss":0.0,"damage_taken":0.0},{"damage_healed":0.0,"max_hp_gain":0.0,"max_hp_loss":0.0,"gold_gain":300.0,"event_name":"Wheel of Change","player_choice":"Gold","floor":44.0,"gold_loss":0.0,"damage_taken":0.0}],"is_beta":false,"boss_relics":[{"not_picked":["beaked:MawFillet","Runesmith:UraniumAnvil"],"picked":"conspire:SpecialSausage"},{"not_picked":["halation:SmartPhone","halation:Risk","halation:Prosthetics"]}],"items_purged_floors":[3,20,29,36],"is_endless":false,"potions_floor_spawned":[10,16,18,22,24],"killed_by":"Reptomancer","ascension_level":20}}