{"host":"kqqjvufdj6ouyvqb","time":1611666351,"event":{"mods":["ATMod(阿瑾Mod)","Act Like it!","Arknights The Spire","BaseMod","Colored Powertips","Downfall","Hallownest","HololiveMod","KinomotoSakuraMod(木之本樱)","Koishi","Lobotomy","LobotomyExtend","Minty Spire (QoL Compilation)","Quick Restart","Remilia（蕾米莉亚）","Replay The Spire","StSLib","The Alterego","The Bug Knight","The Construct","The Gatherer","WarShipGirlsR/战舰少女R mod","[IsaacMod]以撒尖塔","【遗物卡牌】REMEMod","残留之物","篝火指南"],"gold_per_floor":[92,103,103,23,41,73,73,73,73,91,91,17,25,25],"floor_reached":13,"language":"ZHS","playtime":494,"items_purged":[],"score":108,"play_id":"06febebd-a35f-43a8-8411-d4ebafabba18","local_time":"20210126210551","is_ascension_mode":true,"campfire_choices":[{"data":"AT_FamilyPortrait","floor":7,"key":"SMITH"}],"circlet_count":0,"master_deck":["Hololive_Strike","Hololive_Strike","Hololive_Defend","Hololive_Defend","Hololive_Drill","Hololive_CallShiranuiFlare","Hololive_CallSakuraMiko","Hololive_CallSpadeEcho","Hololive_CallNekomataOkayu","Hololive_CallUruhaRushia+1","AT_FamilyPortrait+1","PlaceholderMod:DiffusionPoison","Hololive_CallYukihanaLamy","Hololive_Rebound","Hololive_CallAkaiHaato","Hololive_CallAmaneKanata","Hololive_SummonFox","Hololive_CallArtia","Hololive_SoulCatcher"],"relics":["Hololive_TheStar","HushsDoor","Void","Blood Vial","LetterFromLob","Eternal Feather","AT_BellDemon","AT_ArchangelStaff"],"acts_visited":["Exordium"],"potions_floor_usage":[2],"damage_taken":[{"damage":0,"enemies":"Cultist","floor":1,"turns":3},{"damage":0,"enemies":"2 Louse","floor":2,"turns":2},{"damage":0,"enemies":"Jaw Worm","floor":5,"turns":3},{"damage":7,"enemies":"3 Sentries","floor":6,"turns":6},{"damage":0,"enemies":"2 Fungi Beasts","floor":10,"turns":2},{"damage":80,"enemies":"Gremlin Nob","floor":13,"turns":4}],"seed_played":"-3250201969724965050","potions_obtained":[{"floor":1,"key":"Fire Potion"}],"is_trial":false,"path_per_floor":["M","M","T","$","M","E","R","?","T","M","?","$","E"],"character_chosen":"Hololive_HololiveCharacter","items_purchased":["Hololive_CallAkaiHaato","Hololive_SoulCatcher"],"campfire_rested":0,"item_purchase_floors":[4,12],"current_hp_per_floor":[34,35,35,35,35,28,35,35,35,35,28,28,0,0],"gold":25,"neow_bonus":"RANDOM_COMMON_RELIC","is_daily":false,"chose_seed":false,"campfire_upgraded":1,"win_rate":0.0,"timestamp":1611666351,"path_taken":["M","M","?","$","?","E","R","?","T","M","?","$","E"],"items_purchased_type":["Card","Card"],"build_version":"2020-12-22","purchased_purges":0,"victory":false,"max_hp_per_floor":[35,35,35,35,35,35,35,35,35,35,35,35,35,35],"card_choices":[{"not_picked":[],"picked":"DoctorFetus","floor":0},{"not_picked":["Hololive_Trident","Hololive_Sequa","Hololive_FlyingPonyTail"],"picked":"Hololive_CallYukihanaLamy","floor":1},{"not_picked":["Hololive_RevenueBasedLive","Hololive_Nanodesu","Hololive_CallKiryuuCoco"],"picked":"Hololive_Rebound","floor":2},{"not_picked":["Hololive_CallMomosuzuNene","Hololive_Spy","Hololive_CallYuzukiChoco"],"picked":"Hololive_CallAmaneKanata","floor":5},{"not_picked":["Hololive_FlyingPonyTail","Hololive_CallTokoyamiTowa","Hololive_DevilCharm"],"picked":"Hololive_SummonFox","floor":6},{"not_picked":["Hololive_Psychosis","Hololive_CallHoushouMarine","Hololive_Breathe"],"picked":"Hololive_CallArtia","floor":10}],"player_experience":211848,"relics_obtained":[{"floor":1,"key":"LetterFromLob"},{"floor":3,"key":"Eternal Feather"},{"floor":6,"key":"AT_BellDemon"},{"floor":9,"key":"AT_ArchangelStaff"}],"event_choices":[{"cards_removed":["DoctorFetus"],"damage_healed":0,"gold_gain":0,"player_choice":"Card Removal","damage_taken":7,"max_hp_gain":0,"max_hp_loss":0,"event_name":"Golden Wing","floor":11,"gold_loss":0}],"is_beta":false,"boss_relics":[],"items_purged_floors":[],"is_endless":false,"potions_floor_spawned":[1],"killed_by":"Gremlin Nob","ascension_level":6}}