{"host":"x039aayur7qovk2d","time":1611695125,"event":{"mods":["AchievementEnabler","BaseMod","Block Reminder","Colored Map","Colored Powertips","DeckTracker","Googly Eyes","Highlight Path","Minty Spire (QoL Compilation)","Permanent Neow","Quick Restart","Rare Cards Sparkle","Relic Sorter","Relic Stats"],"gold_per_floor":[20,40,54,66,82,82,109,109,136,168,168,183,199,219,219,317,317,330,340,340,350,350,350,350,350],"floor_reached":24,"language":"ENG","playtime":1572,"items_purged":[],"score":212,"play_id":"d4b34fdd-81c1-48cb-b20b-4ea1aba0555e","local_time":"20210126130525","is_ascension_mode":false,"campfire_choices":[{"data":"Armaments","floor":6,"key":"SMITH"},{"floor":11,"key":"REST"},{"data":"Seeing Red","floor":15,"key":"SMITH"},{"floor":23,"key":"REST"}],"circlet_count":0,"master_deck":["Strike_R","Strike_R","Strike_R","Strike_R","Strike_R","Defend_R","Defend_R","Defend_R","Bash","Pommel Strike","Searing Blow","Armaments+1","Twin Strike","Infernal Blade","Perfected Strike","Uppercut","Seeing Red+1","Headbutt","Feed","Sword Boomerang+1","Shrug It Off+1","RitualDagger","Flame Barrier"],"relics":["Burning Blood","Ice Cream","Juzu Bracelet","Ancient Tea Set","SlaversCollar","Nloth\u0027s Gift"],"acts_visited":["Exordium","TheCity"],"potions_floor_usage":[5,7,10,16,16,18],"damage_taken":[{"damage":5,"enemies":"Jaw Worm","floor":1,"turns":4},{"damage":0,"enemies":"Cultist","floor":2,"turns":4},{"damage":1,"enemies":"2 Louse","floor":3,"turns":2},{"damage":4,"enemies":"Blue Slaver","floor":4,"turns":5},{"damage":5,"enemies":"Looter","floor":5,"turns":3},{"damage":27,"enemies":"Lagavulin","floor":7,"turns":6},{"damage":35,"enemies":"3 Sentries","floor":10,"turns":6},{"damage":8,"enemies":"Gremlin Gang","floor":12,"turns":4},{"damage":9,"enemies":"2 Fungi Beasts","floor":13,"turns":2},{"damage":11,"enemies":"Blue Slaver","floor":14,"turns":3},{"damage":15,"enemies":"Hexaghost","floor":16,"turns":6},{"damage":17,"enemies":"3 Byrds","floor":18,"turns":4},{"damage":33,"enemies":"2 Thieves","floor":19,"turns":4},{"damage":31,"enemies":"Snecko","floor":21,"turns":6},{"damage":45,"enemies":"3 Cultists","floor":24,"turns":6}],"seed_played":"-6970322653423449595","potions_obtained":[{"floor":1,"key":"HeartOfIron"},{"floor":3,"key":"ColorlessPotion"},{"floor":7,"key":"GamblersBrew"},{"floor":10,"key":"DuplicationPotion"},{"floor":13,"key":"FearPotion"},{"floor":16,"key":"Energy Potion"},{"floor":19,"key":"FairyPotion"}],"is_trial":false,"path_per_floor":["M","M","M","M","M","R","E","?","T","E","R","M","M","M","R","B",null,"M","M","?","M","?","R","M"],"character_chosen":"IRONCLAD","items_purchased":[],"campfire_rested":2,"item_purchase_floors":[],"current_hp_per_floor":[80,80,80,80,80,80,66,59,59,30,56,54,51,46,46,37,87,79,52,46,21,21,48,3,3],"gold":350,"neow_bonus":"ONE_RARE_RELIC","is_daily":false,"chose_seed":false,"campfire_upgraded":2,"win_rate":0.0,"timestamp":1611695125,"path_taken":["M","M","M","M","M","R","E","?","T","E","R","M","M","M","R","BOSS","M","M","?","M","?","R","M"],"items_purchased_type":[],"build_version":"2020-12-22","purchased_purges":0,"victory":false,"max_hp_per_floor":[80,80,80,80,80,80,87,87,87,87,87,87,87,87,87,87,87,90,90,90,90,90,90,90,90],"relic_stats":{"counters":[15,65],"Juzu Bracelet":0,"Nloth\u0027s Gift":0,"obtain_stats":[{"Ice Cream":0,"SlaversCollar":17,"Strawberry":7,"Juzu Bracelet":9,"Nloth\u0027s Gift":22,"Ancient Tea Set":10,"Burning Blood":0},{"Ice Cream":0,"SlaversCollar":11,"Strawberry":6,"Juzu Bracelet":6,"Nloth\u0027s Gift":14,"Ancient Tea Set":7,"Burning Blood":0},{"Ice Cream":0,"SlaversCollar":45,"Strawberry":24,"Juzu Bracelet":24,"Nloth\u0027s Gift":59,"Ancient Tea Set":30,"Burning Blood":0}],"Burning Blood":69},"card_choices":[{"not_picked":["Fire Breathing","Iron Wave"],"picked":"Pommel Strike","floor":1},{"not_picked":["Heavy Blade","Body Slam"],"picked":"Searing Blow","floor":2},{"not_picked":["Rampage","Sword Boomerang"],"picked":"Armaments","floor":3},{"not_picked":["Power Through","Evolve"],"picked":"Twin Strike","floor":4},{"not_picked":["Wild Strike","Intimidate"],"picked":"Infernal Blade","floor":5},{"not_picked":["Barricade","Flex"],"picked":"Perfected Strike","floor":7},{"not_picked":["Flex","Heavy Blade","True Grit"],"picked":"SKIP","floor":10},{"not_picked":["Cleave","Armaments"],"picked":"Uppercut","floor":12},{"not_picked":["Pummel","Whirlwind"],"picked":"Seeing Red","floor":13},{"not_picked":["Pommel Strike","Body Slam"],"picked":"Headbutt","floor":14},{"not_picked":["Exhume","Double Tap"],"picked":"Feed","floor":16},{"not_picked":["Sever Soul","Heavy Blade"],"picked":"Sword Boomerang+1","floor":18},{"not_picked":["Spot Weakness+1","Whirlwind"],"picked":"Shrug It Off+1","floor":19},{"not_picked":["Combust","Havoc+1"],"picked":"Flame Barrier","floor":21}],"player_experience":102035,"relics_obtained":[{"floor":7,"key":"Strawberry"},{"floor":9,"key":"Juzu Bracelet"},{"floor":10,"key":"Ancient Tea Set"}],"event_choices":[{"cards_removed":["Defend_R"],"damage_healed":0,"gold_gain":0,"player_choice":"Card Removal","damage_taken":7,"max_hp_gain":0,"max_hp_loss":0,"event_name":"Golden Wing","floor":8,"gold_loss":0},{"damage_healed":0,"gold_gain":0,"player_choice":"Joined the Cult","damage_taken":6,"max_hp_gain":0,"max_hp_loss":0,"event_name":"Nest","floor":20,"gold_loss":0,"cards_obtained":["RitualDagger"]},{"damage_healed":0,"gold_gain":0,"player_choice":"Traded Relic","damage_taken":0,"relics_obtained":["Nloth\u0027s Gift"],"max_hp_gain":0,"max_hp_loss":0,"event_name":"N\u0027loth","floor":22,"relics_lost":["Strawberry"],"gold_loss":0}],"is_beta":false,"boss_relics":[{"not_picked":["Philosopher\u0027s Stone","Black Star"],"picked":"SlaversCollar"}],"items_purged_floors":[],"is_endless":false,"potions_floor_spawned":[1,3,7,10,13,16,19],"killed_by":"3 Cultists","ascension_level":0}}