{"host":"jumrmhf584hajrnz","time":1611664734,"event":{"mods":["BaseMod","Duelist Mod","GifTheSpireLib","Minty Spire (QoL Compilation)","Quick Restart","Replay The Spire","StSLib"],"gold_per_floor":[386,386,386,386,396,428,428,448,521,405,435,452,452,482,482,482,482],"floor_reached":16,"language":"ENG","playtime":886,"items_purged":[],"score":216,"play_id":"27b7d67c-4172-493d-a555-2ac0416f0bb8","local_time":"20210126133854","is_ascension_mode":true,"campfire_choices":[{"floor":7,"key":"REST"},{"floor":15,"key":"REST"}],"circlet_count":0,"master_deck":["AscendersBane","theDuelist:CastleWalls","theDuelist:CastleWalls","theDuelist:DarkMagician","theDuelist:MysticalElf","theDuelist:MysticalElf","theDuelist:NeoMagic","theDuelist:NeoMagic","theDuelist:Sparks","theDuelist:Sparks","theDuelist:Sparks","theDuelist:Yami+1","Mind Blast","theDuelist:RockSunrise","theDuelist:DarkMagician","theDuelist:Graverobber+1","theDuelist:DarkMagicianGirl","theDuelist:RainbowKuriboh","theDuelist:DarkMagicianGirl"],"relics":["theDuelist:MillenniumPuzzle","theDuelist:CardPoolRelic","theDuelist:CardPoolBasicRelic","theDuelist:BoosterPackPoolRelic","theDuelist:CardPoolAddRelic","theDuelist:CardPoolMinusRelic","theDuelist:CardPoolSaveRelic","theDuelist:CardPoolOptionsRelic","Gremlin Horn","Self Forming Clay","Magic Flower"],"acts_visited":["Exordium"],"potions_floor_usage":[16,16],"damage_taken":[{"damage":4,"enemies":"Jaw Worm","floor":1,"turns":4},{"damage":0,"enemies":"Small Slimes","floor":5,"turns":4},{"damage":36,"enemies":"3 Sentries","floor":6,"turns":10},{"damage":7,"enemies":"Cultist","floor":8,"turns":4},{"damage":7,"enemies":"Blue Slaver","floor":12,"turns":4},{"damage":2,"enemies":"Lagavulin","floor":14,"turns":7},{"damage":46,"enemies":"Hexaghost","floor":16,"turns":11}],"seed_played":"8281883887683530819","potions_obtained":[{"floor":5,"key":"LiquidBronze"},{"floor":12,"key":"Fire Potion"},{"floor":14,"key":"Block Potion"}],"is_trial":false,"path_per_floor":["M","?","T","?","M","E","R","M","T","$","?","M","$","E","R","B"],"character_chosen":"THE_DUELIST","items_purchased":["theDuelist:Graverobber+1","theDuelist:DarkMagicianGirl"],"campfire_rested":2,"item_purchase_floors":[10,10],"current_hp_per_floor":[59,59,59,59,59,23,41,34,34,34,34,27,27,25,43,0,0],"gold":482,"neow_bonus":"TWO_FIFTY_GOLD","is_daily":false,"chose_seed":false,"campfire_upgraded":0,"win_rate":0.0,"timestamp":1611664734,"path_taken":["M","?","?","?","?","E","R","M","T","$","?","M","?","E","R","BOSS"],"items_purchased_type":["Card","Card"],"build_version":"2020-12-22","purchased_purges":0,"victory":false,"max_hp_per_floor":[63,63,63,63,63,63,63,63,63,63,63,63,63,63,63,63,63],"card_choices":[{"not_picked":["theDuelist:InfernoFireBlast","theDuelist:BookSecret","theDuelist:MagiciansRobe","theDuelist:SpellShatteringArrow"],"picked":"theDuelist:Yami","floor":1},{"not_picked":["Finesse","Forethought","Violence"],"picked":"Mind Blast","floor":5},{"not_picked":["theDuelist:LightningRodLord","theDuelist:Polymerization","theDuelist:GemArmadillo","theDuelist:Wiretap"],"picked":"theDuelist:RockSunrise","floor":6},{"not_picked":["theDuelist:SpellShatteringArrow","theDuelist:WhiteMagicalHat","theDuelist:AncientElf","theDuelist:CharcoalInpachi"],"picked":"theDuelist:DarkMagician","floor":8},{"not_picked":["theDuelist:BlueBloodedOni","theDuelist:GreenGraveOni","theDuelist:GreyGreedOni","theDuelist:RainbowOverdragon"],"picked":"theDuelist:RainbowKuriboh","floor":12},{"not_picked":["theDuelist:BlizzardWarrior","theDuelist:ThousandEyesIdol","theDuelist:CallAtlanteans","theDuelist:NeoMagic"],"picked":"theDuelist:DarkMagicianGirl","floor":14}],"player_experience":1540443,"relics_obtained":[{"floor":6,"key":"Gremlin Horn"},{"floor":9,"key":"Self Forming Clay"},{"floor":14,"key":"Magic Flower"}],"event_choices":[{"damage_healed":0,"gold_gain":0,"player_choice":"Leave","damage_taken":0,"max_hp_gain":0,"max_hp_loss":0,"event_name":"The Cleric","floor":2,"gold_loss":0},{"damage_healed":0,"gold_gain":0,"player_choice":"Upgraded","damage_taken":0,"max_hp_gain":0,"max_hp_loss":0,"event_name":"Upgrade Shrine","floor":4,"gold_loss":0,"cards_upgraded":["theDuelist:Yami"]},{"damage_healed":0,"gold_gain":30,"player_choice":"Searched \u00272\u0027 times","damage_taken":0,"max_hp_gain":0,"max_hp_loss":0,"event_name":"Dead Adventurer","floor":11,"gold_loss":0}],"is_beta":false,"boss_relics":[],"items_purged_floors":[],"is_endless":false,"potions_floor_spawned":[5,12,14],"killed_by":"Hexaghost","ascension_level":20}}