{"host":"tvwbxqry54t86y0v","time":1611642827,"event":{"mods":["2.2 Compatiblity","A Magickal Journey","Arknights The Spire","Astrologer","BaseMod","Beaked The Cultist","BetterRewards","Block Reminder","Clockwork Mod","Colored Powertips","DeckTracker","Downfall","Fiend Mod","GungeonMod","Hermit","Hubris","Infinite Spire","Ironclad Rager","Marked Mod","Mimic Mod","Minty Spire (QoL Compilation)","Potionbrewer","Replay The Spire","Shade Mod","Somnambulant","StSLib","The Bug Knight","The Cursed","The Death Knight","The Druid","The Elementalist","The Exalted","The Forsaken","The Hierophant","The Jungle","The Marked","The Mystic","The Problem Sleuth","The Runesmith","The Senshi","The Spell Scribe","The Valiant","The Wild Card","TheFirefly","TheHeartMod","Unceasing Turn Reminder","thorton"],"gold_per_floor":[112,129,54,104,35,70,70,82,117,117,133,150,150,150,150,251,251,267,286,303,303,303,303,303,323,323,349,23,23,23],"floor_reached":29,"language":"ENG","playtime":1249,"items_purged":[],"score":243,"play_id":"8759cedb-3896-4bad-8983-2d16e0186c66","local_time":"20210126173347","is_ascension_mode":false,"campfire_choices":[{"data":"DeathKnight:Defile","floor":7,"key":"SMITH"},{"data":"DeathKnight:FrosPresence","floor":10,"key":"SMITH"},{"floor":13,"key":"REST"},{"floor":15,"key":"REST"},{"data":"DeathKnight:Runesurge","floor":23,"key":"SMITH"}],"circlet_count":0,"master_deck":["DeathKnight:Strike_DeathKnight","DeathKnight:Strike_DeathKnight","DeathKnight:Strike_DeathKnight","DeathKnight:Strike_DeathKnight","DeathKnight:Strike_DeathKnight","DeathKnight:Defend_DeathKnight","DeathKnight:Defend_DeathKnight","DeathKnight:Defend_DeathKnight","DeathKnight:Defend_DeathKnight","DeathKnight:Defend_DeathKnight","DeathKnight:RuneTap","DeathKnight:RuneStrike","DeathKnight:Runesurge+1","DeathKnight:FrosPresence+1","DeathKnight:Contagion","DeathKnight:Defile+1","DeathKnight:BloodPact","DeathKnight:DeathAndDecay","DeathKnight:Contagion","DeathKnight:Runeguard","DeathKnight:SindragosasBreath","DeathKnight:Rot","DeathKnight:IcyTouch","DeathKnight:BloodBoil","DeathKnight:Culling","DeathKnight:MarkOfBlood","DeathKnight:Contagion"],"relics":["DeathKnight:BrokenRuneblade","HollowMod:LifeEnderRelic","DeathKnight:JainasLocket","infinitespire:Golems Mask","beaked:MawFillet","DemoMod:ClearGuonStone","Ring of Chaos","DemoMod:ChaffGrenade","beaked:ShinyBauble"],"acts_visited":["Exordium","TheCity"],"potions_floor_usage":[18,19,27,29],"damage_taken":[{"damage":3,"enemies":"Cultist","floor":1,"turns":5},{"damage":3,"enemies":"Jaw Worm","floor":2,"turns":5},{"damage":12,"enemies":"Gremlin Nob","floor":6,"turns":6},{"damage":9,"enemies":"2 Louse","floor":8,"turns":4},{"damage":9,"enemies":"Lots of Slimes","floor":9,"turns":6},{"damage":29,"enemies":"Lots of Slimes","floor":11,"turns":4},{"damage":0,"enemies":"Blue Slaver","floor":12,"turns":5},{"damage":35,"enemies":"Slime Boss","floor":16,"turns":8},{"damage":2,"enemies":"Shell Parasite","floor":18,"turns":6},{"damage":0,"enemies":"Spheric Guardian","floor":19,"turns":2},{"damage":8,"enemies":"Chosen and Byrds","floor":20,"turns":4},{"damage":7,"enemies":"Centurion and Healer","floor":25,"turns":5},{"damage":32,"enemies":"Slavers","floor":27,"turns":5},{"damage":27,"enemies":"Gremlin Leader","floor":29,"turns":4}],"seed_played":"-1915478567554733182","potions_obtained":[{"floor":11,"key":"DemoMod:LeadSkinPotion"},{"floor":12,"key":"potionbrewer:AcidPotion"},{"floor":19,"key":"hexamod:SoulburnPotion"},{"floor":27,"key":"AttackPotion"}],"is_trial":false,"path_per_floor":["M","M","$","?","$","E","R","M","MIM","R","M","M","R","T","R","B",null,"M","M","M","AVR","?","R","?","M","T","E","$","E"],"character_chosen":"DEATH_KNIGHT","items_purchased":["DeathKnight:Defile","DeathKnight:BloodPact","DeathKnight:Contagion","beaked:ShinyBauble"],"campfire_rested":2,"item_purchase_floors":[3,5,28,28],"current_hp_per_floor":[72,69,69,69,69,57,57,48,39,39,10,10,32,32,54,19,75,73,73,65,65,65,65,65,58,58,26,26,0,0],"gold":23,"neow_bonus":"ONE_RANDOM_RARE_CARD","is_daily":false,"chose_seed":false,"campfire_upgraded":3,"win_rate":0.0,"timestamp":1611642827,"path_taken":["M","?","$","?","?","E","R","M","MIM","R","M","M","R","?","R","BOSS","M","M","M","AVR","?","R","?","?","T","E","?","E"],"items_purchased_type":["Card","Card","Card","Relic"],"build_version":"2020-12-22","purchased_purges":0,"victory":false,"max_hp_per_floor":[75,75,75,75,75,75,75,75,75,75,75,75,75,75,75,75,75,75,75,75,75,75,75,75,75,75,75,75,75,75],"card_choices":[{"not_picked":["DeathKnight:DancingRuneblade","DeathKnight:IceboundArmor"],"picked":"DeathKnight:FrosPresence","floor":1},{"not_picked":["DeathKnight:DeathGrip","DeathKnight:UnholyFrenzy"],"picked":"DeathKnight:Contagion","floor":2},{"not_picked":["DeathKnight:ArmyOfTheDead","DeathKnight:IcyTouch"],"picked":"DeathKnight:DeathAndDecay","floor":6},{"not_picked":["DeathKnight:Parry","DeathKnight:UnholyFrenzy"],"picked":"DeathKnight:Contagion","floor":8},{"not_picked":["DeathKnight:IceboundArmor","DeathKnight:FoulBulwark"],"picked":"DeathKnight:Runeguard","floor":11},{"not_picked":["DeathKnight:Pestilence","DeathKnight:Obliterate","DeathKnight:Parry"],"picked":"SKIP","floor":12},{"not_picked":["DeathKnight:ReapingStrike","DeathKnight:ArmyOfTheDead"],"picked":"DeathKnight:SindragosasBreath","floor":16},{"not_picked":["DeathKnight:DeathCoil","DeathKnight:IceboundArmor+1"],"picked":"DeathKnight:Rot","floor":18},{"not_picked":["DeathKnight:GargoyleSkin+1","DeathKnight:FoulBulwark+1"],"picked":"DeathKnight:IcyTouch","floor":19},{"not_picked":["DeathKnight:ShatteringStrikes","DeathKnight:HornOfWinter"],"picked":"DeathKnight:BloodBoil","floor":20},{"not_picked":["DeathKnight:BoneSpear","DeathKnight:BloodEchoes+1"],"picked":"DeathKnight:Culling","floor":25},{"not_picked":["DeathKnight:MindFreeze","DeathKnight:Pestilence"],"picked":"DeathKnight:MarkOfBlood","floor":27}],"player_experience":1111830,"relics_obtained":[{"floor":6,"key":"HollowMod:LifeEnderRelic"},{"floor":9,"key":"DeathKnight:JainasLocket"},{"floor":14,"key":"infinitespire:Golems Mask"},{"floor":26,"key":"DemoMod:ChaffGrenade"}],"event_choices":[{"damage_healed":0,"gold_gain":0,"player_choice":"Ignored","damage_taken":0,"max_hp_gain":0,"max_hp_loss":0,"event_name":"Purifier","floor":24,"gold_loss":0}],"is_beta":false,"boss_relics":[{"not_picked":["Honey Jar","hubris:Stopwatch"],"picked":"beaked:MawFillet"}],"items_purged_floors":[],"is_endless":false,"potions_floor_spawned":[11,12,19,27],"killed_by":"Gremlin Leader","ascension_level":0}}