{"host":"6p0attdrtjqaih7v","time":1611628868,"event":{"mods":["2.2 Compatiblity","AchievementEnabler","Bard","BaseMod","Better Skull","Better Third Choice","Colored Powertips","Hermit","Highlight Path","Jorbs\u0027s Wanderer Trilogy","Key Reminder","Minty Spire (QoL Compilation)","Permanent Neow","Quick Restart","Random Character Button","Relic Stats","Replay The Spire","Robot Space Explorer","StSLib"],"gold_per_floor":[116,128,128,146,18,44,44,79,144,156,188,234,257,285,297,388,400,429,451,482,0,0,30,30,61,130,130,155,155,155,155,155,228,228,247,258,268,268,281,339,373,373,373,373,93,121,137,151,151,151,151],"floor_reached":52,"language":"ENG","playtime":3468,"items_purged":["Pain","Strike_R"],"score":2080,"play_id":"7799d110-64c6-4156-8669-7d13f5564ac9","local_time":"20210125214108","is_ascension_mode":true,"campfire_choices":[{"data":"Shockwave","floor":7,"key":"SMITH"},{"floor":10,"key":"REST"},{"data":"Seeing Red","floor":15,"key":"SMITH"},{"floor":24,"key":"REST"},{"data":"Exhume","floor":27,"key":"PURGE"},{"floor":42,"key":"REST"},{"floor":44,"key":"DIG"},{"floor":49,"key":"REST"}],"circlet_count":0,"master_deck":["AscendersBane","Defend_R","Defend_R","Defend_R+1","Defend_R","Bash","Iron Wave","Pommel Strike","Thunderclap","Shockwave+1","Seeing Red+1","ReplayTheSpireMod:Limb From Limb","Reaper","Shrug It Off+1","Immolate","Inflame","ReplayTheSpireMod:Limb From Limb","Demon Form","True Grit+1","Pummel","Dual Wield+1","Offering","Disarm+1","Shockwave","Flame Barrier","Heavy Blade","Master of Strategy","Master of Strategy","Shrug It Off","Flame Barrier","Sentinel"],"relics":["Burning Blood","Replay:Rubber Ducky","WarpedTongs","HornCleat","MawBank","Blue Doll","Replay:PocketPolymizer","Fusion Hammer","Paper Frog","Bottled Tornado","Replay:Multitool","Replay:Bottled Snecko","War Paint","ReplayTheSpireMod:Lightbulb","keyreminder:keyreminder","Meat on the Bone","Vajra","MealTicket"],"acts_visited":["Exordium","TheCity","TheBeyond"],"potions_floor_usage":[6,12,13,16,20,23,28,33,50,51],"damage_taken":[{"damage":18,"enemies":"Jaw Worm","floor":1,"turns":6},{"damage":0,"enemies":"Cultist","floor":2,"turns":3},{"damage":9,"enemies":"Small Slimes","floor":4,"turns":5},{"damage":25,"enemies":"Gremlin Nob","floor":6,"turns":4},{"damage":8,"enemies":"3 Sentries","floor":8,"turns":8},{"damage":3,"enemies":"3 Louse","floor":11,"turns":3},{"damage":25,"enemies":"Gremlin Nob","floor":12,"turns":5},{"damage":0,"enemies":"Lots of Slimes","floor":13,"turns":1},{"damage":7,"enemies":"2 Fungi Beasts","floor":14,"turns":4},{"damage":25,"enemies":"The Guardian","floor":16,"turns":14},{"damage":3,"enemies":"2 Thieves","floor":18,"turns":4},{"damage":15,"enemies":"Shell Parasite","floor":19,"turns":4},{"damage":20,"enemies":"Cultist and Chosen","floor":20,"turns":4},{"damage":0,"enemies":"Gremlin Leader","floor":23,"turns":5},{"damage":27,"enemies":"Book of Stabbing","floor":25,"turns":5},{"damage":27,"enemies":"Gremlin Leader","floor":28,"turns":4},{"damage":64,"enemies":"Automaton","floor":33,"turns":7},{"damage":6,"enemies":"Orb Walker","floor":35,"turns":3},{"damage":27,"enemies":"3 Darklings","floor":36,"turns":5},{"damage":17,"enemies":"Spire Growth","floor":37,"turns":4},{"damage":39,"enemies":"4 Shapes","floor":39,"turns":8},{"damage":84,"enemies":"Giant Head","floor":41,"turns":8},{"damage":6,"enemies":"Nemesis","floor":46,"turns":5},{"damage":35,"enemies":"3 Darklings","floor":47,"turns":7},{"damage":33,"enemies":"Sphere and 2 Shapes","floor":48,"turns":6},{"damage":85,"enemies":"Awakened One","floor":50,"turns":14},{"damage":21,"enemies":"Donu and Deca","floor":51,"turns":6}],"seed_played":"681857505818737988","potions_obtained":[{"floor":2,"key":"Elixir"},{"floor":4,"key":"SkillPotion"},{"floor":11,"key":"Ancient Potion"},{"floor":13,"key":"BloodPotion"},{"floor":14,"key":"Swift Potion"},{"floor":18,"key":"SpeedPotion"},{"floor":23,"key":"Strength Potion"},{"floor":28,"key":"Fruit Juice"},{"floor":33,"key":"PowerPotion"},{"floor":36,"key":"Weak Potion"},{"floor":41,"key":"Adrenaline Potion"},{"floor":48,"key":"HeartOfIron"}],"is_trial":false,"path_per_floor":["M","M","?","M","$","E","R","E","T","R","M","E","M","M","R","B",null,"M","M","M","$","?","E","R","E","T","R","E","?","?","?","R","B",null,"M","M","M","?","M","R","E","R","T","R","$","E","M","M","R","B","B",null],"character_chosen":"IRONCLAD","items_purchased":["Explosive Potion","Paper Frog","Demon Form","Explosive Potion","Master of Strategy","Shrug It Off"],"campfire_rested":4,"item_purchase_floors":[5,21,21,21,45,45],"current_hp_per_floor":[56,62,62,59,59,40,40,38,38,60,63,44,50,63,63,44,67,75,66,67,67,67,73,75,54,54,54,55,55,55,55,75,35,69,69,80,80,76,71,71,31,53,53,53,53,76,76,49,71,76,61],"gold":151,"neow_bonus":"RANDOM_COMMON_RELIC","is_daily":false,"chose_seed":false,"campfire_upgraded":2,"win_rate":0.0,"timestamp":1611628868,"path_taken":["M","M","?","?","$","E","R","E","T","R","M","E","M","M","R","BOSS","M","M","M","$","?","E","R","E","T","R","E","?","?","?","R","BOSS","M","?","M","?","M","R","E","R","T","R","$","E","M","M","R","BOSS","BOSS"],"items_purchased_type":["Potion","Relic","Card","Potion","Card","Card"],"build_version":"2020-12-22","purchased_purges":2,"victory":true,"max_hp_per_floor":[75,75,75,75,75,75,75,75,75,75,75,75,75,75,75,75,75,75,75,75,75,75,75,75,75,75,75,75,75,75,75,75,80,80,80,80,80,76,76,76,76,76,76,76,76,76,76,76,76,76,76],"relic_stats":{"counters":[27,152],"MealTicket":0,"War Paint":["Shrug It Off","Defend_R"],"MawBank":156,"obtain_stats":[{"Replay:PocketPolymizer":12,"Vajra":44,"Blue Doll":9,"Replay:Multitool":25,"Bottled Tornado":23,"War Paint":28,"MawBank":8,"Burning Blood":0,"Replay:Rubber Ducky":0,"WarpedTongs":3,"keyreminder:keyreminder":41,"HornCleat":6,"MealTicket":46,"Fusion Hammer":17,"Replay:Bottled Snecko":26,"ReplayTheSpireMod:Lightbulb":41,"Paper Frog":21,"Meat on the Bone":43},{"Replay:PocketPolymizer":7,"Vajra":22,"Blue Doll":5,"Replay:Multitool":15,"Bottled Tornado":14,"War Paint":16,"MawBank":5,"Burning Blood":0,"Replay:Rubber Ducky":0,"WarpedTongs":2,"keyreminder:keyreminder":22,"HornCleat":4,"MealTicket":23,"Fusion Hammer":10,"Replay:Bottled Snecko":15,"ReplayTheSpireMod:Lightbulb":22,"Paper Frog":13,"Meat on the Bone":22},{"Replay:PocketPolymizer":34,"Vajra":114,"Blue Doll":26,"Replay:Multitool":75,"Bottled Tornado":70,"War Paint":79,"MawBank":26,"Burning Blood":0,"Replay:Rubber Ducky":0,"WarpedTongs":9,"keyreminder:keyreminder":114,"HornCleat":18,"MealTicket":119,"Fusion Hammer":53,"Replay:Bottled Snecko":75,"ReplayTheSpireMod:Lightbulb":114,"Paper Frog":65,"Meat on the Bone":114}],"Burning Blood":133,"WarpedTongs":[142],"Meat on the Bone":0},"card_choices":[{"not_picked":["Warcry","Intimidate"],"picked":"Iron Wave","floor":1},{"not_picked":["Replay:Undeath\u0027s Touch","Burning Pact"],"picked":"Pommel Strike","floor":2},{"not_picked":["Clash","Clothesline"],"picked":"Thunderclap","floor":4},{"not_picked":["Combust","Evolve"],"picked":"Shockwave","floor":6},{"not_picked":["Shockwave","Headbutt","Warcry"],"picked":"SKIP","floor":8},{"not_picked":["Anger","Dropkick"],"picked":"Seeing Red","floor":11},{"not_picked":["Blood for Blood","Sword Boomerang"],"picked":"ReplayTheSpireMod:Limb From Limb","floor":12},{"not_picked":["Headbutt","Hemokinesis"],"picked":"Reaper","floor":13},{"not_picked":["Reckless Charge","Carnage"],"picked":"Shrug It Off","floor":14},{"not_picked":["Exhume","Double Tap"],"picked":"Immolate","floor":16},{"not_picked":["Thunderclap","Rupture"],"picked":"Inflame","floor":18},{"not_picked":["Anger","Flex"],"picked":"ReplayTheSpireMod:Limb From Limb","floor":19},{"not_picked":["Replay:Undeath\u0027s Touch","Armaments","Evolve"],"picked":"SKIP","floor":20},{"not_picked":["Rampage","Perfected Strike+1"],"picked":"True Grit+1","floor":23},{"not_picked":["Hemokinesis","Demonic Infusion","True Grit"],"picked":"SKIP","floor":25},{"not_picked":["Headbutt","Double Tap"],"picked":"Pummel","floor":28},{"not_picked":["Demon Form","Immolate"],"picked":"Offering","floor":33},{"not_picked":["Fire Breathing","Havoc"],"picked":"Disarm+1","floor":35},{"not_picked":["Thunderclap","Entrench"],"picked":"Shockwave","floor":36},{"not_picked":["Rampage","Clash+1","Headbutt+1"],"picked":"SKIP","floor":37},{"not_picked":["Pummel","Replay:Undeath\u0027s Touch"],"picked":"Flame Barrier","floor":39},{"not_picked":["Clash","True Grit","Perfected Strike"],"picked":"SKIP","floor":41},{"not_picked":["Limit Break","Intimidate+1"],"picked":"Flame Barrier","floor":46},{"not_picked":["Sword Boomerang","Thunderclap","Metallicize"],"picked":"SKIP","floor":47},{"not_picked":["Blood for Blood","Rupture","Combust"],"picked":"SKIP","floor":48}],"player_experience":944758,"relics_obtained":[{"floor":6,"key":"HornCleat"},{"floor":8,"key":"MawBank"},{"floor":9,"key":"Blue Doll"},{"floor":12,"key":"Replay:PocketPolymizer"},{"floor":23,"key":"Bottled Tornado"},{"floor":25,"key":"Replay:Multitool"},{"floor":26,"key":"Replay:Bottled Snecko"},{"floor":28,"key":"War Paint"},{"floor":41,"key":"ReplayTheSpireMod:Lightbulb"},{"floor":43,"key":"Meat on the Bone"},{"floor":44,"key":"Vajra"},{"floor":46,"key":"MealTicket"}],"event_choices":[{"damage_healed":0,"gold_gain":0,"player_choice":"Rummage","damage_taken":0,"relics_obtained":["WarpedTongs"],"max_hp_gain":0,"max_hp_loss":0,"event_name":"Accursed Blacksmith","floor":3,"gold_loss":0,"cards_obtained":["Pain"]},{"damage_healed":0,"gold_gain":0,"player_choice":"Ignored","damage_taken":0,"max_hp_gain":0,"max_hp_loss":0,"event_name":"Vampires","floor":29,"gold_loss":0},{"damage_healed":0,"gold_gain":0,"player_choice":"Read","damage_taken":0,"max_hp_gain":0,"max_hp_loss":0,"event_name":"The Library","floor":30,"gold_loss":0,"cards_obtained":["Dual Wield"]},{"cards_removed":["Strike_R"],"damage_healed":0,"gold_gain":0,"player_choice":"Offered Basic","damage_taken":0,"max_hp_gain":0,"max_hp_loss":0,"event_name":"Bonfire Elementals","floor":31,"gold_loss":0},{"damage_healed":0,"gold_gain":0,"player_choice":"Max HP","damage_taken":0,"max_hp_gain":0,"max_hp_loss":4,"event_name":"Winding Halls","floor":38,"gold_loss":0}],"is_beta":false,"boss_relics":[{"not_picked":["Empty Cage","Painkiller Herb"],"picked":"Fusion Hammer"},{"not_picked":["Runic Dome","Philosopher\u0027s Stone","ReplayTheSpireMod:DimensionalGlitch"]}],"items_purged_floors":[5,45],"is_endless":false,"potions_floor_spawned":[2,4,11,13,14,18,23,28,33,36,41,48],"ascension_level":20}}