{"host":"oepls06cd1v6o62d","time":1611682724,"event":{"mods":["2.2 Compatiblity","Act Like it!","Aspiration","BaseMod","Better Match","Better Note","Better Third Choice","BetterRewards","Conspire","DeckTracker","Downfall","Energized Spire","Gensokyo","Halation","Hallownest","Hermit","Hubris","Hunter ??","Infinite Spire","Marisa????????","Mimic Mod","Minty Spire (QoL Compilation)","Pale of the Ancients","Quick Restart","Random Character Button","Relic Stats","Replay The Spire","Shade Mod","StSLib","Synergy Search","The Animator","The Bug Knight","The Judge","The Runesmith","Wandering Minibosses"],"gold_per_floor":[113,188,221,236,75,108,122,122,160,178,178,196,119,131,131,131,131],"floor_reached":16,"language":"ENG","playtime":716,"items_purged":[],"score":102,"play_id":"fc9ebbc6-4ab5-4d8e-8a8c-78232b5d92ca","local_time":"20210126113844","is_ascension_mode":false,"campfire_choices":[{"floor":15,"key":"REST"}],"circlet_count":0,"master_deck":["Strike_G","Strike_G","Strike_G","Strike_G","Strike_G","Defend_G","Defend_G+1","Defend_G","Defend_G","Defend_G+1","Survivor","Neutralize","Deadly Poison","Dagger Throw","hubris:Counter","Poison Darts","Deadly Poison","conspire:DoublingDagger","Bane","Replay:Poison Smokescreen","Envenom","ReplayTheSpireMod:Tripwire","Riddle With Holes","Terror"],"relics":["Ring of the Snake","NeowsBlessing","aspiration:StickyExplosives_weak","Simple Rune","Vajra"],"acts_visited":["Exordium"],"potions_floor_usage":[12,16,16],"damage_taken":[{"damage":0,"enemies":"2 Louse","floor":1,"turns":1},{"damage":0,"enemies":"conspire:MimicChest","floor":3,"turns":1},{"damage":0,"enemies":"Jaw Worm","floor":4,"turns":1},{"damage":21,"enemies":"Lagavulin","floor":6,"turns":6},{"damage":3,"enemies":"Small Slimes","floor":7,"turns":3},{"damage":1,"enemies":"3 Louse","floor":9,"turns":5},{"damage":15,"enemies":"3 Louse","floor":10,"turns":3},{"damage":8,"enemies":"Large Slime","floor":12,"turns":4},{"damage":10,"enemies":"conspire:2 RoseBushes","floor":14,"turns":5},{"damage":53,"enemies":"Fading Forest","floor":16,"turns":8}],"seed_played":"-5601281420252634088","potions_obtained":[{"floor":3,"key":"Adrenaline Potion"},{"floor":4,"key":"bronze:BurnAndBuffPotion"},{"floor":6,"key":"SpeedPotion"},{"floor":12,"key":"Adrenaline Potion"}],"is_trial":false,"path_per_floor":["M","?","?","M","$","E","M","?","MIM","M","?","M","$","M","R","B"],"character_chosen":"THE_SILENT","items_purchased":["Poison Darts","Riddle With Holes"],"campfire_rested":1,"item_purchase_floors":[5,13],"current_hp_per_floor":[70,59,59,59,59,38,35,35,34,19,40,32,32,22,43,0,0],"gold":131,"neow_bonus":"THREE_ENEMY_KILL","is_daily":false,"chose_seed":false,"campfire_upgraded":0,"win_rate":0.0,"timestamp":1611682724,"path_taken":["M","?","?","M","$","E","M","?","MIM","M","?","?","?","M","R","BOSS"],"items_purchased_type":["Card","Card"],"build_version":"2020-12-22","purchased_purges":0,"victory":false,"max_hp_per_floor":[70,70,70,70,70,70,70,70,70,70,70,70,70,70,70,70,70],"relic_stats":{"counters":[10,37],"obtain_stats":[{"NeowsBlessing":0,"Vajra":9,"Simple Rune":6,"Ring of the Snake":0,"aspiration:StickyExplosives_weak":3},{"NeowsBlessing":0,"Vajra":6,"Simple Rune":4,"Ring of the Snake":0,"aspiration:StickyExplosives_weak":2},{"NeowsBlessing":0,"Vajra":17,"Simple Rune":9,"Ring of the Snake":0,"aspiration:StickyExplosives_weak":2}],"Ring of the Snake":[20]},"card_choices":[{"not_picked":["Backflip","Outmaneuver"],"picked":"Deadly Poison","floor":1},{"not_picked":["Blur","Blade Dance"],"picked":"Dagger Throw","floor":3},{"not_picked":["Deadly Poison","Quick Slash"],"picked":"hubris:Counter","floor":4},{"not_picked":["Dodge and Roll","Tools of the Trade"],"picked":"Deadly Poison","floor":6},{"not_picked":["Quick Slash","Prepared"],"picked":"conspire:DoublingDagger","floor":7},{"not_picked":["Tactician","Slice"],"picked":"Replay:Poison Smokescreen","floor":9},{"not_picked":["Hidden Blade","Deflect"],"picked":"Envenom","floor":10},{"not_picked":["PiercingWail","hubris:Counter"],"picked":"ReplayTheSpireMod:Tripwire","floor":12},{"not_picked":["Blur","Finisher"],"picked":"Terror","floor":14}],"player_experience":443250,"relics_obtained":[{"floor":3,"key":"aspiration:StickyExplosives_weak"},{"floor":6,"key":"Simple Rune"},{"floor":9,"key":"Vajra"}],"event_choices":[{"damage_healed":0,"gold_gain":75,"player_choice":"Gold","damage_taken":11,"max_hp_gain":0,"max_hp_loss":0,"event_name":"betterThird:BetterGoop","floor":2,"gold_loss":0}],"is_beta":false,"boss_relics":[],"items_purged_floors":[],"is_endless":false,"potions_floor_spawned":[3,4,6,12,14],"killed_by":"Fading Forest","ascension_level":0}}