{"host":"zrtolk9726p85qr7","time":1611702859,"event":{"mods":["BaseMod","BetterRewards","Colored Powertips","Minty Spire (QoL Compilation)","Permanent Neow","Quick Restart","Spire Arcade","StSLib","The Animator","The Necromancer"],"gold_per_floor":[113,113,188,188,188,222,222,237,290,290,334,51,69,92,92,222,222,241,241,19,33,49,90,5,5,5],"floor_reached":25,"language":"ENG","playtime":993,"items_purged":[],"score":254,"play_id":"48b8f5f3-6f9e-4fd1-b566-9c4c1f0638ac","local_time":"20210127001419","is_ascension_mode":false,"campfire_choices":[{"floor":7,"key":"REST"},{"floor":10,"key":"RECALL"},{"floor":15,"key":"REST"}],"circlet_count":0,"master_deck":["Strike_G","Strike_G","Strike_G","Strike_G","Strike_G","Defend_G","Defend_G","Defend_G","Defend_G","Defend_G","Survivor","Neutralize","Crippling Poison","Crippling Poison","Bouncing Flask","Poisoned Stab","Masterful Stab","Slice","Catalyst","Terror+1"],"relics":["Ring of the Snake","NeowsBlessing","Golden Idol","Strawberry","MealTicket","Centennial Puzzle","Bronze Scales","Membership Card","Vajra","Bag of Marbles","Meat on the Bone"],"acts_visited":["Exordium","TheCity"],"potions_floor_usage":[11,11,23,23],"damage_taken":[{"damage":0,"enemies":"Cultist","floor":1,"turns":1},{"damage":0,"enemies":"Lagavulin","floor":6,"turns":1},{"damage":0,"enemies":"2 Louse","floor":8,"turns":1},{"damage":26,"enemies":"Gremlin Nob","floor":11,"turns":5},{"damage":0,"enemies":"Small Slimes","floor":13,"turns":3},{"damage":5,"enemies":"3 Louse","floor":14,"turns":2},{"damage":37,"enemies":"Hexaghost","floor":16,"turns":9},{"damage":0,"enemies":"3 Byrds","floor":18,"turns":2},{"damage":18,"enemies":"2 Thieves","floor":21,"turns":4},{"damage":7,"enemies":"Snake Plant","floor":22,"turns":3},{"damage":39,"enemies":"Slavers","floor":23,"turns":5},{"damage":21,"enemies":"Shelled Parasite and Fungi","floor":25,"turns":4}],"seed_played":"-8841031071072307291","potions_obtained":[{"floor":1,"key":"Poison Potion"},{"floor":6,"key":"ColorlessPotion"},{"floor":18,"key":"Fruit Juice"},{"floor":21,"key":"LiquidBronze"}],"is_trial":false,"path_per_floor":["M","?","?","?","?","E","R","M","T","R","E","$","M","M","R","B",null,"M","?","$","M","M","E","?","M"],"character_chosen":"THE_SILENT","items_purchased":["Bronze Scales","Bouncing Flask","Poisoned Stab","Membership Card","Vajra"],"campfire_rested":2,"item_purchase_floors":[12,12,12,20,20],"current_hp_per_floor":[70,70,59,42,42,49,72,72,72,72,46,61,61,56,77,40,77,77,77,77,59,52,18,18,0,0],"gold":5,"neow_bonus":"THREE_ENEMY_KILL","is_daily":false,"chose_seed":false,"campfire_upgraded":0,"win_rate":0.0,"timestamp":1611702859,"path_taken":["M","?","?","?","?","E","R","M","T","R","E","$","M","M","R","BOSS","M","?","$","M","M","E","?","M"],"items_purchased_type":["Relic","Card","Card","Relic","Relic"],"build_version":"2020-12-22","purchased_purges":0,"victory":false,"max_hp_per_floor":[70,70,70,70,70,77,77,77,77,77,77,77,77,77,77,77,77,77,77,77,77,77,82,82,82,82],"card_choices":[{"not_picked":["Flying Knee","Underhanded Strike"],"picked":"Crippling Poison","floor":1},{"not_picked":["Concentrate","Endless Agony"],"picked":"Crippling Poison","floor":6},{"not_picked":["Reflex","Dagger Throw","Bane"],"picked":"SKIP","floor":8},{"not_picked":["Deflect","Dagger Throw","Concentrate"],"picked":"SKIP","floor":11},{"not_picked":["Well Laid Plans","PiercingWail","Caltrops"],"picked":"SKIP","floor":13},{"not_picked":["Bouncing Flask","PiercingWail"],"picked":"Masterful Stab","floor":14},{"not_picked":["Masterful Stab","Bane+1"],"picked":"Slice","floor":18},{"not_picked":["Sucker Punch","Concentrate"],"picked":"Catalyst","floor":21},{"not_picked":["Sucker Punch","Escape Plan+1"],"picked":"Terror+1","floor":22},{"not_picked":["Expertise","Flechettes","Flying Knee"],"picked":"SKIP","floor":23}],"player_experience":107579,"relics_obtained":[{"floor":6,"key":"Strawberry"},{"floor":9,"key":"MealTicket"},{"floor":11,"key":"Centennial Puzzle"},{"floor":23,"key":"Bag of Marbles"}],"event_choices":[{"damage_healed":0,"gold_gain":0,"player_choice":"Ignored","damage_taken":0,"max_hp_gain":0,"max_hp_loss":0,"event_name":"Golden Wing","floor":2,"gold_loss":0},{"damage_healed":0,"gold_gain":75,"player_choice":"Gather Gold","damage_taken":11,"max_hp_gain":0,"max_hp_loss":0,"event_name":"World of Goop","floor":3,"gold_loss":0},{"damage_healed":0,"gold_gain":0,"player_choice":"Take Damage","damage_taken":17,"relics_obtained":["Golden Idol"],"max_hp_gain":0,"max_hp_loss":0,"event_name":"Golden Idol","floor":4,"gold_loss":0},{"damage_healed":0,"gold_gain":0,"player_choice":"Ignored","damage_taken":0,"max_hp_gain":0,"max_hp_loss":0,"event_name":"Transmorgrifier","floor":5,"gold_loss":0},{"damage_healed":0,"gold_gain":0,"player_choice":"Ignored","damage_taken":0,"max_hp_gain":0,"max_hp_loss":0,"event_name":"Ghosts","floor":19,"gold_loss":0},{"damage_healed":0,"gold_gain":0,"player_choice":"Obtained Relic","damage_taken":0,"relics_obtained":["Meat on the Bone"],"max_hp_gain":0,"max_hp_loss":0,"event_name":"Addict","floor":24,"gold_loss":85}],"is_beta":false,"boss_relics":[{"not_picked":["Snecko Eye","Busted Crown","Fusion Hammer"]}],"items_purged_floors":[],"is_endless":false,"potions_floor_spawned":[1,6,18,21],"killed_by":"Shelled Parasite and Fungi","ascension_level":0}}