{"host":"9jkzatiwan7o33sr","time":1611664045,"event":{"mods":["AchievementEnabler","Act Like it!","Aspiration","BaseMod","Colored Map","Colored Powertips","Conspire","Downfall","GifTheSpireLib","Hallownest","Hermit","Hubris","Infinite Spire","Jorbs\u0027s Wanderer Trilogy","Mad Scientist","Mimic Mod","Minty Spire (QoL Compilation)","Permanent Neow","Shade Mod","StSLib","Stuff the Spire","Td1madao Mod","The Bladedancer","The Bug Knight","The Cursed","The Forsaken","The Hierophant","The Jungle","The Mystic","The Necromancer","The Poker Player","The Servant 0.9.4","The Witch","[IsaacMod]????"],"gold_per_floor":[115,22,22,22,36,69,69,0,76,76,87,97,128,144,144,243,243,262,34,34,50,68,101,101,121,121,155,155,155,155,171,171,267,267,281,206,206,15,15,15,29,29,52,82,101,101,114,133,133,133],"floor_reached":51,"language":"ENG","playtime":4306,"items_purged":["downfall:Bewildered"],"score":773,"play_id":"260a6b48-2299-4205-90ab-af3efb1414e3","local_time":"20210126132725","is_ascension_mode":true,"campfire_choices":[{"data":"Eruption","floor":7,"key":"SMITH"},{"floor":15,"key":"REST"},{"data":"BattleHymn","floor":24,"key":"SMITH"},{"data":"LikeWater","floor":28,"key":"SMITH"},{"data":"InnerPeace","floor":30,"key":"SMITH"},{"floor":32,"key":"REST"},{"data":"Enlightenment","floor":40,"key":"SMITH"},{"data":"LikeWater+1","floor":42,"key":"SMITH"},{"data":"LikeWater+2","floor":49,"key":"SMITH"}],"circlet_count":0,"master_deck":["Strike_P+1","Strike_P","Strike_P+1","Strike_P","Defend_P+1","Defend_P+1","Defend_P","Defend_P","Eruption+1","Vigilance","EmptyFist","Good Instincts+1","Wireheading+1","Prostrate","Ragnarok","InnerPeace+1","LikeWater+3","Protect","PathToVictory","LessonLearned","BowlingBash+1","Halt","BattleHymn+1","Halt+1","Prostrate+1","EmptyBody+1","Meditate+1","PathToVictory","Judgement","Brilliance","Consecrate+1","Enlightenment+1","Wireheading","FlyingSleeves+1","hubris:Despair","Halt+1","Wish","SashWhip+1","Pray+1"],"relics":["PureWater","HushsDoor","DeathBook","Happy Flower","conspire:InfiniteJournal","hubris:OldNail","TheBible","StuffTheSpire:ForceGauntlet","Philosopher\u0027s Stone","Bag of Marbles","sneckomod:BabySnecko","StuffTheSpire:OldFever","HowToJump","DeadEye","YumHeart","conspire:RunicOctahedron","Cursed Key","BookOfRevelations","BelialBook","hubris:MysteriousPyramids","hubris:Towel"],"acts_visited":["Exordium","TheCity","TheBeyond"],"potions_floor_usage":[13,16,23,23],"damage_taken":[{"damage":7,"enemies":"Small Slimes","floor":1,"turns":6},{"damage":1,"enemies":"conspire:RoseBush","floor":5,"turns":4},{"damage":7,"enemies":"Lagavulin","floor":6,"turns":4},{"damage":0,"enemies":"Jaw Worm","floor":11,"turns":1},{"damage":11,"enemies":"Looter","floor":12,"turns":4},{"damage":9,"enemies":"3 Sentries","floor":13,"turns":9},{"damage":0,"enemies":"2 Fungi Beasts","floor":14,"turns":5},{"damage":16,"enemies":"The Guardian","floor":16,"turns":15},{"damage":8,"enemies":"2 Thieves","floor":18,"turns":2},{"damage":0,"enemies":"conspire:FuzzyDice","floor":21,"turns":4},{"damage":4,"enemies":"Centurion and Healer","floor":22,"turns":7},{"damage":14,"enemies":"conspire:SneckoGhost","floor":23,"turns":6},{"damage":2,"enemies":"conspire:HollyBat","floor":25,"turns":5},{"damage":6,"enemies":"conspire:MimicChest","floor":27,"turns":6},{"damage":21,"enemies":"Snake Plant","floor":31,"turns":4},{"damage":5,"enemies":"Collector","floor":33,"turns":5},{"damage":0,"enemies":"Orb Walker","floor":35,"turns":1},{"damage":7,"enemies":"3 Shapes","floor":41,"turns":2},{"damage":0,"enemies":"Giant Head","floor":44,"turns":4},{"damage":12,"enemies":"Sphere and 2 Shapes","floor":45,"turns":4},{"damage":0,"enemies":"3 Darklings","floor":47,"turns":1},{"damage":0,"enemies":"Maw","floor":48,"turns":5},{"damage":7,"enemies":"Awakened One","floor":50,"turns":8}],"seed_played":"916934783591175407","potions_obtained":[{"floor":5,"key":"Block Potion"},{"floor":12,"key":"Weak Potion"},{"floor":13,"key":"champ:CounterPotion"},{"floor":16,"key":"Weak Potion"},{"floor":21,"key":"SkillPotion"},{"floor":27,"key":"Ancient Potion"},{"floor":31,"key":"Fire Potion"},{"floor":35,"key":"Fire Potion"},{"floor":44,"key":"DuplicationPotion"},{"floor":47,"key":"Ambrosia"}],"is_trial":false,"path_per_floor":["M","$","?","?","M","E","R","$","T","?","M","M","E","M","R","B",null,"M","$","?","M","M","E","R","M","T","?","R","AVR","R","M","R","B",null,"M","$","?","$","?","R","M","R","T","E","M","?","M","M","R","B",null],"character_chosen":"WATCHER","items_purchased":["Good Instincts","Ragnarok","Bag of Marbles","Halt","BattleHymn","BookOfRevelations","Wireheading"],"campfire_rested":2,"item_purchase_floors":[2,8,19,19,19,38,38],"current_hp_per_floor":[65,65,65,65,64,57,57,57,57,57,57,46,37,37,58,42,72,64,64,64,64,60,46,46,44,44,38,38,63,63,42,63,58,72,72,72,72,72,68,68,61,61,61,61,49,49,49,49,68,61],"gold":133,"neow_bonus":"RANDOM_COMMON_RELIC","is_daily":false,"chose_seed":false,"campfire_upgraded":7,"win_rate":0.0,"timestamp":1611664045,"path_taken":["M","$","?","?","M","E","R","$","T","?","M","M","E","M","R","BOSS","M","$","?","M","M","E","R","M","T","?","R","AVR","R","?","R","BOSS","M","$","?","$","?","R","M","R","T","E","M","?","M","M","R","BOSS"],"items_purchased_type":["Card","Card","Relic","Card","Card","Relic","Card"],"build_version":"2020-12-22","purchased_purges":1,"victory":true,"max_hp_per_floor":[72,72,72,72,72,72,72,72,72,72,72,72,72,72,72,72,72,72,72,72,72,72,72,72,72,72,72,72,72,72,72,72,72,72,72,72,72,72,68,68,68,68,68,68,68,68,68,68,68,68],"card_choices":[{"not_picked":[],"picked":"Bomb","floor":0},{"not_picked":["Evaluate","WheelKick"],"picked":"EmptyFist","floor":1},{"not_picked":["FlurryOfBlows","CrushJoints"],"picked":"Wireheading","floor":5},{"not_picked":["SashWhip","ThirdEye"],"picked":"Prostrate","floor":6},{"not_picked":["WheelKick","MentalFortress"],"picked":"InnerPeace","floor":11},{"not_picked":["Prostrate","Evaluate"],"picked":"LikeWater","floor":12},{"not_picked":["MasterReality","CutThroughFate"],"picked":"Protect","floor":13},{"not_picked":["Prostrate","EmptyBody"],"picked":"PathToVictory","floor":14},{"not_picked":["Vault","DeusExMachina"],"picked":"LessonLearned","floor":16},{"not_picked":["Nirvana","Vengeance+1"],"picked":"BowlingBash+1","floor":18},{"not_picked":["FollowUp","Adaptation"],"picked":"Halt+1","floor":21},{"not_picked":["ClearTheMind+1","SashWhip"],"picked":"Prostrate+1","floor":22},{"not_picked":["Protect","Omniscience"],"picked":"EmptyBody+1","floor":23},{"not_picked":["BattleHymn","SashWhip"],"picked":"Meditate+1","floor":25},{"not_picked":["DeceiveReality","Perseverance"],"picked":"PathToVictory","floor":27},{"not_picked":["CutThroughFate","BattleHymn"],"picked":"Judgement","floor":31},{"not_picked":["Scrawl","Wish"],"picked":"Brilliance","floor":33},{"not_picked":["Meditate","Protect+1"],"picked":"Consecrate+1","floor":35},{"not_picked":["Battery","hubris:Ssssneak"],"picked":"Enlightenment","floor":37},{"not_picked":["Wireheading","SashWhip"],"picked":"FlyingSleeves","floor":41},{"not_picked":["Tantrum","BattleHymn+1"],"picked":"Halt+1","floor":44},{"not_picked":["Vengeance","Protect+1"],"picked":"Wish","floor":45},{"not_picked":["Ragnarok","CutThroughFate"],"picked":"SashWhip+1","floor":47},{"not_picked":["CarveReality","ClearTheMind"],"picked":"Pray+1","floor":48}],"player_experience":611514,"relics_obtained":[{"floor":3,"key":"conspire:InfiniteJournal"},{"floor":6,"key":"hubris:OldNail"},{"floor":9,"key":"TheBible"},{"floor":13,"key":"StuffTheSpire:ForceGauntlet"},{"floor":23,"key":"StuffTheSpire:OldFever"},{"floor":26,"key":"HowToJump"},{"floor":27,"key":"DeadEye"},{"floor":43,"key":"BelialBook"},{"floor":44,"key":"hubris:MysteriousPyramids"}],"event_choices":[{"damage_healed":0,"gold_gain":0,"player_choice":"Ignored","damage_taken":0,"max_hp_gain":0,"max_hp_loss":0,"event_name":"Shining Light","floor":10,"gold_loss":0},{"damage_healed":0,"gold_gain":0,"player_choice":"Memory 1","damage_taken":0,"max_hp_gain":0,"max_hp_loss":0,"event_name":"SensoryStone","floor":37,"gold_loss":0},{"damage_healed":0,"gold_gain":0,"player_choice":"Max HP","damage_taken":0,"max_hp_gain":0,"max_hp_loss":4,"event_name":"Winding Halls","floor":39,"gold_loss":0}],"is_beta":false,"boss_relics":[{"not_picked":["hubris:RunicObelisk","hubris:VirtuousBlindfold"],"picked":"Philosopher\u0027s Stone"},{"not_picked":[]},{"not_picked":["aspiration:RunicSpoon","Calling Bell"],"picked":"Cursed Key"},{"not_picked":[]}],"items_purged_floors":[36],"is_endless":false,"potions_floor_spawned":[5,12,13,16,21,27,31,33,35,44,47],"ascension_level":2}}