{"host":"zlryddw6xv0ljf8b","time":1611643280,"event":{"mods":["AchievementEnabler","BaseMod","Colored Map","Colored Powertips","Highlight Path","Minty Spire (QoL Compilation)","Permanent Neow","Quick Restart","StSLib","UnlockEverythingMod"],"gold_per_floor":[113,188,198,210,226,257,257,277,277,311,311,131,164,180,180,281,281,292,292,292,60,76,76,108,108,132,132,160,210,243,261,261,363,363,383,400,400,415,95,95,95,122,192,47,58,73,89,129,129,129],"floor_reached":51,"language":"ENG","playtime":5275,"items_purged":["Shame"],"score":927,"play_id":"1473322e-5799-4c30-8221-743b11e3b2d2","local_time":"20210126004120","is_ascension_mode":true,"campfire_choices":[{"data":"Creative AI","floor":7.0,"key":"SMITH"},{"floor":11.0,"key":"REST"},{"data":"Chill","floor":15.0,"key":"SMITH"},{"data":"Ghostly","floor":23.0,"key":"SMITH"},{"data":"Ghostly","floor":25.0,"key":"SMITH"},{"floor":27.0,"key":"REST"},{"data":"Zap","floor":32.0,"key":"SMITH"},{"data":"Defragment","floor":40.0,"key":"SMITH"},{"floor":49,"key":"REST"}],"circlet_count":0,"master_deck":["Strike_B","Strike_B","Strike_B","Defend_B","Defend_B","Defend_B","Defend_B","Zap+1","Dualcast","Creative AI+1","Leap","Leap","Chill+1","Rebound","Sweeping Beam","Multi-Cast","Chill","Cold Snap","Self Repair","Buffer","Redo","Ghostly+1","Ghostly+1","Ghostly","Ghostly","Ghostly","Skim","Seek","Capacitor+1","Static Discharge","Compile Driver+1","Barrage+1","Electrodynamics","Coolheaded+1","Undo","Defragment+1","Hologram","Defragment","Go for the Eyes+1","Redo+1","Double Energy+1","Loop+1"],"relics":["FrozenCore","Strawberry","Kunai","Art of War","PreservedInsect","Gambling Chip","Happy Flower","Potion Belt","Molten Egg 2","Anchor","Cursed Key","Mercury Hourglass","Cables","Blue Candle","CeramicFish"],"acts_visited":["Exordium","TheCity","TheBeyond"],"potions_floor_usage":[48,50,50],"damage_taken":[{"damage":5.0,"enemies":"Jaw Worm","floor":1.0,"turns":5.0},{"damage":0.0,"enemies":"Small Slimes","floor":3.0,"turns":3.0},{"damage":0.0,"enemies":"2 Louse","floor":4.0,"turns":2.0},{"damage":0.0,"enemies":"2 Fungi Beasts","floor":5.0,"turns":5.0},{"damage":16.0,"enemies":"Lagavulin","floor":6.0,"turns":8.0},{"damage":6.0,"enemies":"Red Slaver","floor":8.0,"turns":5.0},{"damage":3.0,"enemies":"3 Sentries","floor":10.0,"turns":7.0},{"damage":0.0,"enemies":"Gremlin Nob","floor":13.0,"turns":5.0},{"damage":6.0,"enemies":"Exordium Thugs","floor":14.0,"turns":7.0},{"damage":22.0,"enemies":"The Guardian","floor":16.0,"turns":11.0},{"damage":1.0,"enemies":"Spheric Guardian","floor":18.0,"turns":9.0},{"damage":0.0,"enemies":"Chosen","floor":22.0,"turns":6.0},{"damage":19.0,"enemies":"Slavers","floor":24.0,"turns":8.0},{"damage":0.0,"enemies":"Gremlin Leader","floor":28.0,"turns":8.0},{"damage":2.0,"enemies":"Slavers","floor":30.0,"turns":13.0},{"damage":6.0,"enemies":"Snake Plant","floor":31.0,"turns":8.0},{"damage":0.0,"enemies":"Champ","floor":33.0,"turns":17.0},{"damage":0.0,"enemies":"3 Shapes","floor":35.0,"turns":3.0},{"damage":0.0,"enemies":"3 Darklings","floor":36.0,"turns":5.0},{"damage":10.0,"enemies":"Sphere and 2 Shapes","floor":38.0,"turns":8.0},{"damage":12.0,"enemies":"Giant Head","floor":42.0,"turns":10.0},{"damage":0.0,"enemies":"Transient","floor":45.0,"turns":5.0},{"damage":0,"enemies":"Jaw Worm Horde","floor":46,"turns":4},{"damage":0,"enemies":"Sphere and 2 Shapes","floor":47,"turns":9},{"damage":31,"enemies":"Nemesis","floor":48,"turns":7},{"damage":7,"enemies":"Awakened One","floor":50,"turns":12}],"seed_played":"-7870363262329894006","potions_obtained":[{"floor":3.0,"key":"SpeedPotion"},{"floor":5.0,"key":"Explosive Potion"},{"floor":6.0,"key":"EssenceOfSteel"},{"floor":8.0,"key":"Swift Potion"},{"floor":14.0,"key":"CultistPotion"},{"floor":16.0,"key":"AttackPotion"},{"floor":18.0,"key":"SpeedPotion"},{"floor":22.0,"key":"AttackPotion"},{"floor":24.0,"key":"Explosive Potion"},{"floor":33.0,"key":"Regen Potion"},{"floor":35.0,"key":"LiquidBronze"},{"floor":38.0,"key":"SkillPotion"},{"floor":42.0,"key":"Fire Potion"},{"floor":48,"key":"Ancient Potion"}],"is_trial":false,"path_per_floor":["M","?","M","M","M","E","R","M","T","E","R","$","E","M","R","B",null,"M","?","?","$","M","R","E","R","T","R","E","?","E","M","R","B",null,"M","M","?","M","$","R","$","E","T","$","M","M","M","E","R","B",null],"character_chosen":"DEFECT","items_purchased":["PreservedInsect","Chill","Skim","Seek","Defragment","Mercury Hourglass","Defragment"],"campfire_rested":3,"item_purchase_floors":[12,12,21,21,39,39,44],"current_hp_per_floor":[70,59,59,59,59,50,50,44,44,41,65,65,65,59,59,44,82,82,82,41,41,41,41,29,29,29,41,41,41,41,41,41,41,41,41,41,41,38,38,38,38,33,33,33,40,41,41,31,41,41],"gold":129,"neow_bonus":"TRANSFORM_CARD","is_daily":false,"chose_seed":false,"campfire_upgraded":6,"win_rate":0.0,"timestamp":1611643280,"path_taken":["M","?","M","M","M","E","R","M","T","E","R","$","E","M","R","BOSS","M","?","?","$","M","R","E","R","T","R","E","?","E","?","R","BOSS","M","M","?","M","?","R","$","E","T","$","M","M","?","E","R","BOSS"],"items_purchased_type":["Relic","Card","Card","Card","Card","Relic","Card"],"build_version":"2020-12-22","purchased_purges":1,"victory":true,"max_hp_per_floor":[75,75,75,75,75,82,82,82,82,82,82,82,82,82,82,82,82,82,82,41,41,41,41,41,41,41,41,41,41,41,41,41,41,41,41,41,41,41,41,41,41,41,41,41,41,41,41,41,41,41],"card_choices":[{"not_picked":["Gash","Melter"],"picked":"Leap","floor":1.0},{"not_picked":["Rebound","Gash"],"picked":"Leap","floor":3.0},{"not_picked":["Steam","Rebound"],"picked":"Chill","floor":4.0},{"not_picked":["Force Field","Rebound","Heatsinks"],"picked":"SKIP","floor":5.0},{"not_picked":["Force Field","Heatsinks"],"picked":"Rebound","floor":5.0},{"not_picked":["Heatsinks","Rip and Tear"],"picked":"Sweeping Beam","floor":6.0},{"not_picked":["Rebound","Steam"],"picked":"Multi-Cast","floor":8.0},{"not_picked":["Beam Cell","BootSequence","Blizzard"],"picked":"SKIP","floor":10.0},{"not_picked":["Amplify","Stack"],"picked":"Cold Snap","floor":13.0},{"not_picked":["Gash","Double Energy"],"picked":"Self Repair","floor":14.0},{"not_picked":["Hyperbeam","Reboot"],"picked":"Buffer","floor":16.0},{"not_picked":["Sweeping Beam","Cold Snap"],"picked":"Redo","floor":18.0},{"not_picked":["Ball Lightning+1","Darkness"],"picked":"Capacitor+1","floor":22.0},{"not_picked":["Heatsinks","Biased Cognition"],"picked":"Static Discharge","floor":24.0},{"not_picked":["Hello World+1","Heatsinks","Reprogram+1"],"picked":"SKIP","floor":28.0},{"not_picked":["Beam Cell+1","Static Discharge"],"picked":"Compile Driver+1","floor":30.0},{"not_picked":["Sunder+1","Compile Driver+1"],"picked":"Barrage+1","floor":31.0},{"not_picked":["Hyperbeam+1","Thunder Strike+1"],"picked":"Electrodynamics","floor":33.0},{"not_picked":["Gash+1","Compile Driver+1"],"picked":"Coolheaded+1","floor":35.0},{"not_picked":["Streamline+1","Force Field","Gash+1"],"picked":"SKIP","floor":36.0},{"not_picked":["Reinforced Body+1","Creative AI"],"picked":"Undo","floor":38.0},{"not_picked":["Sunder+1","Leap"],"picked":"Hologram","floor":42.0},{"not_picked":["Barrage+1","Reprogram+1"],"picked":"Go for the Eyes+1","floor":45.0},{"not_picked":["Genetic Algorithm","Steam"],"picked":"Redo+1","floor":46},{"not_picked":["Hello World","Compile Driver+1"],"picked":"Double Energy+1","floor":47},{"not_picked":["Darkness","Stack+1"],"picked":"Loop+1","floor":48}],"player_experience":5,"relics_obtained":[{"floor":6.0,"key":"Strawberry"},{"floor":9.0,"key":"Kunai"},{"floor":10.0,"key":"Art of War"},{"floor":13.0,"key":"Gambling Chip"},{"floor":24.0,"key":"Happy Flower"},{"floor":26.0,"key":"Potion Belt"},{"floor":28.0,"key":"Molten Egg 2"},{"floor":30.0,"key":"Anchor"},{"floor":42.0,"key":"Cables"},{"floor":43.0,"key":"Blue Candle"},{"floor":48,"key":"CeramicFish"}],"event_choices":[{"damage_healed":0.0,"max_hp_gain":0.0,"max_hp_loss":0.0,"gold_gain":75.0,"event_name":"World of Goop","player_choice":"Gather Gold","floor":2.0,"gold_loss":0.0,"damage_taken":11.0},{"damage_healed":0.0,"max_hp_gain":0.0,"max_hp_loss":0.0,"gold_gain":0.0,"event_name":"Vampires","player_choice":"Ignored","floor":19.0,"gold_loss":0.0,"damage_taken":0.0},{"damage_healed":0.0,"max_hp_gain":0.0,"max_hp_loss":41.0,"gold_gain":0.0,"event_name":"Ghosts","player_choice":"Became a Ghost","floor":20.0,"gold_loss":0.0,"damage_taken":0.0,"cards_obtained":["Ghostly","Ghostly","Ghostly","Ghostly","Ghostly"]},{"damage_healed":0.0,"max_hp_gain":0.0,"max_hp_loss":0.0,"gold_gain":100.0,"event_name":"The Joust","player_choice":"Bet on Murderer","floor":29.0,"gold_loss":50.0,"damage_taken":0.0},{"damage_healed":0.0,"max_hp_gain":0.0,"max_hp_loss":0.0,"gold_gain":0.0,"event_name":"SecretPortal","player_choice":"Ignored","floor":37.0,"gold_loss":0.0,"damage_taken":0.0}],"is_beta":false,"boss_relics":[{"not_picked":["Calling Bell","Tiny House"],"picked":"FrozenCore"},{"not_picked":["Snecko Eye","Runic Pyramid"],"picked":"Cursed Key"}],"items_purged_floors":[44],"is_endless":false,"potions_floor_spawned":[3,5,6,8,14,16,18,22,24,33,35,38,42,48],"ascension_level":1}}