{"host":"xp5rvh2jwe2ejyfm","time":1611633104,"event":{"mods":["BaseMod","Downfall","Duelist Mod","GifTheSpireLib","Gremlin Mod","Hermit","Hubris","Minty Spire (QoL Compilation)","Robot Space Explorer","StSLib","The Blackbeard","The Clintock","The Construct","The Cursed","The Disciple","The Forsaken","The Hierophant","The Necromancer","The Runesmith","The Servant 0.9.4"],"gold_per_floor":[99,99,99,154,254,254,334,351,251,29,39,56,66,95,113,216,216,216,232,242,259,270,270,270,288,298,313,343,443,43,63,83,184,184,184,204,42,67,80,80,80,80,99,109,126,138,170,170,190,190,190,190],"floor_reached":50,"language":"ENG","playtime":2218,"items_purged":[],"score":577,"play_id":"5fde4116-7dbe-44a4-9fcc-aaab4a291a8a","local_time":"20210125225144","is_ascension_mode":false,"campfire_choices":[{"floor":1,"key":"RECALL"},{"floor":9,"key":"REST"},{"floor":18,"key":"REST"},{"floor":35,"key":"REST"},{"data":"Slimebound:LevelUp","floor":42,"key":"SMITH"}],"circlet_count":0,"master_deck":["Slimebound:Strike_Slimebound","Slimebound:Strike_Slimebound","Slimebound:Strike_Slimebound","Slimebound:Tackle","Slimebound:Defend_Slimebound","Slimebound:Defend_Slimebound","Slimebound:Defend_Slimebound","Slimebound:Defend_Slimebound","Slimebound:Split+1","Slimebound:CorrosiveSpit","Slimebound:Gluttony","Slimebound:SlimeSpikes","Slimebound:HauntingLick","Slimebound:SplitAcid","Slimebound:LevelUp+1","Slimebound:SplitBruiser","Slimebound:SplitLeeching","Slimebound:Equalize","Slimebound:Schlurp","Slimebound:AcidTongue","Slimebound:RollThrough","Slimebound:LeechLife","Slimebound:MassRepurpose","Slimebound:GoopSpray","Slimebound:ItLooksTasty+1","Slimebound:SamplingLick","Slimebound:SplitSpecialist","Slimebound:GoopSpray+1","Slimebound:Nibble","Slimebound:Schlurp+1","Slimebound:SplitSpecialist","Slimebound:WasteNot","Slimebound:SplitLeeching+1","Slimebound:TongueLash","Slimebound:SamplingLick+1","Slimebound:RollThrough","Slimebound:MassFeed","CurseOfTheBell","Slimebound:RainOfGoop","Slimebound:Prepare","Slimebound:Prepare","Slimebound:SplitMire+1","Slimebound:LeadByExample+1","Slimebound:LivingWall+1","Slimebound:LivingWall+1","Slimebound:LivingWall+1","Slimebound:SplitBruiser+1","Slimebound:GoopSpray"],"relics":["Slimebound:AbsorbEndCombat","downfall:HeartsMalice","Dream Catcher","HornCleat","Mercury Hourglass","downfall:HeartBlessingRed","HandDrill","Strawberry","theForsaken:PaleLantern","Blood Vial","hubris:BottledRain","hubris:SlimyHat","Sling","theForsaken:Lifeblossom","Calling Bell","Centennial Puzzle","construct:FoamFinger","hubris:GlazedTorus","Slimebound:StickyStick","Slimebound:MaxSlimesRelic","hubris:SphereOfDissonance","hubris:Towel"],"acts_visited":["Exordium","TheCity","TheBeyond"],"potions_floor_usage":[10,16,20,31,33,33,46,46,50],"damage_taken":[{"damage":0,"enemies":"Small Slimes","floor":2,"turns":1},{"damage":0,"enemies":"Lagavulin Event","floor":4,"turns":1},{"damage":0,"enemies":"2 Louse","floor":6,"turns":1},{"damage":4,"enemies":"Jaw Worm","floor":8,"turns":3},{"damage":0,"enemies":"downfall:FleeingMerchant","floor":10,"turns":4},{"damage":5,"enemies":"Large Slime","floor":11,"turns":4},{"damage":7,"enemies":"Blue Slaver","floor":12,"turns":3},{"damage":5,"enemies":"Lots of Slimes","floor":13,"turns":3},{"damage":12,"enemies":"3 Sentries","floor":14,"turns":5},{"damage":17,"enemies":"Large Slime","floor":15,"turns":5},{"damage":55,"enemies":"DF_ARCHETYPE_STREAMLINE","floor":16,"turns":8},{"damage":4,"enemies":"3 Byrds","floor":19,"turns":4},{"damage":21,"enemies":"Chosen","floor":20,"turns":5},{"damage":19,"enemies":"Snake Plant","floor":21,"turns":3},{"damage":21,"enemies":"Sentry and Sphere","floor":22,"turns":5},{"damage":2,"enemies":"Chosen and Byrds","floor":25,"turns":5},{"damage":21,"enemies":"3 Cultists","floor":26,"turns":4},{"damage":9,"enemies":"Snake Plant","floor":27,"turns":4},{"damage":71,"enemies":"Book of Stabbing","floor":28,"turns":6},{"damage":0,"enemies":"downfall:FleeingMerchant","floor":30,"turns":4},{"damage":5,"enemies":"Snecko","floor":31,"turns":4},{"damage":14,"enemies":"3 Cultists","floor":32,"turns":5},{"damage":46,"enemies":"SI_MIRROR_ARCHETYPE","floor":33,"turns":12},{"damage":6,"enemies":"3 Shapes","floor":36,"turns":4},{"damage":0,"enemies":"downfall:FleeingMerchant","floor":37,"turns":4},{"damage":21,"enemies":"Orb Walker","floor":39,"turns":5},{"damage":17,"enemies":"Transient","floor":43,"turns":5},{"damage":12,"enemies":"4 Shapes","floor":44,"turns":4},{"damage":16,"enemies":"Maw","floor":45,"turns":7},{"damage":53,"enemies":"Writhing Mass","floor":46,"turns":5},{"damage":62,"enemies":"Nemesis","floor":47,"turns":7},{"damage":12,"enemies":"Sphere and 2 Shapes","floor":49,"turns":5},{"damage":37,"enemies":"WA_ARCHETYPE_DIVINITY","floor":50,"turns":5}],"seed_played":"-2524234649008989768","potions_obtained":[{"floor":4,"key":"FearPotion"},{"floor":8,"key":"LiquidBronze"},{"floor":11,"key":"Dexterity Potion"},{"floor":12,"key":"Fire Potion"},{"floor":20,"key":"Fruit Juice"},{"floor":21,"key":"Slimebound:SlimedPotion"},{"floor":33,"key":"SpeedPotion"},{"floor":36,"key":"Slimebound:SpawnSlimePotion"},{"floor":43,"key":"champ:CounterPotion"},{"floor":46,"key":"Fruit Juice"},{"floor":47,"key":"AttackPotion"}],"is_trial":false,"path_per_floor":["R","M","?","?","?","M","T","M","R","$","M","M","M","E","M","B",null,"R","M","M","M","M","?","T","M","M","M","E","?","$","M","M","B",null,"R","M","$","T","M","?","T","R","M","M","M","M","E","?","M","B"],"character_chosen":"SLIMEBOUND","items_purchased":["Slimebound:SplitLeeching","HandDrill","Sling","theForsaken:Lifeblossom","Slimebound:TongueLash","Slimebound:StickyStick"],"campfire_rested":3,"item_purchase_floors":[10,10,30,30,30,37],"current_hp_per_floor":[65,65,53,53,53,53,53,53,65,65,60,63,58,61,56,15,72,72,72,64,55,53,53,53,69,66,68,27,27,41,48,58,45,77,77,80,80,80,62,62,62,62,67,71,68,32,8,8,4,0,0,0],"gold":190,"neow_bonus":"THREE_ENEMY_KILL","is_daily":false,"chose_seed":false,"campfire_upgraded":1,"win_rate":0.0,"timestamp":1611633104,"path_taken":["R","M","?","?","?","M","T","M","R","$","?","M","M","E","M","BOSS","R","M","M","M","M","?","T","M","M","M","E","?","$","M","M","BOSS","R","M","$","?","M","?","T","R","M","M","M","M","E","?","M","BOSS"],"items_purchased_type":["Card","Relic","Relic","Relic","Card","Relic"],"build_version":"2020-12-22","purchased_purges":0,"victory":false,"max_hp_per_floor":[65,65,65,65,65,65,65,65,65,65,65,65,65,72,72,72,72,72,72,77,77,77,77,77,77,77,77,77,77,77,77,77,77,77,77,80,80,80,80,80,80,80,80,80,80,85,85,85,85,85,85,85],"card_choices":[{"not_picked":["Slimebound:RollThrough","Slimebound:SplitAcid"],"picked":"Slimebound:Gluttony","floor":2},{"not_picked":["Slimebound:Chomp","Slimebound:SlimeBrawl"],"picked":"Slimebound:SlimeSpikes","floor":4},{"not_picked":["Slimebound:SpikyOuterGoop","Slimebound:ForwardTackle"],"picked":"Slimebound:HauntingLick","floor":6},{"not_picked":["Slimebound:GoopTackle","Slimebound:Prepare"],"picked":"Slimebound:SplitAcid","floor":8},{"not_picked":["Slimebound:Prepare","Slimebound:RainOfGoop"],"picked":"Slimebound:LevelUp","floor":9},{"not_picked":["Slimebound:SlimeBarrage","Slimebound:GoopTackle"],"picked":"Slimebound:SplitBruiser","floor":10},{"not_picked":["Slimebound:ForwardTackle","Slimebound:LevelUp"],"picked":"Slimebound:Equalize","floor":11},{"not_picked":["Slimebound:SplitAcid","Slimebound:SplitBruiser"],"picked":"Slimebound:Schlurp","floor":12},{"not_picked":["Slimebound:HauntingLick","Slimebound:GoopTackle"],"picked":"Slimebound:AcidTongue","floor":13},{"not_picked":["Slimebound:ForwardTackle","Slimebound:Replication"],"picked":"Slimebound:RollThrough","floor":14},{"not_picked":["Slimebound:Schlurp","Slimebound:ViciousTackle"],"picked":"Slimebound:LeechLife","floor":15},{"not_picked":["Slimebound:Recycling","Slimebound:Teamwork"],"picked":"Slimebound:MassRepurpose","floor":16},{"not_picked":["Slimebound:RollThrough","Slimebound:RejuvenatingLick"],"picked":"Slimebound:GoopSpray","floor":18},{"not_picked":["Slimebound:Repurpose","Slimebound:LeechingTouch"],"picked":"Slimebound:ItLooksTasty+1","floor":19},{"not_picked":["Slimebound:SlimeBarrage","Slimebound:PressTheAttack+1"],"picked":"Slimebound:SamplingLick","floor":20},{"not_picked":["Slimebound:AcidTongue","Slimebound:HungryTackle"],"picked":"Slimebound:SplitSpecialist","floor":21},{"not_picked":["Slimebound:Repurpose","Slimebound:ItLooksTasty"],"picked":"Slimebound:GoopSpray+1","floor":22},{"not_picked":["Slimebound:LeechEnergy","Slimebound:ComboTackle+1"],"picked":"Slimebound:Nibble","floor":25},{"not_picked":["Slimebound:MinionMaster","Slimebound:PressTheAttack"],"picked":"Slimebound:Schlurp+1","floor":26},{"not_picked":["Slimebound:Repurpose+1","Slimebound:LivingWall"],"picked":"Slimebound:SplitSpecialist","floor":27},{"not_picked":["Slimebound:GrowthPunch","Slimebound:FormOfPuddle"],"picked":"Slimebound:WasteNot","floor":28},{"not_picked":["Slimebound:LeadByExample","Slimebound:PrepareCrush"],"picked":"Slimebound:SplitLeeching+1","floor":30},{"not_picked":["Slimebound:ItLooksTasty","Slimebound:DivideAndConquer+1"],"picked":"Slimebound:SamplingLick+1","floor":31},{"not_picked":["Slimebound:PressTheAttack","Slimebound:ComboTackle"],"picked":"Slimebound:RollThrough","floor":32},{"not_picked":["Slimebound:Recycling","Slimebound:SlimeSlap"],"picked":"Slimebound:MassFeed","floor":33},{"not_picked":["Slimebound:SplitAcid","Slimebound:LeechEnergy"],"picked":"Slimebound:RainOfGoop","floor":35},{"not_picked":["Slimebound:BestDefense","Slimebound:ForwardTackle"],"picked":"Slimebound:Prepare","floor":36},{"not_picked":["Slimebound:LivingWall","Slimebound:FormOfPuddle"],"picked":"Slimebound:Prepare","floor":37},{"not_picked":["Slimebound:SplitAcid+1","Slimebound:ComboTackle"],"picked":"Slimebound:SplitMire+1","floor":39},{"not_picked":["Slimebound:GoopTackle","Slimebound:GrowthPunch"],"picked":"Slimebound:LeadByExample+1","floor":43},{"not_picked":["Slimebound:WasteNot","Slimebound:Prepare+1"],"picked":"Slimebound:LivingWall+1","floor":44},{"not_picked":["Slimebound:ComboTackle","Slimebound:Schlurp"],"picked":"Slimebound:LivingWall+1","floor":45},{"not_picked":["Slimebound:SplitAcid+1","Slimebound:SplitBruiser+1"],"picked":"Slimebound:LivingWall+1","floor":46},{"not_picked":["Slimebound:ComboTackle+1","Slimebound:RallyTheTroops"],"picked":"Slimebound:SplitBruiser+1","floor":47},{"not_picked":["Slimebound:SamplingLick","Slimebound:ComboTackle"],"picked":"Slimebound:GoopSpray","floor":49}],"player_experience":347117,"relics_obtained":[{"floor":4,"key":"HornCleat"},{"floor":7,"key":"Mercury Hourglass"},{"floor":14,"key":"Strawberry"},{"floor":24,"key":"hubris:BottledRain"},{"floor":28,"key":"hubris:SlimyHat"},{"floor":34,"key":"Centennial Puzzle"},{"floor":34,"key":"construct:FoamFinger"},{"floor":34,"key":"hubris:GlazedTorus"},{"floor":41,"key":"Slimebound:MaxSlimesRelic"},{"floor":47,"key":"hubris:SphereOfDissonance"}],"event_choices":[{"damage_healed":0,"gold_gain":0,"player_choice":"Success","damage_taken":12,"relics_obtained":["Dream Catcher"],"max_hp_gain":0,"max_hp_loss":0,"event_name":"Scrap Ooze","floor":3,"gold_loss":0}],"is_beta":false,"boss_relics":[{"not_picked":["hubris:HollowSoul","Cursed Key"],"picked":"theForsaken:PaleLantern"},{"not_picked":["bronze:MakeshiftBattery","Runic Pyramid"],"picked":"Calling Bell"}],"items_purged_floors":[],"is_endless":false,"potions_floor_spawned":[4,8,11,12,14,20,21,22,27,33,36,43,46,47],"killed_by":"WA_ARCHETYPE_DIVINITY","ascension_level":0}}