{"host":"ws1rigs6jhqnf67d","time":1611664969,"event":{"mods":["100% Spire Juice","BaseMod","Friendly Minions","KinomotoSakuraMod(ƒæ÷Æ±æ”£)","Kiyohime£®«Âºß£©","Lobotomy","LobotomyExtend","Marisa£®ÏF”Í°°ƒß¿Ì…≥£©","Minty Spire (QoL Compilation)","Remilia£®¿Ÿ√◊¿Ú—«£©","StSLib","The Bug Knight","The Senshi","Youmu£®ªÍ∆«—˝√Œ£©","[IsaacMod]“‘»ˆº‚À˛"],"gold_per_floor":[118,118,130,140,153,180,180,207,207,207,46,71,71,101,101,177,177,177,196,213,231,247,281,292,321,347,365,382,416,143,156,156,235,235,247,265,265,275,295,326,326,359,359,394,151,151,151,164,164,164,164],"floor_reached":52,"language":"ZHS","playtime":2126,"items_purged":["Normality"],"score":1970,"play_id":"d461cb2c-e4e1-4812-badc-7223c6095f53","local_time":"20210126204249","is_ascension_mode":true,"campfire_choices":[{"floor":7,"key":"REST"},{"floor":15,"key":"REST"},{"data":"ClowCardTheMove","floor":32,"key":"SMITH"},{"data":"ClowCardTheLight","floor":41,"key":"SMITH"},{"data":"ClowCardTheFreeze","floor":47,"key":"SMITH"},{"data":"ClowCardTheThrough","floor":49,"key":"SMITH"}],"circlet_count":0,"master_deck":["SakuraCardTheMove+","SakuraCardTheShield+","SakuraCardTheSword+","AscendersBane","ClowCardTheSword","ClowCardTheSword","ClowCardTheSword","ClowCardTheShield","ClowCardTheShield","SpellCardSeal","SpellCardRelease","ClowCardTheDash","ClowCardTheThrough+1","ClowCardTheMove+1","ClowCardTheIllusion+1","ClowCardTheLight+1","ClowCardTheTwin","ClowCardTheFreeze+1","Pain"],"relics":["KSMOD_SealedBook","KSMOD_SealedWand","HushsDoor","YumHeart","LetterFromLob","Bottled Lightning","Leech","Blue Candle","KSMOD_TouyasBicycle","KSMOD_TaoistSuit","BelialBook","MagicMushroom","KSMOD_Cerberus","KSMOD_RollerSkates","Pen Nib","D6","theSenshi:SuperSailorFukuRelic","Cursed Key","KSMOD_YukitosBentoBox","HowToJump","Anchor","Bottled Tornado","Bronze Scales","TungstenRod"],"acts_visited":["Exordium","TheCity","TheBeyond"],"potions_floor_usage":[8,14,16,25,33,50,50],"damage_taken":[{"damage":0,"enemies":"2 Louse","floor":1,"turns":1},{"damage":8,"enemies":"Small Slimes","floor":3,"turns":4},{"damage":5,"enemies":"Cultist","floor":4,"turns":4},{"damage":10,"enemies":"Looter","floor":5,"turns":3},{"damage":44,"enemies":"Lagavulin","floor":6,"turns":10},{"damage":23,"enemies":"3 Sentries","floor":8,"turns":5},{"damage":8,"enemies":"Gremlin Nob","floor":12,"turns":3},{"damage":11,"enemies":"Lagavulin","floor":14,"turns":4},{"damage":12,"enemies":"Hexaghost","floor":16,"turns":4},{"damage":0,"enemies":"3 Byrds","floor":19,"turns":2},{"damage":0,"enemies":"Spheric Guardian","floor":20,"turns":3},{"damage":1,"enemies":"Centurion and Healer","floor":21,"turns":4},{"damage":0,"enemies":"3 Cultists","floor":22,"turns":4},{"damage":0,"enemies":"Book of Stabbing","floor":23,"turns":1},{"damage":0,"enemies":"Sentry and Sphere","floor":24,"turns":2},{"damage":8,"enemies":"Slavers","floor":25,"turns":2},{"damage":0,"enemies":"Shelled Parasite and Fungi","floor":27,"turns":2},{"damage":0,"enemies":"Snecko","floor":28,"turns":3},{"damage":0,"enemies":"Gremlin Leader","floor":29,"turns":2},{"damage":0,"enemies":"Chosen and Byrds","floor":31,"turns":2},{"damage":0,"enemies":"Champ","floor":33,"turns":2},{"damage":0,"enemies":"3 Shapes","floor":35,"turns":2},{"damage":0,"enemies":"3 Darklings","floor":36,"turns":2},{"damage":12,"enemies":"4 Shapes","floor":38,"turns":4},{"damage":0,"enemies":"Jaw Worm Horde","floor":39,"turns":3},{"damage":0,"enemies":"Reptomancer","floor":40,"turns":3},{"damage":1,"enemies":"Nemesis","floor":42,"turns":3},{"damage":19,"enemies":"Reptomancer","floor":44,"turns":5},{"damage":0,"enemies":"Writhing Mass","floor":48,"turns":2},{"damage":0,"enemies":"Awakened One","floor":50,"turns":5}],"seed_played":"6111220404285084325","potions_obtained":[{"floor":1,"key":"Swift Potion"},{"floor":3,"key":"Explosive Potion"},{"floor":8,"key":"Block Potion"},{"floor":14,"key":"Fruit Juice"},{"floor":21,"key":"PowerPotion"},{"floor":22,"key":"SkillPotion"},{"floor":25,"key":"ColorlessPotion"},{"floor":36,"key":"GamblersBrew"},{"floor":38,"key":"Weak Potion"}],"is_trial":false,"path_per_floor":["M","?","M","M","M","E","R","E","T","?","$","E","?","E","R","B",null,"M","M","M","M","M","E","M","E","T","M","M","E","$","M","R","B",null,"M","M","?","M","M","E","R","E","T","E","$","T","R","M","R","B",null,null],"character_chosen":"KINOMOTOSAKURA","items_purchased":["KSMOD_TouyasBicycle","theSenshi:SuperSailorFukuRelic","ClowCardTheTwin","Bronze Scales"],"campfire_rested":2,"item_purchase_floors":[11,30,34,45],"current_hp_per_floor":[59,64,56,51,66,22,43,20,20,20,20,14,39,36,58,49,76,76,79,82,81,82,82,82,75,75,78,81,82,82,82,82,82,78,78,78,78,66,69,72,72,74,74,61,61,61,61,63,63,66,66],"gold":164,"neow_bonus":"ONE_RANDOM_RARE_CARD","is_daily":false,"chose_seed":false,"campfire_upgraded":4,"win_rate":0.0,"timestamp":1611664969,"path_taken":["M","?","M","M","?","E","R","E","T","?","$","E","?","E","R","BOSS","M","M","M","M","M","E","M","E","T","M","M","E","$","M","R","BOSS","M","M","?","M","M","E","R","E","T","E","?","?","R","M","R","BOSS"],"items_purchased_type":["Relic","Relic","Card","Relic"],"build_version":"2020-12-22","purchased_purges":1,"victory":true,"max_hp_per_floor":[65,70,70,70,70,70,70,70,70,70,70,70,70,75,75,75,82,82,82,82,82,82,82,82,82,82,82,82,82,82,82,82,82,78,78,78,78,78,78,78,78,78,78,78,78,78,78,78,78,78,78],"card_choices":[{"not_picked":[],"picked":"ChaosCard","floor":0},{"not_picked":["ClowCardTheWatery","ClowCardTheMaze","ClowCardTheIllusion"],"picked":"SKIP","floor":1},{"not_picked":["ClowCardTheTime","ClowCardTheJump","ClowCardTheLibra"],"picked":"SKIP","floor":3},{"not_picked":["ClowCardTheMist","ClowCardTheWave","ClowCardTheDream"],"picked":"SKIP","floor":4},{"not_picked":["ClowCardTheSand","ClowCardTheErase","ClowCardTheShadow"],"picked":"SKIP","floor":5},{"not_picked":["ClowCardTheDream","ClowCardTheDash","ClowCardTheWood"],"picked":"SKIP","floor":6},{"not_picked":["ClowCardTheArrow","ClowCardTheRain","ClowCardTheFlower"],"picked":"SKIP","floor":8},{"not_picked":["ClowCardThePower","ClowCardTheSand","ClowCardTheBubbles"],"picked":"SKIP","floor":12},{"not_picked":["ClowCardTheLittle","ClowCardTheCloud","ClowCardTheWood"],"picked":"SKIP","floor":14},{"not_picked":["ClowCardTheDash","ClowCardTheThunder"],"picked":"ClowCardTheThrough","floor":16},{"not_picked":["ClowCardTheShadow","ClowCardTheShot","ClowCardTheErase"],"picked":"SKIP","floor":19},{"not_picked":["ClowCardTheLoop","ClowCardTheCloud+1","ClowCardTheLibra"],"picked":"SKIP","floor":20},{"not_picked":["ClowCardTheJump","ClowCardThePower"],"picked":"ClowCardTheMove","floor":21},{"not_picked":["ClowCardTheLock","ClowCardTheSand"],"picked":"ClowCardTheIllusion+1","floor":22},{"not_picked":["ClowCardTheWindy","ClowCardTheGlow","ClowCardTheThrough"],"picked":"SKIP","floor":23},{"not_picked":["ClowCardTheLock","ClowCardTheLoop","ClowCardTheMaze"],"picked":"SKIP","floor":24},{"not_picked":["ClowCardTheShot","ClowCardTheCloud"],"picked":"ClowCardTheMove+1","floor":25},{"not_picked":["ClowCardTheWood","ClowCardTheMaze","ClowCardTheRain"],"picked":"SKIP","floor":27},{"not_picked":["ClowCardTheSleep","ClowCardTheVoice","ClowCardTheMirror"],"picked":"SKIP","floor":28},{"not_picked":["ClowCardTheMirror","ClowCardTheWave","ClowCardTheErase"],"picked":"SKIP","floor":29},{"not_picked":["ClowCardTheLittle","ClowCardThePower","ClowCardTheSleep"],"picked":"SKIP","floor":31},{"not_picked":["ClowCardTheDark","ClowCardTheDash"],"picked":"ClowCardTheLight","floor":33},{"not_picked":["ClowCardTheChange","ClowCardTheBig","ClowCardTheRain"],"picked":"SKIP","floor":35},{"not_picked":["ClowCardTheSand","ClowCardTheMist+1","ClowCardTheLittle+1"],"picked":"SKIP","floor":36},{"not_picked":["ClowCardTheLock","ClowCardTheStorm","ClowCardTheSweet"],"picked":"SKIP","floor":38},{"not_picked":["ClowCardTheWatery","ClowCardTheErase"],"picked":"ClowCardTheFreeze","floor":39},{"not_picked":["ClowCardTheLittle","ClowCardTheWatery+1","ClowCardTheFly"],"picked":"SKIP","floor":40},{"not_picked":["ClowCardTheIllusion+1","ClowCardTheThunder","ClowCardTheSand"],"picked":"SKIP","floor":42},{"not_picked":["ClowCardTheLibra","ClowCardTheFreeze","ClowCardTheWatery"],"picked":"SKIP","floor":44},{"not_picked":["ClowCardTheCloud+1","ClowCardTheSleep","ClowCardTheMove+1"],"picked":"SKIP","floor":48}],"player_experience":886715,"relics_obtained":[{"floor":1,"key":"LetterFromLob"},{"floor":6,"key":"Bottled Lightning"},{"floor":8,"key":"Leech"},{"floor":9,"key":"Blue Candle"},{"floor":12,"key":"KSMOD_TaoistSuit"},{"floor":14,"key":"BelialBook"},{"floor":23,"key":"KSMOD_Cerberus"},{"floor":25,"key":"KSMOD_RollerSkates"},{"floor":26,"key":"Pen Nib"},{"floor":29,"key":"D6"},{"floor":40,"key":"KSMOD_YukitosBentoBox"},{"floor":42,"key":"HowToJump"},{"floor":43,"key":"Anchor"},{"floor":44,"key":"Bottled Tornado"},{"floor":46,"key":"TungstenRod"}],"event_choices":[{"damage_healed":0,"gold_gain":0,"player_choice":"Donut","damage_taken":0,"max_hp_gain":5,"max_hp_loss":0,"event_name":"Big Fish","floor":2,"gold_loss":0},{"cards_removed":["ClowCardTheShield"],"damage_healed":0,"gold_gain":0,"player_choice":"Card Removal","damage_taken":0,"max_hp_gain":0,"max_hp_loss":0,"event_name":"Wheel of Change","floor":13,"gold_loss":0}],"is_beta":false,"boss_relics":[{"not_picked":["Busted Crown","Philosopher\u0027s Stone"],"picked":"MagicMushroom"},{"not_picked":[]},{"not_picked":["Coffee Dripper","Fusion Hammer"],"picked":"Cursed Key"},{"not_picked":[]}],"items_purged_floors":[45],"is_endless":false,"potions_floor_spawned":[1,3,8,14,21,22,25,31,36,38,42],"ascension_level":17}}