{"host":"njo8qgvy2a57fcny","time":1611644226,"event":{"mods":["Aspiration","BaseMod","BetterRewards","CCEM","Colored Map","Colored Powertips","Conspire","Custom Start","Downfall","Energized Spire","GifTheSpireLib","Halation","Hermit","Hubris","Infinite Spire","Jedi Mod","Jorbs\u0027s Wanderer Trilogy","Mimic Mod","Minty Spire (QoL Compilation)","Quick Restart","Random Character Button","Random Character Mod","Rare Cards Sparkle","Relic Sorter","Replay The Spire","Shop Mod","StSLib","Stuff the Spire","The Animator","The Jungle","The Runesmith","The Servant 0.9.4","Unceasing Turn Reminder","thorton"],"gold_per_floor":[0,12,32,69,2,2,2,2,18,44,44,4,0,33,47,61,61,61],"floor_reached":16,"language":"ENG","playtime":1130,"items_purged":[],"score":216,"play_id":"40494838-ce81-4803-b506-76cd6b7518ee","local_time":"20210126175706","is_ascension_mode":true,"campfire_choices":[{"floor":1,"key":"RECALL"},{"data":"Slimebound:CorrosiveSpit","floor":6,"key":"SMITH"},{"floor":11,"key":"REST"}],"circlet_count":0,"master_deck":["AscendersBane","Slimebound:Strike_Slimebound","Slimebound:Strike_Slimebound","Slimebound:Strike_Slimebound","Slimebound:Tackle","Slimebound:Defend_Slimebound","Slimebound:Defend_Slimebound","Slimebound:Defend_Slimebound","Slimebound:Defend_Slimebound","Slimebound:Split","Slimebound:CorrosiveSpit+1","Slimebound:RejuvenatingLick","Slimebound:GrowthPunch+1","Slimebound:GoopSpray","Slimebound:Nibble","Slimebound:Schlurp","infinitespire:Starlight","Slimebound:HauntingLick","Slimebound:Nibble","Slimebound:LeechEnergy","Slimebound:LeechingTouch","Slimebound:SlimeSpikes","Slimebound:HauntingLick","Slimebound:Gluttony"],"relics":["Slimebound:AbsorbEndCombat","hubris:MedicalManual","Gremlin Food","StuffTheSpire:Wildfire","halation:IllGainedPizza"],"acts_visited":["Exordium"],"potions_floor_usage":[4,4,10,16],"damage_taken":[{"damage":10,"enemies":"Jaw Worm","floor":2,"turns":4},{"damage":1,"enemies":"2 Louse","floor":3,"turns":2},{"damage":18,"enemies":"conspire:MimicChest","floor":4,"turns":7},{"damage":6,"enemies":"downfall:FleeingMerchant","floor":5,"turns":4},{"damage":3,"enemies":"Cultist","floor":9,"turns":3},{"damage":33,"enemies":"Gremlin Nob","floor":10,"turns":4},{"damage":3,"enemies":"downfall:FleeingMerchant","floor":12,"turns":4},{"damage":12,"enemies":"downfall:FleeingMerchant","floor":13,"turns":4},{"damage":11,"enemies":"3 Sentries","floor":14,"turns":9},{"damage":5,"enemies":"Exordium Wildlife","floor":15,"turns":3},{"damage":92,"enemies":"IC_STATUS_ARCHETYPE","floor":16,"turns":13}],"seed_played":"-3500078189821284897","potions_obtained":[{"floor":2,"key":"Block Potion"},{"floor":3,"key":"SneckoOil"},{"floor":9,"key":"FearPotion"},{"floor":15,"key":"SpeedPotion"}],"is_trial":false,"path_per_floor":["R_BF","M","M","?","$","R","T","?","M","E","R","$","$","E","M","B"],"character_chosen":"SLIMEBOUND","items_purchased":["Slimebound:Schlurp","Slimebound:LeechingTouch"],"campfire_rested":1,"item_purchase_floors":[5,12],"current_hp_per_floor":[53,49,50,40,42,42,42,28,33,18,35,50,56,59,56,0,0,0],"gold":61,"neow_bonus":"ONE_RARE_RELIC","is_daily":false,"chose_seed":false,"campfire_upgraded":1,"win_rate":0.0,"timestamp":1611644226,"path_taken":["R_BF","M","M","?","?","R","T","?","M","E","R","?","$","E","M","BOSS"],"items_purchased_type":["Card","Card"],"build_version":"2020-12-22","purchased_purges":0,"victory":false,"max_hp_per_floor":[59,59,59,59,59,59,59,59,59,59,59,59,59,59,59,59,59,59],"card_choices":[{"not_picked":["Slimebound:HauntingLick","Slimebound:Prepare"],"picked":"Slimebound:RejuvenatingLick","floor":2},{"not_picked":["Slimebound:SplitAcid","Slimebound:DivideAndConquer"],"picked":"Slimebound:GrowthPunch","floor":3},{"not_picked":["Slimebound:Nibble","Slimebound:ComboTackle"],"picked":"Slimebound:GoopSpray","floor":4},{"not_picked":["Slimebound:HauntingLick","Slimebound:Grow"],"picked":"Slimebound:Nibble","floor":5},{"not_picked":["hubris:Rewind","ReplayTheSpireMod:??????????????????????"],"picked":"infinitespire:Starlight","floor":8},{"not_picked":["Slimebound:LevelUp","Slimebound:RejuvenatingLick"],"picked":"Slimebound:HauntingLick","floor":9},{"not_picked":["Slimebound:HungryTackle","Slimebound:PressTheAttack"],"picked":"Slimebound:Nibble","floor":10},{"not_picked":["Slimebound:SlimeTap","Slimebound:SamplingLick"],"picked":"Slimebound:LeechEnergy","floor":12},{"not_picked":["Slimebound:SplitLeeching","Slimebound:MegaLick"],"picked":"Slimebound:SlimeSpikes","floor":13},{"not_picked":["Slimebound:ServeAndProtect","Slimebound:FormOfPuddle"],"picked":"Slimebound:HauntingLick","floor":14},{"not_picked":["Slimebound:SpikyOuterGoop","Slimebound:LeechingTouch"],"picked":"Slimebound:Gluttony","floor":15}],"player_experience":717765,"relics_obtained":[{"floor":4,"key":"Gremlin Food"},{"floor":10,"key":"StuffTheSpire:Wildfire"},{"floor":14,"key":"halation:IllGainedPizza"}],"event_choices":[],"is_beta":false,"boss_relics":[],"items_purged_floors":[],"is_endless":false,"potions_floor_spawned":[2,3,9,15],"killed_by":"IC_STATUS_ARCHETYPE","ascension_level":20}}