{"host":"cdsckls8bq3ibwt8","time":1611701254,"event":{"mods":["AchievementEnabler","Aspiration","BaseMod","Better Third Choice","Downfall","Hermit","Minty Spire (QoL Compilation)","Rare Cards Sparkle","Relic Stats","Replay The Spire","StSLib","The Cursed","The Disciple","Wandering Minibosses"],"gold_per_floor":[99,111,129,129,143,128,128,158,176,76,86,98,114,133,147,248,248,248,260,260,272,214,114,195,95,95,42,42,96,107,107,107,142,160,258,258,258,272,287,133,133,148,148,190,217,253,266,92,92,92,111,111,111,145,13,13,13,13],"floor_reached":59,"language":"ENG","playtime":5094,"items_purged":["Writhe"],"score":1398,"play_id":"7e5c9ee4-d065-4287-a2f0-3bd7f82152c4","local_time":"20210126144734","is_ascension_mode":false,"campfire_choices":[{"data":"Guardian:TwinSlam","floor":1.0,"key":"SMITH"},{"data":"Guardian:ShieldSpikes","floor":10.0,"key":"SMITH"},{"floor":18,"key":"RECALL"},{"data":"Worship","floor":23,"key":"SMITH"},{"data":"Guardian:BodySlam","floor":25,"key":"SMITH"},{"data":"Guardian:StasisField","floor":28,"key":"SMITH"},{"floor":37,"key":"REST"}],"circlet_count":0,"master_deck":["Guardian:Strike_Guardian+1","Guardian:Defend_Guardian","Guardian:Defend_Guardian+1","Guardian:Defend_Guardian","Guardian:Defend_Guardian+1","Guardian:CurlUp+1","Guardian:TwinSlam+1","Guardian:ShieldCharger","Guardian:BronzeOrb+1","Guardian:ShieldCharger+1","Guardian:SpikerProtocol+1","Guardian:BodySlam+1","Guardian:ShieldSpikes+1","Guardian:TemporalStrike+1","Guardian:StasisField+1","CutThroughFate+1","Worship+1","Scrawl","Wireheading+1","CrushJoints+1","ThirdEye+1","Guardian:BodySlam+1","Guardian:FloatingOrbs+1","LessonLearned","CutThroughFate","InnerPeace+1","Guardian:AncientConstruct+1","JustLucky+1","FlyingSleeves+1","Guardian:Gem_Green","Establishment","Evaluate+1","Replay:Cycle","Guardian:ShieldCharger+1","Guardian:PrimingBeam+1","Scrawl","Guardian:TimeCapacitor","Guardian:SentryBeam"],"relics":["Guardian:ModeShifter","Matryoshka","Blue Candle","downfall:HeartBlessingGreen","aspiration:WatcherSkillbook","ReplayTheSpireMod:CursedCoin","downfall:HeartBlessingRed","downfall:HeartBlessingBlue","downfall:RedIOU","Bronze Scales","Blue Doll","Fusion Hammer","Ancient Tea Set","wanderingMiniBosses:OtherGremlinHorn","aspiration:ArtOfWarUpgrade","CeramicFish","Mercury Hourglass","Replay:Baseball","OrangePellets","Strawberry"],"acts_visited":["Exordium","TheCity","TheBeyond","TheEnding"],"potions_floor_usage":[16,19,35,38,57,57],"damage_taken":[{"damage":1.0,"enemies":"Jaw Worm","floor":2.0,"turns":4.0},{"damage":0.0,"enemies":"2 Louse","floor":3.0,"turns":4.0},{"damage":0.0,"enemies":"Cultist","floor":5.0,"turns":4.0},{"damage":0.0,"enemies":"downfall:FleeingMerchant","floor":6.0,"turns":4.0},{"damage":8.0,"enemies":"Gremlin Nob","floor":8.0,"turns":6.0},{"damage":4.0,"enemies":"2 Fungi Beasts","floor":9.0,"turns":3.0},{"damage":0.0,"enemies":"Exordium Wildlife","floor":11.0,"turns":5.0},{"damage":1.0,"enemies":"Blue Slaver","floor":12.0,"turns":3.0},{"damage":0.0,"enemies":"3 Louse","floor":13.0,"turns":4.0},{"damage":10.0,"enemies":"Gremlin Gang","floor":14.0,"turns":5.0},{"damage":14.0,"enemies":"Exordium Thugs","floor":15.0,"turns":5.0},{"damage":18,"enemies":"IC_STATUS_ARCHETYPE","floor":16,"turns":10},{"damage":27,"enemies":"Shell Parasite","floor":19,"turns":8},{"damage":0,"enemies":"3 Byrds","floor":21,"turns":5},{"damage":0,"enemies":"downfall:FleeingMerchant","floor":22,"turns":4},{"damage":10,"enemies":"downfall:FleeingMerchant","floor":27,"turns":4},{"damage":16,"enemies":"downfall:FleeingMerchant","floor":29,"turns":4},{"damage":0,"enemies":"Snecko","floor":30,"turns":4},{"damage":0,"enemies":"Replay:Snechameleon","floor":33,"turns":5},{"damage":15,"enemies":"Snake Plant","floor":34,"turns":2},{"damage":3,"enemies":"WA_ARCHETYPE_CALM","floor":35,"turns":8},{"damage":5,"enemies":"3 Shapes","floor":38,"turns":4},{"damage":3,"enemies":"Orb Walker","floor":39,"turns":5},{"damage":41,"enemies":"3 Darklings","floor":42,"turns":4},{"damage":13,"enemies":"Reptomancer","floor":44,"turns":4},{"damage":1,"enemies":"4 Shapes","floor":45,"turns":5},{"damage":0,"enemies":"Nemesis","floor":46,"turns":5},{"damage":2,"enemies":"Sphere and 2 Shapes","floor":47,"turns":4},{"damage":0,"enemies":"Spire Growth","floor":51,"turns":3},{"damage":0,"enemies":"SI_POISON_ARCHETYPE","floor":52,"turns":5},{"damage":0,"enemies":"downfall:CharBossMerchant","floor":54,"turns":3},{"damage":0,"enemies":"downfall:NeowBoss","floor":57,"turns":6},{"damage":34,"enemies":"downfall:NeowBossFinal","floor":58,"turns":6}],"seed_played":"1698069822926495683","potions_obtained":[{"floor":2.0,"key":"Reflective Coating"},{"floor":9.0,"key":"SteroidPotion"},{"floor":13.0,"key":"Swift Potion"},{"floor":14.0,"key":"LiquidMemories"},{"floor":16,"key":"Languid Potion"},{"floor":21,"key":"FairyPotion"},{"floor":33,"key":"Explosive Potion"},{"floor":34,"key":"hexamod:SoulburnPotion"},{"floor":42,"key":"Elixir"},{"floor":44,"key":"Guardian:StasisDiscoveryPotion"},{"floor":51,"key":"PowerPotion"}],"is_trial":false,"path_per_floor":["R","M","M","?","M","$","T","E","M","R","M","M","M","M","M","B",null,"R","M","?","M","$","R","T","R","?","$","R","$","M","PTL","PTL","E","M","B",null,"R","M","M","$","?","M","T","E","M","E","M","$","R","?","M","B",null,"E","$","R","B","B",null],"character_chosen":"GUARDIAN","items_purchased":["ReplayTheSpireMod:CursedCoin","Wireheading","CrushJoints+1","Guardian:BodySlam","LessonLearned","Bronze Scales","Ancient Tea Set","OrangePellets","Guardian:ShieldCharger+1","Guardian:TimeCapacitor","Guardian:SentryBeam"],"campfire_rested":1,"item_purchase_floors":[22,22,22,27,29,29,40,48,48,55,55],"current_hp_per_floor":[88,87,87,87,87,87,87,79,75,75,75,74,74,64,50,32,88,88,61,61,61,61,61,61,71,71,61,61,45,45,45,45,45,30,27,98,98,93,90,90,90,49,49,36,35,35,33,33,33,33,33,33,98,105,105,105,105,71],"gold":13,"neow_bonus":"TEN_PERCENT_HP_BONUS","is_daily":false,"chose_seed":false,"campfire_upgraded":5,"win_rate":0.0,"timestamp":1611701254,"path_taken":["R","M","M","?","M","$","T","E","M","R","M","M","M","M","M","BOSS","R","M","?","M","?","R","T","R","?","$","R","$","?","PTL","PTL","E","M","BOSS","R","M","M","$","?","M","T","E","M","E","M","$","R","?","M","BOSS","E","$","R","BOSS","BOSS"],"items_purchased_type":["Relic","Card","Card","Card","Card","Relic","Relic","Relic","Card","Card","Card"],"build_version":"2020-12-22","purchased_purges":1,"victory":true,"max_hp_per_floor":[88,88,88,88,88,88,88,88,88,88,88,88,88,88,88,88,88,88,88,88,88,88,88,88,98,98,98,98,98,98,98,98,98,98,98,98,98,98,98,98,98,98,98,98,98,98,98,98,98,98,98,98,98,105,105,105,105,105],"relic_stats":{"OrangePellets":[13],"counters":[33,155],"Blue Candle":[3],"Bronze Scales":[158],"CeramicFish":72,"obtain_stats":[{"downfall:HeartBlessingRed":23,"ReplayTheSpireMod:CursedCoin":22,"Blue Candle":8,"CeramicFish":43,"Guardian:ModeShifter":0,"downfall:HeartBlessingGreen":10,"Blue Doll":33,"wanderingMiniBosses:OtherGremlinHorn":42,"Ancient Tea Set":40,"Mercury Hourglass":44,"OrangePellets":48,"Nunchaku":24,"Replay:Baseball":46,"Matryoshka":7,"downfall:HeartBlessingBlue":25,"Bronze Scales":29,"Strawberry":54,"aspiration:WatcherSkillbook":17,"aspiration:ArtOfWarUpgrade":56,"downfall:RedIOU":26,"Fusion Hammer":36,"Art of War":43},{"downfall:HeartBlessingRed":15,"ReplayTheSpireMod:CursedCoin":15,"Blue Candle":5,"CeramicFish":24,"Guardian:ModeShifter":0,"downfall:HeartBlessingGreen":6,"Blue Doll":19,"wanderingMiniBosses:OtherGremlinHorn":24,"Ancient Tea Set":23,"Mercury Hourglass":25,"OrangePellets":28,"Nunchaku":15,"Replay:Baseball":27,"Matryoshka":4,"downfall:HeartBlessingBlue":15,"Bronze Scales":17,"Strawberry":31,"aspiration:WatcherSkillbook":12,"aspiration:ArtOfWarUpgrade":31,"downfall:RedIOU":15,"Fusion Hammer":21,"Art of War":24},{"downfall:HeartBlessingRed":74,"ReplayTheSpireMod:CursedCoin":74,"Blue Candle":22,"CeramicFish":114,"Guardian:ModeShifter":0,"downfall:HeartBlessingGreen":25,"Blue Doll":91,"wanderingMiniBosses:OtherGremlinHorn":114,"Ancient Tea Set":110,"Mercury Hourglass":118,"OrangePellets":132,"Nunchaku":74,"Replay:Baseball":128,"Matryoshka":16,"downfall:HeartBlessingBlue":74,"Bronze Scales":82,"Strawberry":143,"aspiration:WatcherSkillbook":57,"aspiration:ArtOfWarUpgrade":143,"downfall:RedIOU":74,"Fusion Hammer":101,"Art of War":114}],"Mercury Hourglass":[121]},"card_choices":[{"not_picked":["Guardian:FloatingOrbs","Guardian:Gem_Lightblue"],"picked":"Guardian:ShieldCharger","floor":2.0},{"not_picked":["Guardian:PrismaticBarrier","Guardian:Gem_Red"],"picked":"Guardian:BronzeOrb","floor":3.0},{"not_picked":["Guardian:Gem_Yellow","Guardian:CrystalBeam"],"picked":"Guardian:ShieldCharger","floor":5.0},{"not_picked":["Guardian:GuardianWhirl","Guardian:Gem_Cyan"],"picked":"Guardian:SpikerProtocol","floor":6.0},{"not_picked":["Guardian:TemporalShield","Guardian:ConstructionForm"],"picked":"Guardian:BodySlam","floor":8.0},{"not_picked":["Guardian:Reroute","Guardian:DonusPower"],"picked":"Guardian:ShieldSpikes","floor":9.0},{"not_picked":["Guardian:Gem_Cyan","Guardian:Reroute","Guardian:TemporalStrike"],"picked":"SKIP","floor":11.0},{"not_picked":["Guardian:ShieldCharger","Guardian:ChargeCore"],"picked":"Guardian:Gem_White","floor":12.0},{"not_picked":["Guardian:PiercingHide","Guardian:SpikerProtocol"],"picked":"Guardian:Gem_White","floor":13.0},{"not_picked":["Guardian:PrimingBeam","Guardian:Gem_Green"],"picked":"Guardian:TemporalStrike","floor":14.0},{"not_picked":["Guardian:RefractedBeam","Guardian:Gem_Red","Guardian:VentSteam"],"picked":"SKIP","floor":15.0},{"not_picked":["Guardian:Gem_Synthetic","Guardian:FastForward"],"picked":"Guardian:StasisField","floor":16},{"not_picked":["Guardian:Reroute","WheelKick","Guardian:Incinerate"],"picked":"CutThroughFate","floor":19},{"not_picked":["ClearTheMind+1","Replay:LoomingThreat","Replay:AtTheReady+1"],"picked":"Worship","floor":21},{"not_picked":["EmptyFist","Guardian:Clone","Weave"],"picked":"Scrawl","floor":22},{"not_picked":["Guardian:CrystalBeam","Guardian:Gem_Cyan","Guardian:Suspension"],"picked":"ThirdEye+1","floor":27},{"not_picked":["ThirdEye","BowlingBash","Meditate"],"picked":"Guardian:FloatingOrbs+1","floor":29},{"not_picked":["Guardian:Gem_Cyan","Guardian:ShieldCharger+1","CrushJoints"],"picked":"Guardian:Gem_Orange","floor":30},{"not_picked":["Guardian:PolyBeam","SashWhip","Halt"],"picked":"CutThroughFate","floor":33},{"not_picked":["Halt+1","FearNoEvil","Tantrum"],"picked":"InnerPeace+1","floor":34},{"not_picked":["Guardian:StasisField","Guardian:TimeSifter","Replay:AllIn"],"picked":"Guardian:AncientConstruct","floor":35},{"not_picked":["Crescendo+1","Replay:AtTheReady+1","SashWhip+1"],"picked":"JustLucky+1","floor":38},{"not_picked":["ClearTheMind+1","SashWhip","CrushJoints"],"picked":"FlyingSleeves+1","floor":39},{"not_picked":["FollowUp+1","DeceiveReality","ForeignInfluence+1"],"picked":"Guardian:Gem_Green","floor":42},{"not_picked":["Prostrate","FlurryOfBlows","Guardian:Gem_Red"],"picked":"Establishment","floor":44},{"not_picked":["Guardian:PiercingHide","ClearTheMind+1","Guardian:ArmoredProtocol"],"picked":"Evaluate+1","floor":45},{"not_picked":["Guardian:Recover+1","Guardian:Suspension","Guardian:RollAttack+1"],"picked":"Replay:Cycle","floor":46},{"not_picked":["Replay:ManipulateFuture","Guardian:TemporalShield","Guardian:PolyBeam","Conclude+1"],"picked":"SKIP","floor":47},{"not_picked":["SashWhip+1","Guardian:Gem_Red","Meditate+1"],"picked":"Guardian:PrimingBeam+1","floor":51},{"not_picked":["Collect+1","Guardian:BronzeArmor","Replay:AtTheReady+1"],"picked":"Scrawl","floor":54}],"player_experience":427896,"relics_obtained":[{"floor":7.0,"key":"Matryoshka"},{"floor":8.0,"key":"Blue Candle"},{"floor":24,"key":"Nunchaku"},{"floor":33,"key":"Blue Doll"},{"floor":42,"key":"wanderingMiniBosses:OtherGremlinHorn"},{"floor":43,"key":"Art of War"},{"floor":43,"key":"CeramicFish"},{"floor":44,"key":"Mercury Hourglass"},{"floor":46,"key":"Replay:Baseball"},{"floor":54,"key":"Strawberry"}],"event_choices":[{"cards_removed":["Guardian:Strike_Guardian"],"damage_healed":0,"gold_gain":0,"player_choice":"Card Removal","damage_taken":0,"max_hp_gain":0,"max_hp_loss":0,"event_name":"Wheel of Change","floor":20,"gold_loss":0},{"damage_healed":0,"gold_gain":0,"player_choice":"Ignored","damage_taken":0,"max_hp_gain":0,"max_hp_loss":0,"event_name":"NoteForYourself","floor":50,"gold_loss":0}],"is_beta":false,"boss_relics":[{"not_picked":["aspiration:DefectSkillbook","Painkiller Herb"],"picked":"aspiration:WatcherSkillbook"},{"not_picked":["SacredBark","aspiration:FutureDiary"],"picked":"Fusion Hammer"}],"items_purged_floors":[22],"is_endless":false,"potions_floor_spawned":[2,9,13,14,16,21,33,34,42,44,51],"ascension_level":0}}