{"host":"0iuhrgzkozzv273x","time":1611640209,"event":{"mods":["2.2 Compatiblity","BaseMod","Colored Map","Curses Come First","Downfall","Minty Spire (QoL Compilation)","Spire Arcade","StSLib","The Construct","Unceasing Turn Reminder"],"gold_per_floor":[114,133,133,153,0,0,12,43,43,43,71,71,84,98,98,201,201,211,227,238,254,269,303,315,327,327],"floor_reached":25,"language":"ENG","playtime":2250,"items_purged":[],"score":288,"play_id":"dae13f22-1395-4aee-a04c-7313489f6dd6","local_time":"20210126005009","is_ascension_mode":true,"campfire_choices":[{"data":"construct:Enhance","floor":6,"key":"SMITH"},{"data":"construct:LaserCore","floor":10,"key":"SMITH"},{"floor":12,"key":"REST"},{"data":"construct:CreateCores","floor":15,"key":"SMITH"},{"floor":24,"key":"REST"}],"circlet_count":0,"master_deck":["construct:Strike_Gold","construct:Strike_Gold","construct:Strike_Gold","construct:Strike_Gold","construct:Defend_Gold","construct:Defend_Gold","construct:Defend_Gold","construct:Defend_Gold","construct:Defend_Gold","construct:AttackMode","construct:DefenseMode","construct:Synchronize","construct:Enhance+1","construct:LaserCore+1","construct:CreateCores+1","construct:Tumble","construct:ClockworkEgg","construct:Stasis+1"],"relics":["construct:ClockworkPhoenix","sneckomod:BlankCard","Incense Burner","CaptainsWheel","Philosopher\u0027s Stone","MawBank"],"acts_visited":["Exordium","TheCity"],"potions_floor_usage":[7,18,23,23,23,23,23],"damage_taken":[{"damage":9,"enemies":"Cultist","floor":1,"turns":5},{"damage":12,"enemies":"Jaw Worm","floor":2,"turns":3},{"damage":3,"enemies":"Small Slimes","floor":4,"turns":3},{"damage":8,"enemies":"3 Louse","floor":7,"turns":4},{"damage":0,"enemies":"3 Sentries","floor":8,"turns":5},{"damage":20,"enemies":"Gremlin Nob","floor":11,"turns":4},{"damage":1,"enemies":"2 Fungi Beasts","floor":13,"turns":3},{"damage":0,"enemies":"Blue Slaver","floor":14,"turns":5},{"damage":2,"enemies":"Slime Boss","floor":16,"turns":6},{"damage":11,"enemies":"3 Byrds","floor":18,"turns":5},{"damage":0,"enemies":"Chosen","floor":19,"turns":4},{"damage":20,"enemies":"Snecko","floor":20,"turns":8},{"damage":0,"enemies":"Snake Plant","floor":21,"turns":6},{"damage":16,"enemies":"Sentry and Sphere","floor":22,"turns":6},{"damage":29,"enemies":"Gremlin Leader","floor":23,"turns":9},{"damage":49,"enemies":"Book of Stabbing","floor":25,"turns":8}],"seed_played":"9207024389042676334","potions_obtained":[{"floor":1,"key":"BlessingOfTheForge"},{"floor":8,"key":"Block Potion"},{"floor":11,"key":"GamblersBrew"},{"floor":19,"key":"GamblersBrew"},{"floor":20,"key":"Dexterity Potion"},{"floor":21,"key":"EntropicBrew"}],"is_trial":false,"path_per_floor":["M","M","?","M","$","R","M","E","T","R","E","R","M","M","R","B",null,"M","M","M","M","M","E","R","E"],"character_chosen":"THE_CONSTRUCT_MOD","items_purchased":["sneckomod:BlankCard"],"campfire_rested":2,"item_purchase_floors":[5],"current_hp_per_floor":[76,64,95,92,92,92,84,84,84,84,64,92,91,91,91,89,95,84,84,64,64,48,19,47,0,0],"gold":327,"neow_bonus":"TRANSFORM_CARD","is_daily":false,"chose_seed":false,"campfire_upgraded":3,"win_rate":0.0,"timestamp":1611640209,"path_taken":["M","M","?","?","?","R","?","E","T","R","E","R","M","M","R","BOSS","M","M","M","M","M","E","R","E"],"items_purchased_type":["Relic"],"build_version":"2020-12-22","purchased_purges":0,"victory":false,"max_hp_per_floor":[85,85,95,95,95,95,95,95,95,95,95,95,95,95,95,95,95,95,95,95,95,95,95,95,95,95],"card_choices":[{"not_picked":["construct:CriticalHit","construct:FlashFreeze","construct:Rollout"],"picked":"SKIP","floor":1},{"not_picked":["construct:Dampening","construct:Analyze"],"picked":"construct:Synchronize","floor":2},{"not_picked":["construct:QuickAttack","construct:CreateCores"],"picked":"construct:Enhance","floor":4},{"not_picked":["construct:ScrapCannon","construct:Autoturret"],"picked":"construct:LaserCore","floor":7},{"not_picked":["construct:Anticipate","construct:SyphonStrike"],"picked":"construct:CreateCores","floor":8},{"not_picked":["construct:Synchronize","construct:CriticalHit","construct:ShiftStrike"],"picked":"SKIP","floor":11},{"not_picked":["construct:QuickAttack","construct:Afterburners"],"picked":"construct:Tumble","floor":13},{"not_picked":["construct:Boost","construct:SaveState","construct:FocusedBeam"],"picked":"SKIP","floor":14},{"not_picked":["construct:HastyRepair","construct:ShieldGenerator"],"picked":"construct:ClockworkEgg","floor":16},{"not_picked":["construct:Versatility+1","construct:Missile","construct:PointDefense"],"picked":"SKIP","floor":18},{"not_picked":["construct:FlammableFog","construct:Reinforce","construct:Agitation"],"picked":"SKIP","floor":19},{"not_picked":["construct:Chainstrike","construct:FocusedBeam"],"picked":"construct:Stasis+1","floor":20},{"not_picked":["construct:Dampening+1","construct:Analyze","construct:Anticipate"],"picked":"SKIP","floor":21},{"not_picked":["construct:QuickAttack","construct:CreateCores","construct:Backup"],"picked":"SKIP","floor":22},{"not_picked":["construct:Reinforce","construct:FocusedBeam","construct:Backup+1"],"picked":"SKIP","floor":23}],"player_experience":793931,"relics_obtained":[{"floor":8,"key":"Incense Burner"},{"floor":11,"key":"CaptainsWheel"},{"floor":23,"key":"MawBank"}],"event_choices":[{"cards_removed":["construct:HammerDown"],"damage_healed":21,"gold_gain":0,"player_choice":"Offered Rare","damage_taken":0,"max_hp_gain":10,"max_hp_loss":0,"event_name":"Bonfire Elementals","floor":3,"gold_loss":0}],"is_beta":false,"boss_relics":[{"not_picked":["Tiny House","bronze:MakeshiftBattery"],"picked":"Philosopher\u0027s Stone"}],"items_purged_floors":[],"is_endless":false,"potions_floor_spawned":[1,8,11,19,20,21],"killed_by":"Book of Stabbing","ascension_level":2}}