{"host":"3qsmo3lm67voi999","time":1611678632,"event":{"mods":["BaseMod","Minty Spire (QoL Compilation)"],"gold_per_floor":[115,126,151,71,84,112,112,112,112,128,154,154,154,154],"floor_reached":13,"language":"ENG","playtime":398,"items_purged":[],"score":172,"play_id":"7f258f25-9dd0-4dcf-9391-ad4b62c100d3","local_time":"20210126173032","is_ascension_mode":true,"campfire_choices":[{"floor":7,"key":"REST"},{"floor":8,"key":"REST"}],"circlet_count":0,"master_deck":["AscendersBane","Strike_R","Strike_R","Strike_R","Strike_R","Defend_R","Defend_R","Defend_R","Defend_R","Bash","Whirlwind","Sword Boomerang","Impervious","Uppercut","Armaments"],"relics":["Runic Cube","Juzu Bracelet","WingedGreaves","Regal Pillow","Prayer Wheel"],"acts_visited":["Exordium"],"potions_floor_usage":[6,6,11,13],"damage_taken":[{"damage":6,"enemies":"Cultist","floor":1,"turns":3},{"damage":10,"enemies":"Small Slimes","floor":2,"turns":3},{"damage":6,"enemies":"Jaw Worm","floor":5,"turns":5},{"damage":40,"enemies":"Lagavulin","floor":6,"turns":9},{"damage":8,"enemies":"Looter","floor":10,"turns":3},{"damage":35,"enemies":"3 Sentries","floor":11,"turns":7},{"damage":7,"enemies":"Lagavulin","floor":13,"turns":2}],"seed_played":"-5984156621960582801","potions_obtained":[{"floor":1,"key":"EntropicBrew"},{"floor":11,"key":"DistilledChaos"}],"is_trial":false,"path_per_floor":["M","M","T","$","M","E","R","R","T","M","E","?","E"],"character_chosen":"IRONCLAD","items_purchased":["Impervious"],"campfire_rested":2,"item_purchase_floors":[4],"current_hp_per_floor":[62,52,52,52,46,6,28,50,50,42,7,7,0,0],"gold":154,"neow_bonus":"BOSS_RELIC","is_daily":false,"chose_seed":false,"campfire_upgraded":0,"win_rate":0.0,"timestamp":1611678632,"path_taken":["M","M","?","$","M","E","R","R","T","M","E","?","E"],"items_purchased_type":["Card"],"build_version":"2020-12-22","purchased_purges":0,"victory":false,"max_hp_per_floor":[75,75,75,75,75,75,75,75,75,75,75,75,75,75],"card_choices":[{"not_picked":["Power Through","Intimidate"],"picked":"Whirlwind","floor":1},{"not_picked":["Twin Strike","Iron Wave"],"picked":"Sword Boomerang","floor":2},{"not_picked":["Sword Boomerang","Thunderclap","Twin Strike"],"picked":"SKIP","floor":5},{"not_picked":["Clothesline","Hemokinesis"],"picked":"Uppercut","floor":6},{"not_picked":["Sword Boomerang","True Grit","Berserk"],"picked":"SKIP","floor":10},{"not_picked":["Warcry","Searing Blow"],"picked":"Armaments","floor":11}],"player_experience":349682,"relics_obtained":[{"floor":3,"key":"Juzu Bracelet"},{"floor":6,"key":"WingedGreaves"},{"floor":9,"key":"Regal Pillow"},{"floor":11,"key":"Prayer Wheel"}],"event_choices":[{"cards_removed":["Strike_R"],"damage_healed":0,"gold_gain":0,"player_choice":"Offered Basic","damage_taken":0,"max_hp_gain":0,"max_hp_loss":0,"event_name":"Bonfire Elementals","floor":12,"gold_loss":0}],"is_beta":false,"boss_relics":[],"items_purged_floors":[],"is_endless":false,"potions_floor_spawned":[1,11],"killed_by":"Lagavulin","ascension_level":17}}