{"host":"b7mawubrjc2hdxhd","time":1611670837,"event":{"mods":["AchievementEnabler","Aspiration","BaseMod","BetterRewards","Conspire","Hubris","Ironclad Rager","Minty Spire (QoL Compilation)","Relic Stats","Replay The Spire","Small Relic Pack","Spicy Shops","Spire Arcade","StS++","StSLib"],"gold_per_floor":[111,126,140,152,164,164,180,200,200,200,211,240,240,26,26,124,124,144,156,156,156],"floor_reached":20,"language":"ENG","playtime":1451,"items_purged":["Delirium"],"score":320,"play_id":"dc52829c-e309-4d37-9ffe-7a04a0f84727","local_time":"20210126142037","daily_mods":["Vintage"],"is_ascension_mode":false,"campfire_choices":[{"data":"Finesse","floor":15,"key":"SMITH"}],"circlet_count":0,"master_deck":["Strike_G","Strike_G","Strike_G","Strike_G","Strike_G","Defend_G","Defend_G","Defend_G","Defend_G","Defend_G","Survivor","Neutralize","Poisoned Stab","Poisoned Stab","Backflip","Backflip","Cloak And Dagger","ReplayTheSpireMod:Scrap Shanks+1","Finesse+1","Venomology"],"relics":["Ring of the Snake","hubris:DeckOfHolding","Pocketwatch","Replay:Baseball","hubris:GlazedTorus","aspiration:ArtOfWarUpgrade","Anchor","Blue Doll","Pantograph","TungstenRod","Odd Mushroom","ReplayTheSpireMod:Ring of Addiction","Ring of Peace","SacredBark","hubris:EmptyBottle","BargainBundle","StSpp:PileOfSugar","Darkstone Periapt","hubris:MedicalManual"],"acts_visited":["Exordium","TheCity"],"potions_floor_usage":[16,16,16,16,16,16,16,16,16,18,18,18,18,18,20,20,20,20,20],"damage_taken":[{"damage":0,"enemies":"Small Slimes","floor":1,"turns":4},{"damage":0,"enemies":"conspire:RoseBush","floor":2,"turns":4},{"damage":0,"enemies":"2 Louse","floor":3,"turns":4},{"damage":1,"enemies":"conspire:2 RoseBushes","floor":4,"turns":8},{"damage":10,"enemies":"Gremlin Gang","floor":5,"turns":6},{"damage":1,"enemies":"3 Louse","floor":7,"turns":5},{"damage":5,"enemies":"2 Fungi Beasts","floor":8,"turns":4},{"damage":0,"enemies":"Exordium Wildlife","floor":11,"turns":4},{"damage":8,"enemies":"The Mushroom Lair","floor":12,"turns":5},{"damage":0,"enemies":"Fading Forest","floor":16,"turns":11},{"damage":0,"enemies":"Chosen","floor":18,"turns":3},{"damage":64,"enemies":"conspire:FuzzyDice","floor":19,"turns":6},{"damage":30,"enemies":"3 Cultists","floor":20,"turns":4}],"seed_played":"-4338061792820562335","potions_obtained":[{"floor":2,"key":"Elixir"},{"floor":4,"key":"EssenceOfSteel"},{"floor":8,"key":"StSpp:ScatteredWeakPotion"}],"is_trial":true,"path_per_floor":["M","M","M","M","M","R","M","M","T","R","M","?","?","$","R","B",null,"M","M","M"],"character_chosen":"THE_SILENT","items_purchased":["BargainBundle","Poisoned Stab","Backflip","Cloak And Dagger","ReplayTheSpireMod:Scrap Shanks+1","Finesse"],"campfire_rested":0,"item_purchase_floors":[14,14,14,14,14,14],"current_hp_per_floor":[70,70,70,69,59,59,58,53,53,53,53,45,45,45,45,70,70,70,6,0,0],"gold":156,"neow_bonus":"","is_daily":false,"chose_seed":false,"campfire_upgraded":1,"win_rate":0.0,"timestamp":1611670837,"path_taken":["M","M","M","M","M","R","M","M","T","R","M","?","?","$","R","BOSS","M","M","M"],"items_purchased_type":["Relic","Card","Card","Card","Card","Card"],"build_version":"2020-12-22","purchased_purges":1,"victory":false,"max_hp_per_floor":[70,70,70,70,70,70,70,70,70,70,70,70,70,70,70,70,70,70,70,70,70],"relic_stats":{"Darkstone Periapt":0,"counters":[13,68],"Pantograph":25,"obtain_stats":[{"Darkstone Periapt":18,"BargainBundle":14,"ReplayTheSpireMod:Ring of Addiction":13,"SacredBark":13,"Blue Doll":8,"hubris:MedicalManual":19,"Odd Mushroom":12,"hubris:EmptyBottle":13,"Replay:Baseball":3,"Anchor":7,"Pantograph":9,"Ring of Peace":13,"hubris:DeckOfHolding":1,"aspiration:ArtOfWarUpgrade":10,"Art of War":5,"StSpp:PileOfSugar":17,"TungstenRod":11,"Ring of the Snake":0,"Pocketwatch":2,"hubris:GlazedTorus":4},{"Darkstone Periapt":11,"BargainBundle":9,"ReplayTheSpireMod:Ring of Addiction":9,"SacredBark":9,"Blue Doll":7,"hubris:MedicalManual":12,"Odd Mushroom":9,"hubris:EmptyBottle":9,"Replay:Baseball":3,"Anchor":6,"Pantograph":7,"Ring of Peace":9,"hubris:DeckOfHolding":1,"aspiration:ArtOfWarUpgrade":7,"Art of War":5,"StSpp:PileOfSugar":10,"TungstenRod":8,"Ring of the Snake":0,"Pocketwatch":2,"hubris:GlazedTorus":4},{"Darkstone Periapt":58,"BargainBundle":44,"ReplayTheSpireMod:Ring of Addiction":44,"SacredBark":44,"Blue Doll":35,"hubris:MedicalManual":64,"Odd Mushroom":44,"hubris:EmptyBottle":44,"Replay:Baseball":12,"Anchor":31,"Pantograph":35,"Ring of Peace":44,"hubris:DeckOfHolding":4,"aspiration:ArtOfWarUpgrade":35,"Art of War":26,"StSpp:PileOfSugar":55,"TungstenRod":39,"Ring of the Snake":0,"Pocketwatch":8,"hubris:GlazedTorus":20}],"TungstenRod":5,"Ring of the Snake":[26],"Pocketwatch":[33]},"card_choices":[{"not_picked":["Bane","StSpp:CorrosivePoison"],"picked":"Poisoned Stab","floor":12},{"not_picked":["A Thousand Cuts","Bullet Time"],"picked":"Venomology","floor":16}],"player_experience":70002,"relics_obtained":[{"floor":1,"key":"hubris:DeckOfHolding"},{"floor":2,"key":"Pocketwatch"},{"floor":3,"key":"Replay:Baseball"},{"floor":4,"key":"hubris:GlazedTorus"},{"floor":5,"key":"Art of War"},{"floor":7,"key":"Anchor"},{"floor":8,"key":"Blue Doll"},{"floor":9,"key":"Pantograph"},{"floor":11,"key":"TungstenRod"},{"floor":12,"key":"Odd Mushroom"},{"floor":13,"key":"ReplayTheSpireMod:Ring of Addiction"},{"floor":13,"key":"Ring of Peace"},{"floor":13,"key":"SacredBark"},{"floor":13,"key":"hubris:EmptyBottle"},{"floor":18,"key":"Darkstone Periapt"},{"floor":19,"key":"hubris:MedicalManual"}],"event_choices":[{"damage_healed":0,"gold_gain":0,"player_choice":"Fought Mushrooms","damage_taken":0,"max_hp_gain":0,"max_hp_loss":0,"event_name":"Mushrooms","floor":12,"gold_loss":0}],"is_beta":false,"boss_relics":[{"not_picked":["Snecko Heart","Ring of Chaos"],"picked":"StSpp:PileOfSugar"}],"items_purged_floors":[14],"is_endless":true,"potions_floor_spawned":[2,4,8,11,19],"killed_by":"3 Cultists","ascension_level":0}}