{"host":"i1h39d0gfh5c6uxl","time":1611668268,"event":{"mods":["AchievementEnabler","BaseMod","Colored Map","Colored Powertips","Highlight Path","Minty Spire (QoL Compilation)"],"gold_per_floor":[117,117,117,136,155,155,6,31,31,31,31,42,42,62,62,164,164,178,178,192,204,218,253,265,288,300,300],"floor_reached":26,"language":"ENG","playtime":1400,"items_purged":["Defend_R"],"score":230,"play_id":"d3fc8ea9-4eee-43a7-ac1b-831512938a08","local_time":"20210126213748","is_ascension_mode":false,"campfire_choices":[{"data":"Clothesline","floor":6.0,"key":"SMITH"},{"data":"Whirlwind","floor":11.0,"key":"SMITH"},{"data":"Uppercut","floor":13.0,"key":"SMITH"},{"floor":15.0,"key":"REST"}],"circlet_count":0,"master_deck":["Strike_R","Strike_R","Defend_R","Defend_R","Defend_R","Bash","Whirlwind+1","True Grit","Clothesline+1","Flame Barrier","Bludgeon","Uppercut+1","Demon Form","Uppercut","Battle Trance","Impervious"],"relics":["Runic Dome","MawBank"],"acts_visited":["Exordium","TheCity"],"potions_floor_usage":[],"damage_taken":[{"damage":1.0,"enemies":"Jaw Worm","floor":1.0,"turns":4.0},{"damage":0.0,"enemies":"2 Louse","floor":4.0,"turns":1.0},{"damage":1.0,"enemies":"Cultist","floor":5.0,"turns":3.0},{"damage":17.0,"enemies":"3 Sentries","floor":8.0,"turns":5.0},{"damage":7.0,"enemies":"Blue Slaver","floor":12.0,"turns":2.0},{"damage":9.0,"enemies":"2 Fungi Beasts","floor":14.0,"turns":2.0},{"damage":14.0,"enemies":"Slime Boss","floor":16.0,"turns":7.0},{"damage":6.0,"enemies":"Shell Parasite","floor":18.0,"turns":4.0},{"damage":15.0,"enemies":"2 Thieves","floor":20.0,"turns":3.0},{"damage":10.0,"enemies":"Cultist and Chosen","floor":21.0,"turns":5.0},{"damage":16.0,"enemies":"Snake Plant","floor":22.0,"turns":4.0},{"damage":7.0,"enemies":"Slavers","floor":23.0,"turns":2.0},{"damage":17.0,"enemies":"Centurion and Healer","floor":25.0,"turns":3.0}],"seed_played":"-6321651606672175059","potions_obtained":[{"floor":4.0,"key":"Dexterity Potion"},{"floor":8.0,"key":"HeartOfIron"},{"floor":16.0,"key":"Swift Potion"},{"floor":18.0,"key":"SteroidPotion"},{"floor":23.0,"key":"DuplicationPotion"}],"is_trial":false,"path_per_floor":["M","?","?","M","M","R","$","E","T","?","R","M","R","M","R","B",null,"M","?","M","M","M","E","?","M","T"],"character_chosen":"IRONCLAD","items_purchased":["Flame Barrier"],"campfire_rested":1,"item_purchase_floors":[7],"current_hp_per_floor":[79,79,79,79,78,78,78,61,61,61,61,54,54,45,69,55,80,74,74,59,49,33,26,26,9,9,9],"gold":300,"neow_bonus":"BOSS_RELIC","is_daily":false,"chose_seed":false,"campfire_upgraded":3,"win_rate":0.0,"timestamp":1611668268,"path_taken":["M","?","?","M","?","R","$","E","T","?","R","M","R","M","R","BOSS","M","?","?","?","M","E","?","?","T"],"items_purchased_type":["Card"],"build_version":"2020-12-22","purchased_purges":1,"victory":false,"max_hp_per_floor":[80,80,80,80,80,80,80,80,80,80,80,80,80,80,80,80,80,80,80,80,80,80,80,80,80,80,80],"card_choices":[{"not_picked":["Body Slam","Inflame"],"picked":"Whirlwind","floor":1.0},{"not_picked":["Clash","Rupture"],"picked":"True Grit","floor":4.0},{"not_picked":["Headbutt","Sword Boomerang"],"picked":"Clothesline","floor":5.0},{"not_picked":["Sever Soul","Dropkick"],"picked":"Bludgeon","floor":8.0},{"not_picked":["Cleave","Shrug It Off"],"picked":"Uppercut","floor":12.0},{"not_picked":["Cleave","Sword Boomerang","Rage"],"picked":"SKIP","floor":14.0},{"not_picked":["Exhume","Berserk"],"picked":"Demon Form","floor":16.0},{"not_picked":["Anger","Shockwave","Clash"],"picked":"SKIP","floor":18.0},{"not_picked":["Thunderclap","Flex","Clash"],"picked":"SKIP","floor":20.0},{"not_picked":["True Grit","Inflame+1","Carnage"],"picked":"SKIP","floor":21.0},{"not_picked":["Armaments","Dropkick"],"picked":"Battle Trance","floor":22.0},{"not_picked":["Rampage","Clash"],"picked":"Impervious","floor":23.0},{"not_picked":["Wild Strike","Combust+1","Dropkick"],"picked":"SKIP","floor":25.0}],"player_experience":1385385,"relics_obtained":[{"floor":23.0,"key":"MawBank"}],"event_choices":[{"damage_healed":0.0,"max_hp_gain":0.0,"max_hp_loss":0.0,"gold_gain":0.0,"event_name":"Scrap Ooze","player_choice":"Fled","floor":2.0,"gold_loss":0.0,"damage_taken":0.0},{"cards_removed":["Strike_R"],"damage_healed":0.0,"max_hp_gain":0.0,"max_hp_loss":0.0,"gold_gain":0.0,"event_name":"Purifier","player_choice":"Purged","floor":3.0,"gold_loss":0.0,"damage_taken":0.0},{"damage_healed":0.0,"max_hp_gain":0.0,"max_hp_loss":0.0,"gold_gain":0.0,"event_name":"Dead Adventurer","player_choice":"Searched \u00270\u0027 times","floor":10.0,"gold_loss":0.0,"damage_taken":0.0},{"damage_healed":0.0,"max_hp_gain":0.0,"max_hp_loss":0.0,"gold_gain":0.0,"cards_transformed":["Strike_R"],"event_name":"Transmorgrifier","player_choice":"Transformed","floor":19.0,"gold_loss":0.0,"damage_taken":0.0,"cards_obtained":["Uppercut"]},{"cards_removed":["Strike_R"],"damage_healed":0.0,"max_hp_gain":0.0,"max_hp_loss":0.0,"gold_gain":0.0,"event_name":"Purifier","player_choice":"Purged","floor":24.0,"gold_loss":0.0,"damage_taken":0.0}],"is_beta":false,"boss_relics":[{"not_picked":["Sozu","Pandora\u0027s Box","Runic Cube"]}],"items_purged_floors":[7],"is_endless":false,"potions_floor_spawned":[4,8,16,18,21,23],"ascension_level":0}}