{"host":"jumrmhf584hajrnz","time":1611694093,"event":{"mods":["BaseMod","Duelist Mod","GifTheSpireLib","Minty Spire (QoL Compilation)","Quick Restart","StSLib"],"gold_per_floor":[140,140,156,166,181,181,181],"floor_reached":6,"language":"ENG","playtime":383,"items_purged":[],"score":76,"play_id":"e3ebff1c-8ec8-45df-a044-fb5f6f6e8906","local_time":"20210126214813","is_ascension_mode":true,"campfire_choices":[],"circlet_count":0,"master_deck":["AscendersBane","theDuelist:MysticalElf+1","theDuelist:MysticalElf+1","theDuelist:CastleWalls","theDuelist:CastleWalls","theDuelist:DarkMagician","theDuelist:DarkSparks","theDuelist:NeoMagic","theDuelist:NeoMagic","theDuelist:Sparks","theDuelist:Sparks","theDuelist:ApprenticeIllusionMagician","theDuelist:GeminiElf","theDuelist:PowerGiant","theDuelist:GeminiElf"],"relics":["theDuelist:MillenniumPuzzle","theDuelist:CardPoolRelic","theDuelist:CardPoolBasicRelic","theDuelist:BoosterPackPoolRelic","theDuelist:CardPoolAddRelic","theDuelist:CardPoolMinusRelic","theDuelist:CardPoolSaveRelic","theDuelist:CardPoolOptionsRelic","Nunchaku"],"acts_visited":["Exordium"],"potions_floor_usage":[],"damage_taken":[{"damage":3,"enemies":"2 Louse","floor":1,"turns":3},{"damage":0,"enemies":"Jaw Worm","floor":3,"turns":3},{"damage":3,"enemies":"Small Slimes","floor":4,"turns":5},{"damage":4,"enemies":"Red Slaver","floor":5,"turns":7},{"damage":61,"enemies":"Gremlin Nob","floor":6,"turns":4}],"seed_played":"-5094893612555274944","potions_obtained":[{"floor":1,"key":"theDuelist:TributeBottle"},{"floor":5,"key":"theDuelist:SealedPack"}],"is_trial":false,"path_per_floor":["M","?","M","M","M","E"],"character_chosen":"THE_DUELIST","items_purchased":[],"campfire_rested":0,"item_purchase_floors":[],"current_hp_per_floor":[60,60,60,57,53,0,0],"gold":181,"neow_bonus":"RANDOM_COMMON_RELIC","is_daily":false,"chose_seed":false,"campfire_upgraded":0,"win_rate":0.0,"timestamp":1611694093,"path_taken":["M","?","M","M","M","E"],"items_purchased_type":[],"build_version":"2020-12-22","purchased_purges":0,"victory":false,"max_hp_per_floor":[70,70,70,70,70,70,70],"card_choices":[{"not_picked":["theDuelist:Graverobber","theDuelist:ThousandEyesIdol","theDuelist:WhiteHowling","theDuelist:CosmoBrain"],"picked":"theDuelist:ApprenticeIllusionMagician","floor":1},{"not_picked":["theDuelist:SpellShatteringArrow","theDuelist:SangaThunder","theDuelist:FlyingSaucer","theDuelist:ExodiaLA"],"picked":"theDuelist:GeminiElf","floor":3},{"not_picked":["theDuelist:BlockGolem","theDuelist:EarthquakeGiant","theDuelist:GolemSentry","theDuelist:PowerGiant","theDuelist:RainbowOverdragon"],"picked":"SKIP","floor":4},{"not_picked":["theDuelist:BlockGolem","theDuelist:EarthquakeGiant","theDuelist:GolemSentry","theDuelist:RainbowOverdragon"],"picked":"theDuelist:PowerGiant","floor":4},{"not_picked":["theDuelist:ExodiaLL","theDuelist:CrystalWingDragon","theDuelist:CallAtlanteans","theDuelist:OnslaughtFireKings"],"picked":"theDuelist:GeminiElf","floor":5}],"player_experience":1575756,"relics_obtained":[],"event_choices":[{"damage_healed":0,"gold_gain":0,"player_choice":"Leave","duelist":true,"damage_taken":0,"max_hp_gain":0,"max_hp_loss":0,"event_name":"Battle City","floor":2,"gold_loss":0}],"is_beta":false,"boss_relics":[],"items_purged_floors":[],"is_endless":false,"potions_floor_spawned":[1,5],"killed_by":"Gremlin Nob","ascension_level":20}}