{"host":"f8toxsj3bk02pkeu","time":1611634261,"event":{"mods":["BaseMod","Minty Spire (QoL Compilation)","Permanent Neow","Quick Restart","StSLib","SuperFastMode"],"gold_per_floor":[110,110,123,139,139,172,172,172,172],"floor_reached":8,"language":"ENG","playtime":123,"items_purged":[],"score":112,"play_id":"4462d61e-0c94-4107-8a59-0d5b4437fb66","local_time":"20210125201101","is_ascension_mode":true,"campfire_choices":[{"data":"Pommel Strike","floor":7,"key":"SMITH"}],"circlet_count":0,"master_deck":["AscendersBane","Strike_R","Strike_R","Strike_R","Strike_R","Strike_R","Defend_R","Defend_R","Defend_R","Defend_R","Bash","Twin Strike","Pommel Strike+1","Thunderclap"],"relics":["Burning Blood","NeowsBlessing","Strawberry","Pen Nib","Gremlin Horn"],"acts_visited":["Exordium"],"potions_floor_usage":[8],"damage_taken":[{"damage":0,"enemies":"Small Slimes","floor":1,"turns":1},{"damage":0,"enemies":"Cultist","floor":3,"turns":1},{"damage":0,"enemies":"Jaw Worm","floor":4,"turns":1},{"damage":50,"enemies":"Lagavulin","floor":6,"turns":8},{"damage":32,"enemies":"Gremlin Nob","floor":8,"turns":3}],"seed_played":"-7655139688885709352","potions_obtained":[{"floor":3,"key":"Dexterity Potion"},{"floor":4,"key":"Explosive Potion"}],"is_trial":false,"path_per_floor":["M","?","M","M","?","E","R","E"],"character_chosen":"IRONCLAD","items_purchased":[],"campfire_rested":0,"item_purchase_floors":[],"current_hp_per_floor":[74,81,82,82,64,20,20,0,0],"gold":172,"neow_bonus":"THREE_ENEMY_KILL","is_daily":false,"chose_seed":false,"campfire_upgraded":1,"win_rate":0.0,"timestamp":1611634261,"path_taken":["M","?","M","?","?","E","R","E"],"items_purchased_type":[],"build_version":"2020-12-22","purchased_purges":0,"victory":false,"max_hp_per_floor":[75,82,82,82,82,82,82,82,82],"card_choices":[{"not_picked":["Perfected Strike","Hemokinesis"],"picked":"Twin Strike","floor":1},{"not_picked":["Warcry","Fire Breathing"],"picked":"Twin Strike","floor":3},{"not_picked":["Uppercut","Heavy Blade"],"picked":"Pommel Strike","floor":4},{"not_picked":["Body Slam","Headbutt"],"picked":"Thunderclap","floor":6}],"player_experience":969790,"relics_obtained":[{"floor":6,"key":"Gremlin Horn"}],"event_choices":[{"cards_removed":["Twin Strike"],"damage_healed":0,"gold_gain":0,"player_choice":"Gave Card","damage_taken":0,"relics_obtained":["Strawberry"],"max_hp_gain":0,"max_hp_loss":0,"event_name":"WeMeetAgain","floor":2,"gold_loss":0},{"damage_healed":0,"gold_gain":0,"player_choice":"Success","damage_taken":18,"relics_obtained":["Pen Nib"],"max_hp_gain":0,"max_hp_loss":0,"event_name":"Scrap Ooze","floor":5,"gold_loss":0}],"is_beta":false,"boss_relics":[],"items_purged_floors":[],"is_endless":false,"potions_floor_spawned":[3,4],"killed_by":"Gremlin Nob","ascension_level":20}}