{"host":"x38j7js0du66rp5l","time":1611651268,"event":{"mods":["BaseMod","Conspire","Minty Spire (QoL Compilation)","The Construct","The Disciple","The Servant 0.9.4"],"gold_per_floor":[114,114,133,208,59,59,88,88,88,88,116,116,129,147,147,248,298,286,286,286],"floor_reached":19,"language":"ENG","playtime":998,"items_purged":[],"score":200,"play_id":"5dbf0f62-b9ae-44b3-8ac5-e9d0079b8ee6","local_time":"20210126035428","is_ascension_mode":false,"campfire_choices":[{"data":"FormalWear","floor":6,"key":"SMITH"},{"floor":8,"key":"REST"},{"floor":12,"key":"REST"},{"data":"BiteCommand","floor":15,"key":"SMITH"}],"circlet_count":0,"master_deck":["Strike_Br","Strike_Br","Strike_Br","Strike_Br","Defend_Br+1","Defend_Br","Defend_Br","Defend_Br","SecondHand","PatternShift","ReapSow","BiteCommand","PrimeTime","FormalWear+1","HandsUpB","BiteCommand+1","CrunchTime","LockedTurtyl","OracleForm","ExoVibe","Allegro"],"relics":["Chronometer","Meat on the Bone","Torii","Ornamental Fan","conspire:Flyswatter","Tiny House"],"acts_visited":["Exordium","TheCity"],"potions_floor_usage":[11,11,18],"damage_taken":[{"damage":0,"enemies":"Small Slimes","floor":1,"turns":8},{"damage":1,"enemies":"Jaw Worm","floor":3,"turns":4},{"damage":46,"enemies":"Lagavulin","floor":7,"turns":6},{"damage":21,"enemies":"3 Sentries","floor":11,"turns":6},{"damage":4,"enemies":"conspire:RoseBush","floor":13,"turns":3},{"damage":6,"enemies":"Exordium Wildlife","floor":14,"turns":4},{"damage":32,"enemies":"Hexaghost","floor":16,"turns":10},{"damage":23,"enemies":"2 Thieves","floor":18,"turns":4},{"damage":61,"enemies":"conspire:FuzzyDice","floor":19,"turns":4}],"seed_played":"-4671252751584594565","potions_obtained":[{"floor":3,"key":"construct:ShiftPotion"},{"floor":7,"key":"Fire Potion"},{"floor":17,"key":"Swift Potion"},{"floor":18,"key":"GamblersBrew"}],"is_trial":false,"path_per_floor":["M","?","M","?","$","R","E","R","T","T","E","R","M","M","R","B",null,"M","M"],"character_chosen":"CHRONO_CLASS","items_purchased":["PrimeTime","FormalWear","HandsUpB"],"campfire_rested":2,"item_purchase_floors":[5,5,5],"current_hp_per_floor":[71,76,75,64,64,64,18,40,40,40,31,53,49,43,43,23,81,58,0,0],"gold":286,"neow_bonus":"TEN_PERCENT_HP_BONUS","is_daily":false,"chose_seed":false,"campfire_upgraded":2,"win_rate":0.0,"timestamp":1611651268,"path_taken":["M","?","M","?","$","R","E","R","T","?","E","R","M","M","R","BOSS","M","?"],"items_purchased_type":["Card","Card","Card"],"build_version":"2020-12-22","purchased_purges":0,"victory":false,"max_hp_per_floor":[71,76,76,76,76,76,76,76,76,76,76,76,76,76,76,76,81,81,81,81],"card_choices":[{"not_picked":["CrunchTime","BlueShift"],"picked":"ReapSow","floor":1},{"not_picked":["LockedUrn","LockedMedicine"],"picked":"BiteCommand","floor":3},{"not_picked":["TiringSlam","LockedWhetstone"],"picked":"BiteCommand","floor":7},{"not_picked":["PrimeTime","Echoward"],"picked":"CrunchTime","floor":11},{"not_picked":["Echonomics","AlternateTimeline","HandsUpB"],"picked":"SKIP","floor":13},{"not_picked":["LockedAnchor","HandsUpB"],"picked":"LockedTurtyl","floor":14},{"not_picked":["LockedAstrolabe","Fragmentalize"],"picked":"OracleForm","floor":16},{"not_picked":["LockedThread","LockedMercury"],"picked":"Tempo","floor":17},{"not_picked":["LockedThread","LockedTurtyl"],"picked":"ExoVibe","floor":18}],"player_experience":3987,"relics_obtained":[{"floor":7,"key":"Meat on the Bone"},{"floor":9,"key":"Torii"},{"floor":10,"key":"Ornamental Fan"},{"floor":11,"key":"conspire:Flyswatter"}],"event_choices":[{"damage_healed":0,"gold_gain":0,"player_choice":"Donut","damage_taken":0,"max_hp_gain":5,"max_hp_loss":0,"event_name":"Big Fish","floor":2,"gold_loss":0},{"damage_healed":0,"gold_gain":75,"player_choice":"Gather Gold","damage_taken":11,"max_hp_gain":0,"max_hp_loss":0,"event_name":"World of Goop","floor":4,"gold_loss":0}],"is_beta":false,"boss_relics":[{"not_picked":["Astrolabe","Sozu"],"picked":"Tiny House"}],"items_purged_floors":[],"is_endless":false,"potions_floor_spawned":[3,7,18],"killed_by":"conspire:FuzzyDice","ascension_level":0}}