{"host":"r91i8wii3z9p67t1","time":1611670146,"event":{"mods":["BaseMod","Minty Spire (QoL Compilation)","Relic Stats","StSLib"],"gold_per_floor":[109,122,139,155,170,197,213,213,213],"floor_reached":8,"language":"ZHT","playtime":804,"items_purged":[],"score":81,"play_id":"e0a24b24-dc00-47a9-83ea-7d658e56f7bb","local_time":"20210126220906","is_ascension_mode":true,"campfire_choices":[],"circlet_count":0,"master_deck":["Strike_G","Strike_G","Strike_G","Strike_G","Defend_G","Defend_G","Defend_G","Defend_G","Survivor","Neutralize","Blade Dance","Skewer","Escape Plan","Poisoned Stab","Catalyst","Noxious Fumes","Venomology"],"relics":["Empty Cage","The Courier"],"acts_visited":["Exordium"],"potions_floor_usage":[6,6,8,8,8],"damage_taken":[{"damage":0,"enemies":"Jaw Worm","floor":1,"turns":6},{"damage":8,"enemies":"Small Slimes","floor":2,"turns":4},{"damage":1,"enemies":"Cultist","floor":3,"turns":3},{"damage":6,"enemies":"Gremlin Gang","floor":4,"turns":5},{"damage":5,"enemies":"Large Slime","floor":5,"turns":7},{"damage":26,"enemies":"Lagavulin","floor":6,"turns":7},{"damage":6,"enemies":"Looter","floor":7,"turns":3},{"damage":28,"enemies":"Gremlin Nob","floor":8,"turns":3}],"seed_played":"-5634914392099223124","potions_obtained":[{"floor":1,"key":"Fruit Juice"},{"floor":4,"key":"Block Potion"},{"floor":5,"key":"SkillPotion"},{"floor":6,"key":"LiquidBronze"}],"is_trial":false,"path_per_floor":["M","M","M","M","M","E","M","E"],"character_chosen":"THE_SILENT","items_purchased":[],"campfire_rested":0,"item_purchase_floors":[],"current_hp_per_floor":[63,55,54,48,43,17,11,0,0],"gold":213,"neow_bonus":"BOSS_RELIC","is_daily":false,"chose_seed":false,"campfire_upgraded":0,"win_rate":0.0,"timestamp":1611670146,"path_taken":["M","M","M","M","M","E","M","E"],"items_purchased_type":[],"build_version":"2020-12-22","purchased_purges":0,"victory":false,"max_hp_per_floor":[70,70,70,70,70,70,70,75,75],"relic_stats":{"counters":[8,38],"obtain_stats":[{"The Courier":6,"Empty Cage":0,"Ring of the Snake":0},{"The Courier":6,"Empty Cage":0,"Ring of the Snake":0},{"The Courier":32,"Empty Cage":0,"Ring of the Snake":0}]},"card_choices":[{"not_picked":["Concentrate","Dagger Spray"],"picked":"Blade Dance","floor":1},{"not_picked":["Deflect","Slice"],"picked":"Skewer","floor":2},{"not_picked":["Slice","Cloak And Dagger"],"picked":"Escape Plan","floor":3},{"not_picked":["Blur","Slice"],"picked":"Poisoned Stab","floor":4},{"not_picked":["Outmaneuver","PiercingWail"],"picked":"Catalyst","floor":5},{"not_picked":["Cloak And Dagger","All Out Attack"],"picked":"Noxious Fumes","floor":6},{"not_picked":["Flying Knee","All Out Attack"],"picked":"Venomology","floor":7}],"player_experience":957047,"relics_obtained":[{"floor":6,"key":"The Courier"}],"event_choices":[],"is_beta":false,"boss_relics":[],"items_purged_floors":[],"is_endless":false,"potions_floor_spawned":[1,4,5,6],"killed_by":"Gremlin Nob","ascension_level":6}}