{"host":"7eytxr1oawi6r5nr","time":1611691998,"event":{"mods":["BaseMod","Better Third Choice","Curses Come First","Dark Map","Hermit","Hubris","Ironclad Rager","Jorbs\u0027s Wanderer Trilogy","Minty Spire (QoL Compilation)","Permanent Neow","Quick Restart","Rare Cards Sparkle","Reliquary","Replay The Spire","Robot Space Explorer","StSLib","The Cursed","The Disciple","The Dragon Tamer","The Forsaken","The Marked","The Mystic","The Runesmith","UnlockEverythingMod","Wide Potions"],"gold_per_floor":[111,124,138,138,313,313,161,179,205,205,205],"floor_reached":10,"language":"ENG","playtime":1929,"items_purged":["Doubt"],"score":70,"play_id":"411498e8-3bc0-4ac5-9cdb-ccc365a5dc3a","local_time":"20210126201318","is_ascension_mode":true,"campfire_choices":[{"data":"Limit Break","floor":6.0,"key":"SMITH"}],"circlet_count":0,"master_deck":["Strike_R","Strike_R","Strike_R","Strike_R","Defend_R","Defend_R","Defend_R","Defend_R","Bash","Carnage","Spot Weakness","Battle Trance","Bloodletting","Limit Break+1","Uppercut","Rage"],"relics":["Burning Blood"],"acts_visited":["Exordium"],"potions_floor_usage":[],"damage_taken":[{"damage":4.0,"enemies":"Small Slimes","floor":1.0,"turns":3.0},{"damage":8.0,"enemies":"2 Louse","floor":2.0,"turns":2.0},{"damage":7.0,"enemies":"Jaw Worm","floor":3.0,"turns":2.0},{"damage":8.0,"enemies":"2 Fungi Beasts","floor":8.0,"turns":3.0},{"damage":0,"enemies":"3 Sentries","floor":10,"turns":1}],"seed_played":"-8835196774786901941","potions_obtained":[{"floor":2.0,"key":"Flashbang"},{"floor":3.0,"key":"BlessingOfTheForge"}],"is_trial":false,"path_per_floor":["M","M","M","?","?","R","$","M","T","E"],"character_chosen":"IRONCLAD","items_purchased":["Uppercut"],"campfire_rested":0,"item_purchase_floors":[7],"current_hp_per_floor":[80,78,77,77,77,77,77,75,75,75,75],"gold":205,"neow_bonus":"THREE_CARDS","is_daily":false,"chose_seed":false,"campfire_upgraded":1,"win_rate":0.0,"timestamp":1611691998,"path_taken":["M","M","M","?","?","R","$","M","T","E"],"items_purchased_type":["Card"],"build_version":"2020-12-22","purchased_purges":1,"victory":false,"max_hp_per_floor":[80,80,80,80,80,80,80,80,80,80,80],"card_choices":[{"not_picked":["Infernal Blade","Pommel Strike"],"picked":"Carnage","floor":0.0},{"not_picked":["ReplayTheSpireMod:Strike From Hell","Headbutt"],"picked":"Spot Weakness","floor":1.0},{"not_picked":["Run Through","Heavy Blade"],"picked":"Battle Trance","floor":2.0},{"not_picked":["Rampage","Wild Strike"],"picked":"Bloodletting","floor":3.0},{"not_picked":["Warcry","Uppercut"],"picked":"Rage","floor":8.0}],"player_experience":140235,"relics_obtained":[],"event_choices":[{"damage_healed":0.0,"max_hp_gain":0.0,"max_hp_loss":0.0,"gold_gain":0.0,"cards_transformed":["Strike_R"],"event_name":"Living Wall","player_choice":"Change","floor":4.0,"gold_loss":0.0,"damage_taken":0.0,"cards_obtained":["Limit Break"]},{"damage_healed":0.0,"max_hp_gain":0.0,"max_hp_loss":0.0,"gold_gain":175.0,"event_name":"betterThird:BetterSerpent","player_choice":"AGREE","floor":5.0,"gold_loss":0.0,"damage_taken":138.0}],"is_beta":false,"boss_relics":[],"items_purged_floors":[7],"is_endless":false,"potions_floor_spawned":[2,3],"killed_by":"3 Sentries","ascension_level":4}}