{"host":"nrxstibvl428zo7h","time":1611640861,"event":{"mods":["AchievementEnabler","BaseMod","Colored Map","Dark Map","Hermit","Minty Spire (QoL Compilation)","StSLib","The Blackbeard","The Disciple"],"gold_per_floor":[112,128,59,134,134,134,148,148,148],"floor_reached":8,"language":"ENG","playtime":470,"items_purged":[],"score":46,"play_id":"86d8e0a9-e7ee-4875-b2b7-3ba03469a401","local_time":"20210125220101","is_ascension_mode":false,"campfire_choices":[{"floor":6,"key":"REST"}],"circlet_count":0,"master_deck":["Strike_Br","Strike_Br","Strike_Br","Strike_Br","Defend_Br","Defend_Br","Defend_Br","Defend_Br","SecondHand","PatternShift","Blind","LockedOrichalcum","Accruing","LockedScales","HandsUpB","VestedLegacy"],"relics":["Chronometer","NlothsMask"],"acts_visited":["Exordium"],"potions_floor_usage":[],"damage_taken":[{"damage":6,"enemies":"Jaw Worm","floor":1,"turns":8},{"damage":4,"enemies":"2 Louse","floor":2,"turns":4},{"damage":0,"enemies":"Cultist","floor":7,"turns":6},{"damage":37,"enemies":"3 Sentries","floor":8,"turns":13}],"seed_played":"4564049894258120328","potions_obtained":[],"is_trial":false,"path_per_floor":["M","M","$","?","?","R","M","E"],"character_chosen":"CHRONO_CLASS","items_purchased":["LockedScales","HandsUpB"],"campfire_rested":1,"item_purchase_floors":[3,3],"current_hp_per_floor":[59,55,55,44,44,63,63,26,26],"gold":148,"neow_bonus":"RANDOM_COLORLESS","is_daily":false,"chose_seed":false,"campfire_upgraded":0,"win_rate":0.0,"timestamp":1611640861,"path_taken":["M","M","$","?","?","R","M","E"],"items_purchased_type":["Card","Card"],"build_version":"2020-12-22","purchased_purges":0,"victory":false,"max_hp_per_floor":[65,65,65,65,65,65,65,65,65],"card_choices":[{"not_picked":["Swift Strike","Good Instincts"],"picked":"Blind","floor":0},{"not_picked":["Engulf","Parity"],"picked":"LockedOrichalcum","floor":1},{"not_picked":["LockedAnchor","ExoVibe"],"picked":"Accruing","floor":2},{"not_picked":["Echoward","LockedMedicine"],"picked":"VestedLegacy","floor":7}],"player_experience":94079,"relics_obtained":[],"event_choices":[{"damage_healed":0,"gold_gain":75,"player_choice":"Gather Gold","damage_taken":11,"max_hp_gain":0,"max_hp_loss":0,"event_name":"World of Goop","floor":4,"gold_loss":0},{"damage_healed":0,"gold_gain":0,"player_choice":"Trade","damage_taken":0,"relics_obtained":["NlothsMask"],"max_hp_gain":0,"max_hp_loss":0,"event_name":"FaceTrader","floor":5,"gold_loss":0}],"is_beta":false,"boss_relics":[],"items_purged_floors":[],"is_endless":false,"potions_floor_spawned":[],"killed_by":"3 Sentries","ascension_level":0}}