{"host":"dzit4ljil6490tuf","time":1611629682,"event":{"mods":["BaseMod","Downfall","Hermit","Hubris","Minty Spire (QoL Compilation)","StSLib","The Cursed","The Runesmith","The Servant 0.9.4"],"gold_per_floor":[99,114,129,144,3,18,18,33,33,63,63,63,78,93,108,208,208,208,223,238,238,67,122,122,122,177,207,207,207,207,277,332,432,432,432,487,542,542,542,242,242,297,17,17,32,47,47,102,117,117],"floor_reached":51,"language":"ITA","playtime":2331,"items_purged":["Pain","TheCursedMod:Dregs","downfall:Bewildered"],"score":870,"play_id":"4dbac0bc-4b7c-4fb9-bca2-a1abe6bba5c3","local_time":"20210126035442","daily_mods":["Heirloom","Vintage","Elite Swarm"],"is_ascension_mode":false,"campfire_choices":[{"data":"Zap","floor":1,"key":"SMITH"},{"data":"Conserve Battery","floor":9,"key":"SMITH"},{"data":"Seek","floor":11,"key":"SMITH"},{"data":"Conserve Battery","floor":18,"key":"SMITH"},{"data":"Gash","floor":25,"key":"SMITH"},{"data":"Capacitor","floor":28,"key":"SMITH"},{"data":"Self Repair","floor":30,"key":"SMITH"},{"data":"Echo Form","floor":35,"key":"SMITH"}],"circlet_count":0,"master_deck":["Strike_B+1","Strike_B","Strike_B+1","Defend_B+1","Defend_B+1","Defend_B","Defend_B","Dualcast","Conserve Battery+1","Self Repair+1","Seek+1","hubris:DuctTapeCard","Electrodynamics","Conserve Battery+1","Gash+1","Capacitor+1","Core Surge","Echo Form+1","All For One","Hologram+1","Defragment","Double Energy","Lockon+1"],"relics":["Cracked Core","Ice Cream","Whetstone","Anchor","Guardian:GemstoneGun","bronze:BronzeIdol","Cables","hubris:BallOfYels","champ:DeflectingBracers","WarpedTongs","DataDisk","hubris:DuctTape","Nunchaku","Cursed Key","Blue Candle","hubris:TenFootPole","downfall:KnowingSkull","Orichalcum","hubris:ToyBattleship","Art of War","hubris:Potato","hubris:SphereOfDissonance","Centennial Puzzle","War Paint","Sozu","hubris:SoftwareUpdate","Bronze Scales","hubris:Icosahedron","Meat on the Bone","Molten Egg 2","Pantograph","Smiling Mask","Pen Nib","Guardian:PocketSentry","Bag of Marbles","Regal Pillow","Bottled Flame"],"acts_visited":["Exordium","TheCity","TheBeyond"],"potions_floor_usage":[16,40,50,50],"damage_taken":[{"damage":6,"enemies":"Jaw Worm","floor":2,"turns":3},{"damage":1,"enemies":"Cultist","floor":3,"turns":3},{"damage":0,"enemies":"2 Louse","floor":4,"turns":2},{"damage":0,"enemies":"downfall:FleeingMerchant","floor":5,"turns":4},{"damage":2,"enemies":"Blue Slaver","floor":6,"turns":3},{"damage":0,"enemies":"2 Fungi Beasts","floor":8,"turns":3},{"damage":1,"enemies":"3 Sentries","floor":10,"turns":5},{"damage":5,"enemies":"3 Louse","floor":13,"turns":2},{"damage":4,"enemies":"Exordium Wildlife","floor":14,"turns":3},{"damage":0,"enemies":"Lots of Slimes","floor":15,"turns":2},{"damage":8,"enemies":"SI_SHIV_ARCHETYPE","floor":16,"turns":6},{"damage":4,"enemies":"3 Byrds","floor":19,"turns":1},{"damage":11,"enemies":"Shell Parasite","floor":20,"turns":4},{"damage":5,"enemies":"downfall:FleeingMerchant","floor":22,"turns":4},{"damage":7,"enemies":"Centurion and Healer","floor":23,"turns":2},{"damage":5,"enemies":"Snake Plant","floor":26,"turns":3},{"damage":2,"enemies":"Slavers","floor":27,"turns":3},{"damage":0,"enemies":"Gremlin Leader","floor":31,"turns":4},{"damage":0,"enemies":"3 Cultists","floor":32,"turns":3},{"damage":3,"enemies":"IC_MUSHROOM_ARCHETYPE","floor":33,"turns":5},{"damage":0,"enemies":"3 Darklings","floor":36,"turns":2},{"damage":0,"enemies":"Orb Walker","floor":37,"turns":2},{"damage":0,"enemies":"downfall:FleeingMerchant","floor":40,"turns":4},{"damage":12,"enemies":"Spire Growth","floor":42,"turns":3},{"damage":0,"enemies":"3 Darklings","floor":45,"turns":2},{"damage":0,"enemies":"Writhing Mass","floor":46,"turns":4},{"damage":0,"enemies":"Maw","floor":48,"turns":4},{"damage":17,"enemies":"3 Darklings","floor":49,"turns":4},{"damage":13,"enemies":"WA_ARCHETYPE_DIVINITY","floor":50,"turns":9}],"seed_played":"-4735054310349275430","potions_obtained":[{"floor":4,"key":"Block Potion"},{"floor":6,"key":"DuplicationPotion"},{"floor":8,"key":"PotionOfCapacity"},{"floor":20,"key":"Weak Potion"},{"floor":26,"key":"Strength Potion"}],"is_trial":false,"path_per_floor":["R","M","M","M","$","M","T","M","R","E","R","?","M","M","M","B",null,"R","M","M","?","$","M","T","R","M","E","R","?","R","E","M","B",null,"R","M","M","?","?","$","T","M","$","?","M","M","?","M","M","B",null],"character_chosen":"DEFECT","items_purchased":["Conserve Battery","Self Repair","Gash","Capacitor","Defragment","Meat on the Bone","Molten Egg 2","Pen Nib","Double Energy"],"campfire_rested":0,"item_purchase_floors":[5,5,22,22,40,40,40,43,43],"current_hp_per_floor":[75,69,68,68,68,73,73,75,75,75,75,75,75,75,75,74,75,75,71,67,65,67,60,60,60,62,67,67,67,67,75,75,75,75,75,75,75,75,75,75,75,63,63,63,63,73,73,75,68,62],"gold":117,"neow_bonus":"","is_daily":true,"chose_seed":false,"campfire_upgraded":8,"win_rate":0.0,"timestamp":1611629682,"path_taken":["R","M","M","M","$","M","T","M","R","E","R","?","M","?","M","BOSS","R","M","M","?","$","?","T","R","M","E","R","?","R","E","M","BOSS","R","M","M","?","?","$","T","M","$","?","M","M","?","M","M","BOSS"],"items_purchased_type":["Card","Card","Card","Card","Card","Relic","Relic","Relic","Card"],"build_version":"2020-12-22","purchased_purges":3,"victory":true,"max_hp_per_floor":[75,75,75,75,75,75,75,75,75,75,75,75,75,75,75,75,75,75,75,75,75,75,75,75,75,75,75,75,75,75,75,75,75,75,75,75,75,75,75,75,75,75,75,75,75,75,75,75,75,75],"card_choices":[{"not_picked":["Streamline","Gash"],"picked":"Conserve Battery","floor":5},{"not_picked":["Meteor Strike","Machine Learning"],"picked":"Seek","floor":10},{"not_picked":["Echo Form","Biased Cognition"],"picked":"Electrodynamics","floor":16},{"not_picked":["Sunder","Turbo"],"picked":"Conserve Battery+1","floor":22},{"not_picked":["hubris:Prefetch","hubris:DoWhile"],"picked":"Core Surge","floor":27},{"not_picked":["Core Surge","hubris:SpecializedCircuitry"],"picked":"Echo Form","floor":31},{"not_picked":["Amplify","Hyperbeam"],"picked":"All For One","floor":33},{"not_picked":["Tempest+1","Force Field+1"],"picked":"Hologram+1","floor":40}],"player_experience":605243,"relics_obtained":[{"floor":2,"key":"Whetstone"},{"floor":3,"key":"Anchor"},{"floor":4,"key":"Guardian:GemstoneGun"},{"floor":6,"key":"bronze:BronzeIdol"},{"floor":7,"key":"Cables"},{"floor":8,"key":"hubris:BallOfYels"},{"floor":10,"key":"champ:DeflectingBracers"},{"floor":13,"key":"DataDisk"},{"floor":14,"key":"hubris:DuctTape"},{"floor":15,"key":"Nunchaku"},{"floor":19,"key":"Blue Candle"},{"floor":20,"key":"hubris:TenFootPole"},{"floor":23,"key":"Orichalcum"},{"floor":24,"key":"hubris:ToyBattleship"},{"floor":26,"key":"Art of War"},{"floor":27,"key":"hubris:Potato"},{"floor":31,"key":"Centennial Puzzle"},{"floor":32,"key":"War Paint"},{"floor":36,"key":"hubris:SoftwareUpdate"},{"floor":37,"key":"Bronze Scales"},{"floor":41,"key":"Pantograph"},{"floor":42,"key":"Smiling Mask"},{"floor":45,"key":"Guardian:PocketSentry"},{"floor":46,"key":"Bag of Marbles"},{"floor":48,"key":"Regal Pillow"},{"floor":49,"key":"Bottled Flame"}],"event_choices":[{"damage_healed":0,"gold_gain":0,"player_choice":"Rummage","damage_taken":0,"relics_obtained":["WarpedTongs"],"max_hp_gain":0,"max_hp_loss":0,"event_name":"Accursed Blacksmith","floor":12,"gold_loss":0,"cards_obtained":["Pain"]},{"cards_removed":["Strike_B"],"damage_healed":0,"gold_gain":0,"player_choice":"Removed Attack","damage_taken":0,"max_hp_gain":0,"max_hp_loss":0,"event_name":"Falling","floor":38,"gold_loss":0}],"is_beta":false,"boss_relics":[{"not_picked":["SacredBark","Fusion Hammer"],"picked":"Cursed Key"},{"not_picked":["Empty Cage","Runesmith:UraniumAnvil"],"picked":"Sozu"}],"items_purged_floors":[22,40,43],"is_endless":false,"potions_floor_spawned":[4,6,8,13,14,15,20,26,27,33,36,37,49],"ascension_level":0}}