{"host":"takgv9cv6xf64vhq","time":1611682560,"event":{"mods":["BaseMod","Colored Powertips","Downfall","Hubris","LagranYue(拉格朗・月)","Marisa（F雨　魔理沙）","Minty Spire (QoL Compilation)","Replay The Spire","StSLib","The Cursed","The Jungle","TheHeartMod"],"gold_per_floor":[110,185,109,125,114,147,322,322,322,322,322,150,169,85,85,186,186,206,206,225,35,55,82,82,100,100,10,28,57,57,72,72,169,169,83,133,58,333,347,347,373,384,384,74,74,109,9,9],"floor_reached":47,"language":"ZHS","playtime":2958,"items_purged":["Languid","Pain"],"score":864,"play_id":"fb7288be-8715-4e80-b504-24935a456bea","local_time":"20210127013600","is_ascension_mode":true,"campfire_choices":[{"data":"Eruption","floor":8.0,"key":"SMITH"},{"data":"Prostrate","floor":10.0,"key":"SMITH"},{"data":"SashWhip","floor":15.0,"key":"SMITH"},{"data":"Prostrate","floor":32,"key":"SMITH"},{"floor":40,"key":"RECALL"},{"data":"Replay:AtTheReady","floor":45,"key":"SMITH"}],"circlet_count":0,"master_deck":["Strike_P+1","Strike_P+1","Strike_P+1","Defend_P+1","Defend_P+1","Defend_P+1","Defend_P+1","Eruption+1","Vigilance+1","Prostrate+1","Evaluate","SashWhip+1","DeceiveReality","Judgement","Consecrate+1","MentalFortress","Worship+1","MasterReality","Prostrate+1","Replay:LoomingThreat","DevaForm","AbeCurse","Regret","Parasite","Replay:AtTheReady+1","Parasite","Replay:AtTheReady+1","ReplayTheSpireMod:IOU","Normality"],"relics":["PureWater","NeowsBlessing","Replay:Wax Seal","Torii","ReplayTheSpireMod:TigerMarble","Singing Bowl","hubris:Icosahedron","Replay:WaspNest","hubris:ScarierMask","LagranYue:MagicReflectiveArmorRelic","Replay:Mystery Machine","Gremlin Horn","theJungle:ParSnip","Lantern","Abe\u0027s Treasure","Ring of Greed","MealTicket","Golden Egg","ReplayTheSpireMod:Ring of Addiction","Potion Belt","SacredBark","Lizard Tail","Happy Flower","Toolbox","Replay:Accelerometer","Bronze Scales"],"acts_visited":["Exordium","Exordium","TheBeyond"],"potions_floor_usage":[16,16,20,22,22,33,33,39,39,41,41,42,46,46,46,46],"damage_taken":[{"damage":0.0,"enemies":"Cultist","floor":1.0,"turns":1.0},{"damage":0.0,"enemies":"2 Louse","floor":4.0,"turns":2.0},{"damage":0.0,"enemies":"3 Sentries","floor":6.0,"turns":1.0},{"damage":23.0,"enemies":"Gremlin Nob","floor":12.0,"turns":6.0},{"damage":0.0,"enemies":"Small Slimes","floor":13.0,"turns":2.0},{"damage":0.0,"enemies":"2 Fungi Beasts","floor":14.0,"turns":4.0},{"damage":39,"enemies":"Slime Boss","floor":16,"turns":11},{"damage":8,"enemies":"theJungle:Flameango_and_Byrd","floor":18,"turns":4},{"damage":0,"enemies":"Shell Parasite","floor":20,"turns":1},{"damage":0,"enemies":"theJungle:2_Flameangoes","floor":22,"turns":1},{"damage":0,"enemies":"theJungle:MamaSnecko","floor":23,"turns":9},{"damage":0,"enemies":"theJungle:SlimyTreeVines","floor":25,"turns":9},{"damage":0,"enemies":"theJungle:JungleHuntersEncounter","floor":28,"turns":3},{"damage":0,"enemies":"theJungle:Cassacara","floor":29,"turns":7},{"damage":1,"enemies":"theJungle:Snecko_Cultist_And_Trap","floor":31,"turns":4},{"damage":0,"enemies":"theJungle:QueenSpyder","floor":33,"turns":9},{"damage":0,"enemies":"Orb Walker","floor":35,"turns":4},{"damage":1,"enemies":"3 Shapes","floor":39,"turns":5},{"damage":65,"enemies":"Nemesis","floor":41,"turns":9},{"damage":49,"enemies":"Writhing Mass","floor":42,"turns":9},{"damage":23,"enemies":"Reptomancer","floor":46,"turns":9},{"damage":23,"enemies":"Transient","floor":47,"turns":5}],"seed_played":"-3621134976377721408","potions_obtained":[{"floor":4.0,"key":"StancePotion"},{"floor":12.0,"key":"Languid Potion"},{"floor":13.0,"key":"SkillPotion"},{"floor":16,"key":"Strength Potion"},{"floor":20,"key":"SmokeBomb"},{"floor":22,"key":"Swift Potion"},{"floor":28,"key":"Toxic Potion"},{"floor":31,"key":"Explosive Potion"},{"floor":33,"key":"Dexterity Potion"},{"floor":35,"key":"Elixir"},{"floor":36,"key":"LifebloodPotion"},{"floor":36,"key":"StancePotion"},{"floor":39,"key":"Strength Potion"},{"floor":41,"key":"Dexterity Potion"}],"is_trial":false,"path_per_floor":["M","?","$","M","$","E","?","R","T","R","?","E","M","M","R","B",null,"M","?","M","$","M","E","?","M","T","?","M","E","?","M","R","B",null,"M","?","$","?","M","R","E","M","T","$","R","E","M"],"character_chosen":"WATCHER","items_purchased":["Replay:Wax Seal","Torii","LagranYue:MagicReflectiveArmorRelic","Replay:Mystery Machine","Toolbox","Replay:Accelerometer"],"campfire_rested":0,"item_purchase_floors":[3,5,21,21,44,44],"current_hp_per_floor":[72,65,65,65,65,65,65,65,65,65,65,44,48,50,50,11,76,68,68,68,68,70,70,70,76,76,76,76,76,66,67,67,67,80,82,82,82,82,81,81,18,14,14,29,29,8,0,0],"gold":9,"neow_bonus":"THREE_ENEMY_KILL","is_daily":false,"chose_seed":false,"campfire_upgraded":5,"win_rate":0.0,"timestamp":1611682560,"path_taken":["M","?","$","M","?","E","?","R","T","R","?","E","M","M","R","BOSS","M","?","M","$","M","E","?","?","T","?","M","E","?","M","R","BOSS","M","?","$","?","M","R","E","M","T","$","R","E","?"],"items_purchased_type":["Relic","Relic","Relic","Relic","Relic","Relic"],"build_version":"2020-12-22","purchased_purges":2,"victory":false,"max_hp_per_floor":[72,72,72,72,72,72,72,72,72,72,72,74,74,76,76,76,76,76,76,76,76,78,78,78,78,78,78,78,78,78,80,80,80,80,82,82,82,82,82,82,84,84,84,84,84,84,84,84],"card_choices":[{"not_picked":["Protect","CutThroughFate"],"picked":"Prostrate","floor":1.0},{"not_picked":["FollowUp","PathToVictory"],"picked":"Evaluate","floor":4.0},{"not_picked":["InnerPeace","ForeignInfluence"],"picked":"SashWhip","floor":6.0},{"not_picked":["Study","Replay:ManipulateFuture","EmptyMind"],"picked":"Singing Bowl","floor":12.0},{"not_picked":["SandsOfTime","FlurryOfBlows"],"picked":"DeceiveReality","floor":13.0},{"not_picked":["Replay:ManipulateFuture","ForeignInfluence","FlurryOfBlows"],"picked":"Singing Bowl","floor":14.0},{"not_picked":["Scrawl","Replay:AllIn"],"picked":"Judgement","floor":16},{"not_picked":["Replay:AtTheReady+1","Replay:ManipulateFuture"],"picked":"Consecrate+1","floor":18},{"not_picked":["CutThroughFate","Wireheading"],"picked":"MentalFortress","floor":20},{"not_picked":["FollowUp","FlurryOfBlows","Protect"],"picked":"Singing Bowl","floor":22},{"not_picked":["Prostrate","Replay:BluntJabs+1"],"picked":"Worship+1","floor":23},{"not_picked":["Replay:Anticipation","Conclude"],"picked":"MasterReality","floor":25},{"not_picked":["Tantrum","CutThroughFate"],"picked":"Prostrate","floor":28},{"not_picked":["MentalFortress","MasterReality"],"picked":"Replay:LoomingThreat","floor":29},{"not_picked":["Weave","ClearTheMind","Halt"],"picked":"Singing Bowl","floor":31},{"not_picked":["ConjureBlade","LessonLearned"],"picked":"DevaForm","floor":33},{"not_picked":["Vengeance+1","Replay:Hum","EmptyBody"],"picked":"Singing Bowl","floor":35},{"not_picked":["EmptyMind+1","PathToVictory"],"picked":"Replay:AtTheReady","floor":39},{"not_picked":["EmptyMind","Swivel","FearNoEvil+1"],"picked":"Singing Bowl","floor":41},{"not_picked":["Pray","ReachHeaven+1"],"picked":"Replay:AtTheReady+1","floor":42},{"not_picked":["FlyingSleeves","Vengeance","FearNoEvil"],"picked":"Singing Bowl","floor":46}],"player_experience":97523,"relics_obtained":[{"floor":6.0,"key":"ReplayTheSpireMod:TigerMarble"},{"floor":9.0,"key":"Singing Bowl"},{"floor":12.0,"key":"Replay:WaspNest"},{"floor":23,"key":"Gremlin Horn"},{"floor":29,"key":"Lantern"},{"floor":36,"key":"Ring of Greed"},{"floor":36,"key":"MealTicket"},{"floor":36,"key":"Golden Egg"},{"floor":36,"key":"ReplayTheSpireMod:Ring of Addiction"},{"floor":36,"key":"Potion Belt"},{"floor":36,"key":"SacredBark"},{"floor":41,"key":"Lizard Tail"},{"floor":43,"key":"Happy Flower"},{"floor":46,"key":"Bronze Scales"}],"event_choices":[{"damage_healed":0.0,"max_hp_gain":0.0,"max_hp_loss":0.0,"gold_gain":75.0,"event_name":"FaceTrader","player_choice":"Touch","floor":2.0,"gold_loss":0.0,"damage_taken":7.0},{"damage_healed":0.0,"max_hp_gain":0.0,"max_hp_loss":0.0,"gold_gain":175.0,"event_name":"Liars Game","player_choice":"AGREE","floor":7.0,"gold_loss":0.0,"damage_taken":0.0,"cards_obtained":["Doubt"]},{"cards_removed":["ReplayTheSpireMod:IOU","Doubt"],"damage_healed":0,"gold_gain":0,"player_choice":"Removed Curses","damage_taken":0,"max_hp_gain":0,"max_hp_loss":0,"event_name":"Fountain of Cleansing","floor":24,"gold_loss":0},{"damage_healed":0,"gold_gain":275,"player_choice":"Desecrate","damage_taken":0,"max_hp_gain":0,"max_hp_loss":0,"event_name":"Golden Shrine","floor":38,"gold_loss":0,"cards_obtained":["Regret"]}],"is_beta":false,"boss_relics":[{"not_picked":["HolyWater","Calling Bell"],"picked":"hubris:ScarierMask"},{"not_picked":["hubris:Stopwatch","bronze:MakeshiftBattery"],"picked":"Abe\u0027s Treasure"}],"items_purged_floors":[37,44],"is_endless":false,"potions_floor_spawned":[4,12,13,16,20,22,28,31,33,35,39,41],"killed_by":"Transient","ascension_level":1}}