{"host":"1ecbliur7lfoj0sl","time":1611632042,"event":{"mods":["Act Like it!","BaseMod","Gensokyo","Minty Spire (QoL Compilation)","StSLib","The Marked","Waifu the Spire"],"gold_per_floor":[15,15,15,15,15,49,49,12,38,38,38,0,16,49,49,148,148,158,108,108,120,45,45,72,72,72,85,335,0,0,28,28,128,128,147,87,87,87,87,113,129,129,129,129,129,129,129,129,129,129,129,129,29,62,62],"floor_reached":56,"language":"ZHS","playtime":3089,"items_purged":["theMarked:Strike","theMarked:Strike"],"score":1350,"play_id":"5a05e643-7e0f-4ca2-bb11-4dc10228a164","local_time":"20210126113402","is_ascension_mode":true,"campfire_choices":[{"data":"theMarked:SoldierOfQuellstein","floor":7.0,"key":"SMITH"},{"data":"theMarked:Indomitable","floor":11.0,"key":"SMITH"},{"floor":15.0,"key":"RECALL"},{"data":"theMarked:Defy","floor":23.0,"key":"SMITH"},{"data":"theMarked:ParalyzingBlade","floor":25.0,"key":"SMITH"},{"floor":32.0,"key":"REST"},{"data":"theMarked:Toughness","floor":42.0,"key":"SMITH"},{"data":"theMarked:ShockingTouch","floor":44.0,"key":"SMITH"},{"data":"theMarked:Convert","floor":46.0,"key":"SMITH"},{"data":"theMarked:ThrowWeapon","floor":49.0,"key":"SMITH"},{"data":"theMarked:OneWithTheBlade","floor":52.0,"key":"SMITH"}],"circlet_count":0,"master_deck":["theMarked:Defend+1","theMarked:Defend","theMarked:Defend+1","theMarked:Defend+1","theMarked:SoldierOfQuellstein+1","theMarked:MagusForm+1","theMarked:Indomitable+1","theMarked:Improvise+1","theMarked:Snap","theMarked:Defy+1","theMarked:ParalyzingBlade+1","theMarked:ComboAttacks+1","theMarked:OneWithTheBlade+1","theMarked:ShockingTouch+1","theMarked:Toughness+1","theMarked:Convert+1","Gensokyo:CustomPotion","Gensokyo:LifeSpringInfinity+1","theMarked:ThrowWeapon+1","theMarked:Overcharge"],"relics":["theMarked:BronzeBlade","Gensokyo:CelestialsFlawlessClothing","Mango","theMarked:KettuFlask","theMarked:VonisonLock","Oddly Smooth Stone","theMarked:NailFile","Gensokyo:ConquerorOfFear","Question Card","Kunai","Dream Catcher","Juzu Bracelet","SlaversCollar","Sundial","Gensokyo:EmptyGrave","HornCleat","Meat on the Bone","Bottled Tornado"],"acts_visited":["Exordium","Gensokyo:Gensokyo","Gensokyo:Gensokyoer","TheEnding"],"potions_floor_usage":[55],"damage_taken":[{"damage":2.0,"enemies":"Gensokyo:2_Kodama","floor":1.0,"turns":4.0},{"damage":8.0,"enemies":"Gensokyo:Mamizou","floor":6.0,"turns":8.0},{"damage":0.0,"enemies":"Gensokyo:3_Fairies","floor":13.0,"turns":4.0},{"damage":2.0,"enemies":"Gensokyo:Aya","floor":14.0,"turns":5.0},{"damage":14.0,"enemies":"Gensokyo:Reimu","floor":16.0,"turns":8.0},{"damage":8.0,"enemies":"Gensokyo:AngelMirror","floor":18.0,"turns":2.0},{"damage":18.0,"enemies":"Gensokyo:3_Dogs","floor":21.0,"turns":4.0},{"damage":30.0,"enemies":"Gensokyo:Tenshi","floor":24.0,"turns":4.0},{"damage":9.0,"enemies":"Gensokyo:Wraith","floor":27.0,"turns":4.0},{"damage":15.0,"enemies":"Gensokyo:Koishi","floor":31.0,"turns":4.0},{"damage":3.0,"enemies":"Gensokyo:Kaguya","floor":33.0,"turns":10.0},{"damage":6.0,"enemies":"Gensokyo:3_Boulders","floor":35.0,"turns":5.0},{"damage":12.0,"enemies":"Gensokyo:3_Boulders","floor":39.0,"turns":8.0},{"damage":19.0,"enemies":"Gensokyo:Doremy","floor":40.0,"turns":5.0},{"damage":1.0,"enemies":"Gensokyo:3_Bats","floor":41.0,"turns":4.0},{"damage":8.0,"enemies":"Gensokyo:Shinki","floor":50.0,"turns":8.0},{"damage":44.0,"enemies":"Shield and Spear","floor":54.0,"turns":5.0},{"damage":74,"enemies":"The Heart","floor":55,"turns":7}],"seed_played":"8330609105084373814","potions_obtained":[{"floor":1.0,"key":"Block Potion"},{"floor":16.0,"key":"SkillPotion"},{"floor":21.0,"key":"DistilledChaos"}],"is_trial":false,"path_per_floor":["M","?","?","?","?","E","R","COS","T","T","R","?","M","E","R","B",null,"M","?","?","M","$","R","E","R","T","M","?","?","?","E","R","B",null,"M","?","?","?","?","E","M","R","T","R","?","R","?","?","R","B",null,"R","$","E","B",null],"character_chosen":"THE_DEFAULT","items_purchased":[],"campfire_rested":1,"item_purchase_floors":[],"current_hp_per_floor":[68,51,51,44,52,44,44,44,44,44,44,63,63,61,61,47,92,84,91,91,73,73,73,43,43,43,34,34,34,34,19,45,42,87,81,81,64,64,64,45,80,80,80,80,80,80,80,80,80,72,81,81,81,49,56],"gold":62,"neow_bonus":"TRANSFORM_TWO_CARDS","is_daily":false,"chose_seed":false,"campfire_upgraded":9,"win_rate":0.0,"timestamp":1611632042,"path_taken":["M","?","?","?","?","E","R","COS","T","?","R","?","M","E","R","BOSS","M","?","?","?","$","R","E","R","T","M","?","?","?","E","R","BOSS","M","?","?","?","?","E","M","R","T","R","?","R","?","?","R","BOSS","R","$","E","BOSS"],"items_purchased_type":[],"build_version":"2020-12-22","purchased_purges":2,"victory":true,"max_hp_per_floor":[70,70,70,84,92,92,92,92,92,92,92,92,92,92,92,92,92,92,99,99,99,99,99,99,99,99,99,94,94,87,87,87,87,87,87,87,87,81,81,81,81,81,81,81,81,81,81,81,81,81,81,81,81,81,81],"card_choices":[{"not_picked":["theMarked:WastefulAttack","theMarked:Heritage","theMarked:AttractMetal"],"picked":"SKIP","floor":1.0},{"not_picked":["theMarked:ChainLightning","theMarked:HeightenedSenses"],"picked":"theMarked:Snap","floor":6.0},{"not_picked":["theMarked:Improvise","theMarked:CreepingChasm","theMarked:WastefulAttack"],"picked":"SKIP","floor":13.0},{"not_picked":["theMarked:ElectricStrings","theMarked:WastefulAttack","theMarked:RepellingDischarge"],"picked":"SKIP","floor":14.0},{"not_picked":["theMarked:Levitate","theMarked:BindingBlade"],"picked":"theMarked:Defy","floor":16.0},{"not_picked":["theMarked:RepellingDischarge","theMarked:HeightenedSenses+1"],"picked":"theMarked:ParalyzingBlade","floor":18.0},{"not_picked":["theMarked:Improvise","theMarked:EmpowerWeapon+1"],"picked":"theMarked:ComboAttacks+1","floor":21.0},{"not_picked":["theMarked:Snap","theMarked:Seal"],"picked":"theMarked:OneWithTheBlade","floor":24.0},{"not_picked":["theMarked:GodGivenPower","theMarked:HeightenedSenses","theMarked:WastefulAttack"],"picked":"theMarked:ShockingTouch","floor":27.0},{"not_picked":["theMarked:HeightenedSenses","theMarked:OneWithTheBlade","theMarked:Improvise"],"picked":"theMarked:TakeOffHeels","floor":31.0},{"not_picked":["theMarked:TakeOffHeels","theMarked:Defy","theMarked:FavorableWinds"],"picked":"theMarked:Toughness","floor":33.0},{"not_picked":["theMarked:Indomitable+1","theMarked:EmpowerWeapon+1","theMarked:HeightenedSenses"],"picked":"theMarked:Convert","floor":35.0},{"not_picked":["Gensokyo:RainbowDanmaku+1","Gensokyo:UnlikelyAid+1"],"picked":"Gensokyo:LifeSpringInfinity+1","floor":39.0},{"not_picked":["theMarked:RepellingDischarge","theMarked:ChainLightning+1","theMarked:Polarize","theMarked:Convert+1"],"picked":"SKIP","floor":40.0},{"not_picked":["theMarked:MysticalArsenal","theMarked:HeightenedSenses+1","theMarked:ChainLightning","theMarked:Heritage"],"picked":"SKIP","floor":41.0},{"not_picked":["theMarked:ParalyzingBlade","theMarked:ThrowWeapon","theMarked:Static+1"],"picked":"theMarked:Overcharge","floor":54.0}],"player_experience":7612,"relics_obtained":[{"floor":6.0,"key":"theMarked:KettuFlask"},{"floor":10.0,"key":"theMarked:VonisonLock"},{"floor":14.0,"key":"theMarked:NailFile"},{"floor":21.0,"key":"Gensokyo:ConquerorOfFear"},{"floor":24.0,"key":"Question Card"},{"floor":26.0,"key":"Kunai"},{"floor":31.0,"key":"Juzu Bracelet"},{"floor":40.0,"key":"HornCleat"},{"floor":43.0,"key":"Meat on the Bone"},{"floor":54.0,"key":"Bottled Tornado"}],"event_choices":[],"is_beta":false,"boss_relics":[{"not_picked":["Philosopher\u0027s Stone","Ectoplasm"],"picked":"theMarked:BronzeBlade"},{"not_picked":["Tiny House","Cursed Key"],"picked":"SlaversCollar"}],"items_purged_floors":[22,53],"is_endless":false,"potions_floor_spawned":[1,16,21,31,40],"ascension_level":1}}