{"host":"hlz9nytggqnehs39","time":1611633906,"event":{"mods":["BaseMod","Highlight Path","Minty Spire (QoL Compilation)","Relic Stats"],"gold_per_floor":[17,34,45,45,58,93,58,58,83,83,83,109,109,124,124,222,222,238,238,7,7,7,32,32,32,113,113,132,144,144,46,46,151,178,202,215,106,106,106,106,106,130,183,33,33,33],"floor_reached":45,"language":"ENG","playtime":2179,"items_purged":["Strike_B+1"],"score":682,"play_id":"74d7a844-a38d-4a75-9b0f-cb3337ce2754","local_time":"20210126050506","is_ascension_mode":true,"campfire_choices":[{"data":"Genetic Algorithm","floor":8,"key":"SMITH"},{"data":"Reinforced Body","floor":10,"key":"SMITH"},{"floor":13,"key":"REST"},{"floor":15,"key":"REST"},{"data":"Defragment","floor":24,"key":"SMITH"},{"data":"Coolheaded","floor":27,"key":"SMITH"},{"floor":32,"key":"REST"},{"data":"Capacitor","floor":40,"key":"SMITH"}],"circlet_count":0,"master_deck":["Defend_B+1","Defend_B+1","Defend_B+1","Defend_B+1","Zap","Dualcast","Conserve Battery","Genetic Algorithm+1","Leap","Reinforced Body+1","Compile Driver","Ball Lightning","Core Surge","Capacitor+1","Electrodynamics","Stack+1","Coolheaded+1","Defragment+1","Hologram","Barrage","Conserve Battery+1","Creative AI","Redo+1","Reprogram+1","Lockon+1","Cold Snap+1","Loop","Cold Snap+1"],"relics":["Cracked Core","Calipers","Toy Ornithopter","Smiling Mask","NlothsMask","Lantern","SlaversCollar","Orrery","Matryoshka","Question Card","Cables","CeramicFish","Astrolabe","Art of War","Bag of Preparation"],"acts_visited":["Exordium","TheCity","TheBeyond"],"potions_floor_usage":[12,23,33,33,42,42,42],"damage_taken":[{"damage":17.0,"enemies":"Small Slimes","floor":1.0,"turns":6.0},{"damage":1.0,"enemies":"Cultist","floor":2.0,"turns":4.0},{"damage":2.0,"enemies":"2 Louse","floor":3.0,"turns":4.0},{"damage":5.0,"enemies":"Looter","floor":5.0,"turns":5.0},{"damage":30,"enemies":"3 Sentries","floor":6,"turns":9},{"damage":33,"enemies":"Gremlin Nob","floor":12,"turns":5},{"damage":3,"enemies":"Blue Slaver","floor":14,"turns":4},{"damage":18,"enemies":"The Guardian","floor":16,"turns":14},{"damage":0,"enemies":"Chosen","floor":18,"turns":5},{"damage":34,"enemies":"Book of Stabbing","floor":23,"turns":9},{"damage":16,"enemies":"Shell Parasite","floor":28,"turns":7},{"damage":5,"enemies":"Centurion and Healer","floor":29,"turns":13},{"damage":0,"enemies":"Automaton","floor":33,"turns":13},{"damage":17,"enemies":"3 Shapes","floor":35,"turns":7},{"damage":0,"enemies":"Orb Walker","floor":36,"turns":5},{"damage":64,"enemies":"Transient","floor":42,"turns":5},{"damage":5,"enemies":"Writhing Mass","floor":45,"turns":4}],"seed_played":"-8198288669265171116","potions_obtained":[{"floor":6,"key":"DistilledChaos"},{"floor":14,"key":"SpeedPotion"},{"floor":16,"key":"Ancient Potion"},{"floor":23,"key":"SkillPotion"},{"floor":35,"key":"PotionOfCapacity"},{"floor":36,"key":"EssenceOfSteel"}],"is_trial":false,"path_per_floor":["M","M","M","$","M","E","?","R","T","R","?","E","R","M","R","B",null,"M","?","$","?","?","E","R","$","T","R","M","M","T","$","R","B",null,"M","M","$","?","?","R","?","M","T","$","M"],"character_chosen":"DEFECT","items_purchased":["Capacitor","Orrery","PowerPotion","Loop","SpeedPotion","Bag of Preparation"],"campfire_rested":3,"item_purchase_floors":[20,20,31,37,37,44],"current_hp_per_floor":[51,50,48,48,43,13,31,31,31,31,31,3,25,22,44,26,63,63,63,63,63,63,34,34,34,34,34,18,13,13,13,35,45,68,51,51,51,51,51,51,51,2,2,2,0,0],"gold":33,"neow_bonus":"ONE_RARE_RELIC","is_daily":false,"chose_seed":false,"campfire_upgraded":5,"win_rate":0.0,"timestamp":1611633906,"path_taken":["M","M","M","$","M","E","?","R","T","R","?","E","R","?","R","BOSS","M","?","$","?","?","E","R","?","T","R","M","M","?","$","R","BOSS","M","M","$","?","?","R","?","M","T","?","?"],"items_purchased_type":["Card","Relic","Potion","Card","Potion","Relic"],"build_version":"2020-12-22","purchased_purges":1,"victory":false,"max_hp_per_floor":[75,75,75,75,75,75,75,75,75,75,75,75,75,75,75,75,75,75,75,75,75,75,75,75,75,75,75,75,75,75,75,75,75,75,75,75,75,75,75,75,71,71,71,71,71,71],"relic_stats":{"counters":[17,119],"CeramicFish":63,"Astrolabe":["Redo","Reprogram","Lockon"],"Art of War":[2],"Bag of Preparation":[2],"Smiling Mask":25,"Question Card":7,"obtain_stats":[{"Lantern":12,"Calipers":0,"CeramicFish":30,"Astrolabe":34,"Bag of Preparation":44,"Smiling Mask":9,"Question Card":26,"Cables":30,"SlaversCollar":17,"Matryoshka":23,"Orrery":20,"Art of War":43,"Cracked Core":0,"Toy Ornithopter":6,"NlothsMask":11},{"Lantern":6,"Calipers":0,"CeramicFish":12,"Astrolabe":13,"Bag of Preparation":16,"Smiling Mask":5,"Question Card":10,"Cables":12,"SlaversCollar":8,"Matryoshka":10,"Orrery":9,"Art of War":16,"Cracked Core":0,"Toy Ornithopter":5,"NlothsMask":5},{"Lantern":33,"Calipers":0,"CeramicFish":85,"Astrolabe":98,"Bag of Preparation":115,"Smiling Mask":28,"Question Card":65,"Cables":85,"SlaversCollar":51,"Matryoshka":65,"Orrery":56,"Art of War":115,"Cracked Core":0,"Toy Ornithopter":28,"NlothsMask":28}],"Toy Ornithopter":35,"Cables":[34,23,11,0,0]},"card_choices":[{"not_picked":["Gash","Darkness"],"picked":"Conserve Battery","floor":1.0},{"not_picked":["Blizzard","Redo"],"picked":"Genetic Algorithm","floor":2.0},{"not_picked":["Fission","Barrage"],"picked":"Leap","floor":3.0},{"not_picked":["Beam Cell","Hello World"],"picked":"Reinforced Body","floor":5},{"not_picked":["Sweeping Beam","Steam"],"picked":"Compile Driver","floor":6},{"not_picked":["Tempest","Double Energy","Skim"],"picked":"SKIP","floor":12},{"not_picked":["Gash","Genetic Algorithm"],"picked":"Ball Lightning","floor":14},{"not_picked":["Amplify","Thunder Strike"],"picked":"Core Surge","floor":16},{"not_picked":["Stack","Conserve Battery","Rebound"],"picked":"SKIP","floor":18},{"not_picked":["Streamline+1","Cold Snap"],"picked":"Electrodynamics","floor":20},{"not_picked":["Multi-Cast","BootSequence"],"picked":"Stack+1","floor":20},{"not_picked":["Beam Cell","Turbo"],"picked":"Coolheaded","floor":20},{"not_picked":["Conserve Battery","Streamline+1"],"picked":"Hologram","floor":23},{"not_picked":["Tempest","Conserve Battery","Rebound"],"picked":"Barrage","floor":28},{"not_picked":["Doom and Gloom","Sweeping Beam","Force Field"],"picked":"Conserve Battery+1","floor":29},{"not_picked":["Multi-Cast","Electrodynamics","Buffer"],"picked":"Creative AI","floor":33},{"not_picked":["Conserve Battery+1","Turbo+1","Leap+1"],"picked":"Cold Snap+1","floor":35},{"not_picked":["Doom and Gloom","Streamline+1","Sweeping Beam","Rebound"],"picked":"SKIP","floor":36},{"not_picked":["Skim+1","Force Field","Streamline"],"picked":"Cold Snap+1","floor":42}],"player_experience":389653,"relics_obtained":[{"floor":6,"key":"Toy Ornithopter"},{"floor":9,"key":"Smiling Mask"},{"floor":12,"key":"Lantern"},{"floor":23,"key":"Matryoshka"},{"floor":26,"key":"Question Card"},{"floor":30,"key":"Cables"},{"floor":30,"key":"CeramicFish"},{"floor":43,"key":"Art of War"}],"event_choices":[{"damage_healed":18,"gold_gain":0,"player_choice":"Healed","damage_taken":0,"max_hp_gain":0,"max_hp_loss":0,"event_name":"The Cleric","floor":7,"gold_loss":35},{"damage_healed":0,"gold_gain":0,"player_choice":"Trade","damage_taken":0,"relics_obtained":["NlothsMask"],"max_hp_gain":0,"max_hp_loss":0,"event_name":"FaceTrader","floor":11,"gold_loss":0},{"damage_healed":0,"gold_gain":0,"player_choice":"Ignored","damage_taken":0,"max_hp_gain":0,"max_hp_loss":0,"event_name":"Vampires","floor":19,"gold_loss":0},{"damage_healed":0,"gold_gain":0,"player_choice":"Read","damage_taken":0,"max_hp_gain":0,"max_hp_loss":0,"event_name":"The Library","floor":21,"gold_loss":0,"cards_obtained":["Defragment"]},{"damage_healed":0,"gold_gain":0,"player_choice":"Simplicity","damage_taken":0,"max_hp_gain":0,"max_hp_loss":0,"event_name":"Back to Basics","floor":22,"gold_loss":0,"cards_upgraded":["Strike_B","Strike_B","Strike_B","Strike_B","Defend_B","Defend_B","Defend_B","Defend_B"]},{"damage_healed":0,"gold_gain":0,"player_choice":"Memory 1","damage_taken":0,"max_hp_gain":0,"max_hp_loss":0,"event_name":"SensoryStone","floor":38,"gold_loss":0},{"damage_healed":0,"gold_gain":0,"player_choice":"Ignored","damage_taken":0,"max_hp_gain":0,"max_hp_loss":0,"event_name":"Mysterious Sphere","floor":39,"gold_loss":0},{"damage_healed":0,"gold_gain":0,"player_choice":"Max HP","damage_taken":0,"max_hp_gain":0,"max_hp_loss":4,"event_name":"Winding Halls","floor":41,"gold_loss":0}],"is_beta":false,"boss_relics":[{"not_picked":["Empty Cage","Fusion Hammer"],"picked":"SlaversCollar"},{"not_picked":["Philosopher\u0027s Stone","Snecko Eye"],"picked":"Astrolabe"}],"items_purged_floors":[31],"is_endless":false,"potions_floor_spawned":[6,14,16,23,35,36],"killed_by":"Writhing Mass","ascension_level":8}}