{"host":"lktusdb9orijgc6z","time":1611689738,"event":{"mods":["BaseMod","Bestiary","Colored Map","Colored Powertips","Filter the Spire","Minty Spire (QoL Compilation)","Permanent Neow","Quick Restart","Relic Stats","StSLib","everything is the same but u backflip on backflip","slay the spire mod where everything is the same but ironclad has a cowboy hat"],"gold_per_floor":[12,28,28,28,45,45,57,57,57,57,57,132,164,70,70,144,144,161,161,211,211,228,228,228],"floor_reached":23,"language":"ENG","playtime":778,"items_purged":[],"score":365,"play_id":"1e85fbef-a5bd-4b1c-a47c-2ccb0a7f87eb","local_time":"20210126203538","is_ascension_mode":true,"campfire_choices":[{"data":"Catalyst","floor":6.0,"key":"SMITH"},{"data":"Footwork","floor":8.0,"key":"SMITH"},{"floor":11.0,"key":"REST"},{"floor":15.0,"key":"REST"}],"circlet_count":0,"master_deck":["AscendersBane","Strike_G","Strike_G","Strike_G","Strike_G+1","Strike_G","Defend_G","Defend_G","Defend_G+1","Defend_G","Defend_G","Survivor","Neutralize","Corpse Explosion","Catalyst+1","Noxious Fumes+1","Footwork+1","Sucker Punch","Dagger Spray","Blur","Envenom","Dagger Spray","Decay","Leg Sweep"],"relics":["Ring of the Snake","StoneCalendar","Ginger","Dream Catcher","StrikeDummy","Runic Pyramid"],"acts_visited":["Exordium","TheCity"],"potions_floor_usage":[23,23],"damage_taken":[{"damage":6.0,"enemies":"Cultist","floor":1.0,"turns":5.0},{"damage":4.0,"enemies":"Small Slimes","floor":2.0,"turns":4.0},{"damage":0.0,"enemies":"2 Louse","floor":5.0,"turns":2.0},{"damage":10.0,"enemies":"Exordium Thugs","floor":7.0,"turns":5.0},{"damage":4.0,"enemies":"Lagavulin","floor":13.0,"turns":5.0},{"damage":15.0,"enemies":"Hexaghost","floor":16.0,"turns":9.0},{"damage":18.0,"enemies":"3 Byrds","floor":18.0,"turns":4.0},{"damage":33.0,"enemies":"Shell Parasite","floor":22.0,"turns":6.0},{"damage":8,"enemies":"Gremlin Leader","floor":23,"turns":4}],"seed_played":"7665704571799700259","potions_obtained":[{"floor":2.0,"key":"Fire Potion"},{"floor":16.0,"key":"BlessingOfTheForge"},{"floor":18.0,"key":"Fire Potion"}],"is_trial":false,"path_per_floor":["M","M","T","?","M","R","M","R","T","?","R","?","E","?","R","B",null,"M","?","?","?","M","E"],"character_chosen":"THE_SILENT","items_purchased":[],"campfire_rested":2,"item_purchase_floors":[],"current_hp_per_floor":[53,49,49,49,49,49,39,39,39,19,38,27,23,23,42,27,56,38,38,38,38,5,0,0],"gold":228,"neow_bonus":"THREE_RARE_CARDS","is_daily":false,"chose_seed":false,"campfire_upgraded":2,"win_rate":0.0,"timestamp":1611689738,"path_taken":["M","M","?","?","M","R","M","R","T","?","R","?","E","?","R","BOSS","M","?","?","?","M","E"],"items_purchased_type":[],"build_version":"2020-12-22","purchased_purges":0,"victory":false,"max_hp_per_floor":[66,66,66,66,66,66,66,66,66,66,66,66,66,66,66,66,66,66,66,66,66,66,66,66],"relic_stats":{"Dream Catcher":1,"counters":[9,44],"StoneCalendar":[43],"Ginger":[0],"obtain_stats":[{"Dream Catcher":13,"StoneCalendar":3,"Ginger":9,"StrikeDummy":14,"Ring of the Snake":0,"Runic Pyramid":17},{"Dream Catcher":5,"StoneCalendar":2,"Ginger":4,"StrikeDummy":5,"Ring of the Snake":0,"Runic Pyramid":6},{"Dream Catcher":21,"StoneCalendar":9,"Ginger":16,"StrikeDummy":21,"Ring of the Snake":0,"Runic Pyramid":30}],"Ring of the Snake":[18]},"card_choices":[{"not_picked":["Die Die Die","Envenom"],"picked":"Corpse Explosion","floor":0.0},{"not_picked":["Cloak And Dagger","Dagger Throw"],"picked":"Catalyst","floor":1.0},{"not_picked":["Masterful Stab","Underhanded Strike"],"picked":"Noxious Fumes","floor":2.0},{"not_picked":["Finisher","Acrobatics"],"picked":"Footwork","floor":5.0},{"not_picked":["Outmaneuver","Infinite Blades"],"picked":"Sucker Punch","floor":7.0},{"not_picked":["Tactician","Slice"],"picked":"Dagger Spray","floor":13.0},{"not_picked":["Heel Hook","Quick Slash"],"picked":"Blur","floor":15.0},{"not_picked":["Glass Knife","Corpse Explosion"],"picked":"Envenom","floor":16.0},{"not_picked":["Concentrate","Dagger Spray","Prepared"],"picked":"SKIP","floor":18.0},{"not_picked":["Concentrate","Prepared"],"picked":"Dagger Spray","floor":18.0},{"not_picked":["Bouncing Flask","Underhanded Strike"],"picked":"Leg Sweep","floor":22.0}],"player_experience":691146,"relics_obtained":[{"floor":3.0,"key":"StoneCalendar"},{"floor":9.0,"key":"Ginger"},{"floor":13.0,"key":"Dream Catcher"}],"event_choices":[{"damage_healed":0.0,"max_hp_gain":0.0,"max_hp_loss":0.0,"gold_gain":0.0,"event_name":"Living Wall","player_choice":"Grow","floor":4.0,"gold_loss":0.0,"damage_taken":0.0,"cards_upgraded":["Noxious Fumes"]},{"damage_healed":0.0,"max_hp_gain":0.0,"max_hp_loss":0.0,"gold_gain":0.0,"event_name":"Shining Light","player_choice":"Entered Light","floor":10.0,"gold_loss":0.0,"damage_taken":20.0,"cards_upgraded":["Defend_G","Strike_G"]},{"damage_healed":0.0,"max_hp_gain":0.0,"max_hp_loss":0.0,"gold_gain":75.0,"event_name":"World of Goop","player_choice":"Gather Gold","floor":12.0,"gold_loss":0.0,"damage_taken":11.0},{"damage_healed":0.0,"max_hp_gain":0.0,"max_hp_loss":0.0,"gold_gain":0.0,"event_name":"WeMeetAgain","player_choice":"Paid Gold","floor":14.0,"gold_loss":94.0,"damage_taken":0.0,"relics_obtained":["StrikeDummy"]},{"damage_healed":0.0,"max_hp_gain":0.0,"max_hp_loss":0.0,"gold_gain":0.0,"event_name":"Beggar","player_choice":"Ignored","floor":19.0,"gold_loss":0.0,"damage_taken":0.0},{"damage_healed":0.0,"max_hp_gain":0.0,"max_hp_loss":0.0,"gold_gain":50.0,"event_name":"Nest","player_choice":"Stole From Cult","floor":20.0,"gold_loss":0.0,"damage_taken":0.0},{"damage_healed":0.0,"max_hp_gain":0.0,"max_hp_loss":0.0,"gold_gain":0.0,"event_name":"Forgotten Altar","player_choice":"Smashed Altar","floor":21.0,"gold_loss":0.0,"damage_taken":0.0,"cards_obtained":["Decay"]}],"is_beta":false,"boss_relics":[{"not_picked":["Velvet Choker","Ring of the Serpent"],"picked":"Runic Pyramid"}],"items_purged_floors":[],"is_endless":false,"potions_floor_spawned":[2,16,18],"killed_by":"Gremlin Leader","ascension_level":19}}