{"host":"mmqs5ul2bvb60kyc","time":1611658035,"event":{"mods":["AchievementEnabler","BaseMod","Colored Map","Colored Powertips","Minty Spire (QoL Compilation)","Quick Restart","StSLib"],"gold_per_floor":[111,186,186,5,24,54,71,71,94,94,94,94,113,124,124,200,200,219,234,120,131,149,149,149,149],"floor_reached":24,"language":"ZHS","playtime":7031,"items_purged":["Strike_B"],"score":368,"play_id":"774ae2e4-0516-4f63-bfc4-edc17d9e7754","local_time":"20210126184715","is_ascension_mode":true,"campfire_choices":[{"data":"Recycle","floor":8.0,"key":"SMITH"},{"data":"Hologram","floor":10.0,"key":"SMITH"},{"data":"Turbo","floor":12.0,"key":"SMITH"},{"data":"Hologram","floor":15.0,"key":"SMITH"},{"floor":23.0,"key":"REST"}],"circlet_count":0,"master_deck":["AscendersBane","Strike_B","Strike_B","Defend_B","Defend_B","Defend_B","Defend_B","Zap","Dualcast","Hologram+1","Recycle+1","Cold Snap","Rip and Tear","Turbo+1","Meteor Strike","Genetic Algorithm","Hologram+1","Electrodynamics","Hello World","Cold Snap","Self Repair","Ball Lightning"],"relics":["Cracked Core","NeowsBlessing","Bag of Preparation","Toy Ornithopter","Bronze Scales","Calling Bell","Boot","Question Card","Shovel"],"acts_visited":["Exordium","TheCity"],"potions_floor_usage":[],"damage_taken":[{"damage":0.0,"enemies":"Jaw Worm","floor":1.0,"turns":1.0},{"damage":0.0,"enemies":"Cultist","floor":5.0,"turns":1.0},{"damage":0.0,"enemies":"Gremlin Nob","floor":6.0,"turns":1.0},{"damage":2.0,"enemies":"2 Louse","floor":7.0,"turns":2.0},{"damage":1.0,"enemies":"Lots of Slimes","floor":13.0,"turns":2.0},{"damage":8.0,"enemies":"2 Fungi Beasts","floor":14.0,"turns":3.0},{"damage":37.0,"enemies":"The Guardian","floor":16.0,"turns":13.0},{"damage":17.0,"enemies":"2 Thieves","floor":18.0,"turns":3.0},{"damage":18.0,"enemies":"Shell Parasite","floor":19.0,"turns":6.0},{"damage":21.0,"enemies":"Centurion and Healer","floor":21.0,"turns":5.0},{"damage":41.0,"enemies":"Snake Plant","floor":22.0,"turns":4.0},{"damage":37,"enemies":"Book of Stabbing","floor":24,"turns":4}],"seed_played":"811462538239115466","potions_obtained":[{"floor":1.0,"key":"SteroidPotion"},{"floor":6.0,"key":"Dexterity Potion"},{"floor":18.0,"key":"Weak Potion"},{"floor":19.0,"key":"FairyPotion"}],"is_trial":false,"path_per_floor":["M","?","?","$","M","E","M","R","T","R","?","R","M","M","R","B",null,"M","M","$","M","M","R","E"],"character_chosen":"DEFECT","items_purchased":["Bag of Preparation","Recycle","Self Repair"],"campfire_rested":1,"item_purchase_floors":[4,4,20],"current_hp_per_floor":[68,57,50,50,50,50,48,48,48,48,48,48,52,44,44,12,59,42,29,29,15,10,32,0,0],"gold":149,"neow_bonus":"THREE_ENEMY_KILL","is_daily":false,"chose_seed":false,"campfire_upgraded":4,"win_rate":0.0,"timestamp":1611658035,"path_taken":["M","?","?","$","M","E","M","R","T","R","?","R","M","M","R","BOSS","M","?","$","M","?","R","E"],"items_purchased_type":["Relic","Card","Card"],"build_version":"2020-12-22","purchased_purges":1,"victory":false,"max_hp_per_floor":[75,75,75,75,75,75,75,75,75,75,75,75,75,75,75,75,75,75,75,75,75,75,75,75,75],"card_choices":[{"not_picked":["Doom and Gloom","Redo"],"picked":"Hologram","floor":1.0},{"not_picked":["Stack","Redo"],"picked":"Cold Snap","floor":5.0},{"not_picked":["Blizzard","Redo"],"picked":"Rip and Tear","floor":6.0},{"not_picked":["Gash","Heatsinks"],"picked":"Turbo","floor":7.0},{"not_picked":["Conserve Battery","Rebound"],"picked":"Genetic Algorithm","floor":13.0},{"not_picked":["Recycle","Darkness"],"picked":"Hologram","floor":14.0},{"not_picked":["Meteor Strike","Fission"],"picked":"Electrodynamics","floor":16.0},{"not_picked":["Rip and Tear","Doom and Gloom","Melter"],"picked":"Hello World","floor":18.0},{"not_picked":["Streamline","Rebound","Gash+1"],"picked":"Cold Snap","floor":19.0},{"not_picked":["Rebound","Redo","Chaos"],"picked":"Ball Lightning","floor":21.0},{"not_picked":["Steam","Hologram","Streamline","Go for the Eyes"],"picked":"SKIP","floor":22.0}],"player_experience":300475,"relics_obtained":[{"floor":6.0,"key":"Toy Ornithopter"},{"floor":9.0,"key":"Bronze Scales"},{"floor":17.0,"key":"Boot"},{"floor":17.0,"key":"Question Card"},{"floor":17.0,"key":"Shovel"}],"event_choices":[{"damage_healed":0.0,"max_hp_gain":0.0,"max_hp_loss":0.0,"gold_gain":75.0,"event_name":"World of Goop","player_choice":"Gather Gold","floor":2.0,"gold_loss":0.0,"damage_taken":11.0},{"cards_removed":["Strike_B"],"damage_healed":0.0,"max_hp_gain":0.0,"max_hp_loss":0.0,"gold_gain":0.0,"event_name":"Golden Wing","player_choice":"Card Removal","floor":3.0,"gold_loss":0.0,"damage_taken":7.0},{"damage_healed":0.0,"max_hp_gain":0.0,"max_hp_loss":0.0,"gold_gain":0.0,"event_name":"Match and Keep!","player_choice":"1 cards matched","floor":11.0,"gold_loss":0.0,"damage_taken":0.0,"cards_obtained":["Meteor Strike"]}],"is_beta":false,"boss_relics":[{"not_picked":["Cursed Key","Sozu"],"picked":"Calling Bell"}],"items_purged_floors":[20],"is_endless":false,"potions_floor_spawned":[1,6,18,19],"killed_by":"Book of Stabbing","ascension_level":13}}