{"host":"bq4pt811tk9yrmjl","time":1611675638,"event":{"mods":["AchievementEnabler","BaseMod","Colored Map","Colored Powertips","Defuse TimeMaze Blight","Hermit","Minty Spire (QoL Compilation)","StSLib","SuperFastMode"],"gold_per_floor":[115,115,65,15,35,63,63,77,132,147,247,258,272,284,284,388,388,404,2,101,101,101,101,119,119,119,134,164,17,27,45,45,45,45],"floor_reached":33,"language":"ENG","playtime":425,"items_purged":[],"score":309,"play_id":"bbcd26d2-77b3-441b-9ee8-5d93ce8f792b","local_time":"20210126134038","is_ascension_mode":true,"campfire_choices":[{"data":"Clash","floor":7.0,"key":"SMITH"},{"data":"Inflame","floor":15,"key":"SMITH"},{"data":"Heavy Blade","floor":23,"key":"SMITH"},{"floor":32,"key":"REST"}],"circlet_count":0,"master_deck":["Strike_R","Strike_R","Strike_R","Strike_R","Strike_R","Defend_R","Defend_R","Defend_R","Defend_R","Bash","Heavy Blade+1","Clash+1","Inflame+1","Whirlwind","Anger","Spot Weakness+1","True Grit+1"],"relics":["Burning Blood","NeowsBlessing","Pen Nib","Ginger","SlaversCollar","Medical Kit","Eternal Feather","Kunai","FossilizedHelix","ClockworkSouvenir"],"acts_visited":["Exordium","TheCity"],"potions_floor_usage":[13,13,18,28,28],"damage_taken":[{"damage":0.0,"enemies":"2 Louse","floor":1.0,"turns":1.0},{"damage":0.0,"enemies":"Small Slimes","floor":5.0,"turns":1.0},{"damage":0.0,"enemies":"Lagavulin","floor":6.0,"turns":1.0},{"damage":0.0,"enemies":"Cultist","floor":8.0,"turns":2.0},{"damage":4.0,"enemies":"Blue Slaver","floor":10.0,"turns":3.0},{"damage":6.0,"enemies":"3 Louse","floor":12.0,"turns":3.0},{"damage":0,"enemies":"2 Fungi Beasts","floor":13,"turns":1},{"damage":8,"enemies":"Red Slaver","floor":14,"turns":2},{"damage":16,"enemies":"Slime Boss","floor":16,"turns":8},{"damage":0,"enemies":"Chosen","floor":18,"turns":3},{"damage":31,"enemies":"2 Thieves","floor":24,"turns":4},{"damage":7,"enemies":"3 Cultists","floor":27,"turns":4},{"damage":23,"enemies":"Slavers","floor":28,"turns":3},{"damage":16,"enemies":"Snecko","floor":30,"turns":6},{"damage":9,"enemies":"Chosen and Byrds","floor":31,"turns":5},{"damage":60,"enemies":"Champ","floor":33,"turns":6}],"seed_played":"224559008822137279","potions_obtained":[{"floor":5.0,"key":"Fire Potion"},{"floor":6.0,"key":"Fire Potion"},{"floor":12.0,"key":"FearPotion"},{"floor":13,"key":"LiquidMemories"},{"floor":24,"key":"Strength Potion"},{"floor":27,"key":"AttackPotion"}],"is_trial":false,"path_per_floor":["M","?","?","$","M","E","R","M","T","M","?","M","M","M","R","B",null,"M","$","?","?","?","R","M","$","T","M","E","$","M","M","R","B"],"character_chosen":"IRONCLAD","items_purchased":["Heavy Blade","Medical Kit","Eternal Feather","ClockworkSouvenir"],"campfire_rested":1,"item_purchase_floors":[4,19,19,29],"current_hp_per_floor":[80,80,80,80,80,80,80,80,80,80,80,80,80,78,78,68,80,80,80,80,65,65,74,49,49,49,48,31,31,21,18,52,0,0],"gold":45,"neow_bonus":"THREE_ENEMY_KILL","is_daily":false,"chose_seed":false,"campfire_upgraded":3,"win_rate":0.0,"timestamp":1611675638,"path_taken":["M","?","?","$","M","E","R","M","T","M","?","?","M","M","R","BOSS","M","$","?","?","?","R","M","$","T","?","E","$","?","M","R","BOSS"],"items_purchased_type":["Card","Relic","Relic","Relic"],"build_version":"2020-12-22","purchased_purges":0,"victory":false,"max_hp_per_floor":[80,80,80,80,80,80,80,80,80,80,80,80,80,80,80,80,80,80,80,80,85,85,85,85,85,85,85,85,85,85,85,85,85,85],"card_choices":[{"not_picked":["True Grit","Bloodletting","Headbutt"],"picked":"SKIP","floor":1.0},{"not_picked":["Intimidate","Body Slam"],"picked":"Clash","floor":5.0},{"not_picked":["Offering","Cleave","Clash"],"picked":"SKIP","floor":6.0},{"not_picked":["Perfected Strike","Pommel Strike"],"picked":"Inflame","floor":8.0},{"not_picked":["Uppercut","Sever Soul"],"picked":"Whirlwind","floor":10.0},{"not_picked":["Warcry","Heavy Blade","Ghostly Armor"],"picked":"SKIP","floor":12.0},{"not_picked":["Disarm","Pommel Strike"],"picked":"Anger","floor":13},{"not_picked":["Whirlwind","Heavy Blade","Juggernaut"],"picked":"SKIP","floor":14},{"not_picked":["Dark Embrace","Evolve"],"picked":"Spot Weakness","floor":18},{"not_picked":["Body Slam","Warcry"],"picked":"True Grit+1","floor":24},{"not_picked":["Dual Wield+1","Wild Strike+1","Pommel Strike+1"],"picked":"SKIP","floor":27},{"not_picked":["Body Slam","Iron Wave","True Grit"],"picked":"SKIP","floor":28},{"not_picked":["Bloodletting","Armaments","Sword Boomerang+1"],"picked":"SKIP","floor":30},{"not_picked":["Clash","Fire Breathing","Exhume"],"picked":"SKIP","floor":31}],"player_experience":258183,"relics_obtained":[{"floor":6.0,"key":"Ginger"},{"floor":26,"key":"Kunai"},{"floor":28,"key":"FossilizedHelix"}],"event_choices":[{"damage_healed":0.0,"max_hp_gain":0.0,"max_hp_loss":0.0,"gold_gain":0.0,"event_name":"Big Fish","player_choice":"Box","floor":2.0,"gold_loss":0.0,"damage_taken":0.0,"relics_obtained":["Pen Nib"],"cards_obtained":["Regret"]},{"cards_removed":["Regret"],"damage_healed":0.0,"max_hp_gain":0.0,"max_hp_loss":0.0,"gold_gain":0.0,"event_name":"The Cleric","player_choice":"Card Removal","floor":3.0,"gold_loss":50.0,"damage_taken":0.0},{"damage_healed":0.0,"max_hp_gain":0.0,"max_hp_loss":0.0,"gold_gain":100.0,"event_name":"Golden Shrine","player_choice":"Pray","floor":11.0,"gold_loss":0.0,"damage_taken":0.0},{"damage_healed":0,"gold_gain":99,"player_choice":"Stole From Cult","damage_taken":0,"max_hp_gain":0,"max_hp_loss":0,"event_name":"Nest","floor":20,"gold_loss":0},{"damage_healed":0,"gold_gain":0,"player_choice":"Shed Blood","damage_taken":20,"max_hp_gain":5,"max_hp_loss":0,"event_name":"Forgotten Altar","floor":21,"gold_loss":0},{"damage_healed":0,"gold_gain":0,"player_choice":"Forge","damage_taken":0,"max_hp_gain":0,"max_hp_loss":0,"event_name":"Accursed Blacksmith","floor":22,"gold_loss":0,"cards_upgraded":["Spot Weakness"]}],"is_beta":false,"boss_relics":[{"not_picked":["SacredBark","Runic Cube"],"picked":"SlaversCollar"}],"items_purged_floors":[],"is_endless":false,"potions_floor_spawned":[5,6,12,13,24,27],"killed_by":"Champ","ascension_level":1}}