{"host":"zqowyf7xxb4s9ib0","time":1611637934,"event":{"mods":["BaseMod","Better Note","Colored Map","Colored Powertips","Downfall","Highlight Path","Minty Spire (QoL Compilation)","Permanent Neow","Quick Restart","StSLib"],"gold_per_floor":[99,119,294,294,305,305,305,318,331,231,245,255,155,65,77,77,77,77],"floor_reached":16,"language":"ENG","playtime":660,"items_purged":["Doubt"],"score":119,"play_id":"ed6a54e1-d5b3-4034-82a8-00a1e190a754","local_time":"20210125211214","is_ascension_mode":false,"campfire_choices":[{"data":"bronze:InfiniteLoop","floor":1,"key":"SMITH"},{"data":"bronze:OilSpill","floor":6,"key":"SMITH"},{"floor":10,"key":"RECALL"},{"data":"bronze:Branch","floor":13,"key":"SMITH"}],"circlet_count":0,"master_deck":["bronze:Strike","bronze:Strike","bronze:Strike","bronze:Strike","bronze:Defend","bronze:Defend","bronze:Defend","bronze:Defend","bronze:Replicate","bronze:Goto","bronze:InfiniteLoop+1","bronze:OilSpill+1","bronze:Constructor","bronze:WhirlingStrike","bronze:Branch+1","bronze:Separator","bronze:Assembly"],"relics":["bronze:BronzeCore","downfall:HeartBlessingBlue","downfall:HeartBlessingRed"],"acts_visited":["Exordium"],"potions_floor_usage":[16],"damage_taken":[{"damage":3,"enemies":"Jaw Worm","floor":2,"turns":3},{"damage":8,"enemies":"2 Louse","floor":5,"turns":3},{"damage":0,"enemies":"Small Slimes","floor":8,"turns":3},{"damage":10,"enemies":"3 Louse","floor":9,"turns":4},{"damage":2,"enemies":"Blue Slaver","floor":11,"turns":3},{"damage":6,"enemies":"Exordium Thugs","floor":12,"turns":3},{"damage":0,"enemies":"downfall:FleeingMerchant","floor":14,"turns":4},{"damage":0,"enemies":"Large Slime","floor":15,"turns":4},{"damage":67,"enemies":"WA_ARCHETYPE_RETAIN","floor":16,"turns":7}],"seed_played":"-8342703400235322131","potions_obtained":[{"floor":8,"key":"Regen Potion"},{"floor":9,"key":"LiquidBronze"},{"floor":11,"key":"Swift Potion"}],"is_trial":false,"path_per_floor":["R","M","?","?","M","R","T","M","M","R","M","M","R","$","M","B"],"character_chosen":"THE_AUTOMATON","items_purchased":[],"campfire_rested":0,"item_purchase_floors":[],"current_hp_per_floor":[70,67,67,72,64,64,64,64,54,64,62,56,56,56,56,0,0,0],"gold":77,"neow_bonus":"ONE_RANDOM_RARE_CARD","is_daily":false,"chose_seed":false,"campfire_upgraded":3,"win_rate":0.0,"timestamp":1611637934,"path_taken":["R","M","?","?","M","R","T","M","M","R","M","M","R","$","M","BOSS"],"items_purchased_type":[],"build_version":"2020-12-22","purchased_purges":1,"victory":false,"max_hp_per_floor":[70,70,70,75,75,75,75,75,75,85,85,85,85,85,85,85,85,85],"card_choices":[{"not_picked":["bronze:BuggyMess","bronze:Turbo"],"picked":"bronze:OilSpill","floor":2},{"not_picked":["bronze:Invalidate","bronze:Turbo"],"picked":"bronze:Constructor","floor":5},{"not_picked":["bronze:BuggyMess","bronze:Deprecate"],"picked":"bronze:WhirlingStrike","floor":8},{"not_picked":["bronze:Overload","bronze:Shell"],"picked":"bronze:Branch","floor":9},{"not_picked":["bronze:Iterate","bronze:Backtrace","bronze:ClassDefault"],"picked":"SKIP","floor":11},{"not_picked":["bronze:FineTuning","bronze:Backtrace"],"picked":"bronze:Separator","floor":12},{"not_picked":["bronze:Verify","bronze:CutThrough"],"picked":"bronze:Assembly","floor":14},{"not_picked":["bronze:Branch","bronze:BugBarrage","bronze:Constructor"],"picked":"SKIP","floor":15}],"player_experience":514105,"relics_obtained":[],"event_choices":[{"damage_healed":0,"gold_gain":0,"player_choice":"Donut","damage_taken":0,"max_hp_gain":5,"max_hp_loss":0,"event_name":"Big Fish","floor":4,"gold_loss":0}],"is_beta":false,"boss_relics":[],"items_purged_floors":[14],"is_endless":false,"potions_floor_spawned":[8,9,11],"killed_by":"WA_ARCHETYPE_RETAIN","ascension_level":0}}