{"host":"5853c1oyph9xmrns","time":1611623550,"event":{"mods":["BaseMod","Colored Powertips","Downfall","Googly Eyes","Hermit","Mimic Mod","Minty Spire (QoL Compilation)","Quick Restart","Rare Cards Sparkle","StSLib","The IronCluck","Wide Potions"],"gold_per_floor":[0,15,15,15,0,0,37,37,37,37],"floor_reached":8,"language":"ENG","playtime":311,"items_purged":[],"score":44,"play_id":"40055c33-1c3e-49b1-9b0c-8bafa79ca605","local_time":"20210125211230","is_ascension_mode":true,"campfire_choices":[{"floor":1.0,"key":"RECALL"},{"data":"bronze:Turbo","floor":6.0,"key":"SMITH"}],"circlet_count":0,"master_deck":["bronze:Strike","bronze:Strike","bronze:Strike","bronze:Strike","bronze:Defend","bronze:Defend","bronze:Defend","bronze:Defend","bronze:Replicate","bronze:Goto","bronze:Turbo+1","Regret","bronze:BronzeOrb","bronze:Invalidate"],"relics":["bronze:BronzeCore","Shuriken","bronze:SilverBullet","Tiny Chest"],"acts_visited":["Exordium"],"potions_floor_usage":[],"damage_taken":[{"damage":8.0,"enemies":"2 Louse","floor":2.0,"turns":3.0},{"damage":3.0,"enemies":"downfall:FleeingMerchant","floor":5.0,"turns":4.0},{"damage":6.0,"enemies":"Jaw Worm","floor":7.0,"turns":7.0},{"damage":63,"enemies":"Gremlin Nob","floor":8,"turns":4}],"seed_played":"5757572183620532325","potions_obtained":[],"is_trial":false,"path_per_floor":["R","M","?","?","$","R","MIM","E"],"character_chosen":"THE_AUTOMATON","items_purchased":[],"campfire_rested":0,"item_purchase_floors":[],"current_hp_per_floor":[84,76,58,58,55,55,49,0,0,0],"gold":37,"neow_bonus":"TWENTY_PERCENT_HP_BONUS","is_daily":false,"chose_seed":false,"campfire_upgraded":1,"win_rate":0.0,"timestamp":1611623550,"path_taken":["R","M","?","?","$","R","MIM","E"],"items_purchased_type":[],"build_version":"2020-12-22","purchased_purges":0,"victory":false,"max_hp_per_floor":[84,84,84,84,84,84,84,84,84,84],"card_choices":[{"not_picked":["bronze:Deprecate","bronze:FineTuning"],"picked":"bronze:Turbo","floor":2.0},{"not_picked":["bronze:WhirlingStrike","bronze:CutThrough"],"picked":"bronze:BronzeOrb","floor":5.0},{"not_picked":["bronze:Iterate","bronze:Constructor"],"picked":"bronze:Invalidate","floor":7.0}],"player_experience":460087,"relics_obtained":[{"floor":7.0,"key":"Tiny Chest"}],"event_choices":[{"damage_healed":0.0,"max_hp_gain":0.0,"max_hp_loss":0.0,"gold_gain":0.0,"event_name":"Scrap Ooze","player_choice":"Success","floor":3.0,"gold_loss":0.0,"damage_taken":18.0,"relics_obtained":["Shuriken"]},{"damage_healed":0.0,"max_hp_gain":0.0,"max_hp_loss":0.0,"gold_gain":0.0,"event_name":"Big Fish","player_choice":"Box","floor":4.0,"gold_loss":0.0,"damage_taken":0.0,"relics_obtained":["bronze:SilverBullet"],"cards_obtained":["Regret"]}],"is_beta":false,"boss_relics":[],"items_purged_floors":[],"is_endless":false,"potions_floor_spawned":[],"killed_by":"Gremlin Nob","ascension_level":1}}