{"host":"p8f0otjoacyb9giz","time":1611677830,"event":{"mods":["AchievementEnabler","BaseMod","Downfall","Minty Spire (QoL Compilation)","StSLib"],"gold_per_floor":[99,99,99,99,99,99,99,99,99,134,154,154,179,196,212,212,212,212],"floor_reached":16,"language":"ENG","playtime":445,"items_purged":[],"score":133,"play_id":"2cfbecca-f6b2-4de9-b263-60f5b73bc64e","local_time":"20210126191710","is_ascension_mode":true,"campfire_choices":[{"floor":1,"key":"RECALL"},{"data":"bronze:MaxOutput","floor":6,"key":"SMITH"}],"circlet_count":0,"master_deck":["bronze:Strike","bronze:Strike","bronze:Strike","bronze:Strike","bronze:Defend","bronze:Defend","bronze:Defend","bronze:Defend","bronze:Replicate","bronze:Goto","bronze:MaxOutput+1","bronze:Flail","bronze:Turbo","bronze:InfiniteBeams","bronze:GetLatest","bronze:BitShift"],"relics":["bronze:BronzeCore","downfall:HeartsMalice","Dead Branch","bronze:BottledCode","Juzu Bracelet","Blood Vial"],"acts_visited":["Exordium"],"potions_floor_usage":[],"damage_taken":[{"damage":0,"enemies":"Cultist","floor":3,"turns":1},{"damage":0,"enemies":"2 Louse","floor":5,"turns":1},{"damage":0,"enemies":"Jaw Worm","floor":9,"turns":1},{"damage":36,"enemies":"Gremlin Nob","floor":10,"turns":5},{"damage":0,"enemies":"2 Fungi Beasts","floor":11,"turns":2},{"damage":10,"enemies":"3 Sentries","floor":13,"turns":5},{"damage":6,"enemies":"Exordium Wildlife","floor":14,"turns":3},{"damage":0,"enemies":"Lots of Slimes","floor":15,"turns":1},{"damage":22,"enemies":"SI_SHIV_ARCHETYPE","floor":16,"turns":3}],"seed_played":"3600738201618903812","potions_obtained":[{"floor":13,"key":"bronze:FreeFunctionsPotion"},{"floor":14,"key":"LiquidBronze"},{"floor":15,"key":"GamblersBrew"}],"is_trial":false,"path_per_floor":["R","T","M","?","M","R","T","?","M","E","M","?","E","M","M","B"],"character_chosen":"THE_AUTOMATON","items_purchased":[],"campfire_rested":0,"item_purchase_floors":[],"current_hp_per_floor":[70,70,70,75,75,75,75,65,65,29,29,29,19,15,17,0,0,0],"gold":212,"neow_bonus":"THREE_ENEMY_KILL","is_daily":false,"chose_seed":false,"campfire_upgraded":1,"win_rate":0.0,"timestamp":1611677830,"path_taken":["R","?","M","?","M","R","T","?","M","E","M","?","E","M","M","BOSS"],"items_purchased_type":[],"build_version":"2020-12-22","purchased_purges":0,"victory":false,"max_hp_per_floor":[70,70,70,75,75,75,75,65,65,65,65,65,65,65,65,65,65,65],"card_choices":[{"not_picked":["bronze:CutThrough","bronze:BugBarrage"],"picked":"bronze:MaxOutput","floor":3},{"not_picked":["bronze:Optimize","bronze:ForLoop"],"picked":"bronze:Flail","floor":5},{"not_picked":["bronze:OilSpill","bronze:Branch","bronze:WildBeam"],"picked":"SKIP","floor":9},{"not_picked":["bronze:RecursiveStrike","bronze:Return"],"picked":"bronze:Turbo","floor":10},{"not_picked":["bronze:Branch","bronze:Constructor"],"picked":"bronze:InfiniteBeams","floor":11},{"not_picked":["bronze:Allocate","bronze:Mutator"],"picked":"bronze:GetLatest","floor":13},{"not_picked":["bronze:Boost","bronze:OilSpill","bronze:CutThrough"],"picked":"SKIP","floor":14},{"not_picked":["bronze:DelayedGuard","bronze:Shell"],"picked":"bronze:BitShift","floor":15}],"player_experience":410400,"relics_obtained":[{"floor":7,"key":"Dead Branch"},{"floor":10,"key":"Juzu Bracelet"},{"floor":13,"key":"Blood Vial"}],"event_choices":[{"damage_healed":0,"gold_gain":0,"player_choice":"Donut","damage_taken":0,"max_hp_gain":5,"max_hp_loss":0,"event_name":"Big Fish","floor":4,"gold_loss":0}],"is_beta":false,"boss_relics":[],"items_purged_floors":[],"is_endless":false,"potions_floor_spawned":[13,14,15],"killed_by":"SI_SHIV_ARCHETYPE","ascension_level":5}}