{"host":"h4qgcirtxz6qax9j","time":1611672180,"event":{"mods":["AchievementEnabler","BaseMod","Colored Powertips","Custom Start","Hermit","Marisa£¨Ùöéë¡¡Øª×âÞÞ£©","Minty Spire (QoL Compilation)","StSLib","SuperFastMode","The Servant 0.9.4"],"gold_per_floor":[117,117,20,31,44,44,63,82,82,15,25,25,25,45,45,140,140,154,11,23,40,51,51,51],"floor_reached":23,"language":"KOR","playtime":596,"items_purged":["Decay"],"score":187,"play_id":"a3d3fcfa-2d64-484c-b80f-52afb7487d84","local_time":"20210126234300","is_ascension_mode":false,"campfire_choices":[{"floor":6,"key":"REST"},{"data":"DarkSpark","floor":12,"key":"SMITH"},{"floor":15,"key":"REST"}],"circlet_count":0,"master_deck":["Strike_MRS","Strike_MRS","Strike_MRS","Strike_MRS","Defend_MRS","Defend_MRS","Defend_MRS","Defend_MRS","MasterSpark","UpSweep+1","DC","DC","ManaConvection","SprinkleStarSeal","MachineGunSpark","DragonMeteor+1","DarkSpark+1","MysteriousBeam","BigCrunch","OortCloud+1","EarthLightRay","EarthLightRay+1"],"relics":["MiniHakkero","Thread and Needle","Question Card","SlaversCollar","Happy Flower"],"acts_visited":["Exordium","TheCity"],"potions_floor_usage":[],"damage_taken":[{"damage":14,"enemies":"Jaw Worm","floor":1,"turns":4},{"damage":0,"enemies":"Cultist","floor":4,"turns":2},{"damage":0,"enemies":"Small Slimes","floor":5,"turns":2},{"damage":9,"enemies":"2 Fungi Beasts","floor":7,"turns":3},{"damage":4,"enemies":"Red Slaver","floor":8,"turns":3},{"damage":13,"enemies":"Exordium Thugs","floor":11,"turns":3},{"damage":3,"enemies":"Blue Slaver","floor":14,"turns":2},{"damage":42,"enemies":"Hexaghost","floor":16,"turns":7},{"damage":0,"enemies":"Spheric Guardian","floor":18,"turns":3},{"damage":8,"enemies":"2 Thieves","floor":20,"turns":3},{"damage":12,"enemies":"Snake Plant","floor":21,"turns":3},{"damage":6,"enemies":"Chosen and Byrds","floor":22,"turns":3},{"damage":57,"enemies":"Gremlin Leader","floor":23,"turns":5}],"seed_played":"-4446193617669094542","potions_obtained":[{"floor":4,"key":"Dexterity Potion"},{"floor":7,"key":"AttackPotion"},{"floor":11,"key":"ShroomBrew"},{"floor":16,"key":"SmokeBomb"}],"is_trial":false,"path_per_floor":["M","?","$","M","M","R","M","M","T","$","M","R","?","M","R","B",null,"M","$","M","M","M","E"],"character_chosen":"MARISA","items_purchased":["DC","DarkSpark","Happy Flower"],"campfire_rested":2,"item_purchase_floors":[3,10,19],"current_hp_per_floor":[61,61,61,61,61,75,66,62,62,62,49,49,49,46,68,26,75,75,75,67,59,57,0,0],"gold":51,"neow_bonus":"ONE_RARE_RELIC","is_daily":false,"chose_seed":false,"campfire_upgraded":1,"win_rate":0.0,"timestamp":1611672180,"path_taken":["M","?","$","M","M","R","M","?","T","$","M","R","?","M","R","BOSS","M","$","M","M","M","E"],"items_purchased_type":["Card","Card","Relic"],"build_version":"2020-12-22","purchased_purges":1,"victory":false,"max_hp_per_floor":[75,75,75,75,75,75,75,75,75,75,75,75,75,75,75,75,75,75,75,75,75,75,75,75],"card_choices":[{"not_picked":["EventHorizon","Robbery"],"picked":"DC","floor":1},{"not_picked":["IllusionStar","MachineGunSpark"],"picked":"ManaConvection","floor":4},{"not_picked":["BlazeAway","AsteroidBelt"],"picked":"SprinkleStarSeal","floor":5},{"not_picked":["IllusionStar","Acceleration"],"picked":"MachineGunSpark","floor":7},{"not_picked":["ChargingUp","6A"],"picked":"DragonMeteor","floor":8},{"not_picked":["GrandCross","EnergyRecoil","LuminesStrike","GravityBeat"],"picked":"SKIP","floor":11},{"not_picked":["6A","MilkyWay","DarkSpark"],"picked":"MysteriousBeam","floor":14},{"not_picked":["SuperNova","JA","SatelliteIllusion"],"picked":"BigCrunch","floor":16},{"not_picked":["GalacticHalo","DC+1","Acceleration"],"picked":"OortCloud+1","floor":18},{"not_picked":["6A","WitchOfGreed","IllusionStar+1"],"picked":"EarthLightRay","floor":20},{"not_picked":["UnstableBomb","WitchOfGreed","WitchLeyline+1","GrandCross"],"picked":"SKIP","floor":21},{"not_picked":["LuminesStrike","UnstableBomb","TreasureHunter"],"picked":"EarthLightRay+1","floor":22}],"player_experience":101506,"relics_obtained":[{"floor":9,"key":"Question Card"}],"event_choices":[{"damage_healed":0,"gold_gain":0,"player_choice":"Upgraded","damage_taken":0,"max_hp_gain":0,"max_hp_loss":0,"event_name":"Upgrade Shrine","floor":2,"gold_loss":0,"cards_upgraded":["UpSweep"]},{"damage_healed":0,"gold_gain":0,"player_choice":"Grow","damage_taken":0,"max_hp_gain":0,"max_hp_loss":0,"event_name":"Living Wall","floor":13,"gold_loss":0,"cards_upgraded":["DragonMeteor"]}],"is_beta":false,"boss_relics":[{"not_picked":["Coffee Dripper","Astrolabe"],"picked":"SlaversCollar"}],"items_purged_floors":[3],"is_endless":false,"potions_floor_spawned":[4,7,11,16,22],"killed_by":"Gremlin Leader","ascension_level":0}}