{"host":"juoup3p5tvzzktl5","time":1611704182,"event":{"mods":["Aspiration","BaseMod","Better Vampires","BetterRewards","Colored Map","Colored Powertips","Friendly Minions","GifTheSpireLib","Hermit","Hubris","Infinite Spire","KinomotoSakuraMod(ƒæ÷Æ±æ”£)","Koishi","KomeijiMod","Marisa£®ÏF”Í°°ƒß¿Ì…≥£©","Minty Spire (QoL Compilation)","Quick Restart","Reimu£®≤©¿ˆ¡È√Œ£©","Replay The Spire","Shop Mod","StSLib","The Administrix","The Alterego","The Bug Knight","The Construct","The Cursed","The Jungle","The Mystic","The Runesmith","The Senshi","Youmu£®ªÍ∆«—˝√Œ£©","Yuyuko"],"gold_per_floor":[116,129,140,158,174,24,24,24,39,39,39,39,39],"floor_reached":12,"language":"ZHS","playtime":1837,"items_purged":["Strike_R"],"score":148,"play_id":"9afebb1f-771d-44a0-a904-ba1540a49e98","local_time":"20210127083622","is_ascension_mode":true,"campfire_choices":[{"data":"Bloodletting","floor":7.0,"key":"SMITH"}],"circlet_count":0,"master_deck":["AscendersBane","Strike_R","Strike_R","Strike_R","Strike_R","Defend_R","Defend_R","Defend_R","Defend_R","Bash","Shrug It Off","Body Slam","ReplayTheSpireMod:LeadingStrike","Replay:Undeath\u0027s Touch","Pommel Strike","Bloodletting+1","ReplayTheSpireMod:Muscle Training"],"relics":["hermit:Momento","infinitespire:Cubic Diamond","aspiration:FetidBarrel"],"acts_visited":["Exordium"],"potions_floor_usage":[10],"damage_taken":[{"damage":1.0,"enemies":"Cultist","floor":1.0,"turns":3.0},{"damage":5.0,"enemies":"Small Slimes","floor":2.0,"turns":5.0},{"damage":11.0,"enemies":"Jaw Worm","floor":3.0,"turns":6.0},{"damage":33.0,"enemies":"Lots of Slimes","floor":4.0,"turns":7.0},{"damage":13.0,"enemies":"3 Louse","floor":5.0,"turns":5.0},{"damage":12.0,"enemies":"Looter","floor":9.0,"turns":3.0},{"damage":0,"enemies":"Exordium Wildlife","floor":10,"turns":1},{"damage":21,"enemies":"Lagavulin","floor":12,"turns":5}],"seed_played":"192024994020864714","potions_obtained":[{"floor":1.0,"key":"SmokeBomb"},{"floor":2.0,"key":"DuplicationPotion"},{"floor":3.0,"key":"Adrenaline Potion"}],"is_trial":false,"path_per_floor":["M","M","M","M","M","$","R","?","M","M","T","E"],"character_chosen":"IRONCLAD","items_purchased":["Bloodletting"],"campfire_rested":0,"item_purchase_floors":[6],"current_hp_per_floor":[80,81,76,49,42,42,42,42,30,30,30,9,9],"gold":39,"neow_bonus":"TEN_PERCENT_HP_BONUS","is_daily":false,"chose_seed":false,"campfire_upgraded":1,"win_rate":0.0,"timestamp":1611704182,"path_taken":["M","?","M","M","M","$","R","?","M","M","T","E"],"items_purchased_type":["Card"],"build_version":"2020-12-22","purchased_purges":1,"victory":false,"max_hp_per_floor":[82,82,82,82,82,82,82,82,82,82,82,82,82],"card_choices":[{"not_picked":["Fire Breathing","Rampage"],"picked":"Shrug It Off","floor":1.0},{"not_picked":["Fire Breathing","Warcry"],"picked":"Body Slam","floor":2.0},{"not_picked":["ReplayTheSpireMod:Strike From Hell","Sentinel"],"picked":"ReplayTheSpireMod:LeadingStrike","floor":3.0},{"not_picked":["ReplayTheSpireMod:Strike From Hell","Twin Strike"],"picked":"Replay:Undeath\u0027s Touch","floor":4.0},{"not_picked":["Shrug It Off","Thunderclap"],"picked":"Pommel Strike","floor":5.0},{"not_picked":["Body Slam","Flex"],"picked":"ReplayTheSpireMod:Muscle Training","floor":9.0}],"player_experience":1017119,"relics_obtained":[{"floor":11,"key":"aspiration:FetidBarrel"}],"event_choices":[],"is_beta":false,"boss_relics":[],"items_purged_floors":[6],"is_endless":false,"potions_floor_spawned":[1,2,3],"killed_by":"Lagavulin","ascension_level":20}}