{"host":"o3nki8hvugtioqst","time":1611665903,"event":{"mods":["AchievementEnabler","BaseMod","Colored Powertips","Downfall","Hubris","Infinite Spire","Minty Spire (QoL Compilation)","Quick Restart","Rare Cards Sparkle","Replay The Spire","StSLib","SuperFastMode"],"gold_per_floor":[109,109,109,109,120,120,154,169,242,222,222,222],"floor_reached":11,"language":"ENG","playtime":343,"items_purged":[],"score":142,"play_id":"9f734dfa-e0ab-43bf-9270-c24479c7fbc4","local_time":"20210126145823","is_ascension_mode":true,"campfire_choices":[{"data":"infinitespire:Menacing","floor":6.0,"key":"SMITH"}],"circlet_count":0,"master_deck":["AscendersBane","Strike_G","Strike_G","Strike_G","Strike_G","Strike_G","Defend_G","Defend_G+1","Defend_G","Defend_G","Defend_G","Survivor","Neutralize","Cloak And Dagger","infinitespire:Menacing+1","Outmaneuver"],"relics":["Ring of the Snake","Pen Nib","Ring of Misfortune","Incense Burner","Eternal Feather"],"acts_visited":["Exordium"],"potions_floor_usage":[],"damage_taken":[{"damage":0.0,"enemies":"Small Slimes","floor":1.0,"turns":4.0},{"damage":0.0,"enemies":"2 Louse","floor":5.0,"turns":3.0},{"damage":36.0,"enemies":"Gremlin Nob","floor":7.0,"turns":7.0},{"damage":0.0,"enemies":"Cultist","floor":8.0,"turns":5.0},{"damage":0,"enemies":"Lagavulin","floor":11,"turns":1}],"seed_played":"2589850383402658447","potions_obtained":[{"floor":1.0,"key":"ColorlessPotion"},{"floor":5.0,"key":"Regen Potion"},{"floor":10.0,"key":"GhostInAJar"}],"is_trial":false,"path_per_floor":["M","?","?","?","M","R","E","M","T","?","E"],"character_chosen":"THE_SILENT","items_purchased":[],"campfire_rested":0,"item_purchase_floors":[],"current_hp_per_floor":[59,59,59,43,43,43,7,7,7,7,7,7],"gold":222,"neow_bonus":"RANDOM_COMMON_RELIC","is_daily":false,"chose_seed":false,"campfire_upgraded":1,"win_rate":0.0,"timestamp":1611665903,"path_taken":["M","?","?","?","M","R","E","M","T","?","E"],"items_purchased_type":[],"build_version":"2020-12-22","purchased_purges":0,"victory":false,"max_hp_per_floor":[66,66,66,66,66,66,66,66,66,66,66,66],"card_choices":[{"not_picked":["hubris:SlightOfHand","Underhanded Strike"],"picked":"Cloak And Dagger","floor":1.0},{"not_picked":["hubris:Rewind","infinitespire:TheBestDefense"],"picked":"infinitespire:Menacing","floor":4.0},{"not_picked":["Cloak And Dagger","Dodge and Roll"],"picked":"Outmaneuver","floor":5.0},{"not_picked":["After Image","Cloak And Dagger","Riddle With Holes"],"picked":"SKIP","floor":7.0},{"not_picked":["Poisoned Stab","Toxin Wave","Endless Agony"],"picked":"SKIP","floor":8.0}],"player_experience":249341,"relics_obtained":[{"floor":3.0,"key":"Ring of Misfortune"},{"floor":7.0,"key":"Incense Burner"},{"floor":9.0,"key":"Eternal Feather"}],"event_choices":[{"damage_healed":0.0,"max_hp_gain":0.0,"max_hp_loss":0.0,"gold_gain":0.0,"event_name":"The Woman in Blue","player_choice":"Bought 1 Potion","floor":10.0,"gold_loss":0.0,"damage_taken":0.0}],"is_beta":false,"boss_relics":[],"items_purged_floors":[],"is_endless":false,"potions_floor_spawned":[1,5],"killed_by":"Lagavulin","ascension_level":20}}