{"host":"agbyy69nq62afhwx","time":1611660865,"event":{"mods":["BaseMod","Colored Map","DeckTracker","Highlight Path","Keyboard Shortcuts","Minty Spire (QoL Compilation)","Quick Restart","StSLib","SuperFastMode","everything is the same but u backflip on backflip"],"gold_per_floor":[111,129,129,145,155,155,173,173,173,204,222,222,233,247,247,324,324,338,36,46,66,66,91,106,106,106,106,106,123,123,141,141,218,218,229,92,109,122,134,134,134,134,134,159,177,177,187,200,200,200],"floor_reached":51,"language":"KOR","playtime":3732,"items_purged":["Strike_P","Defend_P+1"],"score":1260,"play_id":"a43b8c0b-ddb6-42d4-9292-df55222879c7","local_time":"20210126203425","is_ascension_mode":true,"campfire_choices":[{"data":"Eruption","floor":6.0,"key":"SMITH"},{"data":"Halt","floor":8.0,"key":"SMITH"},{"data":"MentalFortress","floor":15.0,"key":"SMITH"},{"floor":25.0,"key":"REST"},{"data":"RitualDagger","floor":28.0,"key":"SMITH"},{"floor":30.0,"key":"REST"},{"floor":32.0,"key":"REST"},{"floor":42.0,"key":"REST"},{"floor":46.0,"key":"REST"},{"floor":49.0,"key":"REST"}],"circlet_count":0,"master_deck":["AscendersBane","Strike_P+1","Strike_P+1","Strike_P+1","Defend_P+1","Defend_P+1","Defend_P+1","Eruption+1","Vigilance","FlurryOfBlows","Halt+1","EmptyMind+1","Wallop","FollowUp","Adaptation","MentalFortress+1","DeusExMachina","FearNoEvil","RitualDagger+1","Adaptation","TalkToTheHand+1"],"relics":["HolyWater","Boot","Vajra","Singing Bowl","Incense Burner","Cursed Key","TheAbacus","Ancient Tea Set","Nunchaku"],"acts_visited":["Exordium","TheCity","TheBeyond"],"potions_floor_usage":[50,50,50],"damage_taken":[{"damage":0.0,"enemies":"Small Slimes","floor":1.0,"turns":3.0},{"damage":0.0,"enemies":"Cultist","floor":2.0,"turns":2.0},{"damage":3.0,"enemies":"2 Louse","floor":4.0,"turns":2.0},{"damage":0.0,"enemies":"Blue Slaver","floor":5.0,"turns":1.0},{"damage":0.0,"enemies":"Gremlin Gang","floor":7.0,"turns":3.0},{"damage":25.0,"enemies":"Lagavulin","floor":10.0,"turns":7.0},{"damage":4.0,"enemies":"Exordium Thugs","floor":11.0,"turns":4.0},{"damage":0.0,"enemies":"Looter","floor":13.0,"turns":3.0},{"damage":0.0,"enemies":"Red Slaver","floor":14.0,"turns":2.0},{"damage":47.0,"enemies":"Slime Boss","floor":16.0,"turns":16.0},{"damage":16.0,"enemies":"Shell Parasite","floor":18.0,"turns":6.0},{"damage":2.0,"enemies":"Spheric Guardian","floor":20.0,"turns":3.0},{"damage":8.0,"enemies":"Shelled Parasite and Fungi","floor":21.0,"turns":4.0},{"damage":12.0,"enemies":"Slavers","floor":23.0,"turns":5.0},{"damage":8.0,"enemies":"Cultist and Chosen","floor":24.0,"turns":7.0},{"damage":29.0,"enemies":"Sentry and Sphere","floor":29.0,"turns":6.0},{"damage":8.0,"enemies":"Shelled Parasite and Fungi","floor":31.0,"turns":5.0},{"damage":43.0,"enemies":"Champ","floor":33.0,"turns":14.0},{"damage":0.0,"enemies":"Orb Walker","floor":35.0,"turns":3.0},{"damage":20.0,"enemies":"3 Darklings","floor":37.0,"turns":5.0},{"damage":20.0,"enemies":"Jaw Worm Horde","floor":38.0,"turns":5.0},{"damage":12.0,"enemies":"Writhing Mass","floor":39.0,"turns":6.0},{"damage":0.0,"enemies":"Nemesis","floor":41.0,"turns":1.0},{"damage":3.0,"enemies":"Giant Head","floor":44.0,"turns":8.0},{"damage":21.0,"enemies":"3 Darklings","floor":45.0,"turns":5.0},{"damage":9.0,"enemies":"4 Shapes","floor":47.0,"turns":5.0},{"damage":18.0,"enemies":"Maw","floor":48.0,"turns":6.0},{"damage":43,"enemies":"Time Eater","floor":50,"turns":8}],"seed_played":"-1476174812258878601","potions_obtained":[{"floor":2.0,"key":"Fire Potion"},{"floor":5.0,"key":"EntropicBrew"},{"floor":13.0,"key":"ColorlessPotion"},{"floor":29.0,"key":"Fruit Juice"},{"floor":31.0,"key":"SmokeBomb"},{"floor":47.0,"key":"ColorlessPotion"}],"is_trial":false,"path_per_floor":["M","M","?","M","M","R","M","R","T","E","M","?","M","M","R","B",null,"M","$","M","M","?","E","M","R","T","?","R","M","R","M","R","B",null,"M","$","M","M","M","?","E","R","T","E","M","R","M","M","R","B",null],"character_chosen":"WATCHER","items_purchased":["FearNoEvil","TheAbacus","Adaptation"],"campfire_rested":6,"item_purchase_floors":[19,19,36],"current_hp_per_floor":[61,61,58,55,55,55,55,55,55,32,28,70,70,70,70,23,58,44,44,44,38,32,22,16,40,40,40,40,18,44,38,64,23,74,76,76,58,40,30,30,30,59,59,58,39,69,62,44,75,32],"gold":200,"neow_bonus":"RANDOM_COMMON_RELIC","is_daily":false,"chose_seed":false,"campfire_upgraded":4,"win_rate":0.0,"timestamp":1611660865,"path_taken":["M","M","?","M","M","R","M","R","T","E","M","?","?","M","R","BOSS","M","$","M","M","?","E","M","R","T","?","R","M","R","M","R","BOSS","M","$","M","M","M","?","E","R","T","E","M","R","?","M","R","BOSS"],"items_purchased_type":["Card","Relic","Card"],"build_version":"2020-12-22","purchased_purges":2,"victory":true,"max_hp_per_floor":[68,68,68,68,68,68,68,68,68,70,70,70,70,70,70,70,70,72,72,74,76,76,78,80,80,80,80,80,87,87,89,89,91,91,93,93,95,97,99,99,99,99,99,101,103,103,105,105,105,105],"card_choices":[{"not_picked":["PathToVictory","CrushJoints"],"picked":"Sanctity","floor":1.0},{"not_picked":["PathToVictory","Evaluate"],"picked":"FlurryOfBlows","floor":2.0},{"not_picked":["Prostrate","FollowUp"],"picked":"Halt","floor":4.0},{"not_picked":["JustLucky","Collect"],"picked":"EmptyMind","floor":5.0},{"not_picked":["Protect","SignatureMove"],"picked":"Wallop","floor":7.0},{"not_picked":["PathToVictory","CarveReality","BowlingBash"],"picked":"Singing Bowl","floor":10.0},{"not_picked":["PathToVictory","SignatureMove"],"picked":"FollowUp","floor":11.0},{"not_picked":["Meditate","CutThroughFate"],"picked":"Adaptation","floor":13.0},{"not_picked":["Prostrate","FlyingSleeves"],"picked":"MentalFortress","floor":14.0},{"not_picked":["Alpha","Establishment"],"picked":"DeusExMachina","floor":16.0},{"not_picked":["Evaluate","Meditate","Prostrate"],"picked":"Singing Bowl","floor":18.0},{"not_picked":["EmptyFist+1","BowlingBash+1","Wireheading"],"picked":"Singing Bowl","floor":20.0},{"not_picked":["CarveReality","Worship+1","FlyingSleeves"],"picked":"Singing Bowl","floor":21.0},{"not_picked":["FearNoEvil","CutThroughFate","EmptyBody"],"picked":"Singing Bowl","floor":23.0},{"not_picked":["BowlingBash","EmptyBody","Worship"],"picked":"Singing Bowl","floor":24.0},{"not_picked":["ClearTheMind","EmptyFist","FollowUp"],"picked":"Singing Bowl","floor":29.0},{"not_picked":["Meditate","Sanctity","CrushJoints"],"picked":"Singing Bowl","floor":31.0},{"not_picked":["LessonLearned","Alpha","MasterReality"],"picked":"Singing Bowl","floor":33.0},{"not_picked":["EmptyFist","Protect+1","InnerPeace"],"picked":"Singing Bowl","floor":35.0},{"not_picked":["Perseverance+1","Pray","EmptyBody"],"picked":"Singing Bowl","floor":37.0},{"not_picked":["Wallop+1","Vengeance","FearNoEvil+1"],"picked":"Singing Bowl","floor":38.0},{"not_picked":["Evaluate","BowlingBash","JustLucky"],"picked":"Singing Bowl","floor":39.0},{"not_picked":["Halt","JustLucky+1","Conclude"],"picked":"Singing Bowl","floor":44.0},{"not_picked":["JustLucky","Consecrate","Tantrum"],"picked":"Singing Bowl","floor":45.0},{"not_picked":["Meditate","SandsOfTime","Evaluate"],"picked":"Singing Bowl","floor":47.0},{"not_picked":["ConjureBlade","ClearTheMind+1"],"picked":"TalkToTheHand+1","floor":48.0}],"player_experience":477329,"relics_obtained":[{"floor":9.0,"key":"Singing Bowl"},{"floor":10.0,"key":"Incense Burner"},{"floor":23.0,"key":"Ancient Tea Set"},{"floor":44.0,"key":"Nunchaku"}],"event_choices":[{"damage_healed":0.0,"max_hp_gain":0.0,"max_hp_loss":0.0,"gold_gain":0.0,"event_name":"Scrap Ooze","player_choice":"Success","floor":3.0,"gold_loss":0.0,"damage_taken":3.0,"relics_obtained":["Vajra"]},{"cards_removed":["Sanctity"],"damage_healed":42.0,"max_hp_gain":0.0,"max_hp_loss":0.0,"gold_gain":0.0,"event_name":"Bonfire Elementals","player_choice":"Offered Uncommon","floor":12.0,"gold_loss":0.0,"damage_taken":0.0},{"damage_healed":0.0,"max_hp_gain":0.0,"max_hp_loss":0.0,"gold_gain":0.0,"event_name":"Nest","player_choice":"Joined the Cult","floor":22.0,"gold_loss":0.0,"damage_taken":6.0,"cards_obtained":["RitualDagger"]},{"damage_healed":0.0,"max_hp_gain":0.0,"max_hp_loss":0.0,"gold_gain":0.0,"event_name":"Back to Basics","player_choice":"Simplicity","floor":27.0,"gold_loss":0.0,"damage_taken":0.0,"cards_upgraded":["Strike_P","Strike_P","Strike_P","Defend_P","Defend_P","Defend_P","Defend_P"]},{"damage_healed":0.0,"max_hp_gain":0.0,"max_hp_loss":0.0,"gold_gain":0.0,"event_name":"Upgrade Shrine","player_choice":"Upgraded","floor":40.0,"gold_loss":0.0,"damage_taken":0.0,"cards_upgraded":["EmptyMind"]}],"is_beta":false,"boss_relics":[{"not_picked":["Busted Crown","Calling Bell"],"picked":"Cursed Key"},{"not_picked":["Astrolabe","Runic Dome"],"picked":"HolyWater"}],"items_purged_floors":[19,36],"is_endless":false,"potions_floor_spawned":[2,5,13,18,21,29,31,38,39,47],"ascension_level":14}}