{"host":"w4b7hmige5bnqipq","time":1611675145,"event":{"mods":["2.2 Compatiblity","BaseMod","Colored Map","DeckTracker","Keyboard Shortcuts","Minty Spire (QoL Compilation)","Permanent Neow","Rare Cards Sparkle","SuperFastMode","everything is the same but u backflip on backflip","slay the spire mod where everything is the same but ironclad has a cowboy hat"],"gold_per_floor":[18,33,51,51,51,76,92,92,92,125,135,38,38,48,48,143,143,153,170,95,95,194,221,221,221,221],"floor_reached":25,"language":"KOR","playtime":749,"items_purged":[],"score":294,"play_id":"bc767ce3-436e-4c9a-a370-b21399aeba46","local_time":"20210127003225","is_ascension_mode":true,"campfire_choices":[{"data":"Loop","floor":8,"key":"SMITH"},{"data":"Enlightenment","floor":13,"key":"SMITH"},{"floor":15,"key":"REST"},{"data":"Defragment","floor":24,"key":"SMITH"}],"circlet_count":0,"master_deck":["Strike_B","Defend_B","Defend_B","Defend_B","Defend_B","Zap","Dualcast","Ball Lightning","Undo","Streamline","Blizzard","Loop+1","Capacitor","Sunder","Enlightenment+1","Defragment+1","Rainbow"],"relics":["Cracked Core","Emotion Chip","Symbiotic Virus","Ginger","Philosopher\u0027s Stone","Bottled Tornado"],"acts_visited":["Exordium","TheCity"],"potions_floor_usage":[10,11,11,14,18,23,23],"damage_taken":[{"damage":1,"enemies":"2 Louse","floor":1,"turns":2},{"damage":2,"enemies":"Jaw Worm","floor":2,"turns":3},{"damage":1,"enemies":"Cultist","floor":3,"turns":3},{"damage":22,"enemies":"Lagavulin","floor":6,"turns":5},{"damage":9,"enemies":"Red Slaver","floor":7,"turns":4},{"damage":27,"enemies":"3 Sentries","floor":10,"turns":5},{"damage":12,"enemies":"Looter","floor":11,"turns":3},{"damage":0,"enemies":"2 Fungi Beasts","floor":14,"turns":1},{"damage":21,"enemies":"Hexaghost","floor":16,"turns":8},{"damage":24,"enemies":"3 Byrds","floor":18,"turns":4},{"damage":9,"enemies":"Chosen","floor":19,"turns":4},{"damage":33,"enemies":"Slavers","floor":23,"turns":6},{"damage":36,"enemies":"Book of Stabbing","floor":25,"turns":5}],"seed_played":"6042929855795692148","potions_obtained":[{"floor":6,"key":"Strength Potion"},{"floor":10,"key":"EntropicBrew"},{"floor":11,"key":"GamblersBrew"},{"floor":14,"key":"SneckoOil"},{"floor":16,"key":"EssenceOfSteel"},{"floor":23,"key":"Strength Potion"}],"is_trial":false,"path_per_floor":["M","M","M","?","?","E","M","R","T","E","M","$","R","M","R","B",null,"M","M","?","?","?","E","R","E"],"character_chosen":"DEFECT","items_purchased":["Enlightenment"],"campfire_rested":1,"item_purchase_floors":[12],"current_hp_per_floor":[74,72,71,64,64,42,33,33,33,6,16,16,16,16,38,17,75,51,42,42,67,67,34,34,0,0],"gold":221,"neow_bonus":"ONE_RARE_RELIC","is_daily":false,"chose_seed":false,"campfire_upgraded":3,"win_rate":0.0,"timestamp":1611675145,"path_taken":["M","M","M","?","?","E","?","R","T","E","M","?","R","M","R","BOSS","M","M","?","?","?","E","R","E"],"items_purchased_type":["Card"],"build_version":"2020-12-22","purchased_purges":0,"victory":false,"max_hp_per_floor":[75,75,75,75,75,75,75,75,75,75,75,75,75,75,75,75,75,75,75,75,75,75,75,75,75,75],"card_choices":[{"not_picked":["Turbo","Gash"],"picked":"Ball Lightning","floor":1},{"not_picked":["Reinforced Body","Rebound"],"picked":"Undo","floor":2},{"not_picked":["Go for the Eyes","Conserve Battery"],"picked":"Streamline","floor":3},{"not_picked":["Blizzard","Go for the Eyes","Static Discharge"],"picked":"SKIP","floor":6},{"not_picked":["Double Energy","Ball Lightning"],"picked":"Loop","floor":7},{"not_picked":["Hologram","Thunder Strike"],"picked":"Capacitor","floor":10},{"not_picked":["Storm","Compile Driver"],"picked":"Sunder","floor":11},{"not_picked":["Chaos","Self Repair"],"picked":"Defragment","floor":14},{"not_picked":["Machine Learning","Thunder Strike"],"picked":"Rainbow","floor":16},{"not_picked":["Hello World+1","Leap","Reprogram"],"picked":"SKIP","floor":18},{"not_picked":["BootSequence","Compile Driver","Stack"],"picked":"SKIP","floor":19},{"not_picked":["Tempest+1","Beam Cell","Steam"],"picked":"SKIP","floor":23}],"player_experience":609580,"relics_obtained":[{"floor":6,"key":"Symbiotic Virus"},{"floor":10,"key":"Ginger"},{"floor":23,"key":"Bottled Tornado"}],"event_choices":[{"cards_removed":["Strike_B"],"damage_healed":0,"gold_gain":0,"player_choice":"Card Removal","damage_taken":7,"max_hp_gain":0,"max_hp_loss":0,"event_name":"Golden Wing","floor":4,"gold_loss":0},{"damage_healed":0,"gold_gain":0,"cards_transformed":["Strike_B"],"player_choice":"Transformed","damage_taken":0,"max_hp_gain":0,"max_hp_loss":0,"event_name":"Transmorgrifier","floor":5,"gold_loss":0,"cards_obtained":["Blizzard"]},{"cards_removed":["Strike_B"],"damage_healed":0,"gold_gain":0,"player_choice":"Gave Gold","damage_taken":0,"max_hp_gain":0,"max_hp_loss":0,"event_name":"Beggar","floor":20,"gold_loss":75},{"damage_healed":25,"gold_gain":0,"player_choice":"Heal","damage_taken":0,"max_hp_gain":0,"max_hp_loss":0,"event_name":"The Library","floor":21,"gold_loss":0},{"damage_healed":0,"gold_gain":99,"player_choice":"Stole From Cult","damage_taken":0,"max_hp_gain":0,"max_hp_loss":0,"event_name":"Nest","floor":22,"gold_loss":0}],"is_beta":false,"boss_relics":[{"not_picked":["Fusion Hammer","Busted Crown"],"picked":"Philosopher\u0027s Stone"}],"items_purged_floors":[],"is_endless":false,"potions_floor_spawned":[6,10,11,14,16,23],"killed_by":"Book of Stabbing","ascension_level":3}}