{"host":"6q94iy5iz6612v89","time":1611697439,"event":{"mods":["2.2 Compatiblity","AchievementEnabler","BaseMod","Colored Map","DeckTracker","Keyboard Shortcuts","Marisa£¨Ùöéë¡¡Øª×âÞÞ£©","Minty Spire (QoL Compilation)","Permanent Neow","StSLib","SuperFastMode"],"gold_per_floor":[211,231,245,264,46,72,72,72,72],"floor_reached":8,"language":"KOR","playtime":207,"items_purged":["Strike_MRS"],"score":125,"play_id":"4b681469-1424-4bc4-b671-b2248ef8bbb8","local_time":"20210127064359","is_ascension_mode":true,"campfire_choices":[{"floor":7,"key":"REST"}],"circlet_count":0,"master_deck":["AscendersBane","Strike_MRS","Strike_MRS","Strike_MRS","Defend_MRS","Defend_MRS","Defend_MRS","Defend_MRS","MasterSpark","UpSweep","GalacticHalo","GalacticHalo","NonDirectionalLaser","StarBarrage"],"relics":["MiniHakkero","Omamori","Happy Flower"],"acts_visited":["Exordium"],"potions_floor_usage":[4,6],"damage_taken":[{"damage":2,"enemies":"2 Louse","floor":1,"turns":2},{"damage":5,"enemies":"Cultist","floor":2,"turns":5},{"damage":0,"enemies":"Small Slimes","floor":3,"turns":5},{"damage":40,"enemies":"Exordium Thugs","floor":4,"turns":6},{"damage":15,"enemies":"Lagavulin","floor":6,"turns":9},{"damage":37,"enemies":"Gremlin Nob","floor":8,"turns":4}],"seed_played":"9058592108795945106","potions_obtained":[{"floor":1,"key":"LiquidMemories"},{"floor":2,"key":"Dexterity Potion"}],"is_trial":false,"path_per_floor":["M","M","M","M","$","E","R","E"],"character_chosen":"MARISA","items_purchased":["Omamori"],"campfire_rested":1,"item_purchase_floors":[5],"current_hp_per_floor":[66,61,61,21,21,6,28,0,0],"gold":72,"neow_bonus":"HUNDRED_GOLD","is_daily":false,"chose_seed":false,"campfire_upgraded":0,"win_rate":0.0,"timestamp":1611697439,"path_taken":["M","M","M","M","$","E","R","E"],"items_purchased_type":["Relic"],"build_version":"2020-12-22","purchased_purges":1,"victory":false,"max_hp_per_floor":[75,75,75,75,75,75,75,75,75],"card_choices":[{"not_picked":["GasGiant","RefractionSpark"],"picked":"GalacticHalo","floor":1},{"not_picked":["RefractionSpark","PowerUp"],"picked":"GalacticHalo","floor":2},{"not_picked":["ShootTheMoon","UnstableBomb"],"picked":"NonDirectionalLaser","floor":3},{"not_picked":["LuminesStrike","PulseMagic","BigCrunch"],"picked":"SKIP","floor":4},{"not_picked":["ShootingEcho","OneTimeOff"],"picked":"StarBarrage","floor":6}],"player_experience":1497513,"relics_obtained":[{"floor":6,"key":"Happy Flower"}],"event_choices":[],"is_beta":false,"boss_relics":[],"items_purged_floors":[5],"is_endless":false,"potions_floor_spawned":[1,2],"killed_by":"Gremlin Nob","ascension_level":10}}