{"host":"8is2j71l4wmybkoi","time":1611651090,"event":{"mods":["AchievementEnabler","BaseMod","Colored Map","Minty Spire (QoL Compilation)","Rare Cards Sparkle","StSLib","SuperFastMode"],"gold_per_floor":[114,114,11,11,31,71,16,16,39,57,5,29,62,80,80,80,80],"floor_reached":16,"language":"KOR","playtime":374,"items_purged":["Strike_B"],"score":270,"play_id":"da9a60c1-8b63-4986-a18c-f2b57b577254","local_time":"20210126175130","is_ascension_mode":true,"campfire_choices":[{"data":"Go for the Eyes","floor":15,"key":"SMITH"}],"circlet_count":0,"master_deck":["AscendersBane","Strike_B","Strike_B","Strike_B","Defend_B","Defend_B","Defend_B","Defend_B","Zap+1","Dualcast","Gash","Ball Lightning","Go for the Eyes+1","Recycle","Cold Snap","Fusion"],"relics":["Cracked Core","NeowsBlessing","Golden Idol","Lantern","Ancient Tea Set","Symbiotic Virus"],"acts_visited":["Exordium"],"potions_floor_usage":[12,13,16],"damage_taken":[{"damage":0,"enemies":"Jaw Worm","floor":1,"turns":1},{"damage":0,"enemies":"2 Louse","floor":5,"turns":1},{"damage":0,"enemies":"3 Sentries","floor":6,"turns":1},{"damage":0,"enemies":"Cultist","floor":10,"turns":3},{"damage":8,"enemies":"Large Slime","floor":12,"turns":4},{"damage":21,"enemies":"Lagavulin","floor":13,"turns":6},{"damage":2,"enemies":"Red Slaver","floor":14,"turns":2},{"damage":43,"enemies":"Slime Boss","floor":16,"turns":9}],"seed_played":"-6605111024214055391","potions_obtained":[{"floor":1,"key":"ColorlessPotion"},{"floor":12,"key":"CultistPotion"}],"is_trial":false,"path_per_floor":["M","?","$","?","M","E","$","?","T","M","$","M","E","M","R","B"],"character_chosen":"DEFECT","items_purchased":["Ball Lightning","Fire Potion","Cold Snap"],"campfire_rested":0,"item_purchase_floors":[3,7,11],"current_hp_per_floor":[64,64,64,64,64,64,64,74,74,74,74,66,45,43,43,0,0],"gold":80,"neow_bonus":"THREE_ENEMY_KILL","is_daily":false,"chose_seed":false,"campfire_upgraded":1,"win_rate":0.0,"timestamp":1611651090,"path_taken":["M","?","$","?","?","E","$","?","T","M","$","M","E","?","R","BOSS"],"items_purchased_type":["Card","Potion","Card"],"build_version":"2020-12-22","purchased_purges":1,"victory":false,"max_hp_per_floor":[71,64,64,64,64,64,64,74,74,74,74,74,74,74,74,74,74],"card_choices":[{"not_picked":["Storm","Go for the Eyes"],"picked":"Gash","floor":1},{"not_picked":["Doom and Gloom","Compile Driver"],"picked":"Go for the Eyes","floor":5},{"not_picked":["Stack","Self Repair"],"picked":"Hyperbeam","floor":6},{"not_picked":["Stack","Ball Lightning"],"picked":"Recycle","floor":10},{"not_picked":["Go for the Eyes","Recycle","Redo"],"picked":"SKIP","floor":12},{"not_picked":["Auto Shields","Ball Lightning"],"picked":"Fusion","floor":13},{"not_picked":["Stack","Double Energy","Steam"],"picked":"SKIP","floor":14}],"player_experience":809013,"relics_obtained":[{"floor":6,"key":"Lantern"},{"floor":9,"key":"Ancient Tea Set"},{"floor":13,"key":"Symbiotic Virus"}],"event_choices":[{"damage_healed":0,"gold_gain":0,"player_choice":"Lose Max HP","damage_taken":0,"relics_obtained":["Golden Idol"],"max_hp_gain":0,"max_hp_loss":7,"event_name":"Golden Idol","floor":2,"gold_loss":0},{"damage_healed":0,"gold_gain":0,"player_choice":"Upgraded","damage_taken":0,"max_hp_gain":0,"max_hp_loss":0,"event_name":"Upgrade Shrine","floor":4,"gold_loss":0,"cards_upgraded":["Zap"]},{"cards_removed":["Hyperbeam"],"damage_healed":0,"gold_gain":0,"player_choice":"Offered Rare","damage_taken":0,"max_hp_gain":10,"max_hp_loss":0,"event_name":"Bonfire Elementals","floor":8,"gold_loss":0}],"is_beta":false,"boss_relics":[],"items_purged_floors":[3],"is_endless":false,"potions_floor_spawned":[1,12],"killed_by":"Slime Boss","ascension_level":20}}