{"host":"h4qgcirtxz6qax9j","time":1611685896,"event":{"mods":["2.2 Compatiblity","AchievementEnabler","BaseMod","Colored Powertips","Custom Start","Hermit","Marisa£¨Ùöéë¡¡Øª×âÞÞ£©","Minty Spire (QoL Compilation)","Replay The Spire","StSLib","SuperFastMode","The Servant 0.9.4"],"gold_per_floor":[112,132,132,99,137,137,67,117,117,117,130,165,130,172,172,293,293,305,324,182,199,199,199],"floor_reached":22,"language":"KOR","playtime":490,"items_purged":[],"score":222,"play_id":"aa96169e-16d9-4de5-83a7-5aff6dde9f3e","local_time":"20210127033136","is_ascension_mode":true,"campfire_choices":[{"data":"GrandCross","floor":6,"key":"SMITH"},{"floor":15,"key":"DIG"}],"circlet_count":0,"master_deck":["Strike_MRS","Strike_MRS","Strike_MRS","Defend_MRS","Defend_MRS","Defend_MRS","Defend_MRS","MasterSpark","UpSweep","GrandCross+1","ManaConvection","WitchOfGreed+1","DeepEcoloBomb","ChargeUpSpray","GrandCross+1","GrandCross","BigCrunch","TreasureHunter","GrandCross","FinalSpark"],"relics":["MiniHakkero","Ring of Chaos","Sozu","StrikeDummy","Akabeko","Blood Vial","ExperimentalFamiliar"],"acts_visited":["Exordium","TheCity"],"potions_floor_usage":[],"damage_taken":[{"damage":3,"enemies":"Jaw Worm","floor":1,"turns":3},{"damage":6,"enemies":"Cultist","floor":2,"turns":3},{"damage":3,"enemies":"Small Slimes","floor":5,"turns":3},{"damage":34,"enemies":"Lagavulin","floor":8,"turns":5},{"damage":0,"enemies":"Blue Slaver","floor":11,"turns":1},{"damage":3,"enemies":"3 Louse","floor":12,"turns":2},{"damage":5,"enemies":"Looter","floor":14,"turns":2},{"damage":18,"enemies":"Hexaghost","floor":16,"turns":8},{"damage":10,"enemies":"Chosen","floor":18,"turns":2},{"damage":10,"enemies":"3 Byrds","floor":19,"turns":4},{"damage":55,"enemies":"Shelled Parasite and Fungi","floor":21,"turns":6},{"damage":11,"enemies":"Cultist and Chosen","floor":22,"turns":2}],"seed_played":"-6097379237573406521","potions_obtained":[],"is_trial":false,"path_per_floor":["M","M","?","$","M","R","$","E","T","?","M","M","?","M","R","B",null,"M","M","$","M","M"],"character_chosen":"MARISA","items_purchased":["WitchOfGreed+1","ChargeUpSpray","FinalSpark"],"campfire_rested":0,"item_purchase_floors":[4,7,20],"current_hp_per_floor":[72,66,66,66,63,63,63,29,29,29,29,26,44,39,39,23,75,65,57,57,4,0,0],"gold":199,"neow_bonus":"DOUBLE_BOSS_RELIC","is_daily":false,"chose_seed":false,"campfire_upgraded":1,"win_rate":0.0,"timestamp":1611685896,"path_taken":["M","M","?","$","M","R","?","E","T","?","?","?","?","M","R","BOSS","M","M","$","M","M"],"items_purchased_type":["Card","Card","Card"],"build_version":"2020-12-22","purchased_purges":0,"victory":false,"max_hp_per_floor":[75,75,75,75,75,75,75,75,75,75,75,75,75,75,75,75,75,75,75,75,75,75,75],"card_choices":[{"not_picked":["RefractionSpark","PowerUp"],"picked":"GrandCross","floor":1},{"not_picked":["WitchLeyline","LuminesStrike","GrandCross"],"picked":"SKIP","floor":2},{"not_picked":["OortCloud","AsteroidBelt"],"picked":"DeepEcoloBomb","floor":5},{"not_picked":["WitchLeyline","MysteriousBeam"],"picked":"GrandCross","floor":8},{"not_picked":["SuperPerseids","ShootingEcho","WitchLeyline"],"picked":"SKIP","floor":11},{"not_picked":["GasGiant","WitchLeyline"],"picked":"GrandCross","floor":12},{"not_picked":["AsteroidBelt","GravityBeat"],"picked":"BigCrunch","floor":14},{"not_picked":["AbsoluteMagnitude","FinalSpark"],"picked":"TreasureHunter","floor":16},{"not_picked":["GravityBeat","WitchLeyline"],"picked":"GrandCross","floor":18},{"not_picked":["ShootingEcho","MeteoricShower","BinaryStars"],"picked":"SKIP","floor":19},{"not_picked":["MilkyWay","BlazeAway","Acceleration+1"],"picked":"SKIP","floor":21}],"player_experience":113172,"relics_obtained":[{"floor":8,"key":"StrikeDummy"},{"floor":9,"key":"Akabeko"},{"floor":15,"key":"Blood Vial"}],"event_choices":[{"damage_healed":0,"gold_gain":0,"cards_transformed":["Strike_MRS"],"player_choice":"Transformed","damage_taken":0,"max_hp_gain":0,"max_hp_loss":0,"event_name":"Transmorgrifier","floor":3,"gold_loss":0,"cards_obtained":["ManaConvection"]},{"damage_healed":18,"gold_gain":0,"player_choice":"Healed","damage_taken":0,"max_hp_gain":0,"max_hp_loss":0,"event_name":"The Cleric","floor":13,"gold_loss":35}],"is_beta":false,"boss_relics":[{"not_picked":["Replay:Drink Me","Calling Bell"],"picked":"ExperimentalFamiliar"}],"items_purged_floors":[],"is_endless":false,"potions_floor_spawned":[5,12,14],"killed_by":"Cultist and Chosen","ascension_level":1}}