{"host":"guv5thfpx4d8ikzb","time":1611695501,"event":{"mods":["2.2 Compatiblity","AchievementEnabler","BaseMod","Block Reminder","Colored Map","Colored Powertips","Downfall","Minty Spire (QoL Compilation)","Permanent Neow","Quick Restart","Relic Stats","Replay The Spire","StSLib"],"gold_per_floor":[99,114,114,129,129,159,159,174,174,204,204,219,234,234,249,349,349,349,364,379,379,478,478,478,478,508,523,11,11,26,56,71,171,471,171,186,201,201,216,246,246,246,261,291,291,321,336,366,381,381,381,411,51,51,51,51],"floor_reached":57,"language":"ENG","playtime":4030,"items_purged":["Strike_R","Strike_R+1"],"score":1774,"play_id":"76c18fdb-f39d-45ff-91cc-7f762d6645fe","local_time":"20210126161141","daily_mods":["Heirloom","Colorless Cards","Elite Swarm"],"is_ascension_mode":false,"campfire_choices":[{"data":"Bash","floor":1.0,"key":"SMITH"},{"data":"Defend_R","floor":1.0,"key":"SMITH"},{"data":"Juggernaut","floor":9.0,"key":"SMITH"},{"data":"Wild Strike","floor":9.0,"key":"SMITH"},{"data":"Defend_R","floor":11.0,"key":"SMITH"},{"data":"Violence","floor":11.0,"key":"SMITH"},{"data":"Survey Options","floor":18,"key":"SMITH"},{"data":"ReplayTheSpireMod:Strike From Hell","floor":18,"key":"SMITH"},{"data":"Battle Trance","floor":23,"key":"SMITH"},{"data":"Intimidate","floor":23,"key":"SMITH"},{"floor":25,"key":"REST"},{"data":"Warcry","floor":35,"key":"SMITH"},{"data":"Ghostly","floor":35,"key":"SMITH"},{"data":"Warcry","floor":42,"key":"SMITH"},{"data":"Ghostly","floor":42,"key":"SMITH"},{"data":"Ghostly","floor":45,"key":"SMITH"},{"data":"Ghostly","floor":45,"key":"SMITH"},{"data":"Trip","floor":54,"key":"SMITH"},{"data":"Headbutt","floor":54,"key":"SMITH"}],"circlet_count":0,"master_deck":["Strike_R+1","Strike_R+1","Defend_R+1","Defend_R","Defend_R+1","Defend_R+1","Bash+1","Wild Strike+1","Headbutt+1","Juggernaut+1","Violence+1","Fiend Fire+1","Hemogenesis+1","Survey Options+1","ReplayTheSpireMod:Strike From Hell+1","Corruption+1","Battle Trance+1","True Grit+1","Sentinel","Flame Barrier+1","Intimidate+1","Immolate+1","Battle Trance+1","Abandon+1","Shrug It Off+1","Feel No Pain+1","Ghostly+1","Ghostly+1","Ghostly+1","Ghostly","Ghostly+1","Chrysalis+1","Warcry+1","Brutality+1","Warcry+1","Havoc+1","Replay:Many Hands+1","Offering+1","Barricade+1","ReplayUltimateDefense+1","Trip+1","Chrysalis+1","Jack Of All Trades+1","Demon Form+1","Pot Of Greed+1","Pot Of Greed+1","Pot Of Greed+1","Pot Of Greed+1","Flash of Steel+1","Flash of Steel+1","Juggernaut+1","Pot Of Greed+1","Shrug It Off+1","Spot Weakness+1","Rage+1"],"relics":["Burning Blood","Charon\u0027s Ashes","Replay:Arrowhead","Golden Egg","Bird Faced Urn","The Courier","Replay:Baseball","expansioncontent:StudyCardRelic","ReplayFunnel","Simple Rune","Membership Card","Mummified Hand","Orichalcum","ReplayTheSpireMod:TigerMarble","Bottled Lightning","Guardian:PocketSentry","bronze:MakeshiftBattery","downfall:HeartBlessingRed","downfall:HeartBlessingGreen","downfall:HeartBlessingBlue","Black Star","Blood Vial","Toy Ornithopter","ReplayTheSpireMod:Ninjato","Letter Opener","Whetstone","White Beast Statue","Replay:Wax Seal","InkBottle","Replay:Accelerometer","Quantum Egg","Mango","Grinning Jar","DollysMirror","sneckomod:BlankCard","Happy Flower","Strawberry","King of Hearts","Gambling Chip","Pet Ghost"],"acts_visited":["Exordium","TheCity","TheBeyond","TheEnding"],"potions_floor_usage":[56],"damage_taken":[{"damage":3.0,"enemies":"Jaw Worm","floor":2.0,"turns":3.0},{"damage":0.0,"enemies":"Cultist","floor":4.0,"turns":3.0},{"damage":14.0,"enemies":"3 Sentries","floor":6.0,"turns":6.0},{"damage":0.0,"enemies":"2 Louse","floor":8.0,"turns":1.0},{"damage":28.0,"enemies":"Lagavulin","floor":10.0,"turns":5.0},{"damage":11.0,"enemies":"Blue Slaver","floor":12.0,"turns":3.0},{"damage":0.0,"enemies":"2 Fungi Beasts","floor":13.0,"turns":2.0},{"damage":0.0,"enemies":"3 Louse","floor":15.0,"turns":3.0},{"damage":57.0,"enemies":"Hexaghost","floor":16.0,"turns":8.0},{"damage":2,"enemies":"3 Byrds","floor":19,"turns":3},{"damage":0,"enemies":"Snecko","floor":20,"turns":2},{"damage":4,"enemies":"Book of Stabbing","floor":26,"turns":3},{"damage":0,"enemies":"Centurion and Healer","floor":27,"turns":2},{"damage":5,"enemies":"downfall:FleeingMerchant","floor":28,"turns":4},{"damage":0,"enemies":"Snake Plant","floor":30,"turns":2},{"damage":0,"enemies":"Slavers","floor":31,"turns":2},{"damage":0,"enemies":"3 Cultists","floor":32,"turns":2},{"damage":0,"enemies":"IC_MUSHROOM_ARCHETYPE","floor":33,"turns":5},{"damage":0,"enemies":"3 Shapes","floor":36,"turns":1},{"damage":0,"enemies":"3 Darklings","floor":37,"turns":1},{"damage":1,"enemies":"Writhing Mass","floor":39,"turns":2},{"damage":2,"enemies":"Giant Head","floor":40,"turns":3},{"damage":1,"enemies":"4 Shapes","floor":43,"turns":2},{"damage":5,"enemies":"Nemesis","floor":44,"turns":4},{"damage":3,"enemies":"R_Hoarder","floor":46,"turns":4},{"damage":0,"enemies":"Sphere and 2 Shapes","floor":47,"turns":1},{"damage":1,"enemies":"Reptomancer","floor":48,"turns":2},{"damage":1,"enemies":"Spire Growth","floor":49,"turns":2},{"damage":3,"enemies":"WA_ARCHETYPE_DIVINITY","floor":50,"turns":4},{"damage":10,"enemies":"downfall:CharBossMerchant","floor":52,"turns":5},{"damage":7,"enemies":"downfall:NeowBoss","floor":55,"turns":8},{"damage":5,"enemies":"downfall:NeowBossFinal","floor":56,"turns":6}],"seed_played":"-4735054310349275430","potions_obtained":[{"floor":6.0,"key":"hexamod:SoulburnPotion"},{"floor":8.0,"key":"ColorlessPotion"},{"floor":12.0,"key":"SpeedPotion"},{"floor":13.0,"key":"Swift Potion"},{"floor":19,"key":"AttackPotion"},{"floor":26,"key":"AttackPotion"},{"floor":27,"key":"LiquidMemories"}],"is_trial":false,"path_per_floor":["R","M","?","M","?","E","T","M","R","E","R","M","M","?","M","B",null,"R","M","M","?","?","R","T","R","E","M","$","?","M","E","M","B",null,"R","M","M","?","M","E","T","R","M","E","R","E","M","E","M","B",null,"E","$","R","B","B",null],"character_chosen":"IRONCLAD","items_purchased":["Membership Card","Mummified Hand","Shrug It Off","Orichalcum","ReplayTheSpireMod:TigerMarble","Bottled Lightning","DollysMirror","sneckomod:BlankCard","Happy Flower","Shrug It Off","Spot Weakness","Rage","Strawberry","King of Hearts","Gambling Chip","Pet Ghost"],"campfire_rested":1,"item_purchase_floors":[28,28,28,28,28,28,53,53,53,53,53,53,53,53,53,53],"current_hp_per_floor":[80,80,80,80,80,72,72,78,78,58,58,63,77,82,85,42,85,85,85,85,85,51,51,51,76,82,85,85,42,42,42,42,42,42,52,52,52,52,52,52,52,52,52,52,52,52,52,52,52,52,52,66,73,73,73,73],"gold":51,"neow_bonus":"","is_daily":true,"chose_seed":false,"campfire_upgraded":18,"win_rate":0.0,"timestamp":1611695501,"path_taken":["R","M","?","?","?","E","T","M","R","E","R","?","M","?","M","BOSS","R","M","M","?","?","R","T","R","E","M","$","?","?","E","M","BOSS","R","M","M","?","M","E","T","R","M","E","R","E","?","E","M","BOSS","E","$","R","BOSS","BOSS"],"items_purchased_type":["Relic","Relic","Card","Relic","Relic","Relic","Relic","Relic","Relic","Card","Card","Card","Relic","Relic","Relic","Relic"],"build_version":"2020-12-22","purchased_purges":2,"victory":true,"max_hp_per_floor":[80,80,80,80,80,80,80,80,80,80,80,80,80,85,85,85,85,85,85,85,85,85,85,85,85,85,85,85,42,42,42,42,42,42,52,52,52,52,52,52,52,52,52,52,52,52,52,52,52,52,52,66,73,73,73,73],"relic_stats":{"Happy Flower":[4],"counters":[32,103],"Charon\u0027s Ashes":[1475],"Letter Opener":[189],"Whetstone":["Strike_R","Strike_R"],"Orichalcum":[36],"Burning Blood":57,"Blood Vial":0,"Mummified Hand":[105],"Bird Faced Urn":[48],"Gambling Chip":[6],"Black Star":5,"obtain_stats":[{"ReplayFunnel":24,"Golden Egg":5,"Replay:Accelerometer":48,"sneckomod:BlankCard":53,"downfall:HeartBlessingGreen":35,"Mango":52,"King of Hearts":53,"expansioncontent:StudyCardRelic":17,"Whetstone":44,"Burning Blood":0,"Pet Ghost":53,"Blood Vial":40,"Mummified Hand":28,"downfall:HeartBlessingBlue":35,"DollysMirror":53,"Strawberry":53,"Gambling Chip":53,"Replay:Wax Seal":46,"InkBottle":48,"ReplayTheSpireMod:Ninjato":41,"downfall:HeartBlessingRed":35,"Happy Flower":53,"Quantum Egg":49,"Charon\u0027s Ashes":0,"The Courier":7,"Guardian:PocketSentry":31,"Letter Opener":44,"Orichalcum":28,"Replay:Arrowhead":0,"White Beast Statue":46,"Replay:Baseball":10,"Bird Faced Urn":6,"Simple Rune":26,"ReplayTheSpireMod:TigerMarble":28,"Black Star":36,"Membership Card":28,"Bottled Lightning":28,"Grinning Jar":52,"bronze:MakeshiftBattery":34,"Toy Ornithopter":40},{"ReplayFunnel":11,"Golden Egg":2,"Replay:Accelerometer":27,"sneckomod:BlankCard":30,"downfall:HeartBlessingGreen":18,"Mango":30,"King of Hearts":30,"expansioncontent:StudyCardRelic":9,"Whetstone":24,"Burning Blood":0,"Pet Ghost":30,"Blood Vial":22,"Mummified Hand":14,"downfall:HeartBlessingBlue":18,"DollysMirror":30,"Strawberry":30,"Gambling Chip":30,"Replay:Wax Seal":25,"InkBottle":27,"ReplayTheSpireMod:Ninjato":22,"downfall:HeartBlessingRed":18,"Happy Flower":30,"Quantum Egg":28,"Charon\u0027s Ashes":0,"The Courier":3,"Guardian:PocketSentry":16,"Letter Opener":24,"Orichalcum":14,"Replay:Arrowhead":0,"White Beast Statue":25,"Replay:Baseball":5,"Bird Faced Urn":3,"Simple Rune":12,"ReplayTheSpireMod:TigerMarble":14,"Black Star":19,"Membership Card":14,"Bottled Lightning":14,"Grinning Jar":30,"bronze:MakeshiftBattery":18,"Toy Ornithopter":22},{"ReplayFunnel":39,"Golden Egg":6,"Replay:Accelerometer":78,"sneckomod:BlankCard":89,"downfall:HeartBlessingGreen":59,"Mango":89,"King of Hearts":89,"expansioncontent:StudyCardRelic":34,"Whetstone":72,"Burning Blood":0,"Pet Ghost":89,"Blood Vial":66,"Mummified Hand":48,"downfall:HeartBlessingBlue":59,"DollysMirror":89,"Strawberry":89,"Gambling Chip":89,"Replay:Wax Seal":75,"InkBottle":78,"ReplayTheSpireMod:Ninjato":66,"downfall:HeartBlessingRed":59,"Happy Flower":89,"Quantum Egg":79,"Charon\u0027s Ashes":0,"The Courier":12,"Guardian:PocketSentry":52,"Letter Opener":72,"Orichalcum":48,"Replay:Arrowhead":0,"White Beast Statue":75,"Replay:Baseball":18,"Bird Faced Urn":12,"Simple Rune":42,"ReplayTheSpireMod:TigerMarble":48,"Black Star":60,"Membership Card":48,"Bottled Lightning":48,"Grinning Jar":89,"bronze:MakeshiftBattery":59,"Toy Ornithopter":66}],"Toy Ornithopter":0,"InkBottle":[15]},"card_choices":[{"not_picked":["Sword Boomerang","ReplayReversal"],"picked":"Wild Strike","floor":2.0},{"not_picked":["Cleave","Perfected Strike"],"picked":"Juggernaut","floor":4.0},{"not_picked":["Transmutation","Metamorphosis"],"picked":"Fiend Fire","floor":6.0},{"not_picked":["Deep Breath","Body Slam","ReplayTheSpireMod:Limb From Limb"],"picked":"SKIP","floor":8.0},{"not_picked":["The Bomb","Chrysalis"],"picked":"Hemogenesis","floor":10.0},{"not_picked":["Clash","Armaments","Dark Embrace"],"picked":"SKIP","floor":12.0},{"not_picked":["ReplayTheSpireMod:Corrosion Curse","Pommel Strike"],"picked":"Survey Options","floor":13.0},{"not_picked":["Seeing Red","Pommel Strike"],"picked":"ReplayTheSpireMod:Strike From Hell","floor":15.0},{"not_picked":["Berserk","Apotheosis"],"picked":"Corruption","floor":16.0},{"not_picked":["Flex","Anger"],"picked":"Battle Trance","floor":19},{"not_picked":["Swift Strike","ReplayTheSpireMod:Strike From Hell"],"picked":"True Grit+1","floor":20},{"not_picked":["Clothesline+1","ReplayTheSpireMod:Strike From Hell+1"],"picked":"Flame Barrier+1","floor":22},{"not_picked":["Defy Death","Clash"],"picked":"Intimidate","floor":22},{"not_picked":["Metamorphosis","Bludgeon"],"picked":"Immolate","floor":26},{"not_picked":["Run Through","Sword Boomerang"],"picked":"Battle Trance+1","floor":27},{"not_picked":["ReplayTheSpireMod:Strike From Hell","ReplayTheSpireMod:Private Reserves"],"picked":"Abandon","floor":28},{"not_picked":["Run Through+1","True Grit","Clash"],"picked":"SKIP","floor":30},{"not_picked":["Mayhem","Metamorphosis"],"picked":"Chrysalis","floor":31},{"not_picked":["Sword Boomerang+1","Pommel Strike"],"picked":"Warcry","floor":32},{"not_picked":["Secret Technique","Master of Strategy"],"picked":"Brutality","floor":33},{"not_picked":["Cleave","Perfected Strike"],"picked":"Warcry","floor":36},{"not_picked":["Corruption","Sword Boomerang"],"picked":"Havoc+1","floor":37},{"not_picked":["PanicButton+1","Iron Wave+1","Perfected Strike"],"picked":"SKIP","floor":39},{"not_picked":["Poisoned Strike","Feed"],"picked":"Offering","floor":40},{"not_picked":["Burning Pact","Wild Strike","Rampage"],"picked":"SKIP","floor":43},{"not_picked":["Impervious","Bludgeon"],"picked":"Barricade","floor":44},{"not_picked":["Fiend Fire","Sadistic Nature"],"picked":"ReplayUltimateDefense","floor":46},{"not_picked":["Dark Shackles+1","Pummel"],"picked":"Trip","floor":47},{"not_picked":["The Bomb","Barricade"],"picked":"Chrysalis","floor":48},{"not_picked":["Metallicize","Armaments"],"picked":"Jack Of All Trades+1","floor":49},{"not_picked":["Limit Break","Hemogenesis"],"picked":"Demon Form","floor":52}],"player_experience":1115795,"relics_obtained":[{"floor":6.0,"key":"Bird Faced Urn"},{"floor":7.0,"key":"The Courier"},{"floor":10.0,"key":"Replay:Baseball"},{"floor":24,"key":"ReplayFunnel"},{"floor":26,"key":"Simple Rune"},{"floor":31,"key":"Guardian:PocketSentry"},{"floor":40,"key":"Blood Vial"},{"floor":40,"key":"Toy Ornithopter"},{"floor":41,"key":"ReplayTheSpireMod:Ninjato"},{"floor":44,"key":"Letter Opener"},{"floor":44,"key":"Whetstone"},{"floor":46,"key":"White Beast Statue"},{"floor":46,"key":"Replay:Wax Seal"},{"floor":48,"key":"InkBottle"},{"floor":48,"key":"Replay:Accelerometer"},{"floor":52,"key":"Mango"},{"floor":52,"key":"Grinning Jar"}],"event_choices":[{"damage_healed":0.0,"max_hp_gain":0.0,"max_hp_loss":0.0,"gold_gain":0.0,"cards_transformed":["Strike_R"],"event_name":"Transmorgrifier","player_choice":"Transformed","floor":3.0,"gold_loss":0.0,"damage_taken":0.0,"cards_obtained":["Headbutt"]},{"damage_healed":0.0,"max_hp_gain":0.0,"max_hp_loss":0.0,"gold_gain":0.0,"event_name":"Match and Keep!","player_choice":"1 cards matched","floor":5.0,"gold_loss":0.0,"damage_taken":0.0,"cards_obtained":["Violence"]},{"damage_healed":0.0,"max_hp_gain":5.0,"max_hp_loss":0.0,"gold_gain":0.0,"event_name":"Big Fish","player_choice":"Donut","floor":14.0,"gold_loss":0.0,"damage_taken":0.0},{"damage_healed":0,"gold_gain":0,"player_choice":"Read","damage_taken":0,"max_hp_gain":0,"max_hp_loss":0,"event_name":"The Library","floor":21,"gold_loss":0,"cards_obtained":["Sentinel"]},{"damage_healed":0,"gold_gain":0,"player_choice":"Became a Ghost","damage_taken":0,"max_hp_gain":0,"max_hp_loss":43,"event_name":"Ghosts","floor":29,"gold_loss":0,"cards_obtained":["Ghostly","Ghostly","Ghostly","Ghostly","Ghostly"]}],"is_beta":false,"boss_relics":[{"not_picked":["Busted Crown","Black Blood"],"picked":"expansioncontent:StudyCardRelic"},{"not_picked":["sneckomod:SneckoTalon","Sozu"],"picked":"bronze:MakeshiftBattery"}],"items_purged_floors":[28,53],"is_endless":false,"potions_floor_spawned":[6,8,12,13,19,26,27,30,31,33,37,43,47,48,49,52],"ascension_level":0}}