{"host":"7v9t59ze4jbx2rzq","time":1611626850,"event":{"mods":["Act Like it!","BaseMod","Colored Powertips","Dark Map","Highlight Path","Minty Spire (QoL Compilation)","Optimize The Spire","Ruina","Spire Arcade","StSLib","The Caster","The Dragonkin","The Hydrologist","Wide Potions"],"gold_per_floor":[118,68,86,97,97,438,438,456,456,487,506,506,506,547,547,670,670,688,708,732,747,675,719,742,277,277,291,291,309,343,18,18,151,151,171,196,71,92,116,154,154,206,206,239,298,298,328,366,366,366,366,366,148,191,191],"floor_reached":56,"language":"ENG","playtime":3087,"items_purged":["theDragonkin:Strike","theDragonkin:Strike","theDragonkin:Defend"],"score":1948,"play_id":"a3beec01-22af-4858-99a6-75ea2245e962","local_time":"20210125210730","is_ascension_mode":true,"campfire_choices":[{"data":"theDragonkin:MoltenBreath","floor":13,"key":"SMITH"},{"data":"theDragonkin:DivineBreath","floor":15,"key":"SMITH"},{"data":"theDragonkin:AkatirnsDecree","floor":28,"key":"SMITH"},{"data":"theDragonkin:DivineFire","floor":32,"key":"SMITH"},{"floor":41,"key":"RECALL"},{"data":"theDragonkin:HolyWordBarrier","floor":49,"key":"SMITH"},{"data":"theDragonkin:DivineJolt","floor":52,"key":"SMITH"}],"circlet_count":0,"master_deck":["theDragonkin:Defend","theDragonkin:Defend","theDragonkin:Defend","theDragonkin:HolySmite","theDragonkin:BlazingBreath","theDragonkin:DivineJolt","theDragonkin:MoltenBreath+1","theDragonkin:DivineFire+1","theDragonkin:HolyWordBarrier+1","theDragonkin:HolyShock","theDragonkin:MoltenBreath+1","theDragonkin:MirrorBreath+1","theDragonkin:DivineJolt+1","theDragonkin:AkatirnsDecree+1","theDragonkin:MoltenBreath+1","theDragonkin:BurnAfterReading+1","theDragonkin:SandBreath+1","theDragonkin:AncestralSeance+1","theDragonkin:MirrorBreath+1","theDragonkin:SandBreath+1","theDragonkin:LightArmor+1","theDragonkin:SandBreath+1"],"relics":["theDragonkin:GarnetScale","Golden Idol","Old Coin","theDragonkin:BottledVoice","Toxic Egg 2","Pen Nib","theDragonkin:Sulfurian","Ornamental Fan","Orichalcum","Singing Bowl","Blood Vial","CeramicFish","Bag of Marbles","Cursed Key","Art of War","Potion Belt","theDragonkin:FernosBellows","Thread and Needle","MealTicket","Kunai"],"acts_visited":["Exordium","Exordium","TheBeyond","TheEnding"],"potions_floor_usage":[8,11,30,33,33,38,44,47,50,54,55,55,55],"damage_taken":[{"damage":0,"enemies":"Cultist","floor":1,"turns":3},{"damage":0,"enemies":"Small Slimes","floor":3,"turns":3},{"damage":2,"enemies":"Jaw Worm","floor":4,"turns":3},{"damage":15,"enemies":"Gremlin Nob","floor":6,"turns":4},{"damage":0,"enemies":"Lots of Slimes","floor":8,"turns":1},{"damage":0,"enemies":"3 Sentries","floor":10,"turns":5},{"damage":1,"enemies":"Gremlin Gang","floor":11,"turns":3},{"damage":0,"enemies":"Lagavulin","floor":14,"turns":3},{"damage":0,"enemies":"Slime Boss","floor":16,"turns":6},{"damage":11,"enemies":"ruina:BadWolf","floor":18,"turns":3},{"damage":0,"enemies":"ruina:2_Scarecrows","floor":19,"turns":1},{"damage":0,"enemies":"ruina:Nos_and_Bat","floor":20,"turns":3},{"damage":0,"enemies":"ruina:KingOfGreed","floor":21,"turns":3},{"damage":0,"enemies":"ruina:RoadHome","floor":23,"turns":2},{"damage":0,"enemies":"ruina:KnightOfDespair","floor":24,"turns":3},{"damage":0,"enemies":"ruina:3_Scarecrows","floor":27,"turns":3},{"damage":0,"enemies":"ruina:KingOfGreed","floor":29,"turns":3},{"damage":0,"enemies":"ruina:Mountain","floor":30,"turns":9},{"damage":0,"enemies":"ruina:JesterOfNihil","floor":33,"turns":7},{"damage":0,"enemies":"Orb Walker","floor":35,"turns":1},{"damage":0,"enemies":"3 Shapes","floor":36,"turns":1},{"damage":0,"enemies":"Transient","floor":38,"turns":4},{"damage":0,"enemies":"4 Shapes","floor":39,"turns":2},{"damage":0,"enemies":"Nemesis","floor":40,"turns":3},{"damage":0,"enemies":"Reptomancer","floor":42,"turns":3},{"damage":0,"enemies":"Giant Head","floor":44,"turns":3},{"damage":0,"enemies":"2 Orb Walkers","floor":45,"turns":3},{"damage":0,"enemies":"Jaw Worm Horde","floor":47,"turns":3},{"damage":0,"enemies":"Nemesis","floor":48,"turns":3},{"damage":7,"enemies":"TheAcolyte","floor":50,"turns":4},{"damage":0,"enemies":"Shield and Spear","floor":54,"turns":5},{"damage":0,"enemies":"The Heart","floor":55,"turns":6}],"seed_played":"593608069352403120","potions_obtained":[{"floor":6,"key":"DuplicationPotion"},{"floor":8,"key":"GamblersBrew"},{"floor":10,"key":"Energy Potion"},{"floor":14,"key":"LiquidBronze"},{"floor":24,"key":"theDragonkin:DragonkinUncommonPotion"},{"floor":27,"key":"Energy Potion"},{"floor":30,"key":"EssenceOfSteel"},{"floor":35,"key":"Energy Potion"},{"floor":40,"key":"GamblersBrew"},{"floor":42,"key":"DuplicationPotion"},{"floor":45,"key":"CultistPotion"},{"floor":54,"key":"Block Potion"}],"is_trial":false,"path_per_floor":["M","?","M","M","?","E","?","M","T","E","M","?","R","E","R","B",null,"M","M","M","M","?","E","M","$","T","M","R","M","E","$","R","B",null,"M","M","$","M","M","E","R","E","T","E","?","?","M","E","R","B",null,"R","$","E","B",null],"character_chosen":"THE_DRAGONKIN","items_purchased":["Singing Bowl","Blood Vial","theDragonkin:AncestralSeance+1","Bag of Marbles","SpeedPotion","theDragonkin:DragonkinUncommonPotion","Dexterity Potion","theDragonkin:SandBreath+1"],"campfire_rested":0,"item_purchase_floors":[25,25,31,31,53,53,53,53],"current_hp_per_floor":[93,93,93,91,86,71,71,71,71,71,70,70,70,70,70,70,86,75,75,75,75,75,75,75,75,75,77,77,81,85,85,85,87,90,92,94,94,96,98,100,100,100,100,102,104,104,104,106,106,99,106,106,106,108,108],"gold":191,"neow_bonus":"TEN_PERCENT_HP_BONUS","is_daily":false,"chose_seed":false,"campfire_upgraded":6,"win_rate":0.0,"timestamp":1611626850,"path_taken":["M","?","M","M","?","E","?","?","T","E","?","?","R","E","R","BOSS","M","?","M","?","?","E","M","$","T","M","R","?","E","$","R","BOSS","M","?","$","M","M","E","R","E","T","E","?","?","M","E","R","BOSS","R","$","E","BOSS"],"items_purchased_type":["Relic","Relic","Card","Relic","Potion","Potion","Potion","Card"],"build_version":"2020-12-22","purchased_purges":3,"victory":true,"max_hp_per_floor":[93,93,93,93,86,86,86,86,86,86,86,86,86,86,86,86,86,86,86,86,86,86,86,86,86,86,86,86,88,90,90,90,90,90,92,94,94,96,98,100,100,100,100,102,104,104,104,106,106,106,106,106,106,108,108],"card_choices":[{"not_picked":["theDragonkin:AcidBreath","theDragonkin:CorrosiveBelch"],"picked":"theDragonkin:DivineJolt","floor":1},{"not_picked":["theDragonkin:Sizzle","theDragonkin:SandBreath"],"picked":"theDragonkin:MoltenBreath","floor":3},{"not_picked":["theDragonkin:Ravage","theDragonkin:ChainsOfTruth"],"picked":"theDragonkin:DivineBreath","floor":4},{"not_picked":["theDragonkin:DivineBreath","theDragonkin:BurningRage"],"picked":"theDragonkin:DivineFire","floor":6},{"not_picked":["theDragonkin:FlameBreath","theDragonkin:MirrorBreath"],"picked":"theDragonkin:HolyWordBarrier","floor":8},{"not_picked":["theDragonkin:MagnussCorona","theDragonkin:FlameBreath"],"picked":"theDragonkin:HolyShock","floor":10},{"not_picked":["theDragonkin:EmberSwipe","theDragonkin:DivineFire"],"picked":"theDragonkin:MoltenBreath+1","floor":11},{"not_picked":["theDragonkin:FlameWard+1","theDragonkin:ControlledBreath","theDragonkin:AshBreath+1"],"picked":"SKIP","floor":14},{"not_picked":["theDragonkin:Detox+1","theDragonkin:Condemnation+1"],"picked":"theDragonkin:AkatirnsDecree","floor":16},{"not_picked":["theDragonkin:DeepBreath+1","theDragonkin:PlagueSwipe+1","theDragonkin:MiasmicBreath+1"],"picked":"SKIP","floor":18},{"not_picked":["theDragonkin:DivineJolt","theDragonkin:DeepBreath+1","theDragonkin:Ravage"],"picked":"SKIP","floor":19},{"not_picked":["theDragonkin:CorrosiveBelch","theDragonkin:DivineFire+1","theDragonkin:SlowBurn+1"],"picked":"SKIP","floor":20},{"not_picked":["theDragonkin:HolyWordBarrier+1","theDragonkin:MagmaScales"],"picked":"theDragonkin:MoltenBreath+1","floor":21},{"not_picked":["theDragonkin:Ravage+1","theDragonkin:SlowBurn+1"],"picked":"theDragonkin:BurnAfterReading+1","floor":23},{"not_picked":["theDragonkin:HolyWordBarrier+1","theDragonkin:GooGrip+1","theDragonkin:ControlledBreath"],"picked":"SKIP","floor":24},{"not_picked":["theDragonkin:CorrosiveBelch","theDragonkin:HolyWordBarrier+1"],"picked":"theDragonkin:SandBreath+1","floor":27},{"not_picked":["theDragonkin:FlameWard+1","theDragonkin:SlowBurn+1","theDragonkin:AcidBreath"],"picked":"Singing Bowl","floor":29},{"not_picked":["theDragonkin:Flashpoint+1","theDragonkin:CorrosiveBelch","theDragonkin:InfernoWard+1"],"picked":"Singing Bowl","floor":30},{"not_picked":["theDragonkin:AkatirnsDecree","theDragonkin:CrusaderForm"],"picked":"theDragonkin:MirrorBreath+1","floor":33},{"not_picked":["theDragonkin:FlameBreath","theDragonkin:DeepBreath+1","theDragonkin:BurningRage"],"picked":"Singing Bowl","floor":35},{"not_picked":["theDragonkin:Cauterize+1","theDragonkin:ControlledBreath+1","theDragonkin:StormFront"],"picked":"Singing Bowl","floor":36},{"not_picked":["theDragonkin:Sizzle+1","theDragonkin:ControlledBreath+1","theDragonkin:CorrosiveBelch"],"picked":"Singing Bowl","floor":38},{"not_picked":["theDragonkin:EnduringAgony","theDragonkin:AncestralSeance+1","theDragonkin:ControlledBreath"],"picked":"Singing Bowl","floor":39},{"not_picked":["theDragonkin:HallowedGround","theDragonkin:GoldenFlames+1","theDragonkin:HolyWordBarrier+1"],"picked":"Singing Bowl","floor":40},{"not_picked":["theDragonkin:FlameBreath+1","theDragonkin:EmberSwipe"],"picked":"theDragonkin:SandBreath+1","floor":42},{"not_picked":["theDragonkin:MiasmicBreath+1","theDragonkin:AcidArmor","theDragonkin:FlameWard+1"],"picked":"Singing Bowl","floor":44},{"not_picked":["theDragonkin:EnduringAgony+1","theDragonkin:DivineFire","theDragonkin:FlameBreath"],"picked":"Singing Bowl","floor":45},{"not_picked":["theDragonkin:MiasmicBreath+1","theDragonkin:Detox+1"],"picked":"theDragonkin:LightArmor+1","floor":47},{"not_picked":["theDragonkin:MiasmicBreath+1","theDragonkin:Ashfall","theDragonkin:HammerOfWrath+1"],"picked":"Singing Bowl","floor":48},{"not_picked":["theDragonkin:ControlledBreath+1","theDragonkin:HolyWordBarrier+1","theDragonkin:StormFront"],"picked":"Singing Bowl","floor":54}],"player_experience":2216953,"relics_obtained":[{"floor":6,"key":"Old Coin"},{"floor":9,"key":"theDragonkin:BottledVoice"},{"floor":10,"key":"Toxic Egg 2"},{"floor":14,"key":"Pen Nib"},{"floor":23,"key":"Orichalcum"},{"floor":30,"key":"CeramicFish"},{"floor":40,"key":"Art of War"},{"floor":42,"key":"Potion Belt"},{"floor":44,"key":"theDragonkin:FernosBellows"},{"floor":45,"key":"Thread and Needle"},{"floor":48,"key":"MealTicket"},{"floor":54,"key":"Kunai"}],"event_choices":[{"cards_removed":["theDragonkin:Strike"],"damage_healed":0,"gold_gain":0,"player_choice":"Card Removal","damage_taken":0,"max_hp_gain":0,"max_hp_loss":0,"event_name":"The Cleric","floor":2,"gold_loss":50},{"damage_healed":0,"gold_gain":0,"player_choice":"Lose Max HP","damage_taken":0,"relics_obtained":["Golden Idol"],"max_hp_gain":0,"max_hp_loss":7,"event_name":"Golden Idol","floor":5,"gold_loss":0},{"cards_removed":["theDragonkin:Strike"],"damage_healed":0,"gold_gain":0,"player_choice":"Offered Basic","damage_taken":0,"max_hp_gain":0,"max_hp_loss":0,"event_name":"Bonfire Elementals","floor":7,"gold_loss":0},{"damage_healed":0,"gold_gain":0,"player_choice":"2 cards matched","damage_taken":0,"max_hp_gain":0,"max_hp_loss":0,"event_name":"Match and Keep!","floor":12,"gold_loss":0,"cards_obtained":["theDragonkin:MirrorBreath","theDragonkin:DivineJolt"]},{"damage_healed":0,"gold_gain":0,"player_choice":"Paid Gold","damage_taken":0,"relics_obtained":["Ornamental Fan"],"max_hp_gain":0,"max_hp_loss":0,"event_name":"WeMeetAgain","floor":22,"gold_loss":72},{"damage_healed":0,"gold_gain":0,"player_choice":"Fight","damage_taken":0,"max_hp_gain":0,"max_hp_loss":0,"event_name":"Mysterious Sphere","floor":45,"gold_loss":0},{"cards_removed":["theDragonkin:DivineBreath"],"damage_healed":0,"gold_gain":0,"player_choice":"Removed Attack","damage_taken":0,"max_hp_gain":0,"max_hp_loss":0,"event_name":"Falling","floor":46,"gold_loss":0}],"is_beta":false,"boss_relics":[{"not_picked":["Philosopher\u0027s Stone","Ectoplasm"],"picked":"theDragonkin:Sulfurian"},{"not_picked":["theDragonkin:ObsidianScale","SacredBark"],"picked":"Cursed Key"}],"items_purged_floors":[25,31,37],"is_endless":false,"potions_floor_spawned":[6,8,10,14,23,24,27,30,35,40,42,45,54],"ascension_level":2}}