{"host":"vyjryxuuuxkt43k4","time":1611636532,"event":{"mods":["AchievementEnabler","BaseMod","Colored Map","DeckTracker","Keyboard Shortcuts","Minty Spire (QoL Compilation)","Permanent Neow","Quick Restart","Rare Cards Sparkle","StSLib","SuperFastMode","everything is the same but u backflip on backflip"],"gold_per_floor":[18,18,18,37,53,53,80,80,162,8,83,83,83,96,96,192,192,211,226,226,244,262,262,262,262],"floor_reached":24,"language":"KOR","playtime":1253,"items_purged":["Defend_G"],"score":323,"play_id":"b64b546f-433d-476a-a8c5-64f28f49f712","local_time":"20210126134852","is_ascension_mode":true,"campfire_choices":[{"floor":6,"key":"DIG"},{"floor":8,"key":"DIG"},{"floor":13,"key":"DIG"},{"floor":15,"key":"DIG"},{"data":"Concentrate","floor":23,"key":"SMITH"}],"circlet_count":0,"master_deck":["AscendersBane","Defend_G","Defend_G","Defend_G","Survivor","Neutralize","Reflex","Poisoned Stab","Acrobatics","Flying Knee","Concentrate","Grand Finale","Backflip","Burst","PiercingWail","Dagger Throw","Concentrate+1","Burst","Quick Slash+1"],"relics":["Ring of the Snake","Shovel","Ancient Tea Set","Snake Skull","Eternal Feather","Ornamental Fan","Golden Idol","Oddly Smooth Stone","Pear","Empty Cage"],"acts_visited":["Exordium","TheCity"],"potions_floor_usage":[7,7,18],"damage_taken":[{"damage":7,"enemies":"Small Slimes","floor":1,"turns":5},{"damage":0,"enemies":"2 Louse","floor":4,"turns":3},{"damage":0,"enemies":"Cultist","floor":5,"turns":4},{"damage":20,"enemies":"Gremlin Nob","floor":7,"turns":4},{"damage":0,"enemies":"2 Fungi Beasts","floor":14,"turns":4},{"damage":50,"enemies":"The Guardian","floor":16,"turns":13},{"damage":3,"enemies":"Shell Parasite","floor":18,"turns":4},{"damage":29,"enemies":"Spheric Guardian","floor":19,"turns":9},{"damage":0,"enemies":"Shelled Parasite and Fungi","floor":21,"turns":3},{"damage":8,"enemies":"Snake Plant","floor":22,"turns":7},{"damage":30,"enemies":"Snecko","floor":24,"turns":4}],"seed_played":"1832656477325070565","potions_obtained":[{"floor":1,"key":"EssenceOfSteel"},{"floor":4,"key":"SkillPotion"},{"floor":16,"key":"SneckoOil"},{"floor":18,"key":"Dexterity Potion"},{"floor":21,"key":"Strength Potion"}],"is_trial":false,"path_per_floor":["M","?","?","M","M","R","E","R","T","$","?","?","R","M","R","B",null,"M","M","?","M","M","R","M"],"character_chosen":"THE_SILENT","items_purchased":["Grand Finale"],"campfire_rested":0,"item_purchase_floors":[10],"current_hp_per_floor":[56,56,56,56,56,56,36,36,36,36,25,25,34,34,53,3,57,54,25,25,25,17,26,0,0],"gold":262,"neow_bonus":"ONE_RARE_RELIC","is_daily":false,"chose_seed":false,"campfire_upgraded":1,"win_rate":0.0,"timestamp":1611636532,"path_taken":["M","?","?","M","?","R","E","R","T","$","?","?","R","M","R","BOSS","M","M","?","M","M","R","M"],"items_purchased_type":["Card"],"build_version":"2020-12-22","purchased_purges":1,"victory":false,"max_hp_per_floor":[70,70,70,70,70,70,70,70,70,70,70,65,65,65,75,75,75,75,75,75,75,75,75,75,75],"card_choices":[{"not_picked":["Underhanded Strike","Sucker Punch"],"picked":"Reflex","floor":1},{"not_picked":["Flying Knee","Deflect"],"picked":"Acrobatics","floor":4},{"not_picked":["Accuracy","Sucker Punch"],"picked":"Flying Knee","floor":5},{"not_picked":["Infinite Blades","Deadly Poison"],"picked":"Concentrate","floor":7},{"not_picked":["Blade Dance","Crippling Poison"],"picked":"Backflip","floor":14},{"not_picked":["Doppelganger","Malaise"],"picked":"Burst","floor":16},{"not_picked":["Riddle With Holes","All Out Attack"],"picked":"PiercingWail","floor":18},{"not_picked":["Prepared","Accuracy"],"picked":"Dagger Throw","floor":19},{"not_picked":["Prepared","Skewer","Finisher"],"picked":"SKIP","floor":21},{"not_picked":["Blade Dance","All Out Attack+1"],"picked":"Quick Slash+1","floor":22}],"player_experience":359274,"relics_obtained":[{"floor":6,"key":"Ancient Tea Set"},{"floor":7,"key":"Snake Skull"},{"floor":8,"key":"Eternal Feather"},{"floor":9,"key":"Ornamental Fan"},{"floor":13,"key":"Oddly Smooth Stone"},{"floor":15,"key":"Pear"}],"event_choices":[{"cards_removed":["Strike_G"],"damage_healed":0,"gold_gain":0,"player_choice":"Forget","damage_taken":0,"max_hp_gain":0,"max_hp_loss":0,"event_name":"Living Wall","floor":2,"gold_loss":0},{"damage_healed":0,"gold_gain":0,"cards_transformed":["Strike_G"],"player_choice":"Transformed","damage_taken":0,"max_hp_gain":0,"max_hp_loss":0,"event_name":"Transmorgrifier","floor":3,"gold_loss":0,"cards_obtained":["Poisoned Stab"]},{"damage_healed":0,"gold_gain":75,"player_choice":"Gather Gold","damage_taken":11,"max_hp_gain":0,"max_hp_loss":0,"event_name":"World of Goop","floor":11,"gold_loss":0},{"damage_healed":0,"gold_gain":0,"player_choice":"Lose Max HP","damage_taken":0,"relics_obtained":["Golden Idol"],"max_hp_gain":0,"max_hp_loss":5,"event_name":"Golden Idol","floor":12,"gold_loss":0},{"damage_healed":0,"gold_gain":0,"cards_transformed":["Strike_G","Defend_G"],"player_choice":"Became Test Subject","damage_taken":0,"max_hp_gain":0,"max_hp_loss":0,"event_name":"Drug Dealer","floor":20,"gold_loss":0,"cards_obtained":["Concentrate","Burst"]}],"is_beta":false,"boss_relics":[{"not_picked":["Ectoplasm","Runic Dome"],"picked":"Empty Cage"}],"items_purged_floors":[10],"is_endless":false,"potions_floor_spawned":[1,4,16,18,21,22],"killed_by":"Snecko","ascension_level":13}}