{"host":"edndssuekvzbh3is","time":1611634910,"event":{"mods":["BaseMod","Colored Map","Colored Powertips","Minty Spire (QoL Compilation)","SuperFastMode"],"gold_per_floor":[111,128,203,221,236,236,9,9,9,21,49,61,61,61],"floor_reached":13,"language":"ENG","playtime":317,"items_purged":["Strike_R"],"score":126,"play_id":"4ee4914a-cf8c-4014-8171-3a5c7c12e5bb","local_time":"20210125232150","is_ascension_mode":true,"campfire_choices":[{"data":"Clothesline","floor":6,"key":"SMITH"},{"data":"Hemokinesis","floor":8,"key":"SMITH"}],"circlet_count":0,"master_deck":["Strike_R","Strike_R","Strike_R","Strike_R","Defend_R","Defend_R","Defend_R","Defend_R","Bash","Bloodletting","Shrug It Off","Clothesline+1","Hemokinesis+1","Battle Trance","Shrug It Off"],"relics":["Burning Blood","NeowsBlessing","Frozen Eye","Vajra","Ornamental Fan"],"acts_visited":["Exordium"],"potions_floor_usage":[11,13],"damage_taken":[{"damage":0,"enemies":"Jaw Worm","floor":1,"turns":1},{"damage":7,"enemies":"Small Slimes","floor":2,"turns":2},{"damage":0,"enemies":"Cultist","floor":4,"turns":1},{"damage":11,"enemies":"Blue Slaver","floor":5,"turns":5},{"damage":17,"enemies":"Lots of Slimes","floor":10,"turns":4},{"damage":22,"enemies":"Lagavulin","floor":11,"turns":4},{"damage":13,"enemies":"Looter","floor":12,"turns":2},{"damage":33,"enemies":"3 Sentries","floor":13,"turns":5}],"seed_played":"9163715668163414011","potions_obtained":[{"floor":1,"key":"Energy Potion"},{"floor":5,"key":"SteroidPotion"},{"floor":10,"key":"SneckoOil"}],"is_trial":false,"path_per_floor":["M","M","?","M","M","R","$","R","T","M","E","M","E"],"character_chosen":"IRONCLAD","items_purchased":["Frozen Eye"],"campfire_rested":0,"item_purchase_floors":[7],"current_hp_per_floor":[78,77,66,72,67,67,67,67,67,56,40,33,0,0],"gold":61,"neow_bonus":"THREE_ENEMY_KILL","is_daily":false,"chose_seed":false,"campfire_upgraded":2,"win_rate":0.0,"timestamp":1611634910,"path_taken":["M","M","?","M","M","R","$","R","T","M","E","M","E"],"items_purchased_type":["Relic"],"build_version":"2020-12-22","purchased_purges":1,"victory":false,"max_hp_per_floor":[80,80,80,80,80,80,80,80,80,80,80,80,80,80],"card_choices":[{"not_picked":["Battle Trance","Flame Barrier"],"picked":"Bloodletting","floor":1},{"not_picked":["Infernal Blade","Twin Strike"],"picked":"Shrug It Off","floor":2},{"not_picked":["Seeing Red","Havoc"],"picked":"Clothesline","floor":4},{"not_picked":["Ghostly Armor","Iron Wave"],"picked":"Hemokinesis","floor":5},{"not_picked":["Body Slam","Power Through"],"picked":"Battle Trance","floor":10},{"not_picked":["Dark Embrace","Infernal Blade"],"picked":"Shrug It Off","floor":11},{"not_picked":["Cleave","Havoc","Flex"],"picked":"SKIP","floor":12}],"player_experience":333898,"relics_obtained":[{"floor":9,"key":"Vajra"},{"floor":11,"key":"Ornamental Fan"}],"event_choices":[{"damage_healed":0,"gold_gain":75,"player_choice":"Gather Gold","damage_taken":11,"max_hp_gain":0,"max_hp_loss":0,"event_name":"World of Goop","floor":3,"gold_loss":0}],"is_beta":false,"boss_relics":[],"items_purged_floors":[7],"is_endless":false,"potions_floor_spawned":[1,5,10],"killed_by":"3 Sentries","ascension_level":9}}