{"host":"4cz9gr89nglr7k8k","time":1611690421,"event":{"mods":["BaseMod","Minty Spire (QoL Compilation)","Relic Stats","Slay-I"],"gold_per_floor":[111,36,36,47,61,61,17,17,17,28,28,44,44,44,44,122,122,138,138,53,70,70,70,100,118,141,155,155,155,171,184,184,184,184],"floor_reached":33,"language":"DEU","playtime":666,"items_purged":[],"score":514,"play_id":"cbb0cd45-8b71-41d9-9128-2a0b35db4603","local_time":"20210126204701","is_ascension_mode":true,"campfire_choices":[{"data":"Cleave","floor":6,"key":"SMITH"},{"data":"Metallicize","floor":8,"key":"SMITH"},{"data":"Infernal Blade","floor":13,"key":"SMITH"},{"floor":15,"key":"REST"},{"floor":23,"key":"REST"},{"floor":29,"key":"REST"},{"floor":32,"key":"REST"}],"circlet_count":0,"master_deck":["AscendersBane","Strike_R+1","Strike_R+1","Strike_R+1","Strike_R+1","Strike_R+1","Defend_R+1","Defend_R+1","Defend_R+1","Bash","Flex","Cleave+1","True Grit","Metallicize+1","Hemokinesis","Infernal Blade+1","Immolate","Iron Wave+1","Fire Breathing","Thunderclap","Metallicize+1","Bludgeon","Clothesline","Anger","Ghostly Armor","Spot Weakness"],"relics":["Burning Blood","NeowsBlessing","Bag of Marbles","Letter Opener","InkBottle","Mark of Pain","MutagenicStrength","PreservedInsect","Red Skull"],"acts_visited":["Exordium","TheCity"],"potions_floor_usage":[16],"damage_taken":[{"damage":0,"enemies":"Jaw Worm","floor":1,"turns":1},{"damage":0,"enemies":"Cultist","floor":4,"turns":1},{"damage":0,"enemies":"2 Louse","floor":5,"turns":1},{"damage":0,"enemies":"2 Fungi Beasts","floor":10,"turns":3},{"damage":15,"enemies":"Blue Slaver","floor":12,"turns":2},{"damage":59,"enemies":"The Guardian","floor":16,"turns":14},{"damage":17,"enemies":"3 Byrds","floor":18,"turns":5},{"damage":19,"enemies":"Chosen","floor":21,"turns":4},{"damage":44,"enemies":"Book of Stabbing","floor":24,"turns":5},{"damage":3,"enemies":"Centurion and Healer","floor":25,"turns":4},{"damage":0,"enemies":"3 Cultists","floor":27,"turns":1},{"damage":7,"enemies":"Sentry and Sphere","floor":30,"turns":3},{"damage":0,"enemies":"Snecko","floor":31,"turns":3},{"damage":92,"enemies":"Champ","floor":33,"turns":8}],"seed_played":"7843184592606273572","potions_obtained":[{"floor":4,"key":"Dexterity Potion"},{"floor":10,"key":"ElixirPotion"},{"floor":21,"key":"SpeedPotion"},{"floor":24,"key":"SmokeBomb"},{"floor":27,"key":"FearPotion"},{"floor":30,"key":"Fire Potion"}],"is_trial":false,"path_per_floor":["M","?","T","M","M","R","$","R","T","M","?","M","R","?","R","B",null,"M","?","$","M","?","R","E","M","T","M","?","R","M","M","R","B"],"character_chosen":"IRONCLAD","items_purchased":["Metallicize","Fire Breathing"],"campfire_rested":4,"item_purchase_floors":[7,20],"current_hp_per_floor":[74,74,74,75,75,75,75,75,75,75,70,61,61,61,75,22,62,51,51,51,38,38,60,22,25,25,31,31,53,52,58,75,0,0],"gold":184,"neow_bonus":"THREE_ENEMY_KILL","is_daily":false,"chose_seed":false,"campfire_upgraded":3,"win_rate":0.0,"timestamp":1611690421,"path_taken":["M","?","?","M","?","R","$","R","T","M","?","M","R","?","R","BOSS","M","?","$","M","?","R","E","M","T","?","?","R","M","M","R","BOSS"],"items_purchased_type":["Card","Card"],"build_version":"2020-12-22","purchased_purges":0,"victory":false,"max_hp_per_floor":[75,75,75,75,75,75,75,75,75,75,75,75,75,75,75,75,75,75,75,75,75,75,75,75,75,75,75,75,75,75,75,75,75,75],"relic_stats":{"counters":[14,55],"PreservedInsect":0,"Letter Opener":[35],"obtain_stats":[{"NeowsBlessing":0,"MutagenicStrength":19,"Mark of Pain":17,"PreservedInsect":24,"Bag of Marbles":3,"Letter Opener":9,"Burning Blood":0,"InkBottle":11,"Red Skull":26},{"NeowsBlessing":0,"MutagenicStrength":7,"Mark of Pain":6,"PreservedInsect":9,"Bag of Marbles":1,"Letter Opener":3,"Burning Blood":0,"InkBottle":4,"Red Skull":10},{"NeowsBlessing":0,"MutagenicStrength":27,"Mark of Pain":22,"PreservedInsect":36,"Bag of Marbles":1,"Letter Opener":3,"Burning Blood":0,"InkBottle":6,"Red Skull":40}],"Burning Blood":61,"InkBottle":[16]},"card_choices":[{"not_picked":["Heavy Blade","Perfected Strike"],"picked":"Flex","floor":1},{"not_picked":["Clothesline","Bloodletting"],"picked":"Cleave","floor":4},{"not_picked":["Body Slam","Warcry"],"picked":"True Grit","floor":5},{"not_picked":["Dropkick","Shrug It Off"],"picked":"Hemokinesis","floor":10},{"not_picked":["Bloodletting","Pummel"],"picked":"Infernal Blade","floor":12},{"not_picked":["Double Tap","Exhume"],"picked":"Immolate","floor":16},{"not_picked":["Havoc","Power Through"],"picked":"Iron Wave+1","floor":18},{"not_picked":["Reckless Charge","Warcry"],"picked":"Thunderclap","floor":21},{"not_picked":["Uppercut","Thunderclap"],"picked":"Bludgeon","floor":24},{"not_picked":["Pommel Strike","Heavy Blade+1"],"picked":"Clothesline","floor":25},{"not_picked":["Heavy Blade","Perfected Strike"],"picked":"Anger","floor":27},{"not_picked":["Combust","True Grit"],"picked":"Ghostly Armor","floor":30},{"not_picked":["Perfected Strike","Carnage"],"picked":"Spot Weakness","floor":31}],"player_experience":1525268,"relics_obtained":[{"floor":3,"key":"Bag of Marbles"},{"floor":9,"key":"Letter Opener"},{"floor":24,"key":"PreservedInsect"},{"floor":26,"key":"Red Skull"}],"event_choices":[{"cards_removed":["Defend_R"],"damage_healed":0,"gold_gain":0,"player_choice":"Card Removal","damage_taken":0,"max_hp_gain":0,"max_hp_loss":0,"event_name":"The Cleric","floor":2,"gold_loss":75},{"damage_healed":0,"gold_gain":0,"player_choice":"Success","damage_taken":5,"relics_obtained":["InkBottle"],"max_hp_gain":0,"max_hp_loss":0,"event_name":"Scrap Ooze","floor":11,"gold_loss":0},{"damage_healed":0,"gold_gain":0,"player_choice":"Ignored","damage_taken":0,"max_hp_gain":0,"max_hp_loss":0,"event_name":"Golden Idol","floor":14,"gold_loss":0},{"damage_healed":0,"gold_gain":0,"player_choice":"Inject Mutagens","damage_taken":0,"relics_obtained":["MutagenicStrength"],"max_hp_gain":0,"max_hp_loss":0,"event_name":"Drug Dealer","floor":19,"gold_loss":0},{"damage_healed":0,"gold_gain":0,"player_choice":"Copied","damage_taken":0,"max_hp_gain":0,"max_hp_loss":0,"event_name":"Duplicator","floor":22,"gold_loss":0,"cards_obtained":["Metallicize"]},{"damage_healed":0,"gold_gain":0,"player_choice":"Simplicity","damage_taken":0,"max_hp_gain":0,"max_hp_loss":0,"event_name":"Back to Basics","floor":28,"gold_loss":0,"cards_upgraded":["Strike_R","Strike_R","Strike_R","Strike_R","Strike_R","Defend_R","Defend_R","Defend_R"]}],"is_beta":false,"boss_relics":[{"not_picked":["Calling Bell","Tiny House"],"picked":"Mark of Pain"}],"items_purged_floors":[],"is_endless":false,"potions_floor_spawned":[4,10,21,24,27,30],"killed_by":"Champ","ascension_level":20}}