{"host":"xp5rvh2jwe2ejyfm","time":1611624121,"event":{"mods":["BaseMod","Downfall","Duelist Mod","GifTheSpireLib","Gremlin Mod","Hermit","Hubris","Minty Spire (QoL Compilation)","Robot Space Explorer","StSLib","The Blackbeard","The Clintock","The Construct","The Cursed","The Disciple","The Forsaken","The Hierophant","The Necromancer","The Runesmith","The Servant 0.9.4"],"gold_per_floor":[110,185,201,219,219,219,17,27,27,62,93,105,82,110,122,134,134],"floor_reached":16,"language":"ENG","playtime":472,"items_purged":[],"score":102,"play_id":"3a301037-d4a1-409d-afe7-9c2eedd29ced","local_time":"20210125202201","is_ascension_mode":false,"campfire_choices":[{"data":"hermit:TakeAim","floor":6,"key":"SMITH"},{"floor":12,"key":"REST"},{"data":"hermit:PistolWhip","floor":15,"key":"SMITH"}],"circlet_count":0,"master_deck":["hermit:Strike_Hermit","hermit:Strike_Hermit","hermit:Strike_Hermit","hermit:Strike_Hermit","hermit:Defend_Hermit","hermit:Defend_Hermit","hermit:Defend_Hermit","hermit:Defend_Hermit","hermit:Snapshot+1","hermit:Covet","hermit:LowProfile","hermit:TakeAim+1","hermit:SprayPray","hermit:ItchyTrigger","hermit:Enervate","hermit:PistolWhip+1","hermit:Vantage","hermit:ShadowCloak"],"relics":["hermit:Momento","NeowsBlessing","Chemical X","Letter Opener","MawBank"],"acts_visited":["Exordium"],"potions_floor_usage":[10],"damage_taken":[{"damage":0,"enemies":"Jaw Worm","floor":1,"turns":1},{"damage":0,"enemies":"Small Slimes","floor":3,"turns":1},{"damage":0,"enemies":"2 Louse","floor":4,"turns":1},{"damage":0,"enemies":"Large Slime","floor":8,"turns":5},{"damage":39,"enemies":"3 Sentries","floor":10,"turns":11},{"damage":12,"enemies":"2 Fungi Beasts","floor":11,"turns":3},{"damage":7,"enemies":"Blue Slaver","floor":14,"turns":2},{"damage":50,"enemies":"Slime Boss","floor":16,"turns":9}],"seed_played":"1764061289865200342","potions_obtained":[{"floor":8,"key":"Energy Potion"}],"is_trial":false,"path_per_floor":["M","?","M","M","?","R","$","M","T","E","M","R","?","M","R","B"],"character_chosen":"HERMIT","items_purchased":["Chemical X","hermit:ItchyTrigger"],"campfire_rested":1,"item_purchase_floors":[7,7],"current_hp_per_floor":[75,64,64,64,64,64,64,64,64,25,13,35,53,46,46,0,0],"gold":134,"neow_bonus":"THREE_ENEMY_KILL","is_daily":false,"chose_seed":false,"campfire_upgraded":2,"win_rate":0.0,"timestamp":1611624121,"path_taken":["M","?","M","M","?","R","$","M","T","E","M","R","?","M","R","BOSS"],"items_purchased_type":["Relic","Card"],"build_version":"2020-12-22","purchased_purges":0,"victory":false,"max_hp_per_floor":[75,75,75,75,75,75,75,75,75,75,75,75,75,75,75,75,75],"card_choices":[{"not_picked":["hermit:Coalescence","hermit:Desperado"],"picked":"hermit:LowProfile","floor":1},{"not_picked":["hermit:Midnight","hermit:ItchyTrigger"],"picked":"hermit:TakeAim","floor":3},{"not_picked":["hermit:Snipe","hermit:Feint"],"picked":"hermit:SprayPray","floor":4},{"not_picked":["hermit:SprayPray","hermit:Headshot"],"picked":"hermit:Enervate","floor":8},{"not_picked":["hermit:Misfire","hermit:ShadowCloak"],"picked":"hermit:PistolWhip","floor":10},{"not_picked":["hermit:Snipe","hermit:FromBeyond"],"picked":"hermit:Vantage","floor":11},{"not_picked":["hermit:HighCaliber","hermit:Dive"],"picked":"hermit:ShadowCloak","floor":14}],"player_experience":344234,"relics_obtained":[{"floor":9,"key":"Letter Opener"},{"floor":10,"key":"MawBank"}],"event_choices":[{"damage_healed":0,"gold_gain":75,"player_choice":"Gather Gold","damage_taken":11,"max_hp_gain":0,"max_hp_loss":0,"event_name":"World of Goop","floor":2,"gold_loss":0},{"damage_healed":18,"gold_gain":0,"player_choice":"Healed","damage_taken":0,"max_hp_gain":0,"max_hp_loss":0,"event_name":"The Cleric","floor":13,"gold_loss":35}],"is_beta":false,"boss_relics":[],"items_purged_floors":[],"is_endless":false,"potions_floor_spawned":[8],"killed_by":"Slime Boss","ascension_level":0}}