{"host":"928gv66myv2vlnsd","time":1611686023,"event":{"mods":["BaseMod","Minty Spire (QoL Compilation)","StSLib"],"gold_per_floor":[115,115,290,48,62,94,94,94,119,131,161,179,34,48,48,48,48],"floor_reached":16,"language":"ENG","playtime":461,"items_purged":["Doubt","Strike_G"],"score":230,"play_id":"c5ac0aaa-0f55-4a64-8b82-9c781aedd954","local_time":"20210126133343","is_ascension_mode":true,"campfire_choices":[{"data":"Neutralize","floor":7,"key":"SMITH"},{"floor":15,"key":"REST"}],"circlet_count":0,"master_deck":["AscendersBane","Strike_G","Strike_G","Strike_G","Defend_G","Defend_G","Defend_G","Defend_G","Defend_G","Survivor","Neutralize+1","Underhanded Strike","Flying Knee","Acrobatics+1","Noxious Fumes","Underhanded Strike","Dagger Throw","Unload+1","Reflex","Tactician","Terror","Footwork","Noxious Fumes"],"relics":["Ring of the Snake","NeowsBlessing","Pear","Boot","The Courier"],"acts_visited":["Exordium"],"potions_floor_usage":[16,16],"damage_taken":[{"damage":0,"enemies":"Jaw Worm","floor":1,"turns":1},{"damage":0,"enemies":"Small Slimes","floor":5,"turns":1},{"damage":0,"enemies":"3 Sentries","floor":6,"turns":1},{"damage":0,"enemies":"Cultist","floor":10,"turns":3},{"damage":35,"enemies":"Lagavulin","floor":11,"turns":5},{"damage":0,"enemies":"Blue Slaver","floor":12,"turns":3},{"damage":3,"enemies":"Exordium Wildlife","floor":14,"turns":5},{"damage":40,"enemies":"Slime Boss","floor":16,"turns":7}],"seed_played":"-4346083382648027932","potions_obtained":[{"floor":6,"key":"FearPotion"},{"floor":10,"key":"Swift Potion"}],"is_trial":false,"path_per_floor":["M","?","?","$","M","E","R","?","T","M","E","M","$","M","R","B"],"character_chosen":"THE_SILENT","items_purchased":["Acrobatics","Noxious Fumes","Underhanded Strike","Footwork"],"campfire_rested":1,"item_purchase_floors":[4,4,4,13],"current_hp_per_floor":[59,59,59,59,59,69,69,54,54,54,19,19,19,16,38,0,0],"gold":48,"neow_bonus":"THREE_ENEMY_KILL","is_daily":false,"chose_seed":false,"campfire_upgraded":1,"win_rate":0.0,"timestamp":1611686023,"path_taken":["M","?","?","$","M","E","R","?","T","M","E","M","$","M","R","BOSS"],"items_purchased_type":["Card","Card","Card","Card"],"build_version":"2020-12-22","purchased_purges":2,"victory":false,"max_hp_per_floor":[66,66,66,66,66,76,76,76,76,76,76,76,76,76,76,76,76],"card_choices":[{"not_picked":["Cloak And Dagger","Deadly Poison"],"picked":"Underhanded Strike","floor":1},{"not_picked":["Flechettes","Dodge and Roll"],"picked":"Dagger Throw","floor":5},{"not_picked":["Blur","Flying Knee"],"picked":"Unload","floor":6},{"not_picked":["Acrobatics","Bane"],"picked":"Reflex","floor":10},{"not_picked":["Night Terror","Choke"],"picked":"Tactician","floor":11},{"not_picked":["Finisher","Expertise"],"picked":"Terror","floor":12},{"not_picked":["Reflex","Caltrops"],"picked":"Noxious Fumes","floor":14}],"player_experience":1340129,"relics_obtained":[{"floor":6,"key":"Pear"},{"floor":9,"key":"Boot"},{"floor":11,"key":"The Courier"}],"event_choices":[{"damage_healed":0,"gold_gain":0,"cards_transformed":["Strike_G"],"player_choice":"Change","damage_taken":0,"max_hp_gain":0,"max_hp_loss":0,"event_name":"Living Wall","floor":2,"gold_loss":0,"cards_obtained":["Flying Knee"]},{"damage_healed":0,"gold_gain":175,"player_choice":"AGREE","damage_taken":0,"max_hp_gain":0,"max_hp_loss":0,"event_name":"Liars Game","floor":3,"gold_loss":0,"cards_obtained":["Doubt"]},{"damage_healed":0,"gold_gain":0,"player_choice":"Entered Light","damage_taken":15,"max_hp_gain":0,"max_hp_loss":0,"event_name":"Shining Light","floor":8,"gold_loss":0,"cards_upgraded":["Acrobatics","Unload"]}],"is_beta":false,"boss_relics":[],"items_purged_floors":[4,13],"is_endless":false,"potions_floor_spawned":[6,10,11,12],"killed_by":"Slime Boss","ascension_level":14}}