{"host":"xmr2g8b7eju0288o","time":1611680904,"event":{"mods":["AchievementEnabler","BaseMod","Colored Map","Colored Powertips","Infinite Spire","KOR Keyword Fix","Minty Spire (QoL Compilation)","Quick Restart","Replay The Spire","Spicy Shops","StSLib","SuperFastMode"],"gold_per_floor":[109,159,18,35,35,35,60,74,122,122,122,122],"floor_reached":11,"language":"KOR","playtime":345,"items_purged":[],"score":142,"play_id":"62a3901c-1963-466b-ad59-d7a3a87f83f4","local_time":"20210127020824","daily_mods":["Heirloom","DeadlyEvents","Elite Swarm"],"is_ascension_mode":true,"campfire_choices":[{"data":"Blade Dance","floor":6.0,"key":"SMITH"},{"floor":10,"key":"REST"}],"circlet_count":0,"master_deck":["AscendersBane","Strike_G","Strike_G","Strike_G","Strike_G","Strike_G","Defend_G","Defend_G","Defend_G","Defend_G","Defend_G","Survivor","Neutralize","Blade Dance+1","Blade Dance","ReplayTheSpireMod:IOU","Adrenaline+1","PiercingWail","ReplayTheSpireMod:Restless Dread"],"relics":["Ring of the Snake","Bird Faced Urn","Ring of Greed","Ring of Fangs","Golden Egg","Membership Card","Ninja Scroll","Ancient Tea Set","infinitespire:PuzzleCube"],"acts_visited":["Exordium"],"potions_floor_usage":[11],"damage_taken":[{"damage":4.0,"enemies":"Small Slimes","floor":1.0,"turns":4.0},{"damage":6.0,"enemies":"Jaw Worm","floor":4.0,"turns":4.0},{"damage":47,"enemies":"3 Sentries","floor":7,"turns":14},{"damage":1,"enemies":"Cultist","floor":8,"turns":4},{"damage":10,"enemies":"Gremlin Nob","floor":11,"turns":3}],"seed_played":"-2381748923615343195","potions_obtained":[{"floor":8,"key":"Fire Potion"}],"is_trial":true,"path_per_floor":["M","?","$","M","?","R","E","M","T","R","E"],"character_chosen":"THE_SILENT","items_purchased":["Ninja Scroll"],"campfire_rested":1,"item_purchase_floors":[3],"current_hp_per_floor":[55,55,55,49,49,49,2,1,1,20,10,10],"gold":122,"neow_bonus":"","is_daily":false,"chose_seed":false,"campfire_upgraded":1,"win_rate":0.0,"timestamp":1611680904,"path_taken":["M","?","$","M","?","R","?","M","T","R","E"],"items_purchased_type":["Relic"],"build_version":"2020-12-22","purchased_purges":0,"victory":false,"max_hp_per_floor":[66,66,66,66,66,66,66,66,66,66,66,66],"card_choices":[{"not_picked":["ReplayTheSpireMod:Scrap Shanks","PiercingWail"],"picked":"Blade Dance","floor":1.0},{"not_picked":["Poisoned Stab","Dodge and Roll"],"picked":"Blade Dance","floor":4.0},{"not_picked":["Grand Finale","Wraith Form v2"],"picked":"Adrenaline","floor":7},{"not_picked":["Acrobatics","Sucker Punch"],"picked":"PiercingWail","floor":8}],"player_experience":75574,"relics_obtained":[{"floor":2.0,"key":"Ring of Greed"},{"floor":2.0,"key":"Ring of Fangs"},{"floor":2.0,"key":"Golden Egg"},{"floor":2.0,"key":"Membership Card"},{"floor":7,"key":"Ancient Tea Set"},{"floor":9,"key":"infinitespire:PuzzleCube"}],"event_choices":[{"damage_healed":0.0,"max_hp_gain":0.0,"max_hp_loss":0.0,"gold_gain":0.0,"cards_transformed":["ReplayTheSpireMod:Doomed"],"event_name":"Transmorgrifier","player_choice":"Transformed","floor":5.0,"gold_loss":0.0,"damage_taken":0.0,"cards_obtained":["ReplayTheSpireMod:IOU"]}],"is_beta":false,"boss_relics":[],"items_purged_floors":[],"is_endless":false,"potions_floor_spawned":[8],"killed_by":"Gremlin Nob","ascension_level":20}}