{"host":"vld99k9l4elccfy8","time":1611638440,"event":{"mods":["AchievementEnabler","BaseMod","Bestiary","Block Reminder","Colored Map","Colored Powertips","Custom Start","Highlight Path","Minty Spire (QoL Compilation)","Permanent Neow","Rare Cards Sparkle"],"gold_per_floor":[13,13,13,13,13,13,36,36,61,79,79,95,170,170,170,271,271,271,271,290,300,300,300,300],"floor_reached":23,"language":"ENG","playtime":1219,"items_purged":[],"score":202,"play_id":"e5b111e5-cf90-4eef-a7e5-a7f0f9a685f1","local_time":"20210125222040","is_ascension_mode":false,"campfire_choices":[{"data":"Fire Breathing","floor":6.0,"key":"SMITH"},{"data":"The Bomb","floor":8.0,"key":"SMITH"},{"floor":11.0,"key":"REST"},{"data":"Armaments","floor":15.0,"key":"SMITH"}],"circlet_count":0,"master_deck":["Bash+1","The Bomb+1","Fire Breathing+1","Wild Strike","Heavy Blade","Armaments+1","Demon Form","Dropkick","Barricade","Metallicize","Body Slam","Intimidate","Sword Boomerang","Reaper","Sword Boomerang","Armaments+1","Warcry","Ghostly","Ghostly","Ghostly","Ghostly","Ghostly"],"relics":["Burning Blood","Pen Nib","Smiling Mask","Dream Catcher","Pandora\u0027s Box"],"acts_visited":["Exordium","TheCity"],"potions_floor_usage":[],"damage_taken":[{"damage":10.0,"enemies":"Small Slimes","floor":1.0,"turns":4.0},{"damage":12.0,"enemies":"2 Louse","floor":10.0,"turns":4.0},{"damage":1.0,"enemies":"Jaw Worm","floor":12.0,"turns":3.0},{"damage":33.0,"enemies":"Slime Boss","floor":16.0,"turns":8.0},{"damage":0.0,"enemies":"2 Thieves","floor":18.0,"turns":1.0},{"damage":12.0,"enemies":"Chosen","floor":20.0,"turns":4.0},{"damage":23.0,"enemies":"Snecko","floor":21.0,"turns":4.0},{"damage":53,"enemies":"Sentry and Sphere","floor":23,"turns":7}],"seed_played":"-7704616119878939813","potions_obtained":[{"floor":10.0,"key":"Weak Potion"},{"floor":12.0,"key":"SmokeBomb"},{"floor":20.0,"key":"Fire Potion"},{"floor":21.0,"key":"Ancient Potion"}],"is_trial":false,"path_per_floor":["M","$","?","?","$","R","T","R","T","M","R","M","?","?","R","B",null,"M","?","M","M","?","M"],"character_chosen":"IRONCLAD","items_purchased":[],"campfire_rested":1,"item_purchase_floors":[],"current_hp_per_floor":[76,76,76,69,69,69,69,69,69,63,80,80,69,69,69,42,80,80,80,80,69,40,0,0],"gold":300,"neow_bonus":"RANDOM_COLORLESS_2","is_daily":false,"chose_seed":false,"campfire_upgraded":3,"win_rate":0.0,"timestamp":1611638440,"path_taken":["M","$","?","?","$","R","?","R","T","?","R","M","?","?","R","BOSS","M","?","M","?","?","M"],"items_purchased_type":[],"build_version":"2020-12-22","purchased_purges":0,"victory":false,"max_hp_per_floor":[80,80,80,80,80,80,80,80,80,80,80,80,80,80,80,80,80,80,80,80,80,40,40,40],"card_choices":[{"not_picked":["Metamorphosis","Chrysalis"],"picked":"The Bomb","floor":0.0},{"not_picked":["Headbutt","Bloodletting"],"picked":"Fire Breathing","floor":1.0},{"not_picked":["Spot Weakness","Twin Strike"],"picked":"Wild Strike","floor":10.0},{"not_picked":["Flex","Iron Wave"],"picked":"Heavy Blade","floor":11.0},{"not_picked":["Searing Blow","Heavy Blade"],"picked":"Armaments","floor":12.0},{"not_picked":["Double Tap","Fiend Fire"],"picked":"Demon Form","floor":16.0},{"not_picked":["Pommel Strike","Cleave+1"],"picked":"Armaments+1","floor":20.0},{"not_picked":["Pommel Strike","Anger"],"picked":"Warcry","floor":21.0}],"player_experience":293572,"relics_obtained":[{"floor":7.0,"key":"Smiling Mask"},{"floor":9.0,"key":"Dream Catcher"}],"event_choices":[{"damage_healed":0.0,"max_hp_gain":0.0,"max_hp_loss":0.0,"gold_gain":0.0,"event_name":"Living Wall","player_choice":"Grow","floor":3.0,"gold_loss":0.0,"damage_taken":0.0,"cards_upgraded":["Bash"]},{"damage_healed":0.0,"max_hp_gain":0.0,"max_hp_loss":0.0,"gold_gain":0.0,"event_name":"Scrap Ooze","player_choice":"Success","floor":4.0,"gold_loss":0.0,"damage_taken":7.0,"relics_obtained":["Pen Nib"]},{"damage_healed":0.0,"max_hp_gain":0.0,"max_hp_loss":0.0,"gold_gain":75.0,"event_name":"World of Goop","player_choice":"Gather Gold","floor":13.0,"gold_loss":0.0,"damage_taken":11.0},{"damage_healed":0.0,"max_hp_gain":0.0,"max_hp_loss":0.0,"gold_gain":0.0,"event_name":"The Cleric","player_choice":"Leave","floor":14.0,"gold_loss":0.0,"damage_taken":0.0},{"cards_removed":["Perfected Strike"],"damage_healed":0.0,"max_hp_gain":0.0,"max_hp_loss":0.0,"gold_gain":0.0,"event_name":"Wheel of Change","player_choice":"Card Removal","floor":19.0,"gold_loss":0.0,"damage_taken":0.0},{"damage_healed":0.0,"max_hp_gain":0.0,"max_hp_loss":40.0,"gold_gain":0.0,"event_name":"Ghosts","player_choice":"Became a Ghost","floor":22.0,"gold_loss":0.0,"damage_taken":0.0,"cards_obtained":["Ghostly","Ghostly","Ghostly","Ghostly","Ghostly"]}],"is_beta":false,"boss_relics":[{"not_picked":["Runic Dome","Sozu"],"picked":"Pandora\u0027s Box"}],"items_purged_floors":[],"is_endless":false,"potions_floor_spawned":[10,12,20,21],"killed_by":"Sentry and Sphere","ascension_level":0}}