{"host":"alk2ftu785mujiir","time":1611687626,"event":{"mods":["BaseMod","Colored Map","Downfall","Minty Spire (QoL Compilation)","StSLib"],"gold_per_floor":[99,115,132,132,149,149,201,1,31,16,33,33,44,79,99,204,204,204,215,215,77,97,116,116,116,146,146,146,172,72,72,91,187,187,187,203,223,236,231,331,355,368,1,32,32,62,112,122,139,139,139,167,17,17,17,17,17,17],"floor_reached":56,"language":"ENG","playtime":3225,"items_purged":["Regret","Writhe","bronze:Strike"],"score":819,"play_id":"5be3d044-171d-4940-bbf5-46d340cbaaef","local_time":"20210126140026","is_ascension_mode":true,"campfire_choices":[{"floor":1.0,"key":"RECALL"},{"data":"bronze:OilSpill","floor":8.0,"key":"SMITH"},{"floor":12.0,"key":"REST"},{"data":"bronze:Philosophize","floor":18.0,"key":"SMITH"},{"data":"bronze:Iterate","floor":25.0,"key":"SMITH"},{"floor":28.0,"key":"REST"},{"floor":30.0,"key":"REST"},{"data":"bronze:OilSpill","floor":35.0,"key":"SMITH"},{"floor":45.0,"key":"REST"},{"floor":54,"key":"REST"}],"circlet_count":0,"master_deck":["bronze:Strike","bronze:Strike","bronze:Strike","bronze:Defend","bronze:Defend","bronze:Defend","bronze:Defend","bronze:Replicate","bronze:Goto+1","Trip+1","bronze:OilSpill+1","bronze:OilSpill+1","bronze:Shell+1","bronze:Frontload+1","bronze:CleanCode","bronze:Constructor","bronze:Invalidate","bronze:Verify","bronze:Philosophize+1","bronze:OilSpill+1","bronze:FineTuning","bronze:Iterate+1","bronze:Repulsor+1","bronze:OilSpill+1","bronze:Boost+1","bronze:Constructor+1","bronze:WildBeam+1","Parasite","bronze:Iterate+1","expansioncontent:YouAreMine","bronze:BugBarrage+1","bronze:DelayedGuard"],"relics":["bronze:PlatinumCore","hexamod:BolsterEngine","downfall:HeartBlessingBlue","downfall:HeartBlessingRed","Oddly Smooth Stone","Potion Belt","Vajra","HornCleat","Sundial","Unceasing Top","downfall:HeartBlessingGreen","Runic Pyramid","PreservedInsect","Nunchaku","Ornamental Fan","Eternal Feather","Pantograph","Lizard Tail","Gremlin Horn"],"acts_visited":["Exordium","TheCity","TheBeyond","TheEnding"],"potions_floor_usage":[52,52,55,55,55,55,55],"damage_taken":[{"damage":1.0,"enemies":"Jaw Worm","floor":2.0,"turns":4.0},{"damage":7.0,"enemies":"2 Louse","floor":3.0,"turns":2.0},{"damage":0.0,"enemies":"Cultist","floor":5.0,"turns":2.0},{"damage":5.0,"enemies":"Gremlin Nob","floor":9.0,"turns":3.0},{"damage":2.0,"enemies":"downfall:FleeingMerchant","floor":10.0,"turns":4.0},{"damage":1.0,"enemies":"Large Slime","floor":11.0,"turns":2.0},{"damage":12.0,"enemies":"3 Louse","floor":13.0,"turns":4.0},{"damage":12.0,"enemies":"Lagavulin","floor":14.0,"turns":5.0},{"damage":0.0,"enemies":"Red Slaver","floor":15.0,"turns":2.0},{"damage":71.0,"enemies":"SI_SHIV_ARCHETYPE","floor":16.0,"turns":7.0},{"damage":5.0,"enemies":"Chosen","floor":19.0,"turns":5.0},{"damage":7.0,"enemies":"downfall:FleeingMerchant","floor":21.0,"turns":4.0},{"damage":6.0,"enemies":"3 Byrds","floor":22.0,"turns":7.0},{"damage":12.0,"enemies":"Shelled Parasite and Fungi","floor":23.0,"turns":5.0},{"damage":20.0,"enemies":"Book of Stabbing","floor":26.0,"turns":5.0},{"damage":32.0,"enemies":"Gremlin Leader","floor":29.0,"turns":8.0},{"damage":1.0,"enemies":"Snecko","floor":32.0,"turns":4.0},{"damage":8.0,"enemies":"WA_ARCHETYPE_CALM","floor":33.0,"turns":5.0},{"damage":4.0,"enemies":"Orb Walker","floor":36.0,"turns":2.0},{"damage":11.0,"enemies":"3 Shapes","floor":37.0,"turns":4.0},{"damage":9.0,"enemies":"Writhing Mass","floor":38.0,"turns":4.0},{"damage":0.0,"enemies":"downfall:FleeingMerchant","floor":39.0,"turns":4.0},{"damage":40.0,"enemies":"Transient","floor":42.0,"turns":5.0},{"damage":16.0,"enemies":"Giant Head","floor":44.0,"turns":6.0},{"damage":8.0,"enemies":"Reptomancer","floor":46.0,"turns":3.0},{"damage":0.0,"enemies":"Reptomancer","floor":47.0,"turns":3.0},{"damage":0.0,"enemies":"3 Darklings","floor":48.0,"turns":4.0},{"damage":13.0,"enemies":"Jaw Worm Horde","floor":49.0,"turns":4.0},{"damage":114.0,"enemies":"IC_BLOCK_ARCHETYPE","floor":50.0,"turns":10.0},{"damage":76,"enemies":"downfall:CharBossMerchant","floor":52,"turns":7},{"damage":13,"enemies":"downfall:NeowBoss","floor":55,"turns":12},{"damage":90,"enemies":"downfall:NeowBossFinal","floor":56,"turns":8}],"seed_played":"-3917854163082840567","potions_obtained":[{"floor":5.0,"key":"Regen Potion"},{"floor":9.0,"key":"Fire Potion"},{"floor":11.0,"key":"Regen Potion"},{"floor":14.0,"key":"LiquidMemories"},{"floor":22.0,"key":"bronze:BurnAndBuffPotion"},{"floor":23.0,"key":"bronze:CleanCodePotion"},{"floor":27.0,"key":"CultistPotion"},{"floor":33.0,"key":"LiquidBronze"},{"floor":36.0,"key":"FairyPotion"},{"floor":42.0,"key":"SteroidPotion"},{"floor":44.0,"key":"LiquidMemories"},{"floor":46.0,"key":"Ancient Potion"}],"is_trial":false,"path_per_floor":["R","M","M","?","M","?","T","R","E","$","M","R","M","E","M","B",null,"R","M","?","$","M","M","T","R","E","?","R","E","R","?","M","B",null,"R","M","M","M","$","?","T","M","$","E","R","E","?","M","M","B",null,"E","$","R","B","B"],"character_chosen":"THE_AUTOMATON","items_purchased":["bronze:Iterate","expansioncontent:YouAreMine","PreservedInsect","Ornamental Fan","SpeedPotion","Ancient Potion","bronze:DelayedGuard"],"campfire_rested":5,"item_purchase_floors":[21,39,39,43,53,53,53],"current_hp_per_floor":[70,69,62,44,44,44,44,54,49,47,46,70,58,46,46,10,80,80,75,75,68,62,50,50,50,30,30,54,22,46,46,45,37,80,80,76,65,56,56,56,56,16,16,24,66,58,80,80,67,24,80,4,4,46,58,0,0,0],"gold":17,"neow_bonus":"RANDOM_COLORLESS","is_daily":false,"chose_seed":false,"campfire_upgraded":4,"win_rate":0.0,"timestamp":1611687626,"path_taken":["R","M","M","?","M","?","T","R","E","$","?","R","M","E","M","BOSS","R","M","?","$","M","M","T","R","E","?","R","E","R","?","M","BOSS","R","M","M","M","$","?","T","M","?","E","R","E","?","M","M","BOSS","E","$","R","BOSS","BOSS"],"items_purchased_type":["Card","Card","Relic","Relic","Potion","Potion","Card"],"build_version":"2020-12-22","purchased_purges":3,"victory":false,"max_hp_per_floor":[70,70,70,70,70,70,70,80,80,80,80,80,80,80,80,80,80,80,80,80,80,80,80,80,80,80,80,80,80,80,80,80,80,80,80,80,80,80,80,80,80,80,80,80,80,80,80,80,80,80,80,80,80,80,80,80,80,80],"card_choices":[{"not_picked":["Blind","Enlightenment"],"picked":"Trip","floor":0.0},{"not_picked":["bronze:Invalidate","bronze:DelayedGuard"],"picked":"bronze:OilSpill","floor":2.0},{"not_picked":["bronze:FineTuning","bronze:Repulsor"],"picked":"bronze:OilSpill","floor":3.0},{"not_picked":["bronze:Turbo","bronze:Safeguard"],"picked":"bronze:Shell","floor":5.0},{"not_picked":["bronze:CloningBeam","bronze:Shell"],"picked":"bronze:Frontload","floor":9.0},{"not_picked":["bronze:Safeguard","bronze:NullPointer"],"picked":"bronze:CleanCode","floor":10.0},{"not_picked":["bronze:DelayedGuard","bronze:Separator"],"picked":"bronze:Constructor","floor":11.0},{"not_picked":["bronze:Terminator","bronze:FineTuning"],"picked":"bronze:Invalidate","floor":13.0},{"not_picked":["bronze:ChosenStrike","bronze:BitShift"],"picked":"bronze:Verify","floor":14.0},{"not_picked":["bronze:WildBeam","bronze:BitShift"],"picked":"bronze:Philosophize","floor":15.0},{"not_picked":["bronze:WhirlingStrike","bronze:BuggyMess"],"picked":"bronze:OilSpill","floor":19.0},{"not_picked":["bronze:DigitalCarnage+1","bronze:Overheat+1"],"picked":"bronze:FineTuning","floor":21.0},{"not_picked":["bronze:ForceShield","bronze:CutThrough+1"],"picked":"bronze:Repulsor+1","floor":22.0},{"not_picked":["bronze:WhirlingStrike","bronze:ItsAFeature","bronze:Repulsor"],"picked":"SKIP","floor":23.0},{"not_picked":["bronze:AlphaBuild","bronze:FineTuning"],"picked":"bronze:OilSpill+1","floor":26.0},{"not_picked":["bronze:OilSpill","bronze:FineTuning"],"picked":"bronze:Boost+1","floor":29.0},{"not_picked":["bronze:Philosophize","bronze:BuggyMess","bronze:Allocate"],"picked":"SKIP","floor":32.0},{"not_picked":["bronze:Frontload+1","bronze:CutThrough"],"picked":"bronze:Constructor+1","floor":36.0},{"not_picked":["bronze:Allocate+1","bronze:Shield+1"],"picked":"bronze:WildBeam+1","floor":37.0},{"not_picked":["bronze:WhirlingStrike+1","bronze:Separator","bronze:Backtrace+1"],"picked":"SKIP","floor":38.0},{"not_picked":["bronze:Return+1","bronze:FineTuning+1"],"picked":"bronze:Iterate+1","floor":39.0},{"not_picked":["bronze:CloningBeam","bronze:Format","bronze:Philosophize"],"picked":"SKIP","floor":42.0},{"not_picked":["bronze:Turbo+1","bronze:ForceShield","bronze:NullPointer+1"],"picked":"SKIP","floor":44.0},{"not_picked":["bronze:OilSpill","bronze:BuggyMess+1","bronze:CutThrough+1"],"picked":"SKIP","floor":46.0},{"not_picked":["bronze:BitShift+1","bronze:Branch+1"],"picked":"bronze:BugBarrage+1","floor":48.0},{"not_picked":["bronze:Fortify+1","bronze:Shield+1","bronze:DigitalCarnage"],"picked":"SKIP","floor":49.0},{"not_picked":["bronze:Separator","bronze:ChildClass","bronze:OilSpill+1"],"picked":"SKIP","floor":52}],"player_experience":1774342,"relics_obtained":[{"floor":9.0,"key":"Oddly Smooth Stone"},{"floor":14.0,"key":"Potion Belt"},{"floor":24.0,"key":"HornCleat"},{"floor":26.0,"key":"Sundial"},{"floor":29.0,"key":"Unceasing Top"},{"floor":41.0,"key":"Nunchaku"},{"floor":44.0,"key":"Eternal Feather"},{"floor":46.0,"key":"Pantograph"},{"floor":47.0,"key":"Lizard Tail"},{"floor":52,"key":"Gremlin Horn"}],"event_choices":[{"damage_healed":0.0,"max_hp_gain":0.0,"max_hp_loss":0.0,"gold_gain":0.0,"event_name":"Scrap Ooze","player_choice":"Success","floor":4.0,"gold_loss":0.0,"damage_taken":18.0,"relics_obtained":["hexamod:BolsterEngine"]}],"is_beta":false,"boss_relics":[{"not_picked":["Astrolabe","SlaversCollar"],"picked":"bronze:PlatinumCore"},{"not_picked":["Velvet Choker","Runic Dome"],"picked":"Runic Pyramid"}],"items_purged_floors":[21,39,43],"is_endless":false,"potions_floor_spawned":[5,9,11,14,22,23,33,36,42,44,46,48],"killed_by":"downfall:NeowBossFinal","ascension_level":1}}