{"host":"z9811rt50ti81n54","time":1611670082,"event":{"mods":["BaseMod","Minty Spire (QoL Compilation)","StSLib","The Marked"],"gold_per_floor":[109,109,120,14,30,30,30,50,50,62,62,75,92,105,105,203,203,216,216,216,226,237,237,255,255,280,57,68,83,83,96,96,96,96],"floor_reached":33,"language":"ENG","playtime":1075,"items_purged":["theMarked:Strike"],"score":245,"play_id":"d5f45fd8-d153-4c25-9b2c-2c721419f9c2","local_time":"20210126230802","is_ascension_mode":false,"campfire_choices":[{"data":"theMarked:LightningStrikesTwice","floor":7.0,"key":"SMITH"},{"data":"theMarked:EmpowerWeapon","floor":11.0,"key":"SMITH"},{"data":"theMarked:Indomitable","floor":15.0,"key":"SMITH"},{"data":"theMarked:DispelDoubt","floor":23.0,"key":"SMITH"},{"data":"theMarked:Defy","floor":25.0,"key":"SMITH"},{"floor":32.0,"key":"REST"}],"circlet_count":0,"master_deck":["theMarked:Strike","theMarked:Strike","theMarked:Defend","theMarked:Defend","theMarked:Defend+1","theMarked:Defend","theMarked:SoldierOfQuellstein+1","theMarked:WastefulAttack","theMarked:ChainLightning","theMarked:Opportunist","theMarked:LightningStrikesTwice+1","theMarked:RepellingDischarge+1","theMarked:EmpowerWeapon+1","theMarked:Parry","theMarked:Standoff","theMarked:Indomitable+1","theMarked:KeepCalmAndFight","theMarked:DispelDoubt+1","CurseOfTheBell","theMarked:TwofoldDefense+1","Shame","theMarked:KeepCalmAndFight","theMarked:Memento","theMarked:ContemptForTheProud+1","theMarked:Defy+1","Injury","theMarked:SelfDefenseTraining+1","theMarked:Improvise","theMarked:WastefulAttack+1"],"relics":["Cursed Key","Calling Bell","theMarked:Gun","Vajra","Girya","Meat on the Bone","War Paint","Lee\u0027s Waffle"],"acts_visited":["Exordium","TheCity"],"potions_floor_usage":[33,33,33,33,33,33,33],"damage_taken":[{"damage":2.0,"enemies":"2 Louse","floor":1.0,"turns":2.0},{"damage":0.0,"enemies":"Cultist","floor":3.0,"turns":2.0},{"damage":11.0,"enemies":"Jaw Worm","floor":5.0,"turns":2.0},{"damage":5.0,"enemies":"3 Louse","floor":8.0,"turns":3.0},{"damage":5.0,"enemies":"Lots of Slimes","floor":10.0,"turns":3.0},{"damage":0.0,"enemies":"2 Fungi Beasts","floor":12.0,"turns":3.0},{"damage":0.0,"enemies":"Red Slaver","floor":13.0,"turns":2.0},{"damage":6.0,"enemies":"Lots of Slimes","floor":14.0,"turns":3.0},{"damage":36.0,"enemies":"The Guardian","floor":16.0,"turns":8.0},{"damage":2.0,"enemies":"Spheric Guardian","floor":18.0,"turns":3.0},{"damage":39.0,"enemies":"3 Byrds","floor":21.0,"turns":8.0},{"damage":5.0,"enemies":"Cultist and Chosen","floor":22.0,"turns":6.0},{"damage":15.0,"enemies":"Centurion and Healer","floor":24.0,"turns":6.0},{"damage":21.0,"enemies":"Snake Plant","floor":28.0,"turns":3.0},{"damage":26.0,"enemies":"Shelled Parasite and Fungi","floor":29.0,"turns":3.0},{"damage":4.0,"enemies":"3 Cultists","floor":31.0,"turns":4.0},{"damage":74,"enemies":"Champ","floor":33,"turns":8}],"seed_played":"6835976895745940918","potions_obtained":[{"floor":5.0,"key":"PowerPotion"},{"floor":13.0,"key":"Dexterity Potion"},{"floor":14.0,"key":"Block Potion"},{"floor":16.0,"key":"EntropicBrew"},{"floor":18.0,"key":"EntropicBrew"}],"is_trial":false,"path_per_floor":["M","?","M","$","M","?","R","M","T","M","R","M","M","M","R","B",null,"M","?","?","M","M","R","M","R","T","$","M","M","?","M","R","B"],"character_chosen":"THE_DEFAULT","items_purchased":["theMarked:Opportunist","theMarked:LightningStrikesTwice","Lee\u0027s Waffle"],"campfire_rested":1,"item_purchase_floors":[4,4,27],"current_hp_per_floor":[68,68,68,68,57,57,57,52,52,47,47,47,47,41,41,5,70,68,68,68,41,36,36,33,33,33,77,56,42,36,44,67,0,0],"gold":96,"neow_bonus":"BOSS_RELIC","is_daily":false,"chose_seed":false,"campfire_upgraded":5,"win_rate":0.0,"timestamp":1611670082,"path_taken":["M","?","?","$","M","?","R","M","T","M","R","?","M","M","R","BOSS","M","?","?","?","M","R","M","R","T","$","M","M","?","?","R","BOSS"],"items_purchased_type":["Card","Card","Relic"],"build_version":"2020-12-22","purchased_purges":1,"victory":false,"max_hp_per_floor":[70,70,70,70,70,70,70,70,70,70,70,70,70,70,70,70,70,70,70,70,70,70,70,70,70,70,77,77,77,77,77,77,77,77],"card_choices":[{"not_picked":["theMarked:SwordAndMagic","theMarked:WardOff"],"picked":"theMarked:WastefulAttack","floor":1.0},{"not_picked":["theMarked:Aftermath","theMarked:Parry"],"picked":"theMarked:ChainLightning","floor":3.0},{"not_picked":["theMarked:WastefulAttack","theMarked:Aftermath"],"picked":"theMarked:RepellingDischarge","floor":5.0},{"not_picked":["theMarked:BanishingStrike","theMarked:RepellingDischarge"],"picked":"theMarked:EmpowerWeapon","floor":8.0},{"not_picked":["theMarked:Electrify","theMarked:EmpowerWeapon"],"picked":"theMarked:Parry","floor":10.0},{"not_picked":["theMarked:WardOff","theMarked:ChainLightning"],"picked":"theMarked:Standoff","floor":12.0},{"not_picked":["theMarked:Heritage","theMarked:ChainLightning"],"picked":"theMarked:Indomitable","floor":13.0},{"not_picked":["theMarked:BanishingStrike","theMarked:GodGivenPower"],"picked":"theMarked:KeepCalmAndFight","floor":14.0},{"not_picked":["theMarked:SuspiciousRaven","theMarked:Snap"],"picked":"theMarked:DispelDoubt","floor":16.0},{"not_picked":["theMarked:Memento","theMarked:Parkour"],"picked":"theMarked:TwofoldDefense+1","floor":18.0},{"not_picked":["theMarked:Aftermath","theMarked:Static"],"picked":"theMarked:Memento","floor":21.0},{"not_picked":["theMarked:Maelstrom","theMarked:Parkour+1"],"picked":"theMarked:ContemptForTheProud+1","floor":22.0},{"not_picked":["theMarked:MysticalArsenal","theMarked:Frustration+1"],"picked":"theMarked:Defy","floor":24.0},{"not_picked":["theMarked:BanishingStrike","theMarked:SwordAndMagic+1"],"picked":"theMarked:SelfDefenseTraining+1","floor":28.0},{"not_picked":["theMarked:BanishingStrike","theMarked:ChainLightning"],"picked":"theMarked:Improvise","floor":29.0},{"not_picked":["theMarked:Improvise","theMarked:ResourceFulStrike"],"picked":"theMarked:WastefulAttack+1","floor":31.0}],"player_experience":427258,"relics_obtained":[{"floor":17.0,"key":"theMarked:Gun"},{"floor":17.0,"key":"Vajra"},{"floor":17.0,"key":"Girya"},{"floor":26.0,"key":"War Paint"}],"event_choices":[{"damage_healed":0.0,"max_hp_gain":0.0,"max_hp_loss":0.0,"gold_gain":0.0,"event_name":"Upgrade Shrine","player_choice":"Upgraded","floor":2.0,"gold_loss":0.0,"damage_taken":0.0,"cards_upgraded":["theMarked:SoldierOfQuellstein"]},{"cards_removed":["theMarked:Strike"],"damage_healed":0.0,"max_hp_gain":0.0,"max_hp_loss":0.0,"gold_gain":0.0,"event_name":"Purifier","player_choice":"Purged","floor":6.0,"gold_loss":0.0,"damage_taken":0.0},{"damage_healed":0.0,"max_hp_gain":0.0,"max_hp_loss":0.0,"gold_gain":0.0,"event_name":"Addict","player_choice":"Stole Relic","floor":19.0,"gold_loss":0.0,"damage_taken":0.0,"relics_obtained":["Meat on the Bone"],"cards_obtained":["Shame"]},{"damage_healed":0.0,"max_hp_gain":0.0,"max_hp_loss":0.0,"gold_gain":0.0,"cards_transformed":["theMarked:Strike"],"event_name":"Transmorgrifier","player_choice":"Transformed","floor":20.0,"gold_loss":0.0,"damage_taken":0.0,"cards_obtained":["theMarked:KeepCalmAndFight"]},{"damage_healed":0.0,"max_hp_gain":0.0,"max_hp_loss":0.0,"gold_gain":0.0,"event_name":"Knowing Skull","player_choice":"","floor":30.0,"potions_obtained":[],"gold_loss":0.0,"damage_taken":6.0,"cards_obtained":[]}],"is_beta":false,"boss_relics":[{"not_picked":["theMarked:Eyepatch","Coffee Dripper"],"picked":"Calling Bell"}],"items_purged_floors":[27],"is_endless":false,"potions_floor_spawned":[5,13,14,16,18,24,28],"killed_by":"Champ","ascension_level":0}}