{"host":"3d8t1b2vmfpvguqe","time":1611695063,"event":{"mods":["AchievementEnabler","BaseMod","Block Reminder","Minty Spire (QoL Compilation)","Slay the Relics Exporter","StSLib","UnlockEverythingMod"],"gold_per_floor":[113,188,206,77,27,59,59,78,105,5,0,19,19,91,91,192,192,203,214,52,52,68,68,80,110,134,134,153,153,153],"floor_reached":29,"language":"ENG","playtime":1114,"items_purged":["Strike_G","Defend_G"],"score":268,"play_id":"7785b054-af6b-44c7-be5d-038353dc9dab","local_time":"20210126150423","is_ascension_mode":false,"campfire_choices":[{"data":"Neutralize","floor":7,"key":"SMITH"},{"floor":15,"key":"REST"},{"data":"Footwork","floor":23,"key":"SMITH"},{"floor":27,"key":"REST"}],"circlet_count":0,"master_deck":["Strike_G","Strike_G","Strike_G","Defend_G","Defend_G","Defend_G","Survivor","Neutralize+1","Acrobatics","PiercingWail","Slice","Well Laid Plans","Footwork+1","Slice","Phantasmal Killer+1","Cloak And Dagger+1","Infinite Blades+1","Apotheosis+1","Footwork","Caltrops","A Thousand Cuts","Accuracy+1"],"relics":["Ring of the Snake","NeowsBlessing","Art of War","Pen Nib","Toxic Egg 2","Philosopher\u0027s Stone","PreservedInsect"],"acts_visited":["Exordium","TheCity"],"potions_floor_usage":[11,16,22,24,29],"damage_taken":[{"damage":0,"enemies":"Small Slimes","floor":1,"turns":1},{"damage":0,"enemies":"2 Louse","floor":3,"turns":1},{"damage":0,"enemies":"Gremlin Nob","floor":6,"turns":1},{"damage":0,"enemies":"Cultist","floor":8,"turns":4},{"damage":0,"enemies":"Looter","floor":11,"turns":4},{"damage":0,"enemies":"3 Louse","floor":12,"turns":4},{"damage":69,"enemies":"Hexaghost","floor":16,"turns":17},{"damage":17,"enemies":"Chosen","floor":18,"turns":7},{"damage":6,"enemies":"Spheric Guardian","floor":19,"turns":4},{"damage":0,"enemies":"Centurion and Healer","floor":22,"turns":5},{"damage":8,"enemies":"3 Cultists","floor":24,"turns":5},{"damage":24,"enemies":"Slavers","floor":25,"turns":6},{"damage":14,"enemies":"Sentry and Sphere","floor":28,"turns":4},{"damage":29,"enemies":"Masked Bandits","floor":29,"turns":3}],"seed_played":"-828648743060497863","potions_obtained":[{"floor":8,"key":"ColorlessPotion"},{"floor":12,"key":"SkillPotion"},{"floor":16,"key":"ColorlessPotion"},{"floor":18,"key":"Swift Potion"},{"floor":22,"key":"SpeedPotion"},{"floor":28,"key":"Poison Potion"}],"is_trial":false,"path_per_floor":["M","?","M","$","?","E","R","M","T","$","M","M","?","T","R","B",null,"M","M","$","?","M","R","M","E","T","R","M","?"],"character_chosen":"THE_SILENT","items_purchased":["Slice","Apotheosis+1"],"campfire_rested":2,"item_purchase_floors":[4,20],"current_hp_per_floor":[70,59,59,59,59,59,59,59,59,59,59,59,52,52,70,1,70,53,47,47,47,47,47,39,15,15,36,22,0,0],"gold":153,"neow_bonus":"THREE_ENEMY_KILL","is_daily":false,"chose_seed":false,"campfire_upgraded":2,"win_rate":0.0,"timestamp":1611695063,"path_taken":["M","?","M","$","?","E","R","M","T","$","M","M","?","?","R","BOSS","M","M","$","?","M","R","M","E","T","R","M","?"],"items_purchased_type":["Card","Card"],"build_version":"2020-12-22","purchased_purges":2,"victory":false,"max_hp_per_floor":[70,70,70,70,70,70,70,70,70,70,70,70,70,70,70,70,70,70,70,70,70,70,70,70,70,70,70,70,70,70],"card_choices":[{"not_picked":["Bane","Expertise"],"picked":"Acrobatics","floor":1},{"not_picked":["Outmaneuver","Bouncing Flask"],"picked":"PiercingWail","floor":3},{"not_picked":["Expertise","Bouncing Flask"],"picked":"Well Laid Plans","floor":6},{"not_picked":["PiercingWail","Backflip"],"picked":"Footwork","floor":8},{"not_picked":["Quick Slash","Deflect","Flechettes"],"picked":"SKIP","floor":11},{"not_picked":["Well Laid Plans","Acrobatics"],"picked":"Slice","floor":12},{"not_picked":["Doppelganger+1","Adrenaline+1"],"picked":"Phantasmal Killer+1","floor":16},{"not_picked":["Underhanded Strike","Dagger Throw"],"picked":"Cloak And Dagger+1","floor":18},{"not_picked":["Quick Slash","Tactician+1"],"picked":"Infinite Blades+1","floor":19},{"not_picked":["Dagger Throw","Predator"],"picked":"Footwork","floor":22},{"not_picked":["Tactician+1","Prepared+1"],"picked":"Caltrops","floor":24},{"not_picked":["Escape Plan+1","Adrenaline+1"],"picked":"A Thousand Cuts","floor":25},{"not_picked":["Quick Slash","Flechettes"],"picked":"Accuracy+1","floor":28}],"player_experience":4112,"relics_obtained":[{"floor":6,"key":"Art of War"},{"floor":9,"key":"Pen Nib"},{"floor":14,"key":"Toxic Egg 2"},{"floor":25,"key":"PreservedInsect"}],"event_choices":[{"damage_healed":0,"gold_gain":75,"player_choice":"Gather Gold","damage_taken":11,"max_hp_gain":0,"max_hp_loss":0,"event_name":"World of Goop","floor":2,"gold_loss":0},{"cards_removed":["Defend_G"],"damage_healed":0,"gold_gain":0,"player_choice":"Card Removal","damage_taken":0,"max_hp_gain":0,"max_hp_loss":0,"event_name":"The Cleric","floor":5,"gold_loss":50},{"cards_removed":["Strike_G"],"damage_healed":0,"gold_gain":0,"player_choice":"Card Removal","damage_taken":7,"max_hp_gain":0,"max_hp_loss":0,"event_name":"Golden Wing","floor":13,"gold_loss":0},{"damage_healed":0,"gold_gain":0,"player_choice":"Ignored","damage_taken":0,"max_hp_gain":0,"max_hp_loss":0,"event_name":"The Mausoleum","floor":21,"gold_loss":0},{"damage_healed":0,"gold_gain":0,"player_choice":"Fought Bandits","damage_taken":0,"max_hp_gain":0,"max_hp_loss":0,"event_name":"Masked Bandits","floor":29,"gold_loss":0}],"is_beta":false,"boss_relics":[{"not_picked":["Empty Cage","Velvet Choker"],"picked":"Philosopher\u0027s Stone"}],"items_purged_floors":[4,10],"is_endless":false,"potions_floor_spawned":[8,12,16,18,22,28],"killed_by":"Masked Bandits","ascension_level":0}}