{"host":"fg94kxzxekcpxgqf","time":1611662196,"event":{"mods":["Arknights The Spire","BaseMod","Downfall","Marisa£®ÏF”Í°°ƒß¿Ì…≥£©","Minty Spire (QoL Compilation)","Prisma Mod","StSLib","The Bladedancer","The Servant 0.9.4","TheBandit","Youmu£®ªÍ∆«—˝√Œ£©"],"gold_per_floor":[99,114,114,129,129,159,171,198,210,272,284,311,338,350,377,489,501,513,540,567,579,591,603,615,627,669,696,723,735,747,774,801,913,925,937,964,976,1003,1030,485,510,545,545,545],"floor_reached":43,"language":"ZHS","playtime":3741,"items_purged":[],"score":487,"play_id":"3b7c1eaa-1269-4b48-a66c-4d8aa057596d","local_time":"20210126195636","daily_mods":["Heirloom","Purple Cards","Elite Swarm"],"is_ascension_mode":false,"campfire_choices":[{"data":"PrismaMod:IllyaUncommonDefend","floor":1,"key":"SMITH"},{"floor":9,"key":"DIG"},{"floor":11,"key":"DIG"},{"floor":18,"key":"DIG"},{"floor":23,"key":"RECALL"},{"floor":25,"key":"DIG"},{"floor":35,"key":"DIG"}],"circlet_count":0,"master_deck":["PrismaMod:IllyaCommonAttack","PrismaMod:IllyaCommonAttack","PrismaMod:IllyaCommonDefend","PrismaMod:IllyaCommonDefend","PrismaMod:IllyaCommonAttack","PrismaMod:IllyaCommonDefend","PrismaMod:IllyaUncommonAttack","PrismaMod:IllyaUncommonDefend+1","PrismaMod:IllyaBlindPoisonToss","PrismaMod:IllyaUncommonEvoke","PrismaMod:IllyaSaphire","PrismaMod:IllyaInstallArcher","PrismaMod:IllyaCheapChannelDefend","PrismaMod:IllyaCarnivalOrbs","PrismaMod:IllyaUncommonDefend","PrismaMod:IllyaFeed+1","PrismaMod:IllyaGrail","PrismaMod:IllyaInstallRuler","PrismaMod:IllyaPartialInstallAssassin","PrismaMod:IllyaCheapAttack","PrismaMod:IllyaInstallShielder","PrismaMod:IllyaCommonEvoke+1","PrismaMod:IllyaFriendMaker","PrismaMod:IllyaSaphire","PrismaMod:IllyaCheapChannelDefend","PrismaMod:IllyaZwei","PrismaMod:IllyaDualEvoke","PrismaMod:IllyaBlindPoisonToss","PrismaMod:IllyaFeed","PrismaMod:IllyaCheapChannelPoison","PrismaMod:IllyaCheapChannelPoison","PrismaMod:IllyaUberPoisonChannel","PrismaMod:IllyaRubysPotion","PrismaMod:IllyaRubysPotion+1","PrismaMod:IllyaBlindPoisonToss","PrismaMod:IllyaDualEvoke","PrismaMod:IllyaBoysLove+1","PrismaMod:IllyaAssassinRevenge+1","PrismaMod:IllyaAssassinRevenge","expansioncontent:DashGenerateEvil"],"relics":["PrismaMod:PrismaRuby","Gambling Chip","Shovel","MawBank","hexamod:BolsterEngine","Strawberry","Mercury Hourglass","Black Star","Dead Branch","Regal Pillow","Nunchaku","Tiny Chest","Prayer Wheel","Meat on the Bone","Empty Cage","Slimebound:StickyStick","Shuriken","Membership Card","Singing Bowl","champ:DuelingGlove","Whetstone"],"acts_visited":["Exordium","TheCity","TheBeyond"],"potions_floor_usage":[10,16,16,33,33,33,38,39,42],"damage_taken":[{"damage":0,"enemies":"Jaw Worm","floor":2,"turns":3},{"damage":0,"enemies":"Cultist","floor":4,"turns":4},{"damage":11,"enemies":"3 Sentries","floor":6,"turns":15},{"damage":2,"enemies":"2 Louse","floor":8,"turns":3},{"damage":9,"enemies":"Lagavulin","floor":10,"turns":6},{"damage":0,"enemies":"Blue Slaver","floor":12,"turns":4},{"damage":0,"enemies":"2 Fungi Beasts","floor":13,"turns":3},{"damage":0,"enemies":"3 Louse","floor":15,"turns":2},{"damage":12,"enemies":"Slime Boss","floor":16,"turns":5},{"damage":9,"enemies":"3 Byrds","floor":19,"turns":5},{"damage":10,"enemies":"Shell Parasite","floor":20,"turns":4},{"damage":31,"enemies":"Slavers","floor":26,"turns":5},{"damage":0,"enemies":"Centurion and Healer","floor":27,"turns":8},{"damage":0,"enemies":"Snake Plant","floor":28,"turns":5},{"damage":4,"enemies":"3 Cultists","floor":31,"turns":4},{"damage":3,"enemies":"Chosen and Byrds","floor":32,"turns":5},{"damage":58,"enemies":"IC_MUSHROOM_ARCHETYPE","floor":33,"turns":11},{"damage":13,"enemies":"3 Shapes","floor":36,"turns":4},{"damage":68,"enemies":"3 Darklings","floor":38,"turns":8},{"damage":21,"enemies":"Sphere and 2 Shapes","floor":39,"turns":4},{"damage":4,"enemies":"downfall:FleeingMerchant","floor":40,"turns":4},{"damage":40,"enemies":"Spire Growth","floor":42,"turns":5},{"damage":64,"enemies":"3 Darklings","floor":43,"turns":4}],"seed_played":"-4735054310349275430","potions_obtained":[{"floor":6,"key":"Block Potion"},{"floor":10,"key":"Fire Potion"},{"floor":15,"key":"SpeedPotion"},{"floor":16,"key":"DuplicationPotion"},{"floor":26,"key":"CultistPotion"},{"floor":28,"key":"champ:CounterPotion"},{"floor":36,"key":"Explosive Potion"},{"floor":38,"key":"LiquidBronze"}],"is_trial":false,"path_per_floor":["R","M","?","M","?","E","T","M","R","E","R","M","M","?","M","B",null,"R","M","M","?","?","R","T","R","E","M","M","?","?","M","M","B",null,"R","M","T","M","M","$","T","M","M"],"character_chosen":"ILLYA","items_purchased":["Membership Card","Singing Bowl","champ:DuelingGlove","expansioncontent:DashGenerateEvil","BlessingOfTheForge"],"campfire_rested":0,"item_purchase_floors":[40,40,40,40,40],"current_hp_per_floor":[75,75,75,75,75,64,64,62,62,68,68,68,68,68,68,56,82,82,73,78,78,78,78,78,78,47,63,68,82,82,82,82,54,82,82,69,69,33,29,47,47,54,0,0],"gold":545,"neow_bonus":"","is_daily":true,"chose_seed":false,"campfire_upgraded":1,"win_rate":0.0,"timestamp":1611662196,"path_taken":["R","M","?","?","?","E","T","M","R","E","R","?","M","?","M","BOSS","R","M","M","?","?","R","T","R","E","M","M","?","?","?","M","BOSS","R","M","?","M","M","$","T","M","?"],"items_purchased_type":["Relic","Relic","Relic","Card","Potion"],"build_version":"2020-12-22","purchased_purges":0,"victory":false,"max_hp_per_floor":[75,75,75,75,75,75,75,75,75,82,82,82,82,82,82,82,82,82,82,82,82,82,82,82,82,82,82,82,82,82,82,82,82,82,82,82,82,82,82,82,82,86,86,86],"card_choices":[{"not_picked":["PrismaMod:IllyaMaid","PrismaMod:IllyaUncommonAttack"],"picked":"PrismaMod:IllyaBlindPoisonToss","floor":2},{"not_picked":["PrismaMod:IllyaCarnivalAttack","PrismaMod:IllyaFeed"],"picked":"PrismaMod:IllyaSaphire","floor":4},{"not_picked":["PrismaMod:IllyaUberAttackChannel","PrismaMod:IllyaCarnivalAttack"],"picked":"PrismaMod:IllyaInstallArcher","floor":6},{"not_picked":["PrismaMod:IllyaUpgradeOrbs","PrismaMod:IllyaMinorZwei"],"picked":"PrismaMod:IllyaCheapChannelDefend","floor":8},{"not_picked":["PrismaMod:IllyaInstallLancer","PrismaMod:IllyaInstallArcher"],"picked":"PrismaMod:IllyaCarnivalOrbs","floor":10},{"not_picked":["PrismaMod:IllyaStunPoison","PrismaMod:IllyaBerserCAR"],"picked":"PrismaMod:IllyaUncommonDefend","floor":12},{"not_picked":["PrismaMod:IllyaEvokeAll","PrismaMod:IllyaUncommonAOEAttack"],"picked":"PrismaMod:IllyaFeed","floor":13},{"not_picked":["PrismaMod:IllyaRussianRoulette","PrismaMod:IllyaReinForce"],"picked":"PrismaMod:IllyaGrail","floor":15},{"not_picked":["PrismaMod:IllyaInstallAvenger","PrismaMod:IllyaCarnivalDefend"],"picked":"PrismaMod:IllyaInstallRuler","floor":16},{"not_picked":["PrismaMod:IllyaGun+1","PrismaMod:IllyaFeed+1"],"picked":"PrismaMod:IllyaPartialInstallAssassin","floor":19},{"not_picked":["PrismaMod:IllyaBoysLove","PrismaMod:IllyaHassanGift"],"picked":"PrismaMod:IllyaCheapAttack","floor":20},{"not_picked":["PrismaMod:IllyaInstallRider","PrismaMod:IllyaInstallAssassin"],"picked":"PrismaMod:IllyaInstallShielder","floor":26},{"not_picked":["PrismaMod:IllyaCheapChannelDefend","PrismaMod:IllyaAOECommonAttack"],"picked":"PrismaMod:IllyaCommonEvoke","floor":27},{"not_picked":["PrismaMod:IllyaStunPoison","PrismaMod:IllyaFeed"],"picked":"PrismaMod:IllyaFriendMaker","floor":27},{"not_picked":["PrismaMod:IllyaUncommonAOEAttack","PrismaMod:IllyaUberChannel"],"picked":"PrismaMod:IllyaSaphire","floor":28},{"not_picked":["PrismaMod:IllyaCheapChannelAttack","PrismaMod:IllyaMinorReinForce"],"picked":"PrismaMod:IllyaCheapChannelDefend","floor":28},{"not_picked":["PrismaMod:IllyaPoisoningPhantasm+1","PrismaMod:IllyaMinorRapidFire"],"picked":"PrismaMod:IllyaBlindPoisonToss","floor":31},{"not_picked":["PrismaMod:IllyaMinorRapidFire","PrismaMod:IllyaUberAttackChannel"],"picked":"PrismaMod:IllyaFeed","floor":31},{"not_picked":["PrismaMod:IllyaPoisoningPhantasm","PrismaMod:IllyaUncommonAttack+1"],"picked":"PrismaMod:IllyaCheapChannelPoison","floor":32},{"not_picked":["PrismaMod:IllyaGun","PrismaMod:IllyaUncommonAttack"],"picked":"PrismaMod:IllyaCheapChannelPoison","floor":32},{"not_picked":["PrismaMod:IllyaCarnivalOrbs","PrismaMod:IllyaUberDefendChannel"],"picked":"PrismaMod:IllyaUberPoisonChannel","floor":33},{"not_picked":["PrismaMod:IllyaBerserCAR","PrismaMod:IllyaGrailKun"],"picked":"PrismaMod:IllyaRubysPotion","floor":36},{"not_picked":["PrismaMod:IllyaCarnivalOrbs","PrismaMod:IllyaPartialInstallAssassin"],"picked":"PrismaMod:IllyaRubysPotion+1","floor":36},{"not_picked":["PrismaMod:IllyaDevil","PrismaMod:IllyaUberChannel"],"picked":"PrismaMod:IllyaBlindPoisonToss","floor":38},{"not_picked":["PrismaMod:IllyaSaphire","PrismaMod:IllyaUncommonEvoke"],"picked":"PrismaMod:IllyaDualEvoke","floor":38},{"not_picked":["PrismaMod:IllyaFeed","PrismaMod:IllyaGrailKun"],"picked":"PrismaMod:IllyaBoysLove+1","floor":39},{"not_picked":["PrismaMod:IllyaUncommonEvoke","PrismaMod:IllyaCheapChannelAttack"],"picked":"PrismaMod:IllyaAssassinRevenge+1","floor":39},{"not_picked":["PrismaMod:IllyaFriendMaker","PrismaMod:IllyaPartialInstallAssassin"],"picked":"PrismaMod:IllyaAssassinRevenge","floor":40},{"not_picked":["PrismaMod:IllyaCarnivalAttack","PrismaMod:IllyaCheapChannelDefend+1","PrismaMod:IllyaBerserCAR"],"picked":"Singing Bowl","floor":42},{"not_picked":["PrismaMod:IllyaReinForce","PrismaMod:IllyaBride+1","PrismaMod:IllyaCommonEvoke"],"picked":"Singing Bowl","floor":42}],"player_experience":2813,"relics_obtained":[{"floor":5,"key":"Shovel"},{"floor":6,"key":"MawBank"},{"floor":9,"key":"hexamod:BolsterEngine"},{"floor":10,"key":"Strawberry"},{"floor":11,"key":"Mercury Hourglass"},{"floor":18,"key":"Dead Branch"},{"floor":24,"key":"Nunchaku"},{"floor":25,"key":"Tiny Chest"},{"floor":26,"key":"Prayer Wheel"},{"floor":26,"key":"Meat on the Bone"},{"floor":35,"key":"Slimebound:StickyStick"},{"floor":37,"key":"Shuriken"},{"floor":41,"key":"Whetstone"}],"event_choices":[{"damage_healed":0,"gold_gain":0,"cards_transformed":["PrismaMod:IllyaCommonDefend"],"player_choice":"Transformed","damage_taken":0,"max_hp_gain":0,"max_hp_loss":0,"event_name":"Transmorgrifier","floor":3,"gold_loss":0,"cards_obtained":["PrismaMod:IllyaUncommonEvoke"]},{"damage_healed":0,"gold_gain":0,"player_choice":"Relic","damage_taken":0,"max_hp_gain":0,"max_hp_loss":0,"event_name":"Wheel of Change","floor":5,"gold_loss":0},{"damage_healed":0,"gold_gain":0,"player_choice":"Ignored","damage_taken":0,"max_hp_gain":0,"max_hp_loss":0,"event_name":"Golden Wing","floor":14,"gold_loss":0},{"damage_healed":0,"gold_gain":0,"player_choice":"Stole Relic","damage_taken":0,"relics_obtained":["Regal Pillow"],"max_hp_gain":0,"max_hp_loss":0,"event_name":"Addict","floor":21,"gold_loss":0,"cards_obtained":["Pride"]},{"damage_healed":0,"gold_gain":0,"player_choice":"Ignored","damage_taken":0,"max_hp_gain":0,"max_hp_loss":0,"event_name":"Ghosts","floor":22,"gold_loss":0},{"damage_healed":27,"gold_gain":0,"player_choice":"Heal","damage_taken":0,"max_hp_gain":0,"max_hp_loss":0,"event_name":"The Library","floor":29,"gold_loss":0},{"damage_healed":0,"gold_gain":0,"cards_transformed":["PrismaMod:IllyaCommonAttack","PrismaMod:IllyaCommonDefend"],"player_choice":"Became Test Subject","damage_taken":0,"max_hp_gain":0,"max_hp_loss":0,"event_name":"Drug Dealer","floor":30,"gold_loss":0,"cards_obtained":["PrismaMod:IllyaZwei","PrismaMod:IllyaDualEvoke"]}],"is_beta":false,"boss_relics":[{"not_picked":["Fusion Hammer","Sozu"],"picked":"Black Star"},{"not_picked":["Runic Pyramid","Coffee Dripper"],"picked":"Empty Cage"}],"items_purged_floors":[],"is_endless":false,"potions_floor_spawned":[6,10,15,16,26,28,36,38],"killed_by":"3 Darklings","ascension_level":0}}