{"host":"bx8ylsmj2ob6hd5u","time":1611682604,"event":{"mods":["AchievementEnabler","Act Like it!","Aspiration","BaseMod","Colored Map","Colored Powertips","Decade(???)","Downfall","Duelist Mod","Friendly Minions","Gensokyo","GifTheSpireLib","Hallownest","Hermit","Highlight Path","HololiveMod","Hubris","Infinite Spire","Jorbs\u0027s Wanderer Trilogy","KinomotoSakuraMod(????)","Kiyohime????","Koishi","KomeijiMod","Lobotomy","LobotomyExtend","Marisa????????","Minty Spire (QoL Compilation)","Prisma Mod","Rare Cards Sparkle","Reimu??????","Remilia??????","Replay The Spire","Shop Mod","StSLib","SuperFastMode","Td1madao Mod","The Administrix","The Animator","The Bug Knight","The Construct","The Cursed","The Disciple","The Hierophant","The Jungle","The Necromancer","The Poker Player","The Runesmith","The Senshi","The Servant 0.9.4","WarShipGirlsR/????R mod"],"gold_per_floor":[114,114,126,145,158,158,175,215,289,289,308,308,170,170,170,273,273,263,276,266,282,301,301,301,301],"floor_reached":24,"language":"ENG","playtime":5111,"items_purged":[],"score":240,"play_id":"323390d4-38a3-46d5-a2a4-d7c71113d753","local_time":"20210126193644","is_ascension_mode":false,"campfire_choices":[{"floor":6,"key":"REST"},{"floor":12,"key":"REST"},{"floor":15,"key":"REST"},{"floor":23,"key":"REST"}],"circlet_count":0,"master_deck":["Strike_P","Strike_P","Strike_P","Strike_P","Defend_P","Defend_P","Defend_P","Defend_P","Eruption","Vigilance","VoidDream","Evaluate","Study+1","SingingMachine","FlurryOfBlows","OSAHOGD","Establishment","MHz","Replay:ManipulateFuture","Scarecrow","ConjureBlade","Perseverance","WindmillStrike","LongBird","WindmillStrike","Gensokyo:LockedMedkit","Alriune","MasterReality","BeautyBeast","Consecrate","PunishingBird","ClearTheMind+1","TalkToTheHand","Nirvana","BlueStar","Sanctity","Gensokyo:SummonYinYangFox","Mercenary","Fasting2"],"relics":["PureWater","CogitoBucket","LetterFromLob","infinitespire:Beetle Shell","ReplayTheSpireMod:Shallot","SkinProphecy","hubris:Icosahedron","Philosopher\u0027s Stone","ChangeAnything","Gensokyo:Companionship"],"acts_visited":["Exordium","TheCity"],"potions_floor_usage":[11,16,16,16,19,19,22],"damage_taken":[{"damage":3,"enemies":"Gensokyo:2_Kodama","floor":1,"turns":7},{"damage":9,"enemies":"Gensokyo:Gryphon","floor":3,"turns":7},{"damage":9,"enemies":"Gensokyo:3_Fairies","floor":4,"turns":6},{"damage":7,"enemies":"Gensokyo:VengefulSpirit","floor":5,"turns":4},{"damage":19,"enemies":"Gensokyo:5_Fairies","floor":7,"turns":5},{"damage":13,"enemies":"Gensokyo:2_Rabbits","floor":11,"turns":6},{"damage":47,"enemies":"Gensokyo:Kokoro","floor":16,"turns":12},{"damage":12,"enemies":"2 Thieves","floor":18,"turns":4},{"damage":26,"enemies":"Sentry and Sphere","floor":19,"turns":6},{"damage":4,"enemies":"Snake Plant","floor":21,"turns":4},{"damage":41,"enemies":"Cultist and Chosen","floor":22,"turns":6},{"damage":56,"enemies":"Snecko","floor":24,"turns":4}],"seed_played":"49391299630745827","potions_obtained":[{"floor":3,"key":"Block Potion"},{"floor":5,"key":"SteroidPotion"},{"floor":8,"key":"PowerPotion"},{"floor":11,"key":"SkillPotion"},{"floor":18,"key":"Reflective Coating"},{"floor":21,"key":"Fruit Juice"}],"is_trial":false,"path_per_floor":["M","?","M","M","M","R","M","?","T","?","M","R","COS","?","R","B",null,"M","M","?","M","M","R","M"],"character_chosen":"WATCHER","items_purchased":[],"campfire_rested":4,"item_purchase_floors":[],"current_hp_per_floor":[69,69,60,51,44,65,46,28,28,35,26,47,47,47,68,29,74,62,44,44,48,12,38,0,0],"gold":301,"neow_bonus":"","is_daily":false,"chose_seed":false,"campfire_upgraded":0,"win_rate":0.0,"timestamp":1611682604,"path_taken":["M","?","M","M","M","R","M","?","T","?","M","R","COS","?","R","BOSS","M","M","?","M","M","R","M"],"items_purchased_type":[],"build_version":"2020-12-22","purchased_purges":0,"victory":false,"max_hp_per_floor":[72,72,72,72,72,72,72,72,72,72,72,72,72,72,72,74,74,76,78,78,80,89,89,91,91],"card_choices":[{"not_picked":["WallGazer","PunishingBird"],"picked":"VoidDream","floor":1},{"not_picked":["Replay:AtTheReady","DeceiveReality"],"picked":"Evaluate","floor":1},{"not_picked":["WallGazer","SpiderBud"],"picked":"SingingMachine","floor":3},{"not_picked":["Protect","CrushJoints"],"picked":"FlurryOfBlows","floor":3},{"not_picked":["ShyLook","Scorched","NakedNest"],"picked":"Singing Bowl","floor":4},{"not_picked":["Murderer","MeatLantern"],"picked":"OSAHOGD","floor":4},{"not_picked":["SandsOfTime","CrushJoints"],"picked":"Establishment","floor":4},{"not_picked":["BeautyBeast","QueenOfHatred"],"picked":"MHz","floor":5},{"not_picked":["Replay:BluntJabs","EmptyBody"],"picked":"Replay:ManipulateFuture","floor":5},{"not_picked":["Bloodbath","WhitesApple"],"picked":"Scarecrow","floor":7},{"not_picked":["EmptyFist","DeceiveReality"],"picked":"ConjureBlade","floor":7},{"not_picked":["Replay:ManipulateFuture","Conclude"],"picked":"Perseverance","floor":8},{"not_picked":["Evaluate","ThirdEye"],"picked":"WindmillStrike","floor":8},{"not_picked":["LittlePrince","PunishingBird"],"picked":"LongBird","floor":11},{"not_picked":["ClearTheMind","Replay:ManipulateFuture"],"picked":"WindmillStrike","floor":11},{"not_picked":["Wellcheers","MeatLantern"],"picked":"Alriune","floor":16},{"not_picked":["Scrawl","LessonLearned"],"picked":"MasterReality","floor":16},{"not_picked":["Variant","SpiderBud"],"picked":"BeautyBeast","floor":18},{"not_picked":["SashWhip","Evaluate"],"picked":"Consecrate","floor":18},{"not_picked":["HappyTeddy","Funeral"],"picked":"PunishingBird","floor":19},{"not_picked":["WreathOfFlame","ReachHeaven"],"picked":"ClearTheMind+1","floor":19},{"not_picked":[],"picked":"TalkToTheHand","floor":20},{"not_picked":[],"picked":"Nirvana","floor":20},{"not_picked":["SpiderBud","Bloodbath"],"picked":"BlueStar","floor":21},{"not_picked":["FlurryOfBlows","Evaluate"],"picked":"Sanctity","floor":21},{"not_picked":["Wellcheers","Laetitia"],"picked":"Mercenary","floor":22},{"not_picked":["JustLucky+1","Replay:BluntJabs"],"picked":"Fasting2","floor":22}],"player_experience":1481432,"relics_obtained":[{"floor":1,"key":"LetterFromLob"},{"floor":8,"key":"infinitespire:Beetle Shell"},{"floor":9,"key":"ReplayTheSpireMod:Shallot"}],"event_choices":[],"is_beta":false,"boss_relics":[{"not_picked":["Black Star","Velvet Choker"],"picked":"Philosopher\u0027s Stone"}],"items_purged_floors":[],"is_endless":false,"potions_floor_spawned":[3,5,11,18,21],"killed_by":"Snecko","ascension_level":0}}