{"host":"vyjryxuuuxkt43k4","time":1611620928,"event":{"mods":["AchievementEnabler","BaseMod","Colored Map","DeckTracker","Keyboard Shortcuts","Minty Spire (QoL Compilation)","Permanent Neow","Quick Restart","Rare Cards Sparkle","StSLib","SuperFastMode","everything is the same but u backflip on backflip"],"gold_per_floor":[113,113,131,146,146,146,165,165,165],"floor_reached":8,"language":"KOR","playtime":234,"items_purged":[],"score":96,"play_id":"4f57dc04-ed67-47ca-9b47-ddf9eb523eea","local_time":"20210126092848","is_ascension_mode":true,"campfire_choices":[{"data":"Bash","floor":6,"key":"SMITH"}],"circlet_count":0,"master_deck":["AscendersBane","Strike_R","Strike_R","Strike_R","Strike_R","Strike_R","Defend_R","Defend_R+1","Defend_R","Defend_R+1","Bash+1","Disarm","Shrug It Off","Headbutt","Twin Strike"],"relics":["Burning Blood","Peace Pipe","CultistMask"],"acts_visited":["Exordium"],"potions_floor_usage":[8],"damage_taken":[{"damage":4,"enemies":"Small Slimes","floor":1,"turns":5},{"damage":1,"enemies":"2 Louse","floor":3,"turns":4},{"damage":7,"enemies":"Cultist","floor":4,"turns":5},{"damage":6,"enemies":"Looter","floor":7,"turns":4},{"damage":41,"enemies":"Lagavulin","floor":8,"turns":6}],"seed_played":"-7275641881867887801","potions_obtained":[{"floor":1,"key":"Energy Potion"}],"is_trial":false,"path_per_floor":["M","?","M","M","?","R","M","E"],"character_chosen":"IRONCLAD","items_purchased":[],"campfire_rested":0,"item_purchase_floors":[],"current_hp_per_floor":[52,29,34,33,33,33,33,0,0],"gold":165,"neow_bonus":"ONE_RARE_RELIC","is_daily":false,"chose_seed":false,"campfire_upgraded":1,"win_rate":0.0,"timestamp":1611620928,"path_taken":["M","?","M","M","?","R","M","E"],"items_purchased_type":[],"build_version":"2020-12-22","purchased_purges":0,"victory":false,"max_hp_per_floor":[75,75,75,75,75,75,75,75,75],"card_choices":[{"not_picked":["Entrench","Thunderclap"],"picked":"Disarm","floor":1},{"not_picked":["Perfected Strike","Flex"],"picked":"Shrug It Off","floor":3},{"not_picked":["Armaments","Clothesline"],"picked":"Headbutt","floor":4},{"not_picked":["Burning Pact","Dual Wield"],"picked":"Twin Strike","floor":7}],"player_experience":346707,"relics_obtained":[],"event_choices":[{"damage_healed":0,"gold_gain":0,"player_choice":"Entered Light","damage_taken":23,"max_hp_gain":0,"max_hp_loss":0,"event_name":"Shining Light","floor":2,"gold_loss":0,"cards_upgraded":["Defend_R","Defend_R"]},{"damage_healed":0,"gold_gain":0,"player_choice":"Trade","damage_taken":0,"relics_obtained":["CultistMask"],"max_hp_gain":0,"max_hp_loss":0,"event_name":"FaceTrader","floor":5,"gold_loss":0}],"is_beta":false,"boss_relics":[],"items_purged_floors":[],"is_endless":false,"potions_floor_spawned":[1],"killed_by":"Lagavulin","ascension_level":20}}