{"host":"52jmisti11ysmja4","time":1611689245,"event":{"mods":["Aspiration","BaseMod","Better Third Choice","Minty Spire (QoL Compilation)","Remove Card Discount Mod","StSLib","The Bug Knight"],"gold_per_floor":[118,133,147,147,85,120,120,145,170,197,225,172,208,208,208,312,312,340,365,390,390,390,390,434,434,434,445,445,464,464,493,493,601,651,678,678,691,750,746,746,781,781,781,807,829,829,829,854,854,854],"floor_reached":51,"language":"ENG","playtime":2881,"items_purged":["HollowMod:QuickDashStart","HollowMod:FocusHealStart","HollowMod:QuickDashStart","HollowMod:QuickDashStart","HollowMod:QuickDashStart","HollowMod:NailStrikeStart","HollowMod:NailStrikeStart","HollowMod:NailStrikeStart","HollowMod:NailStrikeStart","HollowMod:WraithStrike","HollowMod:WraithStrike"],"score":1242,"play_id":"46f76df5-02dd-40e4-9242-b80b6832ad04","local_time":"20210126112725","is_ascension_mode":true,"campfire_choices":[{"data":"HollowMod:ShadowDash","floor":7,"key":"SMITH"},{"floor":15,"key":"REST"},{"data":"HollowMod:SiblingsSouls","floor":23,"key":"SMITH"},{"data":"HollowMod:MonarchWings","floor":30,"key":"SMITH"},{"data":"HollowMod:MonarchWings","floor":32,"key":"SMITH"},{"data":"HollowMod:SiblingsSouls","floor":40,"key":"SMITH"},{"data":"HollowMod:BlackTendrils","floor":42,"key":"SMITH"},{"data":"HollowMod:BlackTendrils","floor":46,"key":"SMITH"},{"data":"HollowMod:VoidDash","floor":49,"key":"SMITH"}],"circlet_count":0,"master_deck":["HollowMod:PogoStrike","HollowMod:VengefulVoid","HollowMod:ShadowDash+1","HollowMod:ShadowDash+1","HollowMod:SiblingsSouls+1","HollowMod:SiblingsSouls+1","HollowMod:SharpenedShadows","HollowMod:MonarchWings+1","HollowMod:SoulMaster","HollowMod:VengefulVoid","HollowMod:MonarchWings+1","HollowMod:FastStrike+1","HollowMod:VoidDash+1","HollowMod:SharpenedShadows","HollowMod:DescendingDark+1","HollowMod:BlackTendrils+1","HollowMod:BlackTendrils+1"],"relics":["HollowMod:VoidIdolRelic","NeowsBlessing","Boot","Shuriken","CeramicFish","The Courier","FossilizedHelix","MealTicket","Bottled Lightning","aspiration:SeaSaltIceCream","NeowsBlessing","Tiny House","HollowMod:LifeEnderRelic","Lizard Tail","aspiration:Lifesprig","Ornamental Fan","Lantern","HornCleat","CaptainsWheel"],"acts_visited":["Exordium","TheCity","TheBeyond"],"potions_floor_usage":[6,6,18,27,27,31,38,45,45,45],"damage_taken":[{"damage":0,"enemies":"Jaw Worm","floor":1,"turns":1},{"damage":0,"enemies":"Cultist","floor":2,"turns":1},{"damage":0,"enemies":"2 Louse","floor":3,"turns":1},{"damage":6,"enemies":"Lagavulin","floor":6,"turns":3},{"damage":0,"enemies":"Gremlin Nob","floor":8,"turns":3},{"damage":8,"enemies":"Exordium Wildlife","floor":10,"turns":4},{"damage":32,"enemies":"3 Sentries","floor":11,"turns":5},{"damage":14,"enemies":"Gremlin Nob","floor":13,"turns":3},{"damage":0,"enemies":"The Guardian","floor":16,"turns":6},{"damage":0,"enemies":"Chosen","floor":18,"turns":4},{"damage":0,"enemies":"Shell Parasite","floor":19,"turns":4},{"damage":0,"enemies":"Snecko","floor":20,"turns":4},{"damage":9,"enemies":"Book of Stabbing","floor":24,"turns":5},{"damage":0,"enemies":"Cultist and Chosen","floor":27,"turns":5},{"damage":0,"enemies":"Snake Plant","floor":29,"turns":4},{"damage":54,"enemies":"Slavers","floor":31,"turns":6},{"damage":0,"enemies":"HollowMod:NKGrimm","floor":33,"turns":1},{"damage":0,"enemies":"3 Darklings","floor":35,"turns":2},{"damage":0,"enemies":"Orb Walker","floor":37,"turns":1},{"damage":0,"enemies":"Mind Bloom Boss Battle","floor":38,"turns":6},{"damage":17,"enemies":"Giant Head","floor":41,"turns":7},{"damage":14,"enemies":"Sphere and 2 Shapes","floor":45,"turns":4},{"damage":0,"enemies":"HollowMod:StalkingDevout","floor":48,"turns":4},{"damage":11,"enemies":"Time Eater","floor":50,"turns":8}],"seed_played":"2715036156403249412","potions_obtained":[{"floor":1,"key":"ColorlessPotion"},{"floor":2,"key":"SteroidPotion"},{"floor":13,"key":"Fire Potion"},{"floor":20,"key":"GamblersBrew"},{"floor":24,"key":"Energy Potion"},{"floor":27,"key":"PowerPotion"},{"floor":33,"key":"ColorlessPotion"},{"floor":34,"key":"DuplicationPotion"},{"floor":38,"key":"SkillPotion"},{"floor":41,"key":"PowerPotion"}],"is_trial":false,"path_per_floor":["M","M","M","?","$","E","R","E","T","M","E","$","E","?","R","B",null,"M","M","M","$","?","R","E","$","T","M","$","M","R","E","R","B",null,"M","T","M","?","$","R","E","R","T","T","M","R","T","E","R","B",null],"character_chosen":"THE_BUGKNIGHT","items_purchased":["HollowMod:ShadowDash","HollowMod:SharpenedShadows"],"campfire_rested":1,"item_purchase_floors":[5,12],"current_hp_per_floor":[68,68,68,73,73,67,67,67,67,59,27,27,13,13,37,37,69,69,69,69,69,69,69,60,75,75,75,80,80,80,26,26,26,72,72,72,72,72,85,85,68,68,68,68,70,70,70,85,85,85],"gold":854,"neow_bonus":"THREE_ENEMY_KILL","is_daily":false,"chose_seed":false,"campfire_upgraded":8,"win_rate":0.0,"timestamp":1611689245,"path_taken":["M","M","M","?","$","E","R","E","T","M","E","$","E","?","R","BOSS","M","M","M","$","?","R","E","$","T","M","$","M","R","E","R","BOSS","M","?","?","?","$","R","E","R","T","?","M","R","?","E","R","BOSS"],"items_purchased_type":["Card","Card"],"build_version":"2020-12-22","purchased_purges":11,"victory":true,"max_hp_per_floor":[75,75,75,80,80,80,80,80,80,80,80,80,80,80,80,80,80,80,80,80,80,80,80,80,80,80,80,80,80,80,80,80,80,85,85,85,85,85,85,85,85,85,85,85,85,85,85,85,85,85],"card_choices":[{"not_picked":["HollowMod:InfectionAssault","HollowMod:MawleksShell"],"picked":"HollowMod:WraithStrike","floor":1},{"not_picked":["HollowMod:HowlingWraiths","HollowMod:GoodIntentions","HollowMod:TaintedHusks"],"picked":"SKIP","floor":2},{"not_picked":["HollowMod:PureNailStrike","HollowMod:CloakDash"],"picked":"HollowMod:VengefulVoid","floor":3},{"not_picked":["HollowMod:NewGlowingWomb","HollowMod:SharpenedShadows"],"picked":"HollowMod:ShadowDash","floor":6},{"not_picked":["HollowMod:DoubleDash","HollowMod:LifebloodCocoon"],"picked":"HollowMod:SiblingsSouls","floor":8},{"not_picked":["HollowMod:CloakDash","HollowMod:CornifersMapStart"],"picked":"HollowMod:SiblingsSouls","floor":10},{"not_picked":["HollowMod:TaintedHusks","HollowMod:SoulStrike","HollowMod:VengefulSpirit"],"picked":"SKIP","floor":11},{"not_picked":["HollowMod:SlysStrikes","HollowMod:MothsMistake"],"picked":"HollowMod:MonarchWings","floor":13},{"not_picked":["HollowMod:PaleKingsBlessing","HollowMod:theNailsmith"],"picked":"HollowMod:SoulMaster","floor":16},{"not_picked":["HollowMod:HeavyBlow+1","HollowMod:CloakDash+1"],"picked":"HollowMod:VengefulVoid","floor":18},{"not_picked":["HollowMod:SiblingsSouls+1","HollowMod:SoulSplash"],"picked":"HollowMod:WraithStrike","floor":19},{"not_picked":["HollowMod:LuriensSpire","HollowMod:AbyssShriek"],"picked":"HollowMod:MonarchWings","floor":20},{"not_picked":["HollowMod:RadiancesLament","HollowMod:NewGlowingWomb+1"],"picked":"HollowMod:FastStrike","floor":24},{"not_picked":["HollowMod:SharpenedNail","HollowMod:GoodIntentions+1","HollowMod:HowlingWraiths+1"],"picked":"SKIP","floor":27},{"not_picked":["HollowMod:SoulEater+1","HollowMod:DoubleDash","HollowMod:Grubsong"],"picked":"SKIP","floor":29},{"not_picked":["HollowMod:LuriensSpire","HollowMod:NewLittleFool","HollowMod:SoulVessel"],"picked":"SKIP","floor":31},{"not_picked":["HollowMod:PureVessel","HollowMod:HornetsHelp"],"picked":"HollowMod:VoidDash","floor":33},{"not_picked":["HollowMod:DoubleDash","HollowMod:RecoilStrike"],"picked":"HollowMod:SharpenedShadows","floor":35},{"not_picked":["HollowMod:PerfectDash+1","HollowMod:NewLittleFool","HollowMod:GoodIntentions+1"],"picked":"SKIP","floor":37},{"not_picked":["HollowMod:SoulSplash","HollowMod:HornetsHelp"],"picked":"HollowMod:DescendingDark+1","floor":38},{"not_picked":["HollowMod:DreamGate+1","HollowMod:CloakDash+1"],"picked":"HollowMod:BlackTendrils","floor":41},{"not_picked":["HollowMod:DashSlash","HollowMod:CoiledNail+1"],"picked":"HollowMod:BlackTendrils","floor":45},{"not_picked":["HollowMod:ShadowDash","HollowMod:SoulEater+1","HollowMod:HowlingWraiths+1"],"picked":"SKIP","floor":48}],"player_experience":582521,"relics_obtained":[{"floor":6,"key":"Boot"},{"floor":8,"key":"Shuriken"},{"floor":9,"key":"CeramicFish"},{"floor":11,"key":"The Courier"},{"floor":13,"key":"FossilizedHelix"},{"floor":24,"key":"MealTicket"},{"floor":26,"key":"Bottled Lightning"},{"floor":31,"key":"aspiration:SeaSaltIceCream"},{"floor":36,"key":"HollowMod:LifeEnderRelic"},{"floor":38,"key":"Lizard Tail"},{"floor":41,"key":"aspiration:Lifesprig"},{"floor":43,"key":"Ornamental Fan"},{"floor":44,"key":"Lantern"},{"floor":47,"key":"HornCleat"},{"floor":48,"key":"CaptainsWheel"}],"event_choices":[{"damage_healed":0,"gold_gain":0,"player_choice":"Donut","damage_taken":0,"max_hp_gain":5,"max_hp_loss":0,"event_name":"Big Fish","floor":4,"gold_loss":0},{"damage_healed":0,"gold_gain":0,"player_choice":"Forge","damage_taken":0,"max_hp_gain":0,"max_hp_loss":0,"event_name":"Accursed Blacksmith","floor":14,"gold_loss":0,"cards_upgraded":["HollowMod:ShadowDash"]},{"damage_healed":0,"gold_gain":0,"player_choice":"0 cards matched","damage_taken":0,"max_hp_gain":0,"max_hp_loss":0,"event_name":"Match and Keep!","floor":22,"gold_loss":0,"cards_obtained":[]},{"damage_healed":0,"gold_gain":0,"player_choice":"Fight","damage_taken":0,"max_hp_gain":0,"max_hp_loss":0,"event_name":"MindBloom","floor":38,"gold_loss":0}],"is_beta":false,"boss_relics":[{"not_picked":["Runic Dome","Cursed Key"],"picked":"HollowMod:VoidIdolRelic"},{"not_picked":["Empty Cage","aspiration:DefectSkillbook"],"picked":"Tiny House"}],"items_purged_floors":[5,5,5,5,5,5,5,5,12,39,39],"is_endless":false,"potions_floor_spawned":[1,2,13,20,24,27,33,38,41],"ascension_level":8}}