{"host":"8is2j71l4wmybkoi","time":1611649697,"event":{"mods":["AchievementEnabler","BaseMod","Colored Map","Minty Spire (QoL Compilation)","Rare Cards Sparkle","StSLib","SuperFastMode"],"gold_per_floor":[114,124,143,46,46,81,81,112,112,112,112,112],"floor_reached":11,"language":"KOR","playtime":436,"items_purged":[],"score":162,"play_id":"c52c23d6-eab7-49b7-a607-7b4e5072bf84","local_time":"20210126172817","is_ascension_mode":true,"campfire_choices":[{"floor":7.0,"key":"REST"},{"floor":10,"key":"REST"}],"circlet_count":0,"master_deck":["AscendersBane","Strike_B","Strike_B","Defend_B","Defend_B","Defend_B","Defend_B","Zap","Dualcast","Coolheaded","Compile Driver","Capacitor","Doom and Gloom","Panacea","Machine Learning","Biased Cognition","Ball Lightning"],"relics":["Cracked Core","Akabeko","Pantograph","Lantern"],"acts_visited":["Exordium"],"potions_floor_usage":[],"damage_taken":[{"damage":0.0,"enemies":"Cultist","floor":1.0,"turns":4.0},{"damage":5.0,"enemies":"Jaw Worm","floor":2.0,"turns":4.0},{"damage":8.0,"enemies":"Small Slimes","floor":3.0,"turns":3.0},{"damage":50.0,"enemies":"3 Sentries","floor":6.0,"turns":7.0},{"damage":12,"enemies":"Lagavulin","floor":8,"turns":7},{"damage":34,"enemies":"3 Sentries","floor":11,"turns":4}],"seed_played":"-5933508121810829751","potions_obtained":[{"floor":1.0,"key":"Weak Potion"},{"floor":3.0,"key":"DuplicationPotion"}],"is_trial":false,"path_per_floor":["M","M","M","$","?","E","R","E","T","R","E"],"character_chosen":"DEFECT","items_purchased":["Panacea"],"campfire_rested":2,"item_purchase_floors":[4],"current_hp_per_floor":[64,59,51,51,51,1,22,10,10,31,0,0],"gold":112,"neow_bonus":"TRANSFORM_CARD","is_daily":false,"chose_seed":false,"campfire_upgraded":0,"win_rate":0.0,"timestamp":1611649697,"path_taken":["M","?","?","$","?","E","R","E","T","R","E"],"items_purchased_type":["Card"],"build_version":"2020-12-22","purchased_purges":0,"victory":false,"max_hp_per_floor":[71,71,71,71,71,71,71,71,71,71,71,71],"card_choices":[{"not_picked":["Heatsinks","Turbo"],"picked":"Compile Driver","floor":1.0},{"not_picked":["Go for the Eyes","Beam Cell"],"picked":"Capacitor","floor":2.0},{"not_picked":["Gash","Stack"],"picked":"Doom and Gloom","floor":3.0},{"not_picked":["Capacitor","Consume"],"picked":"Biased Cognition","floor":6.0},{"not_picked":["Leap","Rebound"],"picked":"Ball Lightning","floor":8}],"player_experience":807604,"relics_obtained":[{"floor":6.0,"key":"Akabeko"},{"floor":8,"key":"Pantograph"},{"floor":9,"key":"Lantern"}],"event_choices":[{"damage_healed":0.0,"max_hp_gain":0.0,"max_hp_loss":0.0,"gold_gain":0.0,"cards_transformed":["Strike_B"],"event_name":"Living Wall","player_choice":"Change","floor":5.0,"gold_loss":0.0,"damage_taken":0.0,"cards_obtained":["Machine Learning"]}],"is_beta":false,"boss_relics":[],"items_purged_floors":[],"is_endless":false,"potions_floor_spawned":[1,3],"killed_by":"3 Sentries","ascension_level":20}}