{"host":"t0dtoggyaif518ut","time":1611684996,"event":{"mods":["AchievementEnabler","BaseMod","Best Route Mod","Bestiary","Better Altar","Better Match","Better Note","Better Sensory Stone","Better Silent Start","Better Skull","Better Third Choice","Better Vampires","Block Reminder","Colored Powertips","Dark Map","Displayed Cursed Tome","Energized Spire","Gold Saver","Ironclad Rager","Minty Spire (QoL Compilation)","Practice Mode","Quick Restart","RNG Fix","Random Character Button","Relic Stats","Reworked Bosses","StSLib","Treasure Hunter"],"gold_per_floor":[754,929,949,969,929,929,960,1015,1039,1049,606,606,53,66,66,171,171,152,5,25,25,37,71,71,91,91,91,111,111,126,160,160,259,259,274,274,274,285,299,299,313,313,313,327,327,352,32,51,51,51],"floor_reached":51,"language":"RUS","playtime":4838,"items_purged":["Defend_B"],"score":794,"play_id":"51ea14de-7e56-4a72-8962-34bd3f89b620","local_time":"20210127011636","is_ascension_mode":false,"campfire_choices":[{"data":"Streamline","floor":6,"key":"SMITH"},{"floor":12,"key":"REST"},{"data":"Apotheosis","floor":15,"key":"SMITH"},{"data":"Redo","floor":24,"key":"SMITH"},{"data":"Darkness","floor":27,"key":"SMITH"},{"data":"Loop","floor":29,"key":"SMITH"},{"floor":32,"key":"REST"},{"data":"Redo","floor":40,"key":"SMITH"},{"data":"White Noise","floor":42,"key":"SMITH"},{"data":"Defragment","floor":45,"key":"SMITH"},{"data":"Dramatic Entrance","floor":49,"key":"SMITH"}],"circlet_count":0,"master_deck":["Strike_B","Strike_B","Strike_B","Defend_B+1","Defend_B","Defend_B","Zap","Dualcast","Steam+1","Loop+1","Doubt","Go for the Eyes","Streamline+1","Chaos","Darkness+1","Compile Driver","Redo+1","Apotheosis+1","Dramatic Entrance+1","Melter","Leap","Reboot","Hologram+1","Conserve Battery","Leap+1","Go for the Eyes","Go for the Eyes+1","Sweeping Beam","Gash+1","White Noise+1","Defragment+1","Hologram+1","Defragment+1","Echo Form","Redo+1","Defragment+1","Lockon","BootSequence+1","Defragment+1","Redo+1","Panacea","Beam Cell+1"],"relics":["FrozenCore","Mummified Hand","Meat on the Bone","Toy Ornithopter","Potion Belt","Pear","Prayer Wheel","Blood Vial","MealTicket","Bottled Flame","Tiny Chest","SacredBark","Incense Burner","Thread and Needle","War Paint"],"acts_visited":["Exordium","TheCity","TheBeyond"],"potions_floor_usage":[18,23,23,30,30,48],"damage_taken":[{"damage":0,"enemies":"Small Slimes","floor":1,"turns":3},{"damage":6,"enemies":"Jaw Worm","floor":3,"turns":3},{"damage":1,"enemies":"Cultist","floor":4,"turns":3},{"damage":40,"enemies":"3 Sentries","floor":7,"turns":10},{"damage":26,"enemies":"3 Sentries","floor":8,"turns":6},{"damage":7,"enemies":"Large Slime","floor":10,"turns":5},{"damage":8,"enemies":"Red Slaver","floor":14,"turns":2},{"damage":0,"enemies":"Slime Boss","floor":16,"turns":6},{"damage":27,"enemies":"2 Thieves","floor":18,"turns":4},{"damage":22,"enemies":"Shell Parasite","floor":20,"turns":4},{"damage":13,"enemies":"Shelled Parasite and Fungi","floor":22,"turns":7},{"damage":25,"enemies":"Slavers","floor":23,"turns":8},{"damage":36,"enemies":"Centurion and Healer","floor":25,"turns":9},{"damage":2,"enemies":"Cultist and Chosen","floor":28,"turns":7},{"damage":9,"enemies":"Snake Plant","floor":30,"turns":4},{"damage":42,"enemies":"Gremlin Leader","floor":31,"turns":9},{"damage":77,"enemies":"bossMod:newCollector","floor":33,"turns":14},{"damage":8,"enemies":"3 Shapes","floor":35,"turns":7},{"damage":12,"enemies":"Orb Walker","floor":38,"turns":5},{"damage":12,"enemies":"4 Shapes","floor":39,"turns":6},{"damage":9,"enemies":"Spire Growth","floor":41,"turns":4},{"damage":12,"enemies":"Jaw Worm Horde","floor":44,"turns":6},{"damage":1,"enemies":"Giant Head","floor":46,"turns":9},{"damage":7,"enemies":"Sphere and 2 Shapes","floor":48,"turns":7},{"damage":18,"enemies":"Time Eater","floor":50,"turns":12}],"seed_played":"-3920367294670170659","potions_obtained":[{"floor":5,"key":"SmokeBomb"},{"floor":5,"key":"SneckoOil"},{"floor":5,"key":"BlessingOfTheForge"},{"floor":7,"key":"ColorlessPotion"},{"floor":16,"key":"FairyPotion"},{"floor":18,"key":"AttackPotion"},{"floor":22,"key":"Dexterity Potion"},{"floor":23,"key":"Block Potion"},{"floor":25,"key":"AttackPotion"},{"floor":35,"key":"SteroidPotion"},{"floor":38,"key":"Block Potion"},{"floor":39,"key":"SneckoOil"}],"is_trial":false,"path_per_floor":["M","?","M","M","?","R","E","?","T","M","$","R","$","M","R","B",null,"M","$","M","$","M","E","R","M","T","R","M","R","M","E","R","B",null,"M","?","?","M","M","R","M","R","T","M","R","E","$","M","R","B",null],"character_chosen":"DEFECT","items_purchased":["Redo","Apotheosis","Potion Belt","Dramatic Entrance","Pear","Prayer Wheel","Blood Vial","War Paint","Panacea"],"campfire_rested":2,"item_purchase_floors":[11,11,11,11,13,13,19,47,47],"current_hp_per_floor":[75,75,69,68,68,68,28,14,14,19,19,41,51,43,43,43,85,63,63,43,43,44,43,43,21,21,21,33,33,48,20,45,20,85,77,60,60,50,52,52,45,45,45,47,47,48,63,63,63,47],"gold":51,"neow_bonus":"TRANSFORM_CARD","is_daily":false,"chose_seed":false,"campfire_upgraded":9,"win_rate":0.0,"timestamp":1611684996,"path_taken":["M","?","M","M","?","R","E","?","T","M","?","R","$","M","R","BOSS","M","$","?","$","M","E","R","M","T","R","M","R","M","E","R","BOSS","M","?","?","M","M","R","M","R","T","M","R","E","$","M","R","BOSS"],"items_purchased_type":["Card","Card","Relic","Card","Relic","Relic","Relic","Relic","Card"],"build_version":"2020-12-22","purchased_purges":1,"victory":true,"max_hp_per_floor":[75,75,75,75,75,75,75,75,75,75,75,75,85,85,85,85,85,85,85,85,85,85,85,85,85,85,85,85,85,85,85,85,85,85,85,85,85,85,85,85,85,85,85,85,85,85,85,85,85,85],"relic_stats":{"Blood Vial":30,"counters":[25,159],"Mummified Hand":[58],"Prayer Wheel":13,"MealTicket":15,"Tiny Chest":0,"War Paint":["Defend_B","Steam"],"obtain_stats":[{"Potion Belt":11,"Pear":13,"SacredBark":34,"Thread and Needle":46,"Incense Burner":43,"War Paint":47,"FrozenCore":17,"Blood Vial":19,"Bottled Flame":26,"Mummified Hand":7,"Prayer Wheel":13,"MealTicket":23,"Tiny Chest":31,"Cracked Core":0,"Toy Ornithopter":9,"Meat on the Bone":8},{"Potion Belt":6,"Pear":6,"SacredBark":17,"Thread and Needle":23,"Incense Burner":21,"War Paint":23,"FrozenCore":8,"Blood Vial":9,"Bottled Flame":13,"Mummified Hand":4,"Prayer Wheel":6,"MealTicket":12,"Tiny Chest":16,"Cracked Core":0,"Toy Ornithopter":5,"Meat on the Bone":4},{"Potion Belt":30,"Pear":30,"SacredBark":104,"Thread and Needle":141,"Incense Burner":126,"War Paint":141,"FrozenCore":38,"Blood Vial":42,"Bottled Flame":70,"Mummified Hand":19,"Prayer Wheel":30,"MealTicket":61,"Tiny Chest":90,"Cracked Core":0,"Toy Ornithopter":25,"Meat on the Bone":19}],"Toy Ornithopter":30,"FrozenCore":[35],"Meat on the Bone":132},"card_choices":[{"not_picked":["Barrage","Hologram"],"picked":"Loop","floor":1},{"not_picked":["Barrage","Compile Driver"],"picked":"Go for the Eyes","floor":3},{"not_picked":["Compile Driver","Blizzard"],"picked":"Streamline","floor":4},{"not_picked":["Barrage","Seek"],"picked":"Chaos","floor":7},{"not_picked":["TH:CopperCoins","TH:TreasureMap"],"picked":"SKIP","floor":7},{"not_picked":["Redo","Conserve Battery"],"picked":"Darkness","floor":8},{"not_picked":["TH:TreasureMap","TH:DeckOfManyThings"],"picked":"SKIP","floor":9},{"not_picked":["Stack","Go for the Eyes"],"picked":"Compile Driver","floor":10},{"not_picked":["Steam Power","Steam"],"picked":"Melter","floor":14},{"not_picked":["Stack","Sweeping Beam"],"picked":"Leap","floor":14},{"not_picked":["Amplify","Rainbow"],"picked":"Reboot","floor":16},{"not_picked":["Cold Snap","Conserve Battery+1"],"picked":"Hologram+1","floor":18},{"not_picked":["Stack","Skim","Compile Driver"],"picked":"SKIP","floor":18},{"not_picked":["Ball Lightning","Compile Driver+1"],"picked":"Conserve Battery","floor":20},{"not_picked":["Coolheaded+1","Force Field+1"],"picked":"Leap+1","floor":20},{"not_picked":["Genetic Algorithm","Reboot"],"picked":"Go for the Eyes","floor":22},{"not_picked":["Tempest","Steam","Beam Cell"],"picked":"SKIP","floor":22},{"not_picked":["Force Field+1","Leap"],"picked":"Go for the Eyes+1","floor":23},{"not_picked":["TH:CopperCoins","TH:BikiniMail"],"picked":"SKIP","floor":23},{"not_picked":["Stack","Compile Driver"],"picked":"Sweeping Beam","floor":25},{"not_picked":["Coolheaded","Steam Power","Barrage"],"picked":"SKIP","floor":25},{"not_picked":["TH:Mimic","TH:EnergyPotion"],"picked":"SKIP","floor":26},{"not_picked":["Ball Lightning+1","Leap"],"picked":"Gash+1","floor":28},{"not_picked":["Barrage","Heatsinks"],"picked":"White Noise","floor":28},{"not_picked":["Cold Snap+1","BootSequence+1"],"picked":"Defragment+1","floor":30},{"not_picked":["FTL","Melter+1","Compile Driver+1"],"picked":"SKIP","floor":30},{"not_picked":["TH:Mimic","TH:ArmorSpikes"],"picked":"SKIP","floor":31},{"not_picked":["Sweeping Beam","Storm+1","Compile Driver+1"],"picked":"SKIP","floor":31},{"not_picked":["Loop+1","Heatsinks+1"],"picked":"Hologram+1","floor":35},{"not_picked":["Gash","Rip and Tear+1"],"picked":"Defragment+1","floor":35},{"not_picked":["Static Discharge","Hologram"],"picked":"Redo","floor":38},{"not_picked":["Ball Lightning+1","Chill"],"picked":"Defragment","floor":38},{"not_picked":["Barrage","Ball Lightning"],"picked":"Lockon","floor":39},{"not_picked":["Ball Lightning","Compile Driver","Melter"],"picked":"SKIP","floor":39},{"not_picked":["Beam Cell","Compile Driver"],"picked":"BootSequence+1","floor":41},{"not_picked":["Coolheaded","Streamline+1","Auto Shields+1"],"picked":"SKIP","floor":41},{"not_picked":["TH:CopperCoins","TH:PixieDust"],"picked":"SKIP","floor":43},{"not_picked":["Hello World","Buffer"],"picked":"Defragment+1","floor":44},{"not_picked":["Conserve Battery","Ball Lightning+1"],"picked":"Redo+1","floor":44},{"not_picked":["TH:EnergyPotion","TH:TreasureMap"],"picked":"SKIP","floor":46},{"not_picked":["Consume+1","Electrodynamics","Cold Snap"],"picked":"SKIP","floor":46},{"not_picked":["Hello World","Cold Snap+1"],"picked":"Beam Cell+1","floor":48},{"not_picked":["Ball Lightning","Sweeping Beam","Coolheaded+1"],"picked":"SKIP","floor":48}],"player_experience":306067,"relics_obtained":[{"floor":7,"key":"Mummified Hand"},{"floor":9,"key":"Toy Ornithopter"},{"floor":23,"key":"MealTicket"},{"floor":26,"key":"Bottled Flame"},{"floor":31,"key":"Tiny Chest"},{"floor":43,"key":"Incense Burner"},{"floor":46,"key":"Thread and Needle"}],"event_choices":[{"damage_healed":0,"gold_gain":175,"player_choice":"AGREE","damage_taken":754,"max_hp_gain":0,"max_hp_loss":0,"event_name":"betterThird:BetterSerpent","floor":2,"gold_loss":0},{"damage_healed":0,"gold_gain":0,"player_choice":"Bought 3 Potions","damage_taken":0,"max_hp_gain":0,"max_hp_loss":0,"event_name":"The Woman in Blue","floor":5,"gold_loss":0},{"damage_healed":0,"gold_gain":0,"player_choice":"Searched \u00273\u0027 times","damage_taken":0,"relics_obtained":["Meat on the Bone"],"max_hp_gain":0,"max_hp_loss":0,"event_name":"Dead Adventurer","floor":8,"gold_loss":0},{"damage_healed":0,"gold_gain":3,"player_choice":"2","damage_taken":0,"max_hp_gain":0,"max_hp_loss":17,"event_name":"betterStone:BetterStone","floor":36,"gold_loss":0},{"damage_healed":0,"gold_gain":0,"player_choice":"Ignored","damage_taken":0,"max_hp_gain":0,"max_hp_loss":0,"event_name":"Tomb of Lord Red Mask","floor":37,"gold_loss":0}],"is_beta":false,"boss_relics":[{"not_picked":["Astrolabe","energizedSpire:OgreHead"],"picked":"FrozenCore"},{"not_picked":["energizedSpire:RedRose","Black Star"],"picked":"SacredBark"}],"items_purged_floors":[47],"is_endless":false,"potions_floor_spawned":[7,10,16,18,22,23,25,35,38,39],"ascension_level":0}}