{"host":"y24pqu7jih1n8m3t","time":1611633779,"event":{"mods":["AchievementEnabler","BaseMod","Bestiary","Block Reminder","Colored Map","Colored Powertips","DeckTracker","Highlight Path","Minty Spire (QoL Compilation)","Permanent Neow","Quick Restart","Rare Cards Sparkle","Relic Stats"],"gold_per_floor":[114,131,206,206,219,219,245,256,256,256,272,284,313,329,329,428,428,441,366,76,76,93,93,125,125,198,227,227,227,239,256,256,355,355,369,71,91,91,103,103,113,145,170,170,189,46,94,144,144,144,144,144,0,30,30,30],"floor_reached":55,"language":"ENG","playtime":4661,"items_purged":["Steam"],"score":897,"play_id":"399809dd-068e-433d-bf1d-58929a9b1466","local_time":"20210125230259","is_ascension_mode":true,"campfire_choices":[{"floor":6,"key":"REST"},{"floor":10,"key":"REST"},{"floor":15,"key":"REST"},{"data":"Rainbow","floor":23,"key":"SMITH"},{"data":"Hologram","floor":25,"key":"SMITH"},{"floor":28,"key":"REST"},{"floor":32,"key":"RECALL"},{"data":"Hologram","floor":40,"key":"SMITH"},{"floor":44,"key":"REST"},{"floor":49,"key":"REST"},{"data":"Seek","floor":52,"key":"SMITH"}],"circlet_count":0,"master_deck":["Defend_B","Defend_B","Defend_B","Defend_B","Zap","Dualcast","Gash","Sweeping Beam","Seek+1","Doom and Gloom","Sunder","Hologram+1","Steam Power","All For One","Gash","Coolheaded","Panache","Flash of Steel","Stack","Bite","Bite","Bite","Bite","Bite","Stack+1","Gash","Glacier","Hologram+1","Gash+1","Buffer","Beam Cell","Sunder","Streamline","Hologram+1","Go for the Eyes+1","Madness","Madness","Streamline+1","Go for the Eyes+1","Scrape","Beam Cell","Go for the Eyes+1","Multi-Cast"],"relics":["Black Star","Gambling Chip","Ornamental Fan","Ice Cream","Anchor","Vajra","Philosopher\u0027s Stone","Incense Burner","Tiny Chest","StrikeDummy","Calipers","SlaversCollar","Lantern","Emotion Chip","Ancient Tea Set","Sling","Oddly Smooth Stone","Lizard Tail","Happy Flower","Strawberry","Nunchaku"],"acts_visited":["Exordium","TheCity","TheBeyond","TheEnding"],"potions_floor_usage":[7,16,30,30,35,45,50],"damage_taken":[{"damage":2,"enemies":"2 Louse","floor":1,"turns":4},{"damage":3,"enemies":"Small Slimes","floor":2,"turns":3},{"damage":0,"enemies":"Cultist","floor":5,"turns":3},{"damage":27,"enemies":"Gremlin Nob","floor":7,"turns":4},{"damage":14,"enemies":"Blue Slaver","floor":8,"turns":5},{"damage":1,"enemies":"3 Louse","floor":11,"turns":2},{"damage":0,"enemies":"Exordium Thugs","floor":12,"turns":3},{"damage":22,"enemies":"Lagavulin","floor":13,"turns":5},{"damage":7,"enemies":"Exordium Wildlife","floor":14,"turns":3},{"damage":35,"enemies":"The Guardian","floor":16,"turns":9},{"damage":24,"enemies":"2 Thieves","floor":18,"turns":4},{"damage":3,"enemies":"Spheric Guardian","floor":22,"turns":3},{"damage":0,"enemies":"Gremlin Leader","floor":24,"turns":4},{"damage":28,"enemies":"Book of Stabbing","floor":27,"turns":5},{"damage":0,"enemies":"Snake Plant","floor":30,"turns":2},{"damage":14,"enemies":"Centurion and Healer","floor":31,"turns":4},{"damage":42,"enemies":"Automaton","floor":33,"turns":7},{"damage":11,"enemies":"3 Darklings","floor":35,"turns":4},{"damage":0,"enemies":"Orb Walker","floor":37,"turns":3},{"damage":33,"enemies":"Spire Growth","floor":39,"turns":4},{"damage":21,"enemies":"Transient","floor":41,"turns":5},{"damage":0,"enemies":"Giant Head","floor":42,"turns":5},{"damage":0,"enemies":"Sphere and 2 Shapes","floor":45,"turns":3},{"damage":3,"enemies":"Mind Bloom Boss Battle","floor":48,"turns":7},{"damage":37,"enemies":"Time Eater","floor":50,"turns":12},{"damage":42,"enemies":"Shield and Spear","floor":54,"turns":6},{"damage":99,"enemies":"The Heart","floor":55,"turns":6}],"seed_played":"1961297548139234106","potions_obtained":[{"floor":1,"key":"AttackPotion"},{"floor":8,"key":"Explosive Potion"},{"floor":13,"key":"FairyPotion"},{"floor":14,"key":"BlessingOfTheForge"},{"floor":22,"key":"Fire Potion"},{"floor":30,"key":"EssenceOfDarkness"},{"floor":35,"key":"Explosive Potion"}],"is_trial":false,"path_per_floor":["M","M","?","?","M","R","E","M","T","R","M","M","E","M","R","B",null,"M","?","$","?","M","R","E","R","T","E","R","?","M","M","R","B",null,"M","$","M","?","M","R","M","E","T","R","M","$","T","?","R","B",null,"R","$","E","B"],"character_chosen":"DEFECT","items_purchased":["Panache","Flash of Steel","Stack","Sunder","Streamline","Hologram","PowerPotion","Sling","Happy Flower"],"campfire_rested":6,"item_purchase_floors":[20,20,20,36,36,36,36,46,53],"current_hp_per_floor":[73,70,59,59,59,75,48,34,34,56,55,55,33,26,48,13,75,51,51,51,51,52,52,52,52,52,28,43,62,62,48,48,22,62,53,53,57,49,22,22,5,13,13,31,33,33,33,42,60,33,62,62,62,29,0,0],"gold":30,"neow_bonus":"BOSS_RELIC","is_daily":false,"chose_seed":false,"campfire_upgraded":4,"win_rate":0.0,"timestamp":1611633779,"path_taken":["M","M","?","?","M","R","E","?","T","R","M","M","E","M","R","BOSS","M","?","$","?","M","R","E","R","T","E","R","?","M","?","R","BOSS","M","$","M","?","M","R","M","E","T","R","M","$","?","?","R","BOSS","R","$","E","BOSS"],"items_purchased_type":["Card","Card","Card","Card","Card","Card","Potion","Relic","Relic"],"build_version":"2020-12-22","purchased_purges":1,"victory":false,"max_hp_per_floor":[75,75,75,75,75,75,75,75,75,75,75,75,75,75,75,75,75,75,75,75,52,52,52,52,52,52,52,52,62,62,62,62,62,62,62,62,62,62,62,62,62,62,62,62,62,62,62,62,62,62,62,62,62,69,69,69],"relic_stats":{"Emotion Chip":[26,5,17,4,0],"Lizard Tail":34,"Nunchaku":[1],"Happy Flower":[4],"counters":[27,125],"Ornamental Fan":[292],"Gambling Chip":[52],"Tiny Chest":1,"Black Star":6,"obtain_stats":[{"Ice Cream":9,"Lantern":42,"Calipers":27,"Happy Flower":53,"Vajra":13,"Oddly Smooth Stone":47,"Incense Burner":24,"Ancient Tea Set":43,"Sling":46,"SlaversCollar":34,"Anchor":13,"Emotion Chip":42,"Lizard Tail":48,"Nunchaku":54,"Ornamental Fan":7,"Gambling Chip":7,"Strawberry":54,"Philosopher\u0027s Stone":17,"Tiny Chest":24,"Black Star":0,"Cracked Core":0,"StrikeDummy":27},{"Ice Cream":5,"Lantern":22,"Calipers":14,"Happy Flower":25,"Vajra":8,"Oddly Smooth Stone":23,"Incense Burner":13,"Ancient Tea Set":22,"Sling":23,"SlaversCollar":17,"Anchor":8,"Emotion Chip":22,"Lizard Tail":24,"Nunchaku":26,"Ornamental Fan":4,"Gambling Chip":4,"Strawberry":26,"Philosopher\u0027s Stone":10,"Tiny Chest":13,"Black Star":0,"Cracked Core":0,"StrikeDummy":14},{"Ice Cream":19,"Lantern":91,"Calipers":57,"Happy Flower":113,"Vajra":29,"Oddly Smooth Stone":94,"Incense Burner":52,"Ancient Tea Set":91,"Sling":94,"SlaversCollar":70,"Anchor":29,"Emotion Chip":91,"Lizard Tail":101,"Nunchaku":119,"Ornamental Fan":14,"Gambling Chip":14,"Strawberry":119,"Philosopher\u0027s Stone":41,"Tiny Chest":52,"Black Star":0,"Cracked Core":0,"StrikeDummy":57}]},"card_choices":[{"not_picked":["Blizzard","Double Energy"],"picked":"Gash","floor":1},{"not_picked":["Redo","Stack"],"picked":"Sweeping Beam","floor":2},{"not_picked":["Coolheaded","Double Energy"],"picked":"Doom and Gloom","floor":5},{"not_picked":["Beam Cell","Cold Snap"],"picked":"Sunder","floor":7},{"not_picked":["Stack","Ball Lightning"],"picked":"Hologram","floor":8},{"not_picked":["Coolheaded","Sweeping Beam"],"picked":"Steam Power","floor":11},{"not_picked":["Static Discharge","Leap"],"picked":"All For One","floor":12},{"not_picked":["Rebound","Ball Lightning"],"picked":"Gash","floor":13},{"not_picked":["Sunder","Sweeping Beam"],"picked":"Steam","floor":14},{"not_picked":["Fission","Echo Form"],"picked":"Rainbow","floor":16},{"not_picked":["Static Discharge+1","Cold Snap"],"picked":"Coolheaded","floor":18},{"not_picked":["Steam","Hologram"],"picked":"Stack+1","floor":22},{"not_picked":["Compile Driver+1","Fusion"],"picked":"Gash","floor":24},{"not_picked":["Stack","BootSequence"],"picked":"Glacier","floor":27},{"not_picked":["Lockon","Redo+1"],"picked":"Hologram+1","floor":30},{"not_picked":["Beam Cell","Core Surge"],"picked":"Gash+1","floor":31},{"not_picked":["Hyperbeam","Core Surge"],"picked":"Buffer","floor":33},{"not_picked":["Turbo","Cold Snap+1"],"picked":"Beam Cell","floor":35},{"not_picked":["Sweeping Beam+1","Leap+1"],"picked":"Go for the Eyes+1","floor":37},{"not_picked":["Steam","Hello World+1"],"picked":"Streamline+1","floor":39},{"not_picked":["White Noise","Streamline+1"],"picked":"Go for the Eyes+1","floor":41},{"not_picked":["Lockon","Leap"],"picked":"Scrape","floor":42},{"not_picked":["Barrage","Blizzard"],"picked":"Beam Cell","floor":45},{"not_picked":["Ball Lightning","Skim+1"],"picked":"Go for the Eyes+1","floor":48},{"not_picked":["Rip and Tear+1","Ball Lightning"],"picked":"Multi-Cast","floor":54}],"player_experience":184566,"relics_obtained":[{"floor":7,"key":"Gambling Chip"},{"floor":7,"key":"Ornamental Fan"},{"floor":9,"key":"Ice Cream"},{"floor":13,"key":"Anchor"},{"floor":13,"key":"Vajra"},{"floor":24,"key":"Incense Burner"},{"floor":24,"key":"Tiny Chest"},{"floor":27,"key":"StrikeDummy"},{"floor":27,"key":"Calipers"},{"floor":42,"key":"Lantern"},{"floor":42,"key":"Emotion Chip"},{"floor":43,"key":"Ancient Tea Set"},{"floor":47,"key":"Oddly Smooth Stone"},{"floor":48,"key":"Lizard Tail"},{"floor":54,"key":"Strawberry"},{"floor":54,"key":"Nunchaku"}],"event_choices":[{"damage_healed":0,"gold_gain":75,"player_choice":"Gather Gold","damage_taken":11,"max_hp_gain":0,"max_hp_loss":0,"event_name":"World of Goop","floor":3,"gold_loss":0},{"damage_healed":0,"gold_gain":0,"player_choice":"1 cards matched","damage_taken":0,"max_hp_gain":0,"max_hp_loss":0,"event_name":"Match and Keep!","floor":4,"gold_loss":0,"cards_obtained":["Seek"]},{"cards_removed":["Strike_B"],"damage_healed":0,"gold_gain":0,"player_choice":"Gave Gold","damage_taken":0,"max_hp_gain":0,"max_hp_loss":0,"event_name":"Beggar","floor":19,"gold_loss":75},{"damage_healed":0,"gold_gain":0,"player_choice":"Became a vampire","damage_taken":0,"max_hp_gain":0,"max_hp_loss":23,"event_name":"Vampires","floor":21,"gold_loss":0,"cards_obtained":["Bite","Bite","Bite","Bite","Bite"]},{"cards_removed":["Rainbow"],"damage_healed":9,"gold_gain":0,"player_choice":"Offered Rare","damage_taken":0,"max_hp_gain":10,"max_hp_loss":0,"event_name":"Bonfire Elementals","floor":29,"gold_loss":0},{"damage_healed":0,"gold_gain":0,"player_choice":"Embrace Madness","damage_taken":8,"max_hp_gain":0,"max_hp_loss":0,"event_name":"Winding Halls","floor":38,"gold_loss":0,"cards_obtained":["Madness","Madness"]},{"damage_healed":0,"gold_gain":0,"player_choice":"Fight","damage_taken":0,"max_hp_gain":0,"max_hp_loss":0,"event_name":"MindBloom","floor":48,"gold_loss":0}],"is_beta":false,"boss_relics":[{"not_picked":["Fusion Hammer","Astrolabe"],"picked":"Philosopher\u0027s Stone"},{"not_picked":["Cursed Key","Velvet Choker"],"picked":"SlaversCollar"}],"items_purged_floors":[36],"is_endless":false,"potions_floor_spawned":[1,8,13,14,22,24,30,35,37,41,42],"killed_by":"The Heart","ascension_level":2}}