{"host":"4ag909k4xupnj24b","time":1611659493,"event":{"mods":["BaseMod","Minty Spire (QoL Compilation)","StSLib"],"gold_per_floor":[117,15,27,45,60,93,109,109,109,109,120,120,140,215,215,294,294,311,311,140,155,170,170,170,170],"floor_reached":24,"language":"ENG","playtime":1619,"items_purged":[],"score":450,"play_id":"f1964042-be71-4061-b37a-56638961f22a","local_time":"20210126031133","is_ascension_mode":true,"campfire_choices":[{"floor":8,"key":"REST"},{"data":"Fission","floor":10,"key":"SMITH"},{"data":"Consume","floor":12,"key":"SMITH"},{"data":"Loop","floor":15,"key":"SMITH"},{"data":"Self Repair","floor":23,"key":"SMITH"}],"circlet_count":0,"master_deck":["AscendersBane","Strike_B","Strike_B+1","Strike_B","Defend_B","Defend_B","Defend_B","Defend_B","Zap","Dualcast","Leap","Loop+1","Compile Driver","Rip and Tear+1","Rebound","Fission+1","Beam Cell","Consume+1","Glacier","Seek","Self Repair+1","Turbo","Creative AI","Darkness"],"relics":["Runic Dome","Whetstone","Question Card","Snecko Eye"],"acts_visited":["Exordium","TheCity"],"potions_floor_usage":[6,16,18,24],"damage_taken":[{"damage":0,"enemies":"Cultist","floor":1,"turns":4},{"damage":0,"enemies":"2 Louse","floor":3,"turns":3},{"damage":0,"enemies":"Small Slimes","floor":4,"turns":3},{"damage":30,"enemies":"Exordium Wildlife","floor":5,"turns":5},{"damage":11,"enemies":"3 Sentries","floor":6,"turns":5},{"damage":13,"enemies":"Red Slaver","floor":7,"turns":3},{"damage":1,"enemies":"Large Slime","floor":11,"turns":5},{"damage":7,"enemies":"Exordium Wildlife","floor":13,"turns":3},{"damage":0,"enemies":"Slime Boss","floor":16,"turns":9},{"damage":9,"enemies":"3 Byrds","floor":18,"turns":3},{"damage":7,"enemies":"Shell Parasite","floor":21,"turns":23},{"damage":23,"enemies":"Cultist and Chosen","floor":22,"turns":10},{"damage":38,"enemies":"Gremlin Leader","floor":24,"turns":3}],"seed_played":"-4625626901538604701","potions_obtained":[{"floor":1,"key":"Strength Potion"},{"floor":5,"key":"LiquidBronze"},{"floor":6,"key":"ColorlessPotion"},{"floor":7,"key":"PowerPotion"},{"floor":21,"key":"Energy Potion"},{"floor":22,"key":"BlessingOfTheForge"}],"is_trial":false,"path_per_floor":["M","$","M","M","M","E","M","R","T","R","M","R","M","?","R","B",null,"M","?","$","M","M","R","E"],"character_chosen":"DEFECT","items_purchased":["Loop","Compile Driver","Creative AI"],"campfire_rested":1,"item_purchase_floors":[2,2,20],"current_hp_per_floor":[64,64,64,64,34,23,10,31,31,31,30,30,23,12,12,12,56,47,47,47,47,38,38,0,0],"gold":170,"neow_bonus":"BOSS_RELIC","is_daily":false,"chose_seed":false,"campfire_upgraded":4,"win_rate":0.0,"timestamp":1611659493,"path_taken":["M","$","M","M","?","E","M","R","T","R","M","R","M","?","R","BOSS","M","?","$","M","M","R","E"],"items_purchased_type":["Card","Card","Card"],"build_version":"2020-12-22","purchased_purges":0,"victory":false,"max_hp_per_floor":[71,71,71,71,71,71,71,71,71,71,71,71,71,71,71,71,71,71,71,71,71,71,71,71,71],"card_choices":[{"not_picked":["Double Energy","Turbo"],"picked":"Leap","floor":1},{"not_picked":["Fusion","Conserve Battery","Storm"],"picked":"SKIP","floor":3},{"not_picked":["Leap","Stack"],"picked":"Rip and Tear","floor":4},{"not_picked":["Hologram","Leap"],"picked":"Rebound","floor":5},{"not_picked":["Streamline","BootSequence"],"picked":"Fission","floor":6},{"not_picked":["Steam","Hologram"],"picked":"Beam Cell","floor":7},{"not_picked":["Hologram","Go for the Eyes","Leap"],"picked":"Consume","floor":11},{"not_picked":["Aggregate","Ball Lightning","Stack"],"picked":"Glacier","floor":13},{"not_picked":["Machine Learning","Multi-Cast","Core Surge"],"picked":"Seek","floor":16},{"not_picked":["Go for the Eyes","Melter","Aggregate"],"picked":"Self Repair","floor":18},{"not_picked":["Streamline","Go for the Eyes","Leap"],"picked":"Darkness","floor":21},{"not_picked":["Aggregate+1","Go for the Eyes","Leap","Auto Shields"],"picked":"SKIP","floor":22}],"player_experience":874556,"relics_obtained":[{"floor":6,"key":"Whetstone"},{"floor":9,"key":"Question Card"}],"event_choices":[{"damage_healed":0,"gold_gain":75,"player_choice":"Gather Gold","damage_taken":11,"max_hp_gain":0,"max_hp_loss":0,"event_name":"World of Goop","floor":14,"gold_loss":0},{"damage_healed":0,"gold_gain":0,"cards_transformed":["Strike_B"],"player_choice":"Transformed","damage_taken":0,"max_hp_gain":0,"max_hp_loss":0,"event_name":"Transmorgrifier","floor":19,"gold_loss":0,"cards_obtained":["Turbo"]}],"is_beta":false,"boss_relics":[{"not_picked":["Astrolabe","Philosopher\u0027s Stone"],"picked":"Snecko Eye"}],"items_purged_floors":[],"is_endless":false,"potions_floor_spawned":[1,5,6,7,21,22],"killed_by":"Gremlin Leader","ascension_level":16}}