{"host":"18wi9kpcl4eah7pe","time":1611644086,"event":{"mods":["BaseMod","Colored Powertips","Downfall","Minty Spire (QoL Compilation)","StSLib"],"gold_per_floor":[99,113,130,140,315,315,315,345,370,170,193,93,111,128,146,251,251,251,271,286,121,141,141,141,154,254,281,481,581,581,598,617,617,617,617],"floor_reached":33,"language":"ENG","playtime":2028,"items_purged":[],"score":319,"play_id":"a66723f5-2265-4ee3-8d4f-435bd52ff043","local_time":"20210126005446","is_ascension_mode":false,"campfire_choices":[{"floor":1.0,"key":"RECALL"},{"floor":10.0,"key":"REST"},{"floor":23.0,"key":"REST"},{"floor":30,"key":"REST"}],"circlet_count":0,"master_deck":["sneckomod:TailWhip","sneckomod:SnekBite","sneckomod:Unknown","sneckomod:WideSting","sneckomod:ImprovisedGuard","sneckomod:SnekBeam","sneckomod:TrashToTreasure","Infinite Blades","sneckomod:QuickMove","sneckomod:UnknownCommonSkill","sneckomod:PureSnecko","sneckomod:SerpentMind","sneckomod:MixItUp","sneckomod:UnknownUncommonPower","sneckomod:UnknownX","sneckomod:UnknownWeak","sneckomod:QuickBite","Dodge and Roll","sneckomod:UnendingSupply","sneckomod:QuickMove","sneckomod:UnknownClassGREEN","sneckomod:UnknownClassRED+1","sneckomod:UnknownStrike","sneckomod:UnknownRareAttack","Creative AI","sneckomod:UnknownClassRED","sneckomod:CheapStock","sneckomod:Restock","Enlightenment","Parasite","sneckomod:SerpentIdol","sneckomod:SnakeSap"],"relics":["sneckomod:SneckoSoul","Blood Vial","White Beast Statue","Regal Pillow","PreservedInsect","downfall:HeartBlessingGreen","downfall:HeartBlessingRed","downfall:HeartBlessingBlue","Pandora\u0027s Box","Lee\u0027s Waffle","Meat on the Bone","Smiling Mask","downfall:GremlinSack"],"acts_visited":["Exordium","TheCity"],"potions_floor_usage":[28,28,32,32,33,33],"damage_taken":[{"damage":0.0,"enemies":"Small Slimes","floor":2.0,"turns":2.0},{"damage":0.0,"enemies":"2 Louse","floor":3.0,"turns":3.0},{"damage":0.0,"enemies":"Cultist","floor":4.0,"turns":4.0},{"damage":24.0,"enemies":"3 Sentries","floor":9.0,"turns":6.0},{"damage":13.0,"enemies":"Red Slaver","floor":13.0,"turns":4.0},{"damage":10.0,"enemies":"Blue Slaver","floor":14.0,"turns":6.0},{"damage":6.0,"enemies":"Exordium Thugs","floor":15.0,"turns":4.0},{"damage":60.0,"enemies":"SI_SHIV_ARCHETYPE","floor":16.0,"turns":12.0},{"damage":25.0,"enemies":"Shell Parasite","floor":19.0,"turns":4.0},{"damage":62.0,"enemies":"3 Byrds","floor":20.0,"turns":5.0},{"damage":0.0,"enemies":"downfall:FleeingMerchant","floor":21.0,"turns":4.0},{"damage":51.0,"enemies":"Snake Plant","floor":22.0,"turns":6.0},{"damage":51.0,"enemies":"Sentry and Sphere","floor":25.0,"turns":9.0},{"damage":0.0,"enemies":"Gremlin Leader","floor":27.0,"turns":7.0},{"damage":4,"enemies":"Gremlin Leader","floor":28,"turns":6},{"damage":14,"enemies":"Gremlin Leader","floor":29,"turns":4},{"damage":20,"enemies":"Centurion and Healer","floor":31,"turns":8},{"damage":20,"enemies":"3 Cultists","floor":32,"turns":7},{"damage":76,"enemies":"IC_MUSHROOM_ARCHETYPE","floor":33,"turns":8}],"seed_played":"8243411634274873734","potions_obtained":[{"floor":3.0,"key":"Fire Potion"},{"floor":9.0,"key":"hexamod:SoulburnPotion"},{"floor":13.0,"key":"Explosive Potion"},{"floor":14.0,"key":"Fire Potion"},{"floor":16.0,"key":"hexamod:SoulburnPotion"},{"floor":19.0,"key":"champ:CounterPotion"},{"floor":20.0,"key":"GamblersBrew"},{"floor":29,"key":"SteroidPotion"},{"floor":31,"key":"ColorlessPotion"},{"floor":32,"key":"Strength Potion"}],"is_trial":false,"path_per_floor":["R","M","M","M","?","?","T","?","E","R","T","R","M","M","M","B",null,"R","M","M","$","M","R","T","M","?","E","?","?","R","M","M","B"],"character_chosen":"THE_SNECKO","items_purchased":["Lee\u0027s Waffle"],"campfire_rested":3,"item_purchase_floors":[21],"current_hp_per_floor":[90,90,90,90,90,90,90,90,66,90,90,100,87,79,75,17,100,100,75,15,107,56,103,103,54,54,56,54,54,101,83,68,0,0,0],"gold":617,"neow_bonus":"RANDOM_COMMON_RELIC","is_daily":false,"chose_seed":false,"campfire_upgraded":0,"win_rate":0.0,"timestamp":1611644086,"path_taken":["R","M","M","M","?","?","T","?","E","R","?","R","?","M","M","BOSS","R","M","M","$","M","R","T","M","?","E","?","?","R","?","M","BOSS"],"items_purchased_type":["Relic"],"build_version":"2020-12-22","purchased_purges":0,"victory":false,"max_hp_per_floor":[90,90,90,90,90,90,90,90,90,90,90,100,100,100,100,100,100,100,100,100,107,107,107,107,107,107,107,107,107,107,107,110,110,110,110],"card_choices":[{"not_picked":["sneckomod:TrashToTreasure","sneckomod:Nope"],"picked":"sneckomod:WideSting","floor":2.0},{"not_picked":["sneckomod:DiceCrush","sneckomod:SoulDraw"],"picked":"sneckomod:ImprovisedGuard","floor":3.0},{"not_picked":["sneckomod:Nope","sneckomod:QuickMove"],"picked":"sneckomod:SnekBeam","floor":4.0},{"not_picked":["sneckomod:UnknownBlock","sneckomod:UnknownDraw"],"picked":"sneckomod:TrashToTreasure","floor":9.0},{"not_picked":["sneckomod:SoulRoll","sneckomod:SoulDraw"],"picked":"sneckomod:QuickMove","floor":13.0},{"not_picked":["sneckomod:Nope","sneckomod:RainOfDice"],"picked":"sneckomod:UnknownCommonSkill","floor":14.0},{"not_picked":["sneckomod:WideSting","sneckomod:CheapStock"],"picked":"sneckomod:PureSnecko","floor":15.0},{"not_picked":["sneckomod:Restock","sneckomod:UnknownRareAttack"],"picked":"sneckomod:SerpentMind","floor":16.0},{"not_picked":["sneckomod:Memorize","sneckomod:UnknownWeak"],"picked":"sneckomod:UnendingSupply","floor":19.0},{"not_picked":["sneckomod:UnknownBlock","sneckomod:IronFang"],"picked":"sneckomod:QuickMove","floor":20.0},{"not_picked":["sneckomod:UnknownBlock+1","sneckomod:UnknownWeak+1"],"picked":"sneckomod:UnknownClassGREEN","floor":21.0},{"not_picked":["sneckomod:Nope","sneckomod:UnknownCommonAttack"],"picked":"sneckomod:UnknownClassRED+1","floor":22.0},{"not_picked":["sneckomod:UnknownBlock","sneckomod:SoulDraw"],"picked":"sneckomod:UnknownStrike","floor":25.0},{"not_picked":["sneckomod:DiceBoulder","sneckomod:SoulCleanse"],"picked":"sneckomod:UnknownRareAttack","floor":27},{"not_picked":["sneckomod:UnknownUncommonAttack","sneckomod:Unknown0Cost+1"],"picked":"sneckomod:SerpentIdol","floor":29},{"not_picked":["sneckomod:UnknownCommonAttack","sneckomod:QuickMove","sneckomod:UnknownClassBLUE"],"picked":"SKIP","floor":31},{"not_picked":["sneckomod:UnendingSupply","sneckomod:IronFang"],"picked":"sneckomod:SnakeSap","floor":32}],"player_experience":962610,"relics_obtained":[{"floor":7.0,"key":"White Beast Statue"},{"floor":9.0,"key":"PreservedInsect"},{"floor":24.0,"key":"Meat on the Bone"},{"floor":27,"key":"Smiling Mask"},{"floor":29,"key":"downfall:GremlinSack"}],"event_choices":[{"cards_removed":["Doubt"],"damage_healed":0.0,"max_hp_gain":0.0,"max_hp_loss":0.0,"gold_gain":0.0,"event_name":"The Cleric","player_choice":"Card Removal","floor":6.0,"gold_loss":0.0,"damage_taken":0.0}],"is_beta":false,"boss_relics":[{"not_picked":["Coffee Dripper","Astrolabe"],"picked":"Pandora\u0027s Box"}],"items_purged_floors":[],"is_endless":false,"potions_floor_spawned":[3,9,13,14,15,16,19,20,21,22,25,27,28,29,31,32],"killed_by":"IC_MUSHROOM_ARCHETYPE","ascension_level":0}}