{"host":"44ptf306keujqm0c","time":1611676331,"event":{"mods":["Aspiration","BaseMod","Marisa（F雨　魔理沙）","Minty Spire (QoL Compilation)","StSLib","The Construct","The Servant 0.9.4","WarShipGirlsR/战舰少女R mod"],"gold_per_floor":[110,122,72,85,30,30,41,41,41,41,41,41,41,68,68,8,8],"floor_reached":16,"language":"ZHS","playtime":840,"items_purged":[],"score":98,"play_id":"cc2bb50b-951c-477f-b1c9-6be9e48a593a","local_time":"20210126235211","is_ascension_mode":false,"campfire_choices":[{"data":"construct:Backfire","floor":6.0,"key":"SMITH"},{"data":"construct:ScrapCannon","floor":8,"key":"SMITH"},{"data":"construct:DefenseMode","floor":13,"key":"SMITH"},{"data":"construct:GoldenBullet","floor":15,"key":"SMITH"}],"circlet_count":0,"master_deck":["construct:Strike_Gold","construct:Strike_Gold","construct:Strike_Gold","construct:Strike_Gold","construct:Defend_Gold","construct:Defend_Gold","construct:Defend_Gold","construct:Defend_Gold","construct:Defend_Gold","construct:DefenseMode+1","construct:SuppressiveFire","construct:ScrapCannon+1","construct:Backfire+1","Defend_B","construct:GoldenBullet+1"],"relics":["construct:Cogwheel","NeowsBlessing","Dream Catcher","Mercury Hourglass","Eternal Feather","construct:FoamFinger"],"acts_visited":["Exordium"],"potions_floor_usage":[14,14],"damage_taken":[{"damage":0.0,"enemies":"Cultist","floor":1.0,"turns":1.0},{"damage":0.0,"enemies":"Small Slimes","floor":2.0,"turns":1.0},{"damage":0.0,"enemies":"Jaw Worm","floor":4.0,"turns":1.0},{"damage":9.0,"enemies":"Exordium Wildlife","floor":7.0,"turns":3.0},{"damage":17,"enemies":"Lagavulin","floor":14,"turns":7},{"damage":74,"enemies":"Hexaghost","floor":16,"turns":14}],"seed_played":"-8936807613800255447","potions_obtained":[{"floor":2.0,"key":"Dexterity Potion"},{"floor":4.0,"key":"construct:ShiftPotion"}],"is_trial":false,"path_per_floor":["M","M","?","M","?","R","M","R","T","T","$","?","R","E","R","B"],"character_chosen":"THE_CONSTRUCT_MOD","items_purchased":[],"campfire_rested":0,"item_purchase_floors":[],"current_hp_per_floor":[85,85,85,85,85,85,76,76,76,76,76,76,82,65,74,0,0],"gold":8,"neow_bonus":"THREE_ENEMY_KILL","is_daily":false,"chose_seed":false,"campfire_upgraded":4,"win_rate":0.0,"timestamp":1611676331,"path_taken":["M","?","?","M","?","R","?","R","T","?","?","?","R","E","R","BOSS"],"items_purchased_type":[],"build_version":"2020-12-22","purchased_purges":0,"victory":false,"max_hp_per_floor":[85,85,85,85,85,85,85,85,85,85,85,85,85,85,85,85,85],"card_choices":[{"not_picked":["construct:SaveState","construct:GuardCore"],"picked":"construct:SuppressiveFire","floor":1.0},{"not_picked":["construct:Reinforce","construct:ScrapCannon","construct:OmegaCannon"],"picked":"SKIP","floor":2.0},{"not_picked":["construct:Reinforce","construct:OmegaCannon"],"picked":"construct:ScrapCannon","floor":2.0},{"not_picked":["construct:Accumulate","construct:Boost"],"picked":"construct:Backfire","floor":4.0},{"not_picked":["construct:Hazardproof","construct:Chainstrike","construct:FocusedBeam"],"picked":"SKIP","floor":7.0},{"not_picked":["construct:Anticipate","construct:Tumble"],"picked":"construct:GoldenBullet","floor":14}],"player_experience":31477,"relics_obtained":[{"floor":9,"key":"Mercury Hourglass"},{"floor":10,"key":"Eternal Feather"},{"floor":14,"key":"construct:FoamFinger"}],"event_choices":[{"cards_removed":["construct:Strike_Gold"],"damage_healed":0.0,"max_hp_gain":0.0,"max_hp_loss":0.0,"gold_gain":0.0,"event_name":"The Cleric","player_choice":"Card Removal","floor":3.0,"gold_loss":50.0,"damage_taken":0.0},{"damage_healed":0.0,"max_hp_gain":0.0,"max_hp_loss":0.0,"gold_gain":0.0,"event_name":"WeMeetAgain","player_choice":"Paid Gold","floor":5.0,"gold_loss":55.0,"damage_taken":0.0,"relics_obtained":["Dream Catcher"]},{"cards_removed":["construct:AttackMode"],"damage_healed":0,"gold_gain":0,"player_choice":"Took Card","damage_taken":0,"max_hp_gain":0,"max_hp_loss":0,"event_name":"NoteForYourself","floor":12,"gold_loss":0,"cards_obtained":["Defend_B"]}],"is_beta":false,"boss_relics":[],"items_purged_floors":[],"is_endless":false,"potions_floor_spawned":[2,4],"killed_by":"Hexaghost","ascension_level":0}}