{"host":"dyudzmz1c60osjjw","time":1611652207,"event":{"mods":["AchievementEnabler","BaseMod","BetterRewards","Colored Map","Conspire","Downfall","Duelist Mod","Friendly Minions","Hermit","Hubris","Infinite Spire","Koishi","Marisa????????","Minty Spire (QoL Compilation)","StSLib","The Administrix","The Animator","The Cursed","The Disciple","The Mystic","The Runesmith","The Servant 0.9.4"],"gold_per_floor":[118,118,158,172,192,226,226,226,226,69,144,157,169,180,180,280,280,299,299,314,314,334,362,65,76,76,92,92,106,140,158,158,262,262,281,281,293,293,305,305,333,343,393,403,458,469,32,49,49,49,49,49,49,76,76],"floor_reached":56,"language":"ENG","playtime":5524,"items_purged":["AdministrixMod:Strike_Administrix"],"score":1325,"play_id":"fc858545-ac07-477a-8302-da561933512b","local_time":"20210126201007","is_ascension_mode":false,"campfire_choices":[{"floor":7,"key":"REST"},{"floor":15,"key":"REST"},{"data":"AdministrixMod:SyncreticPlunge","floor":28,"key":"SMITH"},{"data":"AdministrixMod:CenturiesAscent","floor":32,"key":"SMITH"},{"floor":40,"key":"RECALL"},{"floor":49,"key":"REST"},{"data":"infinitespire:Gouge","floor":52,"key":"SMITH"}],"circlet_count":0,"master_deck":["AdministrixMod:Strike_Administrix","AdministrixMod:Strike_Administrix","AdministrixMod:Strike_Administrix+1","AdministrixMod:RedCloak","AdministrixMod:Defend_Administrix+1","AdministrixMod:Defend_Administrix","AdministrixMod:Defend_Administrix","AdministrixMod:BlueCloak","AdministrixMod:CenturiesAscent+1","AdministrixMod:DreamsMausoleum","AdministrixMod:HaveItAll+1","AdministrixMod:SyncreticPlunge+1","AdministrixMod:GirlsDoItBetter+1","AdministrixMod:SipOfSparks+1","AdministrixMod:PassageOfAges","AdministrixMod:Mastermind+1","AdministrixMod:SyncreticSurge+1","AdministrixMod:ChooseYourEnd+1","AdministrixMod:WifeLightning+1","infinitespire:Gouge+1","AdministrixMod:RebukeDesires+1","AdministrixMod:BlueCloak","AdministrixMod:GirlsDoItBetter+1","AdministrixMod:BloodBargain+1","AdministrixMod:GuanyinBlessing+1","AdministrixMod:SipOfSparks+1","AdministrixMod:CrackingPangu","AdministrixMod:Metempsychosis"],"relics":["AdministrixMod:ConductorRitualBaton","Bag of Preparation","AdministrixMod:GoldenChickadee","infinitespire:EmpoweringShard","Singing Bowl","SacredBark","hubris:Icosahedron","infinitespire:Beetle Shell","PreservedInsect","Kunai","Du-Vu Doll","Black Star","Bronze Scales","TungstenRod","hubris:Zylophone","Medical Kit","Lizard Tail","Lantern","Art of War"],"acts_visited":["Exordium","TheCity","TheBeyond","TheEnding"],"potions_floor_usage":[6,16,23,25,30,33,41,41,45,50,55,55,55,55],"damage_taken":[{"damage":5,"enemies":"Jaw Worm","floor":1,"turns":4},{"damage":0,"enemies":"Small Slimes","floor":4,"turns":3},{"damage":0,"enemies":"Cultist","floor":5,"turns":2},{"damage":7,"enemies":"Lagavulin","floor":6,"turns":5},{"damage":2,"enemies":"Lots of Slimes","floor":12,"turns":3},{"damage":0,"enemies":"2 Fungi Beasts","floor":13,"turns":2},{"damage":0,"enemies":"Blue Slaver","floor":14,"turns":3},{"damage":23,"enemies":"Hexaghost","floor":16,"turns":6},{"damage":0,"enemies":"Chosen","floor":18,"turns":3},{"damage":0,"enemies":"Spheric Guardian","floor":20,"turns":2},{"damage":7,"enemies":"Snake Plant","floor":22,"turns":3},{"damage":0,"enemies":"Gremlin Leader","floor":23,"turns":3},{"damage":0,"enemies":"Snecko","floor":25,"turns":3},{"damage":0,"enemies":"Shelled Parasite and Fungi","floor":27,"turns":4},{"damage":7,"enemies":"Snake Plant","floor":29,"turns":3},{"damage":0,"enemies":"Book of Stabbing","floor":30,"turns":2},{"damage":0,"enemies":"Chosen and Byrds","floor":31,"turns":3},{"damage":0,"enemies":"Collector","floor":33,"turns":5},{"damage":0,"enemies":"Orb Walker","floor":35,"turns":3},{"damage":3,"enemies":"3 Darklings","floor":37,"turns":3},{"damage":0,"enemies":"Sphere and 2 Shapes","floor":39,"turns":3},{"damage":0,"enemies":"Reptomancer","floor":41,"turns":5},{"damage":0,"enemies":"Writhing Mass","floor":42,"turns":5},{"damage":0,"enemies":"Transient","floor":44,"turns":5},{"damage":0,"enemies":"2 Orb Walkers","floor":45,"turns":4},{"damage":3,"enemies":"3 Darklings","floor":46,"turns":4},{"damage":0,"enemies":"Spire Growth","floor":48,"turns":2},{"damage":34,"enemies":"Time Eater","floor":50,"turns":8},{"damage":1,"enemies":"Shield and Spear","floor":54,"turns":2},{"damage":30,"enemies":"The Heart","floor":55,"turns":11}],"seed_played":"-5954846521582898095","potions_obtained":[{"floor":4,"key":"bronze:BurnAndBuffPotion"},{"floor":12,"key":"conspire:TimeTravelPotion"},{"floor":13,"key":"champ:CounterPotion"},{"floor":14,"key":"LiquidBronze"},{"floor":22,"key":"AttackPotion"},{"floor":23,"key":"AttackPotion"},{"floor":27,"key":"LiquidBronze"},{"floor":30,"key":"AttackPotion"},{"floor":33,"key":"SkillPotion"},{"floor":35,"key":"SteroidPotion"},{"floor":44,"key":"AttackPotion"},{"floor":45,"key":"SneckoOil"},{"floor":48,"key":"bronze:BurnAndBuffPotion"}],"is_trial":false,"path_per_floor":["M","?","?","M","M","E","R","?","T","$","?","M","M","M","R","B",null,"M","?","M","?","M","E","$","M","T","M","R","M","E","M","R","B",null,"M","?","M","?","M","R","E","M","T","M","?","M","$","M","R","B",null,"R","$","E","B",null],"character_chosen":"TheAdministrix","items_purchased":["AdministrixMod:HaveItAll","AdministrixMod:Mastermind","PreservedInsect","Medical Kit","Lizard Tail"],"campfire_rested":3,"item_purchase_floors":[10,24,24,47,47],"current_hp_per_floor":[60,47,40,40,40,33,52,45,45,45,34,34,34,36,56,33,69,69,69,71,71,66,68,68,68,68,70,70,65,65,67,67,67,81,83,63,60,60,62,62,64,64,64,64,64,63,63,63,89,55,89,89,89,88,77],"gold":76,"neow_bonus":"RANDOM_COMMON_RELIC","is_daily":false,"chose_seed":false,"campfire_upgraded":3,"win_rate":0.0,"timestamp":1611652207,"path_taken":["M","?","?","M","M","E","R","?","T","?","?","M","M","M","R","BOSS","M","?","M","?","M","E","$","M","T","M","R","M","E","M","R","BOSS","M","?","M","?","?","R","E","M","T","?","?","M","$","M","R","BOSS","R","$","E","BOSS"],"items_purchased_type":["Card","Card","Relic","Relic","Relic"],"build_version":"2020-12-22","purchased_purges":1,"victory":true,"max_hp_per_floor":[65,65,65,65,65,65,65,65,65,65,65,67,67,69,69,69,69,69,69,71,71,73,75,75,75,75,77,77,79,79,81,81,81,81,83,83,83,83,85,85,87,87,87,87,87,89,89,89,89,89,89,89,89,89,89],"card_choices":[{"not_picked":["AdministrixMod:CrackingPangu","AdministrixMod:QuietConspiracy"],"picked":"AdministrixMod:CenturiesAscent","floor":1},{"not_picked":["AdministrixMod:HiddenPower","AdministrixMod:QuietConspiracy"],"picked":"AdministrixMod:DreamsMausoleum","floor":4},{"not_picked":["AdministrixMod:Transcension","AdministrixMod:BishamonBlessing","AdministrixMod:ReachToHeaven"],"picked":"SKIP","floor":5},{"not_picked":["AdministrixMod:SeventeenArticleLaser","AdministrixMod:SealAway","AdministrixMod:HarmonicReverence"],"picked":"SKIP","floor":6},{"not_picked":["AdministrixMod:PlateOfAntiquity","AdministrixMod:FuneraryRites","AdministrixMod:ShadowPlay"],"picked":"Singing Bowl","floor":12},{"not_picked":["AdministrixMod:Wuji","AdministrixMod:JustRewards"],"picked":"AdministrixMod:SyncreticPlunge","floor":13},{"not_picked":["AdministrixMod:Overdrive","AdministrixMod:SealAway","AdministrixMod:QuietConspiracy"],"picked":"Singing Bowl","floor":14},{"not_picked":["AdministrixMod:LifeforceNet","AdministrixMod:NewbornDivinity"],"picked":"AdministrixMod:GirlsDoItBetter","floor":16},{"not_picked":["AdministrixMod:Wuji","AdministrixMod:CrackingPangu"],"picked":"AdministrixMod:SipOfSparks+1","floor":18},{"not_picked":["AdministrixMod:ArmillarySphere","AdministrixMod:Wuji","AdministrixMod:QuietConspiracy"],"picked":"Singing Bowl","floor":20},{"not_picked":["AdministrixMod:NewWardrobe","AdministrixMod:PassageOfAges","AdministrixMod:RebukeDesires"],"picked":"Singing Bowl","floor":22},{"not_picked":["AdministrixMod:SyncreticPlunge","AdministrixMod:ReachToHeaven","AdministrixMod:Transcension"],"picked":"Singing Bowl","floor":23},{"not_picked":["AdministrixMod:SealAway","AdministrixMod:BloodlessSapphire"],"picked":"AdministrixMod:SyncreticSurge+1","floor":25},{"not_picked":["AdministrixMod:Untouchable","AdministrixMod:LightOfYourLife+1","AdministrixMod:TouchOfCinnabar"],"picked":"Singing Bowl","floor":27},{"not_picked":["AdministrixMod:Mastermind","AdministrixMod:SealAway","AdministrixMod:Transition"],"picked":"Singing Bowl","floor":29},{"not_picked":["AdministrixMod:LightOfYourLife+1","AdministrixMod:MixOfMercury"],"picked":"AdministrixMod:ChooseYourEnd+1","floor":30},{"not_picked":["AdministrixMod:SealAway+1","AdministrixMod:TrickOfTheLight+1","AdministrixMod:GuanyinBlessing"],"picked":"Singing Bowl","floor":31},{"not_picked":["AdministrixMod:StarSwordSoul","AdministrixMod:CosmosControl"],"picked":"AdministrixMod:WifeLightning","floor":33},{"not_picked":["AdministrixMod:UnstableVigor","AdministrixMod:LightOfYourLife","AdministrixMod:PlateOfAntiquity+1"],"picked":"Singing Bowl","floor":35},{"not_picked":["infinitespire:Execution","infinitespire:SealOfDarkness+"],"picked":"infinitespire:Gouge","floor":36},{"not_picked":["AdministrixMod:SyncreticPlunge","AdministrixMod:PlateOfAntiquity"],"picked":"AdministrixMod:RebukeDesires+1","floor":37},{"not_picked":["AdministrixMod:BloodlessSapphire","AdministrixMod:SyncreticPlunge+1","AdministrixMod:TrickOfTheLight+1"],"picked":"Singing Bowl","floor":39},{"not_picked":["AdministrixMod:RebukeDesires","AdministrixMod:ChooseYourEnd+1","AdministrixMod:PassageOfAges"],"picked":"Singing Bowl","floor":41},{"not_picked":["AdministrixMod:ImmortalGrace","AdministrixMod:DiversionaryTactic+1"],"picked":"AdministrixMod:BloodBargain+1","floor":42},{"not_picked":["AdministrixMod:XianArts","AdministrixMod:RebukeDesires+1"],"picked":"AdministrixMod:GuanyinBlessing+1","floor":44},{"not_picked":["AdministrixMod:TrickOfTheLight+1","AdministrixMod:UnstableVigor+1"],"picked":"AdministrixMod:SipOfSparks+1","floor":45},{"not_picked":["AdministrixMod:SipOfSparks","AdministrixMod:Mastermind","AdministrixMod:SyncreticPlunge+1"],"picked":"Singing Bowl","floor":46},{"not_picked":["AdministrixMod:Katabasis","AdministrixMod:ImmortalPurity+1"],"picked":"AdministrixMod:CrackingPangu","floor":48},{"not_picked":["AdministrixMod:DiversionaryTactic","AdministrixMod:FiendishCrimson+1"],"picked":"AdministrixMod:Metempsychosis","floor":54}],"player_experience":215335,"relics_obtained":[{"floor":6,"key":"infinitespire:EmpoweringShard"},{"floor":9,"key":"Singing Bowl"},{"floor":23,"key":"infinitespire:Beetle Shell"},{"floor":26,"key":"Kunai"},{"floor":30,"key":"Du-Vu Doll"},{"floor":41,"key":"Bronze Scales"},{"floor":41,"key":"TungstenRod"},{"floor":45,"key":"hubris:Zylophone"},{"floor":54,"key":"Lantern"},{"floor":54,"key":"Art of War"}],"event_choices":[{"damage_healed":0,"gold_gain":0,"player_choice":"Entered Light","damage_taken":13,"max_hp_gain":0,"max_hp_loss":0,"event_name":"Shining Light","floor":2,"gold_loss":0,"cards_upgraded":["AdministrixMod:Defend_Administrix","AdministrixMod:Strike_Administrix"]},{"damage_healed":0,"gold_gain":0,"player_choice":"Success","damage_taken":7,"relics_obtained":["AdministrixMod:GoldenChickadee"],"max_hp_gain":0,"max_hp_loss":0,"event_name":"Scrap Ooze","floor":3,"gold_loss":0},{"cards_removed":["AdministrixMod:Defend_Administrix"],"damage_healed":0,"gold_gain":0,"player_choice":"Card Removal","damage_taken":7,"max_hp_gain":0,"max_hp_loss":0,"event_name":"Golden Wing","floor":8,"gold_loss":0},{"damage_healed":0,"gold_gain":75,"player_choice":"Gather Gold","damage_taken":11,"max_hp_gain":0,"max_hp_loss":0,"event_name":"World of Goop","floor":11,"gold_loss":0},{"damage_healed":0,"gold_gain":0,"player_choice":"2 cards matched","damage_taken":0,"max_hp_gain":0,"max_hp_loss":0,"event_name":"Match and Keep!","floor":38,"gold_loss":0,"cards_obtained":["AdministrixMod:BlueCloak","AdministrixMod:GirlsDoItBetter"]},{"damage_healed":0,"gold_gain":0,"player_choice":"Fight","damage_taken":0,"max_hp_gain":0,"max_hp_loss":0,"event_name":"Mysterious Sphere","floor":45,"gold_loss":0}],"is_beta":false,"boss_relics":[{"not_picked":["conspire:SeveredTorchhead","AdministrixMod:BloodSoakedVeil"],"picked":"SacredBark"},{"not_picked":["Runic Pyramid","Busted Crown"],"picked":"Black Star"}],"items_purged_floors":[24],"is_endless":false,"potions_floor_spawned":[4,12,13,14,22,23,27,30,33,35,41,44,45,48],"ascension_level":0}}