{"host":"yiuxawbvzhpm7ctb","time":1611687030,"event":{"mods":["AchievementEnabler","Act Like it!","Aspiration","BaseMod","Better Altar","Better Match","Better Note","Better Sensory Stone","Better Skull","Better Third Choice","Better Vampires","Colored Map","Conspire","Downfall","Emptier Cage","Halation","Hubris","Infinite Spire","Jedi Mod","Marisa????????","Minty Spire (QoL Compilation)","Pale of the Ancients","Reliquary","Replay The Spire","StSLib","The Jungle","Wandering Minibosses"],"gold_per_floor":[99,114,114,114,128,139,139,139,171,182,198,213,213,230,250,348,348,348,363,375,375,375,400,400,419,419,419,419,419,419,434,452,452,452,452],"floor_reached":33,"language":"ENG","playtime":1481,"items_purged":["Voices"],"score":251,"play_id":"c77c27d5-ebd2-42cc-bf84-40fc1fbdc76e","local_time":"20210126135030","is_ascension_mode":false,"campfire_choices":[{"data":"Guardian:TwinSlam","floor":1.0,"key":"SMITH"},{"data":"Guardian:PiercingHide","floor":8.0,"key":"SMITH"},{"data":"Guardian:AncientConstruct","floor":18,"key":"SMITH"},{"floor":26,"key":"REST"},{"floor":30,"key":"REST"}],"circlet_count":0,"master_deck":["Guardian:Strike_Guardian","Guardian:Strike_Guardian","Guardian:Strike_Guardian","Guardian:Strike_Guardian","Guardian:Defend_Guardian","Guardian:Defend_Guardian+1","Guardian:Defend_Guardian","Guardian:Defend_Guardian","Guardian:CurlUp","Guardian:TwinSlam+1","Guardian:PiercingHide+1","Guardian:VentSteam","Fluid Movement","Guardian:DecasProtection+1","Guardian:PiercingHide","Guardian:PrimingBeam","Guardian:AncientConstruct+1","Guardian:CrystalBeam+1","Guardian:Gem_Lightblue","Poisoned Stab"],"relics":["Guardian:ModeShifter","hubris:Icosahedron","hubris:DisguiseKit","Replay:WaspNest","conspire:Flyswatter","halation:Prosthetics","ReplayTheSpireMod:Ring of Exchange","Ring of Misfortune","reliquary:SilkGlove","infinitespire:WardingShard","War Paint","aspiration:ChemicalBlood"],"acts_visited":["Exordium","TheCity"],"potions_floor_usage":[16,25,31,33],"damage_taken":[{"damage":1.0,"enemies":"Cultist","floor":2.0,"turns":3.0},{"damage":0.0,"enemies":"Small Slimes","floor":5.0,"turns":5.0},{"damage":5.0,"enemies":"Jaw Worm","floor":6.0,"turns":4.0},{"damage":16.0,"enemies":"Gremlin Nob","floor":9.0,"turns":5.0},{"damage":9.0,"enemies":"Exordium Wildlife","floor":10.0,"turns":6.0},{"damage":0.0,"enemies":"3 Louse","floor":11.0,"turns":3.0},{"damage":4.0,"enemies":"Blue Slaver","floor":12.0,"turns":4.0},{"damage":6.0,"enemies":"3 Louse","floor":14.0,"turns":4.0},{"damage":5.0,"enemies":"Exordium Wildlife","floor":15.0,"turns":5.0},{"damage":12,"enemies":"SI_SHIV_ARCHETYPE","floor":16,"turns":10},{"damage":11,"enemies":"Spheric Guardian","floor":19,"turns":7},{"damage":6,"enemies":"Snake Plant","floor":20,"turns":5},{"damage":10,"enemies":"3 Cultists","floor":25,"turns":7},{"damage":16,"enemies":"Centurion and Healer","floor":31,"turns":12},{"damage":6,"enemies":"Snake Plant","floor":32,"turns":4},{"damage":22,"enemies":"WA_ARCHETYPE_CALM","floor":33,"turns":5}],"seed_played":"-6096443843547686596","potions_obtained":[{"floor":5.0,"key":"ColorlessPotion"},{"floor":11.0,"key":"Strength Potion"},{"floor":12.0,"key":"Guardian:AcceleratePotion"},{"floor":14.0,"key":"Fire Potion"},{"floor":16,"key":"Guardian:AcceleratePotion"},{"floor":25,"key":"LiquidBronze"}],"is_trial":false,"path_per_floor":["R","M","?","?","M","M","T","R","E","M","M","M","T","M","M","B",null,"R","M","M","?","?","T","T","M","R","AVR","?","$","R","M","M","B"],"character_chosen":"GUARDIAN","items_purchased":["aspiration:ChemicalBlood"],"campfire_rested":2,"item_purchase_floors":[29],"current_hp_per_floor":[88,87,87,87,87,82,82,82,66,57,57,53,53,47,42,30,53,53,42,36,36,36,36,36,26,41,41,33,23,40,24,18,0,0,0],"gold":452,"neow_bonus":"TEN_PERCENT_HP_BONUS","is_daily":false,"chose_seed":false,"campfire_upgraded":3,"win_rate":0.0,"timestamp":1611687030,"path_taken":["R","M","?","?","M","?","T","R","E","M","M","M","?","M","M","BOSS","R","M","M","?","?","?","T","?","R","AVR","?","?","R","M","M","BOSS"],"items_purchased_type":["Relic"],"build_version":"2020-12-22","purchased_purges":1,"victory":false,"max_hp_per_floor":[88,88,88,88,88,88,88,88,88,88,88,88,88,88,88,88,53,53,53,53,53,53,53,53,53,53,53,58,58,58,58,58,58,58,58],"card_choices":[{"not_picked":["Guardian:TemporalShield","Guardian:Reroute"],"picked":"Guardian:PiercingHide","floor":2.0},{"not_picked":["Guardian:GuardianWhirl","Guardian:BronzeOrb"],"picked":"Guardian:VentSteam","floor":5.0},{"not_picked":["Guardian:GuardianWhirl","Guardian:TemporalStrike"],"picked":"Guardian:Gem_Red","floor":6.0},{"not_picked":["Guardian:Recover","Guardian:Gem_Cyan","Guardian:Preprogram"],"picked":"Fluid Movement","floor":9.0},{"not_picked":["Guardian:ShieldSpikes","Guardian:StasisStrike","Cloak And Dagger"],"picked":"Guardian:Gem_Green","floor":10.0},{"not_picked":["Guardian:PrimingBeam","Guardian:WalkerClaw","Deflect"],"picked":"Guardian:DecasProtection","floor":11.0},{"not_picked":["Guardian:Gem_Blue","Guardian:GuardianWhirl","Fluid Movement"],"picked":"Guardian:Gem_Cyan","floor":12.0},{"not_picked":["Guardian:CrystalBeam","Guardian:TemporalShield","Sucker Punch"],"picked":"Guardian:PiercingHide","floor":14.0},{"not_picked":["Guardian:Gem_Cyan","Guardian:TimeBomb","Quick Slash"],"picked":"Guardian:PrimingBeam","floor":15.0},{"not_picked":["Guardian:Gem_Orange","Guardian:TimeSifter","Poison Darts"],"picked":"Guardian:AncientConstruct","floor":16},{"not_picked":["Guardian:PrismaticBarrier","Guardian:VentSteam","Guardian:Planning+1","PiercingWail"],"picked":"SKIP","floor":19},{"not_picked":["Guardian:ArmoredProtocol","Guardian:Incinerate","Dagger Throw"],"picked":"Guardian:CrystalBeam+1","floor":20},{"not_picked":["Guardian:Harden","Guardian:BronzeArmor","Guardian:ArmoredProtocol","Acrobatics"],"picked":"SKIP","floor":25},{"not_picked":["Guardian:Harden","Guardian:BronzeArmor","Guardian:ArmoredProtocol","Acrobatics"],"picked":"SKIP","floor":25},{"not_picked":["Guardian:Suspension","Guardian:Recover+1","Replay:Bag of Tricks"],"picked":"Guardian:Gem_Lightblue","floor":31},{"not_picked":["Guardian:SentryBeam+1","Guardian:ShieldCharger","Guardian:Gem_Cyan"],"picked":"Poisoned Stab","floor":32}],"player_experience":601701,"relics_obtained":[{"floor":7.0,"key":"hubris:DisguiseKit"},{"floor":9.0,"key":"Replay:WaspNest"},{"floor":13.0,"key":"conspire:Flyswatter"},{"floor":22,"key":"ReplayTheSpireMod:Ring of Exchange"},{"floor":22,"key":"Ring of Misfortune"},{"floor":23,"key":"reliquary:SilkGlove"},{"floor":24,"key":"infinitespire:WardingShard"}],"event_choices":[{"damage_healed":0.0,"max_hp_gain":0.0,"max_hp_loss":0.0,"gold_gain":0.0,"event_name":"conspire:Investor","player_choice":"Leave","floor":4.0,"gold_loss":0.0,"damage_taken":0.0},{"damage_healed":0,"gold_gain":0,"player_choice":"Ignored","damage_taken":0,"max_hp_gain":0,"max_hp_loss":0,"event_name":"betterNote:BetterNote","floor":21,"gold_loss":0,"cards_obtained":["Seek"]}],"is_beta":false,"boss_relics":[{"not_picked":["hubris:RunicObelisk","infinitespire:Cupcake"],"picked":"halation:Prosthetics"}],"items_purged_floors":[27],"is_endless":false,"potions_floor_spawned":[5,11,12,14,15,16,25],"killed_by":"WA_ARCHETYPE_CALM","ascension_level":0}}