{"host":"h4qgcirtxz6qax9j","time":1611668548,"event":{"mods":["AchievementEnabler","BaseMod","Colored Powertips","Custom Start","Hermit","Marisa£¨Ùöéë¡¡Øª×âÞÞ£©","Minty Spire (QoL Compilation)","StSLib","SuperFastMode","The Servant 0.9.4"],"gold_per_floor":[116,40,40,115,135,135,135,152,197,223,223,234,234,234,234,372,372,402,426,426,435,397,397,397,397],"floor_reached":24,"language":"KOR","playtime":776,"items_purged":[],"score":184,"play_id":"815b9525-a535-4db9-96d2-ace16092758f","local_time":"20210126224228","is_ascension_mode":false,"campfire_choices":[{"floor":6,"key":"REST"},{"floor":11,"key":"REST"},{"floor":15,"key":"REST"},{"floor":23,"key":"REST"}],"circlet_count":0,"master_deck":["Strike_MRS","Strike_MRS","Strike_MRS","Strike_MRS","Defend_MRS","Defend_MRS","Defend_MRS","Defend_MRS","MasterSpark","UpSweep+1","AlicesGift","EarthLightRay","DarkMatter","MysteriousBeam","StarBarrage","TreasureHunter","WitchLeyline","IllusionStar","Necronomicurse","Acceleration"],"relics":["MiniHakkero","NeowsBlessing","Nunchaku","CeramicFish","Golden Idol","Black Star","Necronomicon"],"acts_visited":["Exordium","TheCity"],"potions_floor_usage":[24,24],"damage_taken":[{"damage":0,"enemies":"Small Slimes","floor":1,"turns":1},{"damage":0,"enemies":"2 Louse","floor":5,"turns":1},{"damage":0,"enemies":"Cultist","floor":8,"turns":1},{"damage":4,"enemies":"Exordium Thugs","floor":10,"turns":4},{"damage":0,"enemies":"Large Slime","floor":12,"turns":4},{"damage":42,"enemies":"Hexaghost","floor":16,"turns":8},{"damage":41,"enemies":"2 Thieves","floor":18,"turns":4},{"damage":25,"enemies":"Spheric Guardian","floor":19,"turns":4},{"damage":30,"enemies":"Shelled Parasite and Fungi","floor":24,"turns":2}],"seed_played":"6644285143998638454","potions_obtained":[{"floor":1,"key":"SteroidPotion"},{"floor":16,"key":"Fire Potion"},{"floor":18,"key":"Energy Potion"}],"is_trial":false,"path_per_floor":["M","$","?","?","M","R","?","M","T","M","R","M","?","?","R","B",null,"M","M","?","?","$","R","M"],"character_chosen":"MARISA","items_purchased":["EarthLightRay","Acceleration"],"campfire_rested":4,"item_purchase_floors":[2,22],"current_hp_per_floor":[75,75,75,64,64,75,68,68,68,68,75,75,57,57,75,37,75,38,17,17,1,1,23,0,0],"gold":397,"neow_bonus":"THREE_ENEMY_KILL","is_daily":false,"chose_seed":false,"campfire_upgraded":0,"win_rate":0.0,"timestamp":1611668548,"path_taken":["M","$","?","?","M","R","?","M","T","M","R","M","?","?","R","BOSS","M","?","?","?","?","R","M"],"items_purchased_type":["Card","Card"],"build_version":"2020-12-22","purchased_purges":0,"victory":false,"max_hp_per_floor":[75,75,75,75,75,75,75,75,75,75,75,75,75,75,75,75,75,75,75,75,75,75,75,75,75],"card_choices":[{"not_picked":["PropBag","LuminesStrike"],"picked":"AlicesGift","floor":1},{"not_picked":["WitchLeyline","PropBag"],"picked":"DarkMatter","floor":5},{"not_picked":["SporeBomb","Singularity"],"picked":"MysteriousBeam","floor":8},{"not_picked":["SuperPerseids","GalacticHalo"],"picked":"StarBarrage","floor":10},{"not_picked":["GravityBeat","MeteoricShower","DarkSpark"],"picked":"SKIP","floor":12},{"not_picked":["EscapeVelocity","BlazingStar"],"picked":"TreasureHunter","floor":16},{"not_picked":["WitchOfGreed","MagicChant"],"picked":"WitchLeyline","floor":18},{"not_picked":["OortCloud+1","ChargeUpSpray"],"picked":"IllusionStar","floor":19}],"player_experience":97731,"relics_obtained":[{"floor":9,"key":"CeramicFish"},{"floor":21,"key":"Necronomicon"}],"event_choices":[{"damage_healed":0,"gold_gain":0,"player_choice":"Ignored","damage_taken":0,"max_hp_gain":0,"max_hp_loss":0,"event_name":"Liars Game","floor":3,"gold_loss":0},{"damage_healed":0,"gold_gain":75,"player_choice":"Gather Gold","damage_taken":11,"max_hp_gain":0,"max_hp_loss":0,"event_name":"World of Goop","floor":4,"gold_loss":0},{"damage_healed":0,"gold_gain":0,"player_choice":"Success","damage_taken":7,"relics_obtained":["Nunchaku"],"max_hp_gain":0,"max_hp_loss":0,"event_name":"Scrap Ooze","floor":7,"gold_loss":0},{"damage_healed":0,"gold_gain":0,"player_choice":"Take Damage","damage_taken":18,"relics_obtained":["Golden Idol"],"max_hp_gain":0,"max_hp_loss":0,"event_name":"Golden Idol","floor":13,"gold_loss":0},{"damage_healed":0,"gold_gain":0,"player_choice":"Forge","damage_taken":0,"max_hp_gain":0,"max_hp_loss":0,"event_name":"Accursed Blacksmith","floor":14,"gold_loss":0,"cards_upgraded":["UpSweep"]},{"damage_healed":0,"gold_gain":0,"player_choice":"Ignored","damage_taken":0,"max_hp_gain":0,"max_hp_loss":0,"event_name":"Beggar","floor":20,"gold_loss":0},{"damage_healed":0,"gold_gain":0,"player_choice":"Obtained Book","damage_taken":16,"max_hp_gain":0,"max_hp_loss":0,"event_name":"Cursed Tome","floor":21,"gold_loss":0}],"is_beta":false,"boss_relics":[{"not_picked":["Philosopher\u0027s Stone","Coffee Dripper"],"picked":"Black Star"}],"items_purged_floors":[],"is_endless":false,"potions_floor_spawned":[1,16,18],"killed_by":"Shelled Parasite and Fungi","ascension_level":0}}