{"host":"vzkpoqyw8ea6g4k2","time":1611657267,"event":{"mods":["2.2 Compatiblity","AchievementEnabler","BaseMod","Colored Map","Colored Powertips","Dark Map","Infinite Spire","Minty Spire (QoL Compilation)","Permanent Neow","Quick Restart","Replay The Spire","StSLib","SuperFastMode"],"gold_per_floor":[218,19,19,39,39,39,39,72,96,96,106,125,135,149,149,245,245,265,280,280,299,317,317,317],"floor_reached":23,"language":"KOR","playtime":607,"items_purged":["Strike_P"],"score":236,"play_id":"22b613d7-8e53-471e-8cad-24dde57d0c92","local_time":"20210126193427","is_ascension_mode":true,"campfire_choices":[{"data":"WheelKick","floor":6,"key":"SMITH"},{"data":"TalkToTheHand","floor":10,"key":"SMITH"},{"data":"Eruption","floor":15,"key":"SMITH"}],"circlet_count":0,"master_deck":["Strike_P","Strike_P","Strike_P","Defend_P","Defend_P","Defend_P","Defend_P","Eruption+1","Vigilance","WheelKick+1","TalkToTheHand+1","TalkToTheHand+1","PathToVictory","ConjureBlade","ThirdEye+1","WheelKick","JustLucky+1"],"relics":["PureWater","BargainBundle","Ring of Fury","Gremlin Horn","ReplayTheSpireMod:TigerMarble","infinitespire:PuzzleCube","Replay:Wax Seal","Ring of Chaos"],"acts_visited":["Exordium","TheCity"],"potions_floor_usage":[8,8,16,20],"damage_taken":[{"damage":7,"enemies":"Small Slimes","floor":1,"turns":3},{"damage":0,"enemies":"Jaw Worm","floor":4,"turns":3},{"damage":6,"enemies":"3 Sentries","floor":8,"turns":5},{"damage":0,"enemies":"infinitespire:Voidling","floor":11,"turns":2},{"damage":0,"enemies":"Gremlin Gang","floor":12,"turns":1},{"damage":6,"enemies":"Exordium Thugs","floor":13,"turns":3},{"damage":0,"enemies":"Large Slime","floor":14,"turns":4},{"damage":46,"enemies":"Hexaghost","floor":16,"turns":9},{"damage":0,"enemies":"Spheric Guardian","floor":18,"turns":2},{"damage":0,"enemies":"3 Byrds","floor":19,"turns":4},{"damage":0,"enemies":"Shelled Parasite and Fungi","floor":20,"turns":1},{"damage":15,"enemies":"Centurion and Healer","floor":21,"turns":5},{"damage":29,"enemies":"Snake Plant","floor":22,"turns":3},{"damage":38,"enemies":"3 Cultists","floor":23,"turns":4}],"seed_played":"-2584434600556231517","potions_obtained":[{"floor":1,"key":"AttackPotion"},{"floor":12,"key":"Adrenaline Potion"},{"floor":13,"key":"SmokeBomb"},{"floor":16,"key":"Elixir"},{"floor":21,"key":"Dexterity Potion"},{"floor":22,"key":"BlessingOfTheForge"}],"is_trial":false,"path_per_floor":["M","$","?","M","?","R","?","E","T","R","M","M","M","M","R","B",null,"M","M","M","M","M","M"],"character_chosen":"WATCHER","items_purchased":["BargainBundle","Block Potion","Block Potion","TalkToTheHand+1"],"campfire_rested":0,"item_purchase_floors":[2,2,2,2],"current_hp_per_floor":[65,65,65,65,65,65,65,59,59,59,59,59,53,53,53,7,72,72,72,72,57,28,0,0],"gold":317,"neow_bonus":"HUNDRED_GOLD","is_daily":false,"chose_seed":false,"campfire_upgraded":3,"win_rate":0.0,"timestamp":1611657267,"path_taken":["M","$","?","M","?","R","?","E","T","R","?","M","M","M","R","BOSS","M","M","?","M","M","M"],"items_purchased_type":["Relic","Potion","Potion","Card"],"build_version":"2020-12-22","purchased_purges":1,"victory":false,"max_hp_per_floor":[72,72,72,72,72,72,72,72,72,72,72,72,72,72,72,72,72,72,72,72,72,72,72,72],"card_choices":[{"not_picked":["BowlingBash","Consecrate"],"picked":"WheelKick","floor":1},{"not_picked":["ThirdEye","Replay:ManipulateFuture"],"picked":"TalkToTheHand","floor":4},{"not_picked":["Replay:BluntJabs","SandsOfTime","FearNoEvil"],"picked":"SKIP","floor":8},{"not_picked":["CutThroughFate","DeceiveReality"],"picked":"PathToVictory","floor":11},{"not_picked":["WheelKick","Replay:Cycle","Replay:Anticipation"],"picked":"SKIP","floor":12},{"not_picked":["SignatureMove","Consecrate","Prostrate"],"picked":"SKIP","floor":13},{"not_picked":["Replay:Anticipation","LessonLearned","ThirdEye"],"picked":"SKIP","floor":14},{"not_picked":["Omniscience","Devotion"],"picked":"ConjureBlade","floor":16},{"not_picked":["Tantrum","Fasting2"],"picked":"ThirdEye+1","floor":18},{"not_picked":["Evaluate","PathToVictory"],"picked":"WheelKick","floor":19},{"not_picked":["Protect+1","Replay:Vibes+1","Study"],"picked":"SKIP","floor":21},{"not_picked":["BowlingBash+1","Protect+1"],"picked":"JustLucky+1","floor":22}],"player_experience":23174,"relics_obtained":[{"floor":3,"key":"Ring of Fury"},{"floor":5,"key":"Gremlin Horn"},{"floor":8,"key":"infinitespire:PuzzleCube"},{"floor":9,"key":"Replay:Wax Seal"}],"event_choices":[{"damage_healed":0,"gold_gain":0,"player_choice":"Gave Potion","damage_taken":0,"relics_obtained":["ReplayTheSpireMod:TigerMarble"],"max_hp_gain":0,"max_hp_loss":0,"event_name":"WeMeetAgain","floor":7,"gold_loss":0}],"is_beta":false,"boss_relics":[{"not_picked":["infinitespire:Cupcake","Painkiller Herb"],"picked":"Ring of Chaos"}],"items_purged_floors":[2],"is_endless":false,"potions_floor_spawned":[1,12,13,16,20,21,22],"killed_by":"3 Cultists","ascension_level":4}}