{"host":"yn1175etg9ni8l0q","time":1611664777,"event":{"mods":["AchievementEnabler","BaseMod","Colored Map","Colored Powertips","DeckTracker","Minty Spire (QoL Compilation)","Rare Cards Sparkle","Relic Stats","SuperFastMode","everything is the same but u backflip on backflip"],"gold_per_floor":[118,135,135,135,151,151,83,93,119,119,136,136,153,169,169,270,270,284,303,27,127,146,146,146,146,146,157,175,195,195,207,207,305,305,321,221,271,271,284,284,312,412,412,443,454,21,21,32,32,32],"floor_reached":51,"language":"KOR","playtime":1396,"items_purged":["Fission","Lockon","Rebound"],"score":1092,"play_id":"8535c3e1-d5e8-47fd-b19b-a8d53236c0b1","local_time":"20210126213937","is_ascension_mode":true,"campfire_choices":[{"data":"Aggregate","floor":6,"key":"SMITH"},{"data":"Biased Cognition","floor":10,"key":"SMITH"},{"data":"Zap","floor":12,"key":"SMITH"},{"floor":15,"key":"REST"},{"data":"Electrodynamics","floor":23,"key":"SMITH"},{"data":"Go for the Eyes","floor":25,"key":"SMITH"},{"floor":30,"key":"REST"},{"data":"Coolheaded","floor":32,"key":"SMITH"},{"data":"Reboot","floor":40,"key":"SMITH"},{"data":"Heatsinks","floor":47,"key":"SMITH"},{"data":"Lockon","floor":49,"key":"SMITH"}],"circlet_count":0,"master_deck":["AscendersBane","Zap+1","Dualcast","Aggregate+1","Auto Shields+1","Go for the Eyes+1","Biased Cognition+1","Cold Snap","Echo Form","Electrodynamics+1","Ball Lightning","Lockon+1","Reboot+1","Undo","Coolheaded+1","Go for the Eyes+1","Steam+1","Self Repair","Core Surge","Turbo+1","Cold Snap","Core Surge","Glacier+1","Aggregate+1","Heatsinks+1","Force Field+1","Loop+1","Storm+1"],"relics":["Cracked Core","Strawberry","Regal Pillow","Toy Ornithopter","Pandora\u0027s Box","ClockworkSouvenir","Toxic Egg 2","SlaversCollar","Bird Faced Urn","Cables","Pantograph","Darkstone Periapt","Orrery","Centennial Puzzle"],"acts_visited":["Exordium","TheCity","TheBeyond"],"potions_floor_usage":[16,28,33],"damage_taken":[{"damage":6,"enemies":"Cultist","floor":1,"turns":3},{"damage":1,"enemies":"Jaw Worm","floor":2,"turns":3},{"damage":0,"enemies":"Small Slimes","floor":5,"turns":3},{"damage":9,"enemies":"Exordium Thugs","floor":8,"turns":4},{"damage":11,"enemies":"Blue Slaver","floor":11,"turns":3},{"damage":12,"enemies":"Red Slaver","floor":13,"turns":2},{"damage":0,"enemies":"Large Slime","floor":14,"turns":5},{"damage":25,"enemies":"Hexaghost","floor":16,"turns":11},{"damage":6,"enemies":"Chosen","floor":18,"turns":4},{"damage":10,"enemies":"3 Byrds","floor":19,"turns":4},{"damage":16,"enemies":"Centurion and Healer","floor":22,"turns":5},{"damage":22,"enemies":"Snake Plant","floor":27,"turns":3},{"damage":0,"enemies":"Sentry and Sphere","floor":28,"turns":3},{"damage":6,"enemies":"Snecko","floor":29,"turns":4},{"damage":7,"enemies":"Centurion and Healer","floor":31,"turns":5},{"damage":61,"enemies":"Collector","floor":33,"turns":8},{"damage":3,"enemies":"3 Shapes","floor":35,"turns":4},{"damage":0,"enemies":"Mind Bloom Boss Battle","floor":37,"turns":3},{"damage":0,"enemies":"3 Darklings","floor":39,"turns":3},{"damage":4,"enemies":"Reptomancer","floor":41,"turns":8},{"damage":9,"enemies":"Giant Head","floor":44,"turns":7},{"damage":21,"enemies":"Writhing Mass","floor":45,"turns":3},{"damage":8,"enemies":"Sphere and 2 Shapes","floor":48,"turns":3},{"damage":24,"enemies":"Donu and Deca","floor":50,"turns":6}],"seed_played":"-7478641055742405988","potions_obtained":[{"floor":1,"key":"FearPotion"},{"floor":5,"key":"Fire Potion"},{"floor":16,"key":"DistilledChaos"},{"floor":19,"key":"FairyPotion"},{"floor":28,"key":"CultistPotion"},{"floor":31,"key":"Fruit Juice"},{"floor":39,"key":"Energy Potion"}],"is_trial":false,"path_per_floor":["M","M","?","?","M","R","?","M","T","R","M","R","M","M","R","B",null,"M","M","$","?","M","R","?","R","T","M","M","M","R","M","R","B",null,"M","$","?","?","M","R","E","?","T","E","M","$","R","M","R","B",null],"character_chosen":"DEFECT","items_purchased":["ClockworkSouvenir","Coolheaded","Orrery","Centennial Puzzle"],"campfire_rested":2,"item_purchase_floors":[20,20,46,46],"current_hp_per_floor":[62,61,61,46,46,46,46,37,37,37,26,26,14,14,51,31,64,58,48,48,48,32,32,32,32,32,10,15,16,53,60,60,16,64,68,68,68,68,76,76,78,78,78,80,72,72,72,72,72,69],"gold":32,"neow_bonus":"TRANSFORM_TWO_CARDS","is_daily":false,"chose_seed":false,"campfire_upgraded":9,"win_rate":0.0,"timestamp":1611664777,"path_taken":["M","M","?","?","M","R","?","M","T","R","M","R","M","?","R","BOSS","M","M","$","?","?","R","?","R","T","M","M","M","R","M","R","BOSS","M","$","?","?","?","R","E","?","T","E","?","$","R","M","R","BOSS"],"items_purchased_type":["Relic","Card","Relic","Relic"],"build_version":"2020-12-22","purchased_purges":3,"victory":true,"max_hp_per_floor":[68,68,75,75,75,75,75,75,75,75,75,75,75,75,75,75,75,75,75,75,75,75,75,75,75,75,75,75,75,75,75,75,80,80,80,80,80,80,80,80,80,80,80,80,80,80,80,80,80,80],"relic_stats":{"Darkstone Periapt":0,"Regal Pillow":30,"Centennial Puzzle":[6],"counters":[24,107],"Bird Faced Urn":[44],"Pantograph":8,"Pandora\u0027s Box":["Meteor Strike","Ball Lightning","Lockon","Fission","Rebound","Reboot"],"obtain_stats":[{"Darkstone Periapt":44,"Regal Pillow":7,"ClockworkSouvenir":20,"Cables":41,"SlaversCollar":34,"Centennial Puzzle":46,"Strawberry":3,"Bird Faced Urn":37,"Pantograph":43,"Orrery":46,"Pandora\u0027s Box":17,"Toxic Egg 2":26,"Cracked Core":0,"Toy Ornithopter":9},{"Darkstone Periapt":21,"Regal Pillow":3,"ClockworkSouvenir":10,"Cables":20,"SlaversCollar":16,"Centennial Puzzle":22,"Strawberry":2,"Bird Faced Urn":18,"Pantograph":20,"Orrery":22,"Pandora\u0027s Box":8,"Toxic Egg 2":11,"Cracked Core":0,"Toy Ornithopter":4},{"Darkstone Periapt":95,"Regal Pillow":9,"ClockworkSouvenir":42,"Cables":88,"SlaversCollar":70,"Centennial Puzzle":98,"Strawberry":6,"Bird Faced Urn":77,"Pantograph":88,"Orrery":98,"Pandora\u0027s Box":34,"Toxic Egg 2":47,"Cracked Core":0,"Toy Ornithopter":13}],"Toy Ornithopter":15,"Cables":[17,13,4,0,0]},"card_choices":[{"not_picked":["Sweeping Beam","Conserve Battery"],"picked":"Auto Shields","floor":1},{"not_picked":["Consume","Double Energy"],"picked":"Go for the Eyes","floor":2},{"not_picked":["Glacier","Chaos"],"picked":"Biased Cognition","floor":5},{"not_picked":["Compile Driver","Hologram"],"picked":"Cold Snap","floor":8},{"not_picked":["Conserve Battery","Leap","Chaos"],"picked":"SKIP","floor":11},{"not_picked":["Stack","Fusion"],"picked":"Echo Form","floor":13},{"not_picked":["Stack","Go for the Eyes","Lockon"],"picked":"SKIP","floor":14},{"not_picked":["Machine Learning","Meteor Strike"],"picked":"Electrodynamics","floor":16},{"not_picked":["Leap","Hologram"],"picked":"Undo","floor":18},{"not_picked":["Redo","Barrage","Sweeping Beam"],"picked":"SKIP","floor":19},{"not_picked":["Compile Driver","Fission"],"picked":"Go for the Eyes+1","floor":22},{"not_picked":["Ball Lightning","Lockon"],"picked":"Steam+1","floor":27},{"not_picked":["Leap+1","Steam+1"],"picked":"Self Repair","floor":28},{"not_picked":["Rebound","Heatsinks","Barrage"],"picked":"SKIP","floor":29},{"not_picked":["Gash","Aggregate+1","Go for the Eyes"],"picked":"SKIP","floor":31},{"not_picked":["Biased Cognition","All For One"],"picked":"Core Surge","floor":33},{"not_picked":["Rebound","Reprogram+1","Gash+1"],"picked":"SKIP","floor":35},{"not_picked":["Sweeping Beam","Undo+1"],"picked":"Turbo+1","floor":37},{"not_picked":["Ball Lightning+1","Conserve Battery+1"],"picked":"Cold Snap","floor":39},{"not_picked":["Gash","Reinforced Body+1"],"picked":"Core Surge","floor":41},{"not_picked":["Hologram+1","Conserve Battery+1"],"picked":"Glacier+1","floor":44},{"not_picked":["Barrage","Lockon"],"picked":"Aggregate+1","floor":45},{"not_picked":["Stack+1","Chill+1"],"picked":"Heatsinks","floor":46},{"not_picked":["Steam+1","Compile Driver"],"picked":"Force Field+1","floor":46},{"not_picked":["Ball Lightning","Aggregate+1"],"picked":"Loop+1","floor":46},{"not_picked":["Sweeping Beam+1","Conserve Battery+1"],"picked":"Storm+1","floor":46},{"not_picked":["Compile Driver","Beam Cell","Undo+1"],"picked":"SKIP","floor":48}],"player_experience":348878,"relics_obtained":[{"floor":9,"key":"Toy Ornithopter"},{"floor":26,"key":"Toxic Egg 2"},{"floor":37,"key":"Bird Faced Urn"},{"floor":41,"key":"Cables"},{"floor":43,"key":"Pantograph"},{"floor":44,"key":"Darkstone Periapt"}],"event_choices":[{"damage_healed":0,"gold_gain":0,"player_choice":"Success","damage_taken":7,"relics_obtained":["Strawberry"],"max_hp_gain":0,"max_hp_loss":0,"event_name":"Scrap Ooze","floor":3,"gold_loss":0},{"damage_healed":0,"gold_gain":0,"player_choice":"Entered Light","damage_taken":15,"max_hp_gain":0,"max_hp_loss":0,"event_name":"Shining Light","floor":4,"gold_loss":0,"cards_upgraded":["Strike_B","Auto Shields"]},{"damage_healed":0,"gold_gain":0,"player_choice":"Paid Gold","damage_taken":0,"relics_obtained":["Regal Pillow"],"max_hp_gain":0,"max_hp_loss":0,"event_name":"WeMeetAgain","floor":7,"gold_loss":68},{"damage_healed":0,"gold_gain":100,"player_choice":"Pray","damage_taken":0,"max_hp_gain":0,"max_hp_loss":0,"event_name":"Golden Shrine","floor":21,"gold_loss":0},{"cards_removed":["Meteor Strike"],"damage_healed":0,"gold_gain":0,"player_choice":"Card Removal","damage_taken":0,"max_hp_gain":0,"max_hp_loss":0,"event_name":"Wheel of Change","floor":24,"gold_loss":0},{"damage_healed":0,"gold_gain":0,"player_choice":"Fight","damage_taken":0,"max_hp_gain":0,"max_hp_loss":0,"event_name":"MindBloom","floor":37,"gold_loss":0},{"damage_healed":0,"gold_gain":0,"player_choice":"Ignored","damage_taken":0,"max_hp_gain":0,"max_hp_loss":0,"event_name":"Tomb of Lord Red Mask","floor":38,"gold_loss":0},{"damage_healed":0,"gold_gain":100,"player_choice":"Pray","damage_taken":0,"max_hp_gain":0,"max_hp_loss":0,"event_name":"Golden Shrine","floor":42,"gold_loss":0}],"is_beta":false,"boss_relics":[{"not_picked":["Astrolabe","Ectoplasm"],"picked":"Pandora\u0027s Box"},{"not_picked":["Cursed Key","Sozu"],"picked":"SlaversCollar"}],"items_purged_floors":[20,36,46],"is_endless":false,"potions_floor_spawned":[1,5,13,14,16,19,22,28,31,39,41,44,45],"ascension_level":12}}