{"host":"iqi2f1z1yw5mc6j3","time":1611640450,"event":{"mods":["AchievementEnabler","BaseMod","Colored Powertips","Minty Spire (QoL Compilation)","Quick Restart","Replay The Spire","StSLib","The Cursed","The Hierophant"],"gold_per_floor":[119,135,151,164,181,211,211,244,244,262,262,262,40,40,40,142,142,162,23,0,0,0],"floor_reached":21,"language":"ENG","playtime":1713,"items_purged":["TheCursedMod:Strike_TheCursed","TheCursedMod:Strike_TheCursed"],"score":189,"play_id":"221c7c28-fb62-4c6b-a4e5-1a4e9f1ab374","local_time":"20210126005410","is_ascension_mode":false,"campfire_choices":[{"floor":12,"key":"REST"},{"data":"TheCursedMod:HellsGateOpen","floor":15,"key":"SMITH"}],"circlet_count":0,"master_deck":["TheCursedMod:Strike_TheCursed","TheCursedMod:Strike_TheCursed","TheCursedMod:Defend_TheCursed","TheCursedMod:Defend_TheCursed","TheCursedMod:Defend_TheCursed","TheCursedMod:CursedWand","TheCursedMod:CleanUpWorkshop","TheCursedMod:Dregs","TheCursedMod:HellsGateOpen+1","TheCursedMod:Grudge","TheCursedMod:WearCloak","TheCursedMod:Stretching","TheCursedMod:CursedBlade","TheCursedMod:CircleOfCorruption","TheCursedMod:SurpriseAttack","TheCursedMod:ManaBullet","TheCursedMod:CircleOfFlame","TheCursedMod:CollectTribute","TheCursedMod:RavingStaff+1"],"relics":["TheCursedMod:BlackMagic101","Regal Pillow","Divine Protection","Meat on the Bone","Darkstone Periapt","Oddly Smooth Stone","SlaversCollar"],"acts_visited":["Exordium","TheCity"],"potions_floor_usage":[8,10,18],"damage_taken":[{"damage":0,"enemies":"Small Slimes","floor":1,"turns":3},{"damage":3,"enemies":"Jaw Worm","floor":2,"turns":5},{"damage":0,"enemies":"2 Louse","floor":3,"turns":4},{"damage":3,"enemies":"Exordium Wildlife","floor":4,"turns":5},{"damage":0,"enemies":"2 Fungi Beasts","floor":5,"turns":3},{"damage":1,"enemies":"3 Sentries","floor":6,"turns":8},{"damage":27,"enemies":"Gremlin Nob","floor":8,"turns":5},{"damage":0,"enemies":"Red Slaver","floor":10,"turns":4},{"damage":17,"enemies":"Slime Boss","floor":16,"turns":8},{"damage":0,"enemies":"Chosen","floor":18,"turns":4},{"damage":0,"enemies":"3 Byrds","floor":21,"turns":2}],"seed_played":"-1965357150039407825","potions_obtained":[{"floor":2,"key":"SteroidPotion"},{"floor":3,"key":"Swift Potion"},{"floor":4,"key":"SneckoOil"},{"floor":8,"key":"Reflective Coating"},{"floor":16,"key":"Energy Potion"},{"floor":18,"key":"BlessingOfTheForge"}],"is_trial":false,"path_per_floor":["M","M","M","M","M","E","?","E","T","M","T","R","$","?","R","B",null,"M","$","?","M"],"character_chosen":"THE_CURSED","items_purchased":["Oddly Smooth Stone","TheCursedMod:RavingStaff+1"],"campfire_rested":1,"item_purchase_floors":[13,19],"current_hp_per_floor":[75,72,72,69,69,68,61,34,34,46,46,75,75,75,75,58,75,75,75,75,75,75],"gold":0,"neow_bonus":"THREE_CARDS","is_daily":false,"chose_seed":false,"campfire_upgraded":1,"win_rate":0.0,"timestamp":1611640450,"path_taken":["M","M","M","M","M","E","?","E","T","M","?","R","$","?","R","BOSS","M","$","?","M"],"items_purchased_type":["Relic","Card"],"build_version":"2020-12-22","purchased_purges":2,"victory":false,"max_hp_per_floor":[75,75,75,75,75,75,75,75,75,75,75,75,75,75,75,75,75,75,75,75,75,75],"card_choices":[{"not_picked":["TheCursedMod:VitalStrike","TheCursedMod:FleshFromBone"],"picked":"TheCursedMod:HellsGateOpen","floor":0},{"not_picked":["TheCursedMod:TacticalStrike","TheCursedMod:CursedSpellbook"],"picked":"TheCursedMod:Grudge","floor":1},{"not_picked":["TheCursedMod:HellsGateOpen","TheCursedMod:CursedShiv"],"picked":"TheCursedMod:WearCloak","floor":2},{"not_picked":["TheCursedMod:SmokeScreen","TheCursedMod:VitalStrike"],"picked":"TheCursedMod:Stretching","floor":3},{"not_picked":["TheCursedMod:CircleOfAmplification","TheCursedMod:CursedMace"],"picked":"TheCursedMod:CursedBlade","floor":4},{"not_picked":["TheCursedMod:Wield","TheCursedMod:SmokeScreen"],"picked":"TheCursedMod:CircleOfCorruption","floor":5},{"not_picked":["TheCursedMod:Stretching","TheCursedMod:PrepareRite"],"picked":"TheCursedMod:SurpriseAttack","floor":6},{"not_picked":["TheCursedMod:CursedShiv","TheCursedMod:OutForBlood"],"picked":"TheCursedMod:ManaBullet","floor":8},{"not_picked":["TheCursedMod:BlessingInDisguise","TheCursedMod:SurpriseAttack"],"picked":"TheCursedMod:CircleOfFlame","floor":10},{"not_picked":["TheCursedMod:DemonicPact","TheCursedMod:ParallelWorld"],"picked":"TheCursedMod:CollectTribute","floor":16},{"not_picked":["TheCursedMod:AbyssShockwave+1","TheCursedMod:CursedAmulet+1","TheCursedMod:CursedShiv"],"picked":"SKIP","floor":18}],"player_experience":69845,"relics_obtained":[{"floor":6,"key":"Regal Pillow"},{"floor":8,"key":"Divine Protection"},{"floor":9,"key":"Meat on the Bone"},{"floor":11,"key":"Darkstone Periapt"}],"event_choices":[{"cards_removed":["TheCursedMod:Defend_TheCursed"],"damage_healed":0,"gold_gain":0,"player_choice":"Card Removal","damage_taken":7,"max_hp_gain":0,"max_hp_loss":0,"event_name":"Golden Wing","floor":7,"gold_loss":0},{"damage_healed":0,"gold_gain":0,"player_choice":"Ignored","damage_taken":0,"max_hp_gain":0,"max_hp_loss":0,"event_name":"Golden Idol","floor":14,"gold_loss":0},{"damage_healed":0,"gold_gain":0,"player_choice":"Paid Fearfully","damage_taken":0,"max_hp_gain":0,"max_hp_loss":0,"event_name":"Masked Bandits","floor":20,"gold_loss":23}],"is_beta":false,"boss_relics":[{"not_picked":["Snecko Heart","Cursed Key"],"picked":"SlaversCollar"}],"items_purged_floors":[13,19],"is_endless":false,"potions_floor_spawned":[2,3,4,8,16,18],"killed_by":"3 Byrds","ascension_level":0}}