{"host":"x5anfo2w8aotfuta","time":1611699623,"event":{"mods":["AchievementEnabler","BaseMod","Bestiary","Block Reminder","Colored Map","Colored Powertips","DeckTracker","Highlight Path","Minty Spire (QoL Compilation)","Quick Restart","Rare Cards Sparkle","Relic Stats","StSLib"],"gold_per_floor":[113,129,79,254,24,57,57,57,57,88,63,98,98,117,117,218,218,233,249,249,300,313,348,365,365,388,2,2,21,39,49,49,149,149,162,162,176,176,193,222,18,59,84,84,84,94,94,114,114,114,114,114,13,41,41,41],"floor_reached":55,"language":"ENG","playtime":5308,"items_purged":["Doubt","Strike_G","Writhe"],"score":1148,"play_id":"157212f7-2812-492a-9720-2f098b007b9f","local_time":"20210126142023","is_ascension_mode":true,"campfire_choices":[{"data":"Infinite Blades","floor":8,"key":"SMITH"},{"floor":15,"key":"REST"},{"data":"Tools of the Trade","floor":25,"key":"SMITH"},{"data":"1","floor":28,"key":"LIFT"},{"data":"2","floor":32,"key":"LIFT"},{"data":"After Image","floor":45,"key":"SMITH"},{"floor":47,"key":"RECALL"},{"data":"Blade Dance","floor":49,"key":"SMITH"},{"data":"Acrobatics","floor":52,"key":"SMITH"}],"circlet_count":0,"master_deck":["AscendersBane","Strike_G","Strike_G","Strike_G","Defend_G","Defend_G+1","Defend_G","Defend_G","Defend_G","Survivor","Neutralize","Master of Strategy","Sucker Punch","Noxious Fumes","Infinite Blades+1","Cloak And Dagger","Acrobatics+1","Blade Dance+1","Blur","Tools of the Trade+1","Terror+1","Endless Agony","Tactician","Prepared+1","Cloak And Dagger","Accuracy+1","Prepared+1","Bouncing Flask+1","A Thousand Cuts","Underhanded Strike+1","Flash of Steel","Swift Strike","Impatience","After Image+1"],"relics":["Ring of the Snake","Happy Flower","Tough Bandages","Ninja Scroll","WristBlade","Sundial","Akabeko","Bottled Tornado","Bronze Scales","Girya","Black Star","Ancient Tea Set","CeramicFish","Bird Faced Urn","Shuriken","War Paint","Blood Vial","Strawberry"],"acts_visited":["Exordium","TheCity","TheBeyond","TheEnding"],"potions_floor_usage":[6,10,16,16,33,33,35,42,42,54,54,55,55],"damage_taken":[{"damage":5.0,"enemies":"2 Louse","floor":1.0,"turns":4.0},{"damage":0.0,"enemies":"Jaw Worm","floor":2.0,"turns":6.0},{"damage":9,"enemies":"Lagavulin","floor":6,"turns":9},{"damage":19,"enemies":"Gremlin Nob","floor":10,"turns":4},{"damage":15,"enemies":"Lagavulin","floor":12,"turns":9},{"damage":0,"enemies":"Small Slimes","floor":14,"turns":2},{"damage":4,"enemies":"Slime Boss","floor":16,"turns":8},{"damage":10,"enemies":"2 Thieves","floor":18,"turns":4},{"damage":6,"enemies":"3 Byrds","floor":19,"turns":5},{"damage":1,"enemies":"Centurion and Healer","floor":22,"turns":6},{"damage":10,"enemies":"Slavers","floor":23,"turns":6},{"damage":0,"enemies":"Sentry and Sphere","floor":24,"turns":6},{"damage":0,"enemies":"Shelled Parasite and Fungi","floor":29,"turns":3},{"damage":0,"enemies":"Centurion and Healer","floor":30,"turns":3},{"damage":7,"enemies":"Snake Plant","floor":31,"turns":2},{"damage":11,"enemies":"Champ","floor":33,"turns":7},{"damage":10,"enemies":"3 Darklings","floor":35,"turns":3},{"damage":0,"enemies":"3 Shapes","floor":37,"turns":2},{"damage":0,"enemies":"Sphere and 2 Shapes","floor":39,"turns":4},{"damage":0,"enemies":"Giant Head","floor":40,"turns":5},{"damage":14,"enemies":"Reptomancer","floor":42,"turns":4},{"damage":0,"enemies":"Spire Growth","floor":46,"turns":3},{"damage":0,"enemies":"Transient","floor":48,"turns":5},{"damage":14,"enemies":"Donu and Deca","floor":50,"turns":7},{"damage":19,"enemies":"Shield and Spear","floor":54,"turns":6},{"damage":74,"enemies":"The Heart","floor":55,"turns":5}],"seed_played":"-8259664261148334066","potions_obtained":[{"floor":1.0,"key":"Regen Potion"},{"floor":6,"key":"CultistPotion"},{"floor":13,"key":"Fire Potion"},{"floor":13,"key":"FearPotion"},{"floor":13,"key":"SmokeBomb"},{"floor":19,"key":"SneckoOil"},{"floor":23,"key":"Weak Potion"},{"floor":30,"key":"Weak Potion"},{"floor":40,"key":"SkillPotion"},{"floor":42,"key":"DistilledChaos"}],"is_trial":false,"path_per_floor":["M","M","?","?","$","E","?","R","T","E","?","E","?","M","R","B",null,"M","M","T","T","M","E","M","R","T","$","R","M","M","M","R","B",null,"M","?","M","?","M","E","$","E","T","$","R","M","R","M","R","B",null,"R","$","E","B"],"character_chosen":"THE_SILENT","items_purchased":["Infinite Blades","EssenceOfSteel","Girya","DistilledChaos","EntropicBrew"],"campfire_rested":1,"item_purchase_floors":[5,5,27,41,53],"current_hp_per_floor":[40,55,55,55,55,46,51,51,51,32,32,17,17,17,39,35,65,55,49,49,49,48,38,38,38,38,38,38,38,38,31,31,20,61,51,70,70,60,60,60,60,46,46,46,46,52,52,62,62,56,70,70,70,63,0,0],"gold":41,"neow_bonus":"RANDOM_COLORLESS_2","is_daily":false,"chose_seed":false,"campfire_upgraded":5,"win_rate":0.0,"timestamp":1611699623,"path_taken":["M","M","?","?","$","E","?","R","T","E","?","E","?","M","R","BOSS","M","M","?","?","M","E","?","R","T","$","R","M","M","M","R","BOSS","M","?","M","?","M","E","$","E","T","$","R","M","R","M","R","BOSS","R","$","E","BOSS"],"items_purchased_type":["Card","Potion","Relic","Potion","Potion"],"build_version":"2020-12-22","purchased_purges":3,"victory":false,"max_hp_per_floor":[70,70,70,70,70,70,75,75,75,75,75,75,75,75,75,75,75,75,75,75,75,75,75,75,75,75,75,75,75,75,75,75,75,75,75,75,75,75,75,75,75,75,75,75,75,75,75,75,75,75,75,75,75,82,82,82],"relic_stats":{"Happy Flower":[36],"counters":[26,128],"CeramicFish":9,"War Paint":["Defend_G","Bouncing Flask"],"Blood Vial":2,"Tough Bandages":[471],"Sundial":[10],"Shuriken":[30],"Bronze Scales":[186],"Bird Faced Urn":[37],"Black Star":3,"obtain_stats":[{"Girya":27,"Happy Flower":6,"CeramicFish":40,"Bottled Tornado":23,"War Paint":43,"Ancient Tea Set":40,"Akabeko":21,"Blood Vial":54,"Tough Bandages":10,"WristBlade":17,"Ninja Scroll":12,"Sundial":20,"Shuriken":42,"Bronze Scales":26,"Bird Faced Urn":42,"Strawberry":54,"Black Star":34,"Ring of the Snake":0},{"Girya":12,"Happy Flower":3,"CeramicFish":20,"Bottled Tornado":11,"War Paint":21,"Ancient Tea Set":20,"Akabeko":9,"Blood Vial":25,"Tough Bandages":4,"WristBlade":7,"Ninja Scroll":5,"Sundial":9,"Shuriken":21,"Bronze Scales":12,"Bird Faced Urn":21,"Strawberry":25,"Black Star":16,"Ring of the Snake":0},{"Girya":69,"Happy Flower":19,"CeramicFish":98,"Bottled Tornado":63,"War Paint":102,"Ancient Tea Set":98,"Akabeko":51,"Blood Vial":123,"Tough Bandages":23,"WristBlade":42,"Ninja Scroll":32,"Sundial":51,"Shuriken":102,"Bronze Scales":69,"Bird Faced Urn":102,"Strawberry":123,"Black Star":84,"Ring of the Snake":0}],"Ring of the Snake":[52]},"card_choices":[{"not_picked":["The Bomb","Thinking Ahead"],"picked":"Master of Strategy","floor":0.0},{"not_picked":["Acrobatics","Eviscerate"],"picked":"Sucker Punch","floor":1.0},{"not_picked":["Dagger Spray","Finisher"],"picked":"Noxious Fumes","floor":2},{"not_picked":["Blade Dance","Quick Slash"],"picked":"Cloak And Dagger","floor":6},{"not_picked":["Heel Hook","Reflex"],"picked":"Acrobatics","floor":10},{"not_picked":["Catalyst","Phantasmal Killer"],"picked":"Blade Dance","floor":12},{"not_picked":["Skewer","Outmaneuver"],"picked":"Blur","floor":14},{"not_picked":["Adrenaline","Corpse Explosion"],"picked":"Tools of the Trade","floor":16},{"not_picked":["Slice","Bane+1"],"picked":"Terror+1","floor":18},{"not_picked":["Reflex+1","Flying Knee"],"picked":"Endless Agony","floor":19},{"not_picked":["Expertise","Riddle With Holes"],"picked":"Tactician","floor":22},{"not_picked":["Bullet Time","Dagger Throw"],"picked":"Prepared+1","floor":23},{"not_picked":["Flechettes","Well Laid Plans+1"],"picked":"Cloak And Dagger","floor":24},{"not_picked":["Quick Slash","Skewer"],"picked":"Accuracy+1","floor":29},{"not_picked":["Slice+1","Masterful Stab"],"picked":"Prepared+1","floor":30},{"not_picked":["Prepared","Acrobatics+1"],"picked":"Bouncing Flask","floor":31},{"not_picked":["Unload","Doppelganger"],"picked":"A Thousand Cuts","floor":33},{"not_picked":["Noxious Fumes+1","Bouncing Flask+1"],"picked":"Underhanded Strike+1","floor":35},{"not_picked":["Dagger Throw+1","Footwork+1","Well Laid Plans+1"],"picked":"SKIP","floor":37},{"not_picked":["Jack Of All Trades","Mind Blast"],"picked":"Flash of Steel","floor":38},{"not_picked":["Deep Breath","Mind Blast"],"picked":"Swift Strike","floor":38},{"not_picked":["Transmutation","Forethought"],"picked":"Impatience","floor":38},{"not_picked":["Dagger Spray+1","Noxious Fumes+1","Dagger Throw+1"],"picked":"SKIP","floor":39},{"not_picked":["Bane","Riddle With Holes","Setup"],"picked":"SKIP","floor":40},{"not_picked":["Underhanded Strike","Calculated Gamble"],"picked":"After Image","floor":42},{"not_picked":["Underhanded Strike+1","Sucker Punch+1","Poisoned Stab"],"picked":"SKIP","floor":46},{"not_picked":["Expertise","Acrobatics","Heel Hook"],"picked":"SKIP","floor":48},{"not_picked":["Deadly Poison+1","Underhanded Strike+1","Dodge and Roll+1"],"picked":"SKIP","floor":54}],"player_experience":472787,"relics_obtained":[{"floor":6,"key":"Happy Flower"},{"floor":10,"key":"Tough Bandages"},{"floor":12,"key":"Ninja Scroll"},{"floor":20,"key":"Sundial"},{"floor":21,"key":"Akabeko"},{"floor":23,"key":"Bottled Tornado"},{"floor":26,"key":"Bronze Scales"},{"floor":40,"key":"Ancient Tea Set"},{"floor":40,"key":"CeramicFish"},{"floor":42,"key":"Bird Faced Urn"},{"floor":42,"key":"Shuriken"},{"floor":43,"key":"War Paint"},{"floor":54,"key":"Blood Vial"},{"floor":54,"key":"Strawberry"}],"event_choices":[{"cards_removed":["Strike_G"],"damage_healed":0,"gold_gain":0,"player_choice":"Card Removal","damage_taken":0,"max_hp_gain":0,"max_hp_loss":0,"event_name":"The Cleric","floor":3,"gold_loss":50},{"damage_healed":0,"gold_gain":175,"player_choice":"AGREE","damage_taken":0,"max_hp_gain":0,"max_hp_loss":0,"event_name":"Liars Game","floor":4,"gold_loss":0,"cards_obtained":["Doubt"]},{"damage_healed":0,"gold_gain":0,"player_choice":"Donut","damage_taken":0,"max_hp_gain":5,"max_hp_loss":0,"event_name":"Big Fish","floor":7,"gold_loss":0},{"damage_healed":0,"gold_gain":0,"player_choice":"Left Gold","damage_taken":0,"max_hp_gain":0,"max_hp_loss":0,"event_name":"World of Goop","floor":11,"gold_loss":25},{"damage_healed":0,"gold_gain":0,"player_choice":"Got Potions","damage_taken":0,"max_hp_gain":0,"max_hp_loss":0,"event_name":"Lab","floor":13,"gold_loss":0},{"damage_healed":19,"gold_gain":0,"player_choice":"Writhe","damage_taken":0,"max_hp_gain":0,"max_hp_loss":0,"event_name":"Winding Halls","floor":36,"gold_loss":0,"cards_obtained":["Writhe"]},{"damage_healed":0,"gold_gain":0,"player_choice":"Memory 3","damage_taken":10,"max_hp_gain":0,"max_hp_loss":0,"event_name":"SensoryStone","floor":38,"gold_loss":0}],"is_beta":false,"boss_relics":[{"not_picked":["Philosopher\u0027s Stone","Busted Crown"],"picked":"WristBlade"},{"not_picked":["Snecko Eye","Sozu"],"picked":"Black Star"}],"items_purged_floors":[5,27,41],"is_endless":false,"potions_floor_spawned":[1,6,14,19,23,30,40,42],"killed_by":"The Heart","ascension_level":10}}