{"host":"kywtqy4o43fs5yna","time":1611658863,"event":{"mods":["AchievementEnabler","Act Like it!","BaseMod","Better Note","BetterRewards","Colored Map","KinomotoSakuraMod(????)","Koishi","Marisa????????","Minty Spire (QoL Compilation)","Quick Restart","Rare Cards Sparkle","Reimu??????","Relic Filter Mod","Reliquary","Shop Mod","StSLib","SuperFastMode","The Disciple","The Servant 0.9.4"],"gold_per_floor":[115,115,115,133,153,153,153,177,223,223,223,254,280,332,344,356,356],"floor_reached":16,"language":"ENG","playtime":978,"items_purged":[],"score":110,"play_id":"ba26eb3e-a7da-4713-b735-f625d5c4d02f","local_time":"20210126210103","is_ascension_mode":false,"campfire_choices":[{"data":"Koishi:TraumaticStroke","floor":7,"key":"SMITH"},{"data":"Koishi:HeartStoppingHorror","floor":10,"key":"SMITH"},{"data":"Koishi:UnconsciousUrges","floor":15,"key":"SMITH"}],"circlet_count":0,"master_deck":["Koishi:BasicStrike","Koishi:BasicStrike","Koishi:BasicStrike","Koishi:BasicStrike","Koishi:BasicDefend","Koishi:BasicDefend","Koishi:BasicDefend","Koishi:BasicDefend","Koishi:Provoke","Koishi:HauntingSlash","Koishi:RacingHeart","Koishi:TraumaticStroke+1","Koishi:RacingHeart","Koishi:HeartStoppingHorror+1","Koishi:HeartAttack","Koishi:StingingMind","Koishi:UnconsciousUrges+1"],"relics":["Koishi:ImaginaryFriend","Golden Idol","reliquary:ExpiredCoupon","Tea:ReiMu","MawBank","Nunchaku"],"acts_visited":["Exordium"],"potions_floor_usage":[12,16,16],"damage_taken":[{"damage":4,"enemies":"2 Louse","floor":1,"turns":4},{"damage":0,"enemies":"Jaw Worm","floor":4,"turns":7},{"damage":1,"enemies":"Cultist","floor":5,"turns":4},{"damage":0,"enemies":"2 Fungi Beasts","floor":8,"turns":4},{"damage":24,"enemies":"Gremlin Nob","floor":12,"turns":4},{"damage":8,"enemies":"Red Slaver","floor":13,"turns":2},{"damage":23,"enemies":"Lagavulin","floor":14,"turns":4},{"damage":18,"enemies":"Slime Boss","floor":16,"turns":6}],"seed_played":"-5641987687386752614","potions_obtained":[{"floor":4,"key":"AttackPotion"},{"floor":12,"key":"Swift Potion"},{"floor":14,"key":"Explosive Potion"}],"is_trial":false,"path_per_floor":["M","?","?","M","M","$","R","M","T","R","T","E","M","E","R","B"],"character_chosen":"KOISHI","items_purchased":[],"campfire_rested":0,"item_purchase_floors":[],"current_hp_per_floor":[62,46,39,46,50,50,50,51,51,51,51,33,28,18,18,0,0],"gold":356,"neow_bonus":"TEN_PERCENT_HP_BONUS","is_daily":false,"chose_seed":false,"campfire_upgraded":3,"win_rate":0.0,"timestamp":1611658863,"path_taken":["M","?","?","M","M","$","R","M","T","R","?","E","M","E","R","BOSS"],"items_purchased_type":[],"build_version":"2020-12-22","purchased_purges":0,"victory":false,"max_hp_per_floor":[66,66,66,66,66,66,66,66,66,66,66,66,66,66,66,66,66],"card_choices":[{"not_picked":["Koishi:FidgetySnatcher","Koishi:UnconsciousUprising"],"picked":"Koishi:RacingHeart","floor":1},{"not_picked":["Koishi:Jaunt","Koishi:EmbryosDream"],"picked":"Koishi:TraumaticStroke","floor":4},{"not_picked":["Koishi:FleetingPhantom","Koishi:SpiritedAway"],"picked":"Koishi:RacingHeart","floor":5},{"not_picked":["Koishi:Untouchable","Koishi:FidgetySnatcher"],"picked":"Koishi:HeartStoppingHorror","floor":8},{"not_picked":["Koishi:RacingHeart","Koishi:Jaunt"],"picked":"Koishi:HeartAttack","floor":12},{"not_picked":["Koishi:GhostParty","Koishi:ReflexRadar"],"picked":"Koishi:StingingMind","floor":13},{"not_picked":["Koishi:SpiritedAway","Koishi:ReleaseOfTheId"],"picked":"Koishi:UnconsciousUrges","floor":14}],"player_experience":193169,"relics_obtained":[{"floor":11,"key":"Tea:ReiMu"},{"floor":12,"key":"MawBank"},{"floor":14,"key":"Nunchaku"}],"event_choices":[{"damage_healed":0,"gold_gain":0,"player_choice":"Take Damage","damage_taken":16,"relics_obtained":["Golden Idol"],"max_hp_gain":0,"max_hp_loss":0,"event_name":"Golden Idol","floor":2,"gold_loss":0},{"damage_healed":0,"gold_gain":0,"player_choice":"Success","damage_taken":7,"relics_obtained":["reliquary:ExpiredCoupon"],"max_hp_gain":0,"max_hp_loss":0,"event_name":"Scrap Ooze","floor":3,"gold_loss":0}],"is_beta":false,"boss_relics":[],"items_purged_floors":[],"is_endless":false,"potions_floor_spawned":[4,12,14],"killed_by":"Slime Boss","ascension_level":0}}