{"host":"gb9pilk70hujf88i","time":1611627601,"event":{"mods":["AchievementEnabler","BaseMod","Better Altar","Better Match","Better Sensory Stone","Better Third Choice","Better Vampires","Colored Map","Colored Powertips","Downfall","Hubris","Infinite Spire","KinomotoSakuraMod(????)","Koishi","Minty Spire (QoL Compilation)","Replay The Spire","StSLib","The Jungle","The Marked"],"gold_per_floor":[110,130,147,165,165,197,197,222,222,222,298,298,332,29,29,182,182,194,213,213,233,248,280,245,272,272,301,301,327,327,342,342,522,522,572,340,340,472,472,472,536,536,536,589,589,187,275,361,361,533,533,579,618,617,617],"floor_reached":54,"language":"ENG","playtime":5203,"items_purged":["ClowCardTheSword+1","hubris:Compulsion","Voices"],"score":1564,"play_id":"c4b8b5ec-c377-488d-a6ea-2513b28ba73d","local_time":"20210126002001","is_ascension_mode":true,"campfire_choices":[{"floor":7.0,"key":"REST"},{"floor":10.0,"key":"REST"},{"data":"ClowCardTheFreeze","floor":15.0,"key":"SMITH"},{"data":"ClowCardTheWood","floor":28.0,"key":"SMITH"},{"floor":32.0,"key":"RECALL"},{"data":"ClowCardTheMove","floor":40,"key":"SMITH"},{"data":"ClowCardTheFreeze","floor":42,"key":"SMITH"},{"floor":49,"key":"DIG"}],"circlet_count":0,"master_deck":["SakuraCardTheWave+","SakuraCardTheDream+","SakuraCardTheMist+","ClowCardTheSword","ClowCardTheShield","SpellCardSeal+1","SpellCardRelease","ClowCardTheJump","ClowCardTheFreeze+1","ClowCardTheLight+1","ClowCardTheWood+1","ClowCardTheShot+1","ClowCardTheDash+1","ClowCardTheReturn","ClowCardTheDash","ClowCardTheWatery+1","ClowCardTheSweet+1","ClowCardTheJump","ClowCardTheMirror+1","ClowCardTheMove+1","ClowCardTheFreeze+1","ClowCardTheWood+1","ClowCardTheTime","ClowCardTheEarthy+1","ClowCardTheWood+1","ClowCardTheLittle+1","ClowCardTheMist","ClowCardTheTwin","ClowCardTheFight"],"relics":["KSMOD_SealedBook","KSMOD_UltimateWand","infinitespire:Golems Mask","StoneCalendar","hubris:Reverence","hubris:MobiusCoin","Du-Vu Doll","KSMOD_SwordJade","Guide Book","ReplayTheSpireMod:Shallot","Singing Bowl","Bronze Scales","infinitespire:Beetle Shell","ReplayTheSpireMod:Lightbulb","Whetstone","infinitespire:EvilPickle","Kintsugi","ClockworkSouvenir","hubris:TinFlute","Simple Rune","Quantum Egg","Peace Pipe","Bag of Preparation","Potion Belt","Strawberry","Replay:Multitool","hubris:Backtick"],"acts_visited":["Exordium","TheCity","TheBeyond","Exordium"],"potions_floor_usage":[50],"damage_taken":[{"damage":7.0,"enemies":"Jaw Worm","floor":1.0,"turns":3.0},{"damage":5.0,"enemies":"Small Slimes","floor":2.0,"turns":3.0},{"damage":0.0,"enemies":"2 Louse","floor":3.0,"turns":2.0},{"damage":0.0,"enemies":"Looter","floor":4.0,"turns":1.0},{"damage":14.0,"enemies":"Replay:BlueRogue","floor":6.0,"turns":5.0},{"damage":9.0,"enemies":"3 Sentries","floor":8.0,"turns":6.0},{"damage":15.0,"enemies":"Gremlin Nob","floor":11.0,"turns":4.0},{"damage":6.0,"enemies":"Replay:BlueRogue","floor":13.0,"turns":4.0},{"damage":0.0,"enemies":"The Guardian","floor":16.0,"turns":6.0},{"damage":0.0,"enemies":"3 Byrds","floor":18.0,"turns":3.0},{"damage":0.0,"enemies":"Spheric Guardian","floor":19.0,"turns":1.0},{"damage":12.0,"enemies":"3 Cultists","floor":21.0,"turns":4.0},{"damage":7.0,"enemies":"Snake Plant","floor":22.0,"turns":3.0},{"damage":47.0,"enemies":"Nightmare","floor":23.0,"turns":6.0},{"damage":0.0,"enemies":"Replay:Snechameleon","floor":25.0,"turns":5.0},{"damage":1.0,"enemies":"Book of Stabbing","floor":27.0,"turns":4.0},{"damage":14.0,"enemies":"Slavers","floor":29.0,"turns":3.0},{"damage":0.0,"enemies":"Centurion and Healer","floor":31.0,"turns":3.0},{"damage":13.0,"enemies":"Pondfish","floor":33.0,"turns":8.0},{"damage":0.0,"enemies":"Orb Walker","floor":35.0,"turns":3.0},{"damage":8,"enemies":"3 Darklings","floor":38,"turns":4},{"damage":17,"enemies":"Giant Head","floor":41,"turns":7},{"damage":21,"enemies":"2 Orb Walkers","floor":44,"turns":4},{"damage":0,"enemies":"Reptomancer","floor":47,"turns":1},{"damage":5,"enemies":"Maw","floor":48,"turns":5},{"damage":25,"enemies":"Awakened One","floor":50,"turns":10},{"damage":0,"enemies":"2 Louse","floor":52,"turns":2},{"damage":0,"enemies":"Cultist","floor":53,"turns":2},{"damage":0,"enemies":"Jaw Worm","floor":54,"turns":1}],"seed_played":"-2131700072217006044","potions_obtained":[{"floor":2.0,"key":"bronze:BurnAndBuffPotion"},{"floor":11.0,"key":"Block Potion"},{"floor":16.0,"key":"Swift Potion"},{"floor":19.0,"key":"Venom Potion"},{"floor":22.0,"key":"Cursed Concoction"},{"floor":27.0,"key":"Guardian:BlockOnCardUsePotion"},{"floor":29.0,"key":"CultistPotion"},{"floor":41,"key":"Fire Potion"},{"floor":47,"key":"SteroidPotion"},{"floor":53,"key":"KSMOD_MagickBottle"}],"is_trial":false,"path_per_floor":["M","M","M","M","?","E","R","E","T","R","E","?","E","$","R","B",null,"M","M","?","M","M","NM","?","E","T","E","R","E","AVR","M","R","B",null,"M","$","?","M","T","R","E","R","T","?","?","$","E","M","R_BF","B",null,"M","M","M"],"character_chosen":"KINOMOTOSAKURA","items_purchased":["KSMOD_SwordJade","Guide Book","ClockworkSouvenir","Bag of Preparation","Potion Belt"],"campfire_rested":2,"item_purchase_floors":[14,14,36,46,46],"current_hp_per_floor":[38,33,33,33,19,5,26,17,17,38,23,23,17,17,17,17,57,57,57,57,62,60,50,50,57,57,63,63,54,54,59,59,51,68,73,73,70,62,62,62,54,54,54,49,49,49,56,56,56,36,68,70,70,75,75],"gold":617,"neow_bonus":"ONE_RARE_RELIC","is_daily":false,"chose_seed":false,"campfire_upgraded":4,"win_rate":0.0,"timestamp":1611627601,"path_taken":["M","M","M","M","?","E","R","E","T","R","E","?","E","$","R","BOSS","M","M","?","M","M","NM","?","E","T","E","R","E","AVR","M","R","BOSS","M","$","?","M","?","R","E","R","T","?","?","$","E","M","R_BF","BOSS","M","M","M"],"items_purchased_type":["Relic","Relic","Relic","Relic","Relic"],"build_version":"2020-12-22","purchased_purges":3,"victory":false,"max_hp_per_floor":[70,70,70,70,70,70,70,70,70,70,70,70,70,70,70,70,70,70,70,70,70,70,70,70,72,72,74,74,74,74,74,74,74,74,74,74,70,70,70,70,70,70,70,72,72,72,79,79,79,79,79,81,81,81,81],"card_choices":[{"not_picked":["ClowCardTheSand","ClowCardTheRain"],"picked":"ClowCardTheJump","floor":1.0},{"not_picked":["ClowCardTheCloud","ClowCardTheSilent"],"picked":"ClowCardTheMist","floor":2.0},{"not_picked":["ClowCardTheMaze","ClowCardTheSnow"],"picked":"ClowCardTheFreeze","floor":3.0},{"not_picked":["ClowCardTheSand","ClowCardTheMist"],"picked":"ClowCardTheLight","floor":4.0},{"not_picked":["ClowCardTheShot","ClowCardTheFloat"],"picked":"ClowCardTheWood","floor":6.0},{"not_picked":["ClowCardTheBig","ClowCardTheErase"],"picked":"ClowCardTheShot","floor":8.0},{"not_picked":["ClowCardTheWatery","ClowCardTheWindy"],"picked":"ClowCardTheDream","floor":11.0},{"not_picked":["ClowCardTheFloat","ClowCardTheGlow"],"picked":"ClowCardTheReturn","floor":13.0},{"not_picked":["ClowCardTheReturn","ClowCardTheCreate"],"picked":"ClowCardTheDash","floor":16.0},{"not_picked":["ClowCardThePower","ClowCardTheIllusion+1"],"picked":"ClowCardTheWatery+1","floor":18.0},{"not_picked":["ClowCardTheSilent+1","ClowCardTheLock"],"picked":"ClowCardTheSweet+1","floor":19.0},{"not_picked":["ClowCardTheFly","ClowCardTheMirror"],"picked":"ClowCardTheJump","floor":21.0},{"not_picked":["ClowCardTheMist","ClowCardThePower"],"picked":"ClowCardTheMirror+1","floor":22.0},{"not_picked":["ClowCardTheMist","ClowCardTheMirror"],"picked":"ClowCardTheMove","floor":23.0},{"not_picked":["ClowCardTheSweet","ClowCardTheWave","ClowCardTheReturn"],"picked":"Singing Bowl","floor":25.0},{"not_picked":["ClowCardTheSilent+1","ClowCardTheMove","ClowCardTheLock"],"picked":"Singing Bowl","floor":27.0},{"not_picked":["ClowCardTheMirror","ClowCardTheMist+1"],"picked":"ClowCardTheFreeze","floor":29.0},{"not_picked":["ClowCardTheSilent","ClowCardTheWatery"],"picked":"ClowCardTheWood+1","floor":31.0},{"not_picked":["ClowCardTheThrough","ClowCardTheDark"],"picked":"ClowCardTheTime","floor":33.0},{"not_picked":["ClowCardTheRain","ClowCardTheSilent+1"],"picked":"ClowCardTheEarthy+1","floor":35.0},{"not_picked":["ClowCardTheMove","ClowCardTheSong+1"],"picked":"ClowCardTheWave+1","floor":38},{"not_picked":["ClowCardTheSand","ClowCardTheShot+1"],"picked":"ClowCardTheWood+1","floor":41},{"not_picked":["ClowCardTheMaze+1","ClowCardTheMove","ClowCardTheMirror+1"],"picked":"Singing Bowl","floor":44},{"not_picked":["ClowCardTheFlower","ClowCardTheArrow"],"picked":"ClowCardTheLittle+1","floor":47},{"not_picked":["ClowCardTheJump+1","ClowCardThePower"],"picked":"ClowCardTheMist","floor":48},{"not_picked":["ClowCardTheDash","ClowCardTheTime"],"picked":"ClowCardTheTwin","floor":50},{"not_picked":["ClowCardTheArrow","ClowCardTheDream","ClowCardTheMist"],"picked":"Singing Bowl","floor":52},{"not_picked":["ClowCardTheCloud","ClowCardTheStorm"],"picked":"ClowCardTheFight","floor":53}],"player_experience":76643,"relics_obtained":[{"floor":6.0,"key":"KSMOD_Yue"},{"floor":8.0,"key":"StoneCalendar"},{"floor":9.0,"key":"hubris:Reverence"},{"floor":11.0,"key":"hubris:MobiusCoin"},{"floor":13.0,"key":"Du-Vu Doll"},{"floor":23.0,"key":"ReplayTheSpireMod:Shallot"},{"floor":25.0,"key":"Bronze Scales"},{"floor":27.0,"key":"infinitespire:Beetle Shell"},{"floor":29.0,"key":"ReplayTheSpireMod:Lightbulb"},{"floor":39,"key":"hubris:TinFlute"},{"floor":41,"key":"Simple Rune"},{"floor":43,"key":"Quantum Egg"},{"floor":44,"key":"Peace Pipe"},{"floor":47,"key":"Strawberry"},{"floor":49,"key":"Replay:Multitool"}],"event_choices":[{"damage_healed":33.0,"max_hp_gain":0.0,"max_hp_loss":70.0,"gold_gain":0.0,"event_name":"betterThird:BetterShining","player_choice":"Upgrade","floor":5.0,"gold_loss":0.0,"damage_taken":14.0,"cards_upgraded":["ClowCardTheShield","ClowCardTheMist"]},{"damage_healed":0.0,"max_hp_gain":0.0,"max_hp_loss":7.0,"gold_gain":0.0,"event_name":"betterThird:BetterWriting","player_choice":"Simplicity","floor":20.0,"gold_loss":0.0,"damage_taken":0.0},{"damage_healed":0.0,"max_hp_gain":0.0,"max_hp_loss":0.0,"gold_gain":0.0,"event_name":"Addict","player_choice":"Obtained Relic","floor":24.0,"gold_loss":85.0,"damage_taken":0.0,"relics_obtained":["Singing Bowl"]},{"damage_healed":0.0,"max_hp_gain":0.0,"max_hp_loss":4.0,"gold_gain":0.0,"event_name":"Winding Halls","player_choice":"Max HP","floor":37.0,"gold_loss":0.0,"damage_taken":0.0},{"damage_healed":0,"gold_gain":0,"player_choice":"Fight","damage_taken":0,"max_hp_gain":0,"max_hp_loss":0,"event_name":"Mysterious Sphere","floor":44,"gold_loss":0},{"damage_healed":0,"gold_gain":0,"player_choice":"Ignored","damage_taken":0,"max_hp_gain":0,"max_hp_loss":0,"event_name":"betterThird:BetterPortal","floor":45,"gold_loss":0}],"is_beta":false,"boss_relics":[{"not_picked":["Replay:Drink Me","infinitespire:Cupcake"],"picked":"KSMOD_StarWand"},{"not_picked":["hubris:HollowSoul","hubris:GrandSneckoEye"],"picked":"Kintsugi"},{"not_picked":["Ring of Chaos","Replay:Bronze Core"],"picked":"hubris:Backtick"}],"items_purged_floors":[30,36,46],"is_endless":true,"potions_floor_spawned":[2,11,16,19,22,27,29,41,44,47,53],"killed_by":"Jaw Worm","ascension_level":7}}