{"host":"5zotnur7vyqtklfj","time":1611699530,"event":{"mods":["AchievementEnabler","BaseMod","Block Reminder","Colored Map","Colored Powertips","Downfall","Hubris","Infinite Spire","Jorbs\u0027s Wanderer Trilogy","Minty Spire (QoL Compilation)","Replay The Spire","StSLib"],"gold_per_floor":[99,114,114,114,24,24,48,82,107,107,118,118,137,163,179,274,274,174,59,69,83,96,96,147,147,147,147,165,165,177,177,206,225,236,335,335,335,352,352,363,377,404,427,427,437,437,470,68,68,88,100,201,201,201,215,248,266,366,366,366,366,366,381,395,395,395,220,234,332,332,332,349,362,362,362,362,362,362,362],"floor_reached":77,"language":"ENG","playtime":10140,"items_purged":["Slimebound:Strike_Slimebound","Slimebound:Defend_Slimebound","Slimebound:Strike_Slimebound","Slimebound:Strike_Slimebound","expansioncontent:Chronoboost","Slimebound:Teamwork","Slimebound:LeechEnergy"],"score":1233,"play_id":"a4ed28b8-b7a4-4f92-8ccc-2aae94681013","local_time":"20210126171850","is_ascension_mode":false,"campfire_choices":[{"data":"Slimebound:Defend_Slimebound","floor":1.0,"key":"SMITH"},{"data":"Slimebound:CorrosiveSpit","floor":6.0,"key":"SMITH"},{"data":"Slimebound:Teamwork","floor":10.0,"key":"SMITH"},{"data":"Slimebound:Split","floor":12.0,"key":"SMITH"},{"data":"Slimebound:Teamwork","floor":18.0,"key":"SMITH"},{"data":"Slimebound:Overexert","floor":27.0,"key":"SMITH"},{"data":"Slimebound:Defend_Slimebound","floor":31.0,"key":"SMITH"},{"data":"Slimebound:LeadByExample","floor":37.0,"key":"SMITH"},{"data":"Slimebound:SplitLeeching","floor":44,"key":"SMITH"},{"data":"Slimebound:LevelUp","floor":54,"key":"SMITH"},{"data":"Slimebound:OneTwoCombo","floor":61,"key":"SMITH"},{"data":"Slimebound:MegaLick","floor":66,"key":"SMITH"},{"data":"Slimebound:DouseInSlime","floor":71,"key":"SMITH"},{"data":"Slimebound:SamplingLick","floor":76,"key":"SMITH"}],"circlet_count":0,"master_deck":["Slimebound:Defend_Slimebound+1","Slimebound:Defend_Slimebound+1","Slimebound:Split+1","Slimebound:CorrosiveSpit+1","Slimebound:ProtectTheBoss","Slimebound:SplitLeeching+1","Pot Of Greed+1","Slimebound:Teamwork+1","Pot Of Greed+1","Slimebound:LeechingTouch","Slimebound:SplitBruiser","Slimebound:Teamwork+1","Slimebound:SplitMire+1","Slimebound:Overexert+1","Slimebound:ForwardTackle+1","Slimebound:RollThrough+1","Slimebound:RainOfGoop+1","Slimebound:Schlurp+1","Pot Of Greed+1","Slimebound:LeadByExample+1","Slimebound:MassRepurpose","Slimebound:ItLooksTasty+1","Slimebound:SplitMire+1","Slimebound:Replication+1","Slimebound:RallyTheTroops","Slimebound:LivingWall","Slimebound:Overexert","Slimebound:LevelUp+1","Slimebound:DouseInSlime+1","Pot Of Greed+1","Slimebound:Gluttony+1","Slimebound:SamplingLick+1","expansioncontent:DashGenerateEvil+1","Slimebound:MegaLick+1","Slimebound:OneTwoCombo+1","infinitespire:Execution"],"relics":["Slimebound:AbsorbEndCombatUpgraded","hubris:Towel","Grinning Jar","Lantern","Nunchaku","Art of War","hubris:Backtick","infinitespire:WardingShard","downfall:HeartBlessingGreen","Replay:WaspNest","Replay:Rubber Ducky","hubris:Icosahedron","hubris:MysteriousPyramids","Replay:Grab Bag","Slimebound:TarBlob","hubris:VirtuousBlindfold","SlaversCollar","Bronze Scales","War Paint","Snack Pack","Busted Crown","Replay:Bottled Eggs","WingedGreaves","MutagenicStrength"],"acts_visited":["Exordium","TheCity","TheBeyond","Exordium","TheCity"],"potions_floor_usage":[41,41,51,56,58,69,77],"damage_taken":[{"damage":3.0,"enemies":"Jaw Worm","floor":2.0,"turns":5.0},{"damage":14.0,"enemies":"downfall:FleeingMerchant","floor":5.0,"turns":4.0},{"damage":0.0,"enemies":"Replay:BlueRogue","floor":8.0,"turns":6.0},{"damage":0.0,"enemies":"Small Slimes","floor":11.0,"turns":3.0},{"damage":0.0,"enemies":"Cultist","floor":13.0,"turns":3.0},{"damage":12.0,"enemies":"3 Sentries","floor":14.0,"turns":10.0},{"damage":1.0,"enemies":"2 Fungi Beasts","floor":15.0,"turns":4.0},{"damage":14.0,"enemies":"IC_STATUS_ARCHETYPE","floor":16.0,"turns":12.0},{"damage":0.0,"enemies":"downfall:FleeingMerchant","floor":19.0,"turns":4.0},{"damage":0.0,"enemies":"Chosen","floor":20.0,"turns":6.0},{"damage":0.0,"enemies":"Shell Parasite","floor":21.0,"turns":4.0},{"damage":10.0,"enemies":"Sentry and Sphere","floor":22.0,"turns":5.0},{"damage":15.0,"enemies":"Cultist and Chosen","floor":28.0,"turns":6.0},{"damage":4.0,"enemies":"Snake Plant","floor":30.0,"turns":3.0},{"damage":0.0,"enemies":"Nightmare","floor":32.0,"turns":1.0},{"damage":6.0,"enemies":"3 Cultists","floor":33.0,"turns":4.0},{"damage":0.0,"enemies":"Shelled Parasite and Fungi","floor":34.0,"turns":4.0},{"damage":33.0,"enemies":"SI_MIRROR_ARCHETYPE","floor":35.0,"turns":10.0},{"damage":0.0,"enemies":"Orb Walker","floor":38.0,"turns":2.0},{"damage":0.0,"enemies":"3 Darklings","floor":40.0,"turns":4.0},{"damage":16,"enemies":"Maw","floor":41,"turns":5},{"damage":16,"enemies":"Nemesis","floor":42,"turns":5},{"damage":31,"enemies":"Writhing Mass","floor":45,"turns":4},{"damage":7,"enemies":"R_Hoarder","floor":47,"turns":7},{"damage":0,"enemies":"downfall:FleeingMerchant","floor":48,"turns":4},{"damage":0,"enemies":"Sphere and 2 Shapes","floor":50,"turns":3},{"damage":0,"enemies":"Maw","floor":51,"turns":6},{"damage":63,"enemies":"DF_ARCHETYPE_ORBS","floor":52,"turns":11},{"damage":0,"enemies":"Small Slimes","floor":55,"turns":3},{"damage":0,"enemies":"downfall:FleeingMerchant","floor":56,"turns":1},{"damage":0,"enemies":"Cultist","floor":57,"turns":4},{"damage":0,"enemies":"downfall:Heads","floor":58,"turns":4},{"damage":0,"enemies":"Jaw Worm","floor":63,"turns":3},{"damage":0,"enemies":"Blue Slaver","floor":64,"turns":2},{"damage":0,"enemies":"Large Slime","floor":68,"turns":4},{"damage":0,"enemies":"Slime Boss","floor":69,"turns":4},{"damage":0,"enemies":"Shell Parasite","floor":72,"turns":4},{"damage":0,"enemies":"3 Byrds","floor":73,"turns":1},{"damage":90,"enemies":"Nightmare","floor":77,"turns":4}],"seed_played":"6263736715635966871","potions_obtained":[{"floor":2.0,"key":"sneckomod:MuddlingPotion"},{"floor":11.0,"key":"Weak Potion"},{"floor":15.0,"key":"Strength Potion"},{"floor":16.0,"key":"Dexterity Potion"},{"floor":20.0,"key":"Adrenaline Potion"},{"floor":30.0,"key":"infinitespire:BlackPotion"},{"floor":33.0,"key":"Fire Potion"},{"floor":34.0,"key":"Slimebound:SlimedPotion"},{"floor":38.0,"key":"Dexterity Potion"},{"floor":42,"key":"Swift Potion"},{"floor":52,"key":"GamblersBrew"},{"floor":55,"key":"Toxic Potion"},{"floor":63,"key":"LifebloodPotion"},{"floor":64,"key":"Ancient Potion"},{"floor":68,"key":"Strength Potion"},{"floor":72,"key":"GamblersBrew"},{"floor":74,"key":"CultistPotion"}],"is_trial":false,"path_per_floor":["R","M","?","?","$","R","T","E","T","R","M","R","M","E","M","B",null,"R","$","M","M","M","AVR","T","PTL","PTL","R","M","?","M","R","NM","M","M","B",null,"R","M","?","M","M","E","T","R","M","?","E","$","?","M","M","B",null,"R","M","$","M","?","?","T","R","?","M","M","AVR","R","$","M","B",null,"R","M","M","?","?","R","NM"],"character_chosen":"SLIMEBOUND","items_purchased":["Slimebound:Overexert","expansioncontent:Chronoboost","expansioncontent:DashGenerateEvil"],"campfire_rested":0,"item_purchase_floors":[48,48,56],"current_hp_per_floor":[71,69,69,74,64,64,64,72,72,72,76,76,76,66,67,61,76,76,76,76,76,70,70,70,70,70,70,63,63,65,65,65,65,67,42,76,76,76,76,76,64,56,56,56,33,33,34,42,42,44,54,5,76,76,76,76,76,76,76,76,76,76,76,76,76,76,76,76,76,76,76,76,76,76,76,76,0,0,0],"gold":362,"neow_bonus":"TEN_PERCENT_HP_BONUS","is_daily":false,"chose_seed":false,"campfire_upgraded":14,"win_rate":0.0,"timestamp":1611699530,"path_taken":["R","M","?","?","$","R","T","E","?","R","M","R","?","E","M","BOSS","R","$","M","M","M","AVR","T","PTL","PTL","R","M","?","M","R","NM","M","M","BOSS","R","M","?","M","M","E","T","R","?","?","E","$","?","M","M","BOSS","R","M","$","M","?","?","T","R","?","?","M","AVR","R","$","M","BOSS","R","M","M","?","?","R","NM"],"items_purchased_type":["Card","Card","Card"],"build_version":"2020-12-22","purchased_purges":7,"victory":false,"max_hp_per_floor":[71,71,71,76,76,76,76,76,76,76,76,76,76,76,76,76,76,76,76,76,76,76,76,76,76,76,76,76,76,76,76,76,76,76,76,76,76,76,76,76,76,76,76,76,76,76,76,76,76,76,76,76,76,76,76,76,76,76,76,76,76,76,76,76,76,76,76,76,76,76,76,76,76,76,76,76,76,76,76],"card_choices":[{"not_picked":["Slimebound:SlimeBarrage","Slimebound:Schlurp"],"picked":"Slimebound:ProtectTheBoss","floor":2.0},{"not_picked":["Slimebound:Dissolve","Slimebound:Repurpose"],"picked":"Slimebound:SplitLeeching","floor":5.0},{"not_picked":["Slimebound:RollThrough","Slimebound:SplitLeeching"],"picked":"Slimebound:Teamwork","floor":8.0},{"not_picked":["Slimebound:FlameTackle","Slimebound:RollThrough"],"picked":"Slimebound:LeechingTouch","floor":11.0},{"not_picked":["Slimebound:RollThrough","Slimebound:SplitBruiser"],"picked":"Slimebound:LeechEnergy","floor":13.0},{"not_picked":["Slimebound:SplitMire","Slimebound:FinishingTackle"],"picked":"Slimebound:SplitBruiser","floor":14.0},{"not_picked":["Slimebound:LeechingTouch","Slimebound:GoopTackle"],"picked":"Slimebound:LeechEnergy","floor":15.0},{"not_picked":["Slimebound:PrepareCrush","Slimebound:SlimeSlap"],"picked":"Slimebound:Teamwork","floor":16.0},{"not_picked":["Slimebound:LeechEnergy","Slimebound:SplitLeeching","Slimebound:ComboTackle+1"],"picked":"SKIP","floor":19.0},{"not_picked":["Slimebound:SplitLeeching","Slimebound:FormOfPuddle"],"picked":"Slimebound:LeechingTouch+1","floor":20.0},{"not_picked":["Slimebound:SlimeBarrage","Slimebound:SplitLeeching+1"],"picked":"Slimebound:SplitMire+1","floor":21.0},{"not_picked":["Slimebound:LeechingTouch","Slimebound:RainOfGoop"],"picked":"Slimebound:Overexert","floor":22.0},{"not_picked":["Slimebound:LeechingTouch+1","Slimebound:Equalize"],"picked":"Slimebound:ForwardTackle+1","floor":28.0},{"not_picked":["Slimebound:ComboTackle","Slimebound:WasteNot"],"picked":"Slimebound:RollThrough+1","floor":30.0},{"not_picked":["Slimebound:TongueLash+1","Slimebound:LeechLife"],"picked":"Slimebound:RainOfGoop+1","floor":32.0},{"not_picked":["Slimebound:BestDefense","Slimebound:ComboTackle"],"picked":"Slimebound:Schlurp","floor":33.0},{"not_picked":["Slimebound:SamplingLick","Slimebound:SplitLeeching"],"picked":"Slimebound:LeadByExample","floor":34.0},{"not_picked":["Slimebound:OneTwoCombo","Slimebound:WasteNot"],"picked":"Slimebound:MassRepurpose","floor":35.0},{"not_picked":["Slimebound:PressTheAttack","Slimebound:DisruptingSlam+1"],"picked":"Slimebound:ItLooksTasty+1","floor":38.0},{"not_picked":["Slimebound:FormOfPuddle+1","Slimebound:Schlurp","Slimebound:RollThrough"],"picked":"SKIP","floor":40.0},{"not_picked":["Slimebound:FormOfPuddle+1","Slimebound:Schlurp","Slimebound:RollThrough"],"picked":"SKIP","floor":40.0},{"not_picked":["Slimebound:SlimeBarrage","Slimebound:FinishingTackle+1"],"picked":"Slimebound:SplitMire+1","floor":41},{"not_picked":["Slimebound:SlimeSpikes+1","Slimebound:LivingWall+1"],"picked":"Slimebound:Replication+1","floor":42},{"not_picked":["Slimebound:SlimeSpikes","Slimebound:HauntingLick"],"picked":"Slimebound:RallyTheTroops","floor":45},{"not_picked":["Slimebound:LeechingTouch","Slimebound:SplitLeeching"],"picked":"Slimebound:LivingWall","floor":47},{"not_picked":["Slimebound:PressTheAttack","Slimebound:GoopSpray"],"picked":"Slimebound:Teamwork","floor":48},{"not_picked":["Slimebound:SplitMire","Slimebound:Replication+1","Slimebound:SlimeSpikes+1"],"picked":"SKIP","floor":50},{"not_picked":["Slimebound:SlimeSpikes","Slimebound:GoopTackle+1"],"picked":"Slimebound:LevelUp","floor":51},{"not_picked":["Slimebound:MassFeed","Slimebound:SlimeSlap"],"picked":"Slimebound:DouseInSlime","floor":52},{"not_picked":[],"picked":"Slimebound:Gluttony","floor":55},{"not_picked":[],"picked":"Slimebound:SamplingLick","floor":56},{"not_picked":[],"picked":"Slimebound:MegaLick","floor":57},{"not_picked":["Slimebound:MinionMaster"],"picked":"SKIP","floor":63},{"not_picked":["Slimebound:SplitLeeching"],"picked":"SKIP","floor":64},{"not_picked":["Slimebound:SlimeBarrage"],"picked":"SKIP","floor":68},{"not_picked":["ReplayTheSpireMod:Black Plague","Replay:Fractal Strike"],"picked":"infinitespire:Execution","floor":70},{"not_picked":["Slimebound:ComboTackle+1"],"picked":"SKIP","floor":72},{"not_picked":["Slimebound:SplitAcid"],"picked":"SKIP","floor":73}],"player_experience":422010,"relics_obtained":[{"floor":7.0,"key":"Grinning Jar"},{"floor":8.0,"key":"Lantern"},{"floor":9.0,"key":"Nunchaku"},{"floor":14.0,"key":"Art of War"},{"floor":24.0,"key":"Replay:Rubber Ducky"},{"floor":32.0,"key":"hubris:MysteriousPyramids"},{"floor":42,"key":"Bronze Scales"},{"floor":43,"key":"War Paint"},{"floor":47,"key":"Snack Pack"},{"floor":60,"key":"Replay:Bottled Eggs"}],"event_choices":[{"damage_healed":0.0,"max_hp_gain":5.0,"max_hp_loss":0.0,"gold_gain":0.0,"event_name":"Big Fish","player_choice":"Donut","floor":4.0,"gold_loss":0.0,"damage_taken":0.0},{"cards_removed":["Slimebound:LeechingTouch"],"damage_healed":0,"gold_gain":0,"player_choice":"Removed Attack","damage_taken":0,"max_hp_gain":0,"max_hp_loss":0,"event_name":"Falling","floor":49,"gold_loss":0},{"damage_healed":0,"gold_gain":0,"player_choice":"Inject Mutagens","damage_taken":0,"relics_obtained":["MutagenicStrength"],"max_hp_gain":0,"max_hp_loss":0,"event_name":"Drug Dealer","floor":75,"gold_loss":0}],"is_beta":false,"boss_relics":[{"not_picked":["Runic Pyramid","Replay:Ancient Bell"],"picked":"hubris:Backtick"},{"not_picked":["Runic Dome","SacredBark"],"picked":"Replay:Grab Bag"},{"not_picked":["hubris:GrandSneckoEye","hubris:RunicObelisk"],"picked":"Slimebound:TarBlob"},{"not_picked":["Sozu","Fusion Hammer"],"picked":"hubris:VirtuousBlindfold"},{"not_picked":["hubris:BlackHole","Black Star"],"picked":"SlaversCollar"},{"not_picked":["Tiny House","hubris:CrackedHourglass"],"picked":"Busted Crown"},{"not_picked":["Sozu","Calling Bell"],"picked":"Slimebound:AbsorbEndCombatUpgraded"}],"items_purged_floors":[5,19,23,48,56,65,67],"is_endless":true,"potions_floor_spawned":[2,11,15,16,20,30,33,34,38,42,52,55,63,64,68,72],"killed_by":"Nightmare","ascension_level":0}}