{"host":"5v9rfzf5qju8k9wy","time":1611656409,"event":{"mods":["Act Like it!","BaseMod","Downfall","Gensokyo","Hermit","Koishi","Marisa£®ÏF”Í°°ƒß¿Ì…≥£©","Minty Spire (QoL Compilation)","StSLib","The Cursed"],"gold_per_floor":[99,109,109,124,204,215,242,242,268,268,268,168,207,243,262,262,262,262],"floor_reached":16,"language":"ZHS","playtime":1209,"items_purged":[],"score":118,"play_id":"2bb43811-5f4d-4028-85d2-1b6368f1c346","local_time":"20210126182009","is_ascension_mode":false,"campfire_choices":[{"data":"Guardian:CurlUp","floor":1,"key":"SMITH"},{"floor":10,"key":"REST"},{"data":"Guardian:PiercingHide","floor":12,"key":"SMITH"}],"circlet_count":0,"master_deck":["Guardian:Strike_Guardian","Guardian:Strike_Guardian","Guardian:Strike_Guardian","Guardian:Strike_Guardian","Guardian:Defend_Guardian","Guardian:Defend_Guardian","Guardian:Defend_Guardian","Guardian:Defend_Guardian","Guardian:CurlUp+1","Guardian:PiercingHide+1","Guardian:Planning","Guardian:ArmoredProtocol","Guardian:ChargeCore","Guardian:Repulse","Guardian:TemporalShield"],"relics":["Guardian:ModeShifter","NeowsBlessing","Pear","Dream Catcher","Gensokyo:YoukaiFlower","White Beast Statue","Gensokyo:Mercy","downfall:HeartBlessingGreen","CeramicFish","Shovel"],"acts_visited":["Gensokyo:Gensokyo"],"potions_floor_usage":[9],"damage_taken":[{"damage":0,"enemies":"Gensokyo:Gryphon","floor":2,"turns":1},{"damage":0,"enemies":"Gensokyo:Python","floor":4,"turns":1},{"damage":0,"enemies":"Gensokyo:2_Kodama","floor":6,"turns":1},{"damage":37,"enemies":"Gensokyo:Mamizou","floor":9,"turns":14},{"damage":16,"enemies":"Gensokyo:Aya","floor":13,"turns":11},{"damage":14,"enemies":"Gensokyo:Cirno","floor":14,"turns":8},{"damage":10,"enemies":"Gensokyo:5_Fairies","floor":15,"turns":8},{"damage":0,"enemies":"SI_SHIV_ARCHETYPE","floor":16,"turns":1}],"seed_played":"6039473087354269086","potions_obtained":[{"floor":2,"key":"Fire Potion"},{"floor":4,"key":"Fire Potion"},{"floor":13,"key":"Fire Potion"},{"floor":14,"key":"EssenceOfSteel"},{"floor":15,"key":"EssenceOfSteel"}],"is_trial":false,"path_per_floor":["R","M","?","M","?","M","T","?","E","R","?","R","E","?","M","B"],"character_chosen":"GUARDIAN","items_purchased":[],"campfire_rested":1,"item_purchase_floors":[],"current_hp_per_floor":[80,80,75,75,75,75,75,75,38,65,65,65,49,35,25,25,25,25],"gold":262,"neow_bonus":"THREE_ENEMY_KILL","is_daily":false,"chose_seed":false,"campfire_upgraded":2,"win_rate":0.0,"timestamp":1611656409,"path_taken":["R","M","?","?","?","M","T","?","E","R","?","R","E","?","M","BOSS"],"items_purchased_type":[],"build_version":"2020-12-22","purchased_purges":0,"victory":false,"max_hp_per_floor":[80,80,90,90,90,90,90,90,90,90,90,90,90,90,90,90,90,90],"card_choices":[{"not_picked":["Guardian:ShieldSpikes","Guardian:SentryBeam"],"picked":"Guardian:RollAttack","floor":2},{"not_picked":["Guardian:VentSteam","Guardian:TemporalStrike"],"picked":"Guardian:PiercingHide","floor":4},{"not_picked":["Guardian:ChargeCore","Guardian:Incinerate"],"picked":"Guardian:Planning","floor":6},{"not_picked":["Guardian:CrystalBeam","Guardian:ShieldSpikes"],"picked":"Guardian:ArmoredProtocol","floor":9},{"not_picked":["Guardian:VentSteam","Guardian:Incinerate"],"picked":"Guardian:Gem_Green","floor":10},{"not_picked":["Guardian:CrystalBeam","Guardian:Recover"],"picked":"Guardian:ChargeCore","floor":13},{"not_picked":["Guardian:Reroute","Guardian:HyperBeam_Guardian"],"picked":"Guardian:Repulse","floor":14},{"not_picked":["Guardian:RollAttack","Guardian:PrimingBeam"],"picked":"Guardian:TemporalShield","floor":15}],"player_experience":111523,"relics_obtained":[{"floor":7,"key":"Dream Catcher"},{"floor":9,"key":"White Beast Statue"},{"floor":13,"key":"CeramicFish"},{"floor":14,"key":"Shovel"}],"event_choices":[],"is_beta":false,"boss_relics":[],"items_purged_floors":[],"is_endless":false,"potions_floor_spawned":[2,4,13,14,15],"killed_by":"SI_SHIV_ARCHETYPE","ascension_level":0}}