{"host":"kh6fvhxn285ncg0o","time":1611629420,"event":{"mods":["Act Like it!","BaseMod","Colored Map","Friendly Minions","Keyboard Shortcuts","Minty Spire (QoL Compilation)","Quick Restart","Relic Stats","StSLib","SuperFastMode","UnlockEverythingMod"],"gold_per_floor":[110,35,185,185,185,199,199,13,13,13,32,32,66,66,66,156,156,169,169,179,179,899,934,947,976,1044,1077,1089,1100,1100,1115,1115,1193,1193,1210,1225,628,673,563,588,601,634,684,684,711,728,760,770,770,770,770,770,770,70,95,95],"floor_reached":57,"language":"KOR","playtime":1889,"items_purged":["Strike_R","Strike_R","Bash+1","Immolate+1"],"score":3831,"play_id":"7e5b2cb3-1e6b-4ed2-8c20-fc7940de3466","local_time":"20210126115020","is_ascension_mode":true,"campfire_choices":[{"data":"Immolate","floor":10,"key":"SMITH"},{"data":"Body Slam","floor":12,"key":"SMITH"},{"data":"Battle Trance","floor":15,"key":"SMITH"},{"data":"Offering","floor":30,"key":"SMITH"},{"data":"Second Wind","floor":32,"key":"SMITH"},{"data":"Entrench","floor":44,"key":"SMITH"},{"floor":49,"key":"RECALL"},{"data":"Dark Embrace","floor":53,"key":"SMITH"}],"circlet_count":0,"master_deck":["AscendersBane","Defend_R+1","Defend_R+1","Defend_R+1","Shrug It Off+1","Body Slam+1","Metallicize+1","Battle Trance+1","Offering+1","Shockwave","Headbutt","Second Wind+1","Dark Embrace+1","Evolve","Seeing Red","Barricade","Entrench+1","Power Through+1"],"relics":["Burning Blood","Bloody Idol","The Courier","FossilizedHelix","Coffee Dripper","Incense Burner","InkBottle","Whetstone","SlaversCollar","TheAbacus","Akabeko","Thread and Needle","Calipers","CaptainsWheel","Bag of Preparation","Bronze Scales","Ice Cream","War Paint","Strawberry","Pear","Anchor","Bag of Marbles","Lantern"],"acts_visited":["Exordium","TheCity","TheBeyond","TheEnding"],"potions_floor_usage":[18,27,33,56,56],"damage_taken":[{"damage":4,"enemies":"2 Louse","floor":1,"turns":3},{"damage":0,"enemies":"Small Slimes","floor":6,"turns":4},{"damage":7,"enemies":"Jaw Worm","floor":11,"turns":2},{"damage":0,"enemies":"3 Sentries","floor":13,"turns":3},{"damage":16,"enemies":"The Guardian","floor":16,"turns":12},{"damage":6,"enemies":"3 Byrds","floor":18,"turns":4},{"damage":0,"enemies":"2 Thieves","floor":20,"turns":1},{"damage":0,"enemies":"Slavers","floor":23,"turns":2},{"damage":0,"enemies":"Cultist and Chosen","floor":24,"turns":3},{"damage":0,"enemies":"Gremlin Leader","floor":25,"turns":4},{"damage":0,"enemies":"Slavers","floor":27,"turns":1},{"damage":0,"enemies":"Sentry and Sphere","floor":28,"turns":5},{"damage":7,"enemies":"Snecko","floor":29,"turns":6},{"damage":0,"enemies":"Chosen and Byrds","floor":31,"turns":3},{"damage":22,"enemies":"Automaton","floor":33,"turns":7},{"damage":0,"enemies":"Orb Walker","floor":35,"turns":5},{"damage":6,"enemies":"3 Shapes","floor":36,"turns":7},{"damage":27,"enemies":"2 Orb Walkers","floor":38,"turns":5},{"damage":0,"enemies":"Reptomancer","floor":40,"turns":7},{"damage":0,"enemies":"Sphere and 2 Shapes","floor":41,"turns":6},{"damage":0,"enemies":"Nemesis","floor":42,"turns":5},{"damage":0,"enemies":"Reptomancer","floor":45,"turns":6},{"damage":0,"enemies":"Maw","floor":46,"turns":7},{"damage":0,"enemies":"Giant Head","floor":47,"turns":6},{"damage":0,"enemies":"Writhing Mass","floor":48,"turns":6},{"damage":0,"enemies":"Awakened One","floor":50,"turns":6},{"damage":0,"enemies":"Donu and Deca","floor":51,"turns":5},{"damage":0,"enemies":"Shield and Spear","floor":55,"turns":6},{"damage":0,"enemies":"The Heart","floor":56,"turns":4}],"seed_played":"5628044245965466196","potions_obtained":[{"floor":11,"key":"DuplicationPotion"},{"floor":13,"key":"BloodPotion"},{"floor":18,"key":"SkillPotion"},{"floor":28,"key":"Explosive Potion"},{"floor":33,"key":"BloodPotion"},{"floor":41,"key":"Dexterity Potion"},{"floor":46,"key":"SneckoOil"},{"floor":47,"key":"Dexterity Potion"}],"is_trial":false,"path_per_floor":["M","$","?","?","?","M","?","$","T","R","M","R","E","?","R","B",null,"M","?","M","?","?","E","M","E","T","E","M","M","R","M","R","B",null,"M","M","$","?","?","E","M","E","T","R","E","M","E","M","R","B","B",null,"R","$","E","B",null],"character_chosen":"IRONCLAD","items_purchased":["Immolate","TheAbacus","Akabeko","Thread and Needle","Strawberry","Pear","Anchor","Bag of Marbles"],"campfire_rested":0,"item_purchase_floors":[8,37,37,37,54,54,54,54],"current_hp_per_floor":[68,68,68,61,61,62,43,43,43,43,42,42,48,53,53,43,61,67,67,67,67,25,36,47,58,63,67,67,67,67,67,67,56,64,67,67,67,51,51,62,67,67,67,67,67,67,67,67,67,67,67,67,67,84,84,84],"gold":95,"neow_bonus":"REMOVE_TWO","is_daily":false,"chose_seed":false,"campfire_upgraded":7,"win_rate":0.0,"timestamp":1611629420,"path_taken":["M","$","?","?","?","M","?","?","T","R","?","R","E","?","R","BOSS","M","?","M","?","?","E","M","E","T","E","?","M","R","M","R","BOSS","M","M","$","?","?","E","M","E","T","R","E","M","E","M","R","BOSS","BOSS","R","$","E","BOSS"],"items_purchased_type":["Card","Relic","Relic","Relic","Relic","Relic","Relic","Relic"],"build_version":"2020-12-22","purchased_purges":4,"victory":true,"max_hp_per_floor":[68,68,68,68,62,62,62,62,62,62,62,62,62,67,67,67,67,67,67,67,67,67,67,67,67,67,67,67,67,67,67,67,67,67,67,67,67,67,67,67,67,67,67,67,67,67,67,67,67,67,67,67,67,84,84,84],"relic_stats":{"TheAbacus":[456],"counters":[29,141],"Bloody Idol":76,"Bronze Scales":[153],"Bag of Preparation":[16],"Whetstone":["Bash","Thunderclap"],"War Paint":["Defend_R","Defend_R"],"obtain_stats":[{"Ice Cream":45,"Lantern":55,"Calipers":38,"Pear":54,"Golden Idol":5,"Thread and Needle":37,"The Courier":9,"Incense Burner":23,"Bag of Preparation":42,"Whetstone":27,"War Paint":47,"Burning Blood":0,"Akabeko":37,"SlaversCollar":34,"CaptainsWheel":40,"Anchor":54,"TheAbacus":37,"Bloody Idol":19,"Bronze Scales":43,"Strawberry":54,"Coffee Dripper":17,"Bag of Marbles":54,"FossilizedHelix":13,"InkBottle":25},{"Ice Cream":22,"Lantern":28,"Calipers":18,"Pear":27,"Golden Idol":1,"Thread and Needle":17,"The Courier":2,"Incense Burner":8,"Bag of Preparation":21,"Whetstone":11,"War Paint":24,"Burning Blood":0,"Akabeko":17,"SlaversCollar":15,"CaptainsWheel":19,"Anchor":27,"TheAbacus":17,"Bloody Idol":6,"Bronze Scales":21,"Strawberry":27,"Coffee Dripper":5,"Bag of Marbles":27,"FossilizedHelix":4,"InkBottle":10},{"Ice Cream":101,"Lantern":137,"Calipers":77,"Pear":131,"Golden Idol":3,"Thread and Needle":72,"The Courier":7,"Incense Burner":31,"Bag of Preparation":95,"Whetstone":39,"War Paint":114,"Burning Blood":0,"Akabeko":72,"SlaversCollar":60,"CaptainsWheel":84,"Anchor":131,"TheAbacus":72,"Bloody Idol":28,"Bronze Scales":95,"Strawberry":131,"Coffee Dripper":24,"Bag of Marbles":131,"FossilizedHelix":12,"InkBottle":38}],"Burning Blood":89,"InkBottle":[36]},"card_choices":[{"not_picked":["Thunderclap","Twin Strike"],"picked":"Shrug It Off","floor":1},{"not_picked":["Twin Strike","Iron Wave"],"picked":"Body Slam","floor":6},{"not_picked":["True Grit","Intimidate"],"picked":"Metallicize","floor":11},{"not_picked":["Shrug It Off","Berserk"],"picked":"Battle Trance","floor":13},{"not_picked":["Barricade","Demon Form"],"picked":"Offering","floor":16},{"not_picked":["Pommel Strike","Twin Strike"],"picked":"Shockwave","floor":18},{"not_picked":["Shrug It Off","Anger","Pommel Strike"],"picked":"SKIP","floor":20},{"not_picked":["Sword Boomerang","Body Slam","Twin Strike"],"picked":"SKIP","floor":23},{"not_picked":["Wild Strike","Body Slam","Perfected Strike+1"],"picked":"SKIP","floor":24},{"not_picked":["Corruption","Reckless Charge"],"picked":"Second Wind","floor":25},{"not_picked":["Bloodletting+1","Disarm"],"picked":"Dark Embrace","floor":27},{"not_picked":["Pommel Strike","Cleave"],"picked":"Evolve","floor":28},{"not_picked":["Clash","Twin Strike","Shrug It Off"],"picked":"SKIP","floor":29},{"not_picked":["Intimidate","Twin Strike"],"picked":"Seeing Red","floor":31},{"not_picked":["Offering","Brutality"],"picked":"Barricade","floor":33},{"not_picked":["Rage","Seeing Red+1"],"picked":"Entrench","floor":35},{"not_picked":["Body Slam","Perfected Strike","Pommel Strike"],"picked":"SKIP","floor":36},{"not_picked":["Second Wind+1","Searing Blow","Armaments"],"picked":"SKIP","floor":40},{"not_picked":["Body Slam","Iron Wave+1","Battle Trance"],"picked":"SKIP","floor":41},{"not_picked":["Clothesline","Searing Blow","Flex+1"],"picked":"SKIP","floor":42},{"not_picked":["Thunderclap+1","Shockwave"],"picked":"Power Through+1","floor":45},{"not_picked":["Double Tap","Clash","Body Slam"],"picked":"SKIP","floor":46},{"not_picked":["Body Slam","Shrug It Off","Heavy Blade+1"],"picked":"SKIP","floor":47},{"not_picked":["Rampage","Spot Weakness","Thunderclap"],"picked":"SKIP","floor":48},{"not_picked":["Havoc","Rampage","Reckless Charge"],"picked":"SKIP","floor":55}],"player_experience":1274291,"relics_obtained":[{"floor":9,"key":"The Courier"},{"floor":13,"key":"FossilizedHelix"},{"floor":23,"key":"Incense Burner"},{"floor":25,"key":"InkBottle"},{"floor":27,"key":"Whetstone"},{"floor":38,"key":"Calipers"},{"floor":40,"key":"CaptainsWheel"},{"floor":42,"key":"Bag of Preparation"},{"floor":43,"key":"Bronze Scales"},{"floor":45,"key":"Ice Cream"},{"floor":47,"key":"War Paint"},{"floor":55,"key":"Lantern"}],"event_choices":[{"damage_healed":0,"gold_gain":150,"player_choice":"AGREE","damage_taken":0,"max_hp_gain":0,"max_hp_loss":0,"event_name":"Liars Game","floor":3,"gold_loss":0,"cards_obtained":["Doubt"]},{"cards_removed":["Doubt"],"damage_healed":0,"gold_gain":0,"player_choice":"Card Removal","damage_taken":7,"max_hp_gain":0,"max_hp_loss":0,"event_name":"Golden Wing","floor":4,"gold_loss":0},{"damage_healed":0,"gold_gain":0,"player_choice":"Lose Max HP","damage_taken":0,"relics_obtained":["Golden Idol"],"max_hp_gain":0,"max_hp_loss":6,"event_name":"Golden Idol","floor":5,"gold_loss":0},{"damage_healed":0,"gold_gain":0,"player_choice":"Entered Light","damage_taken":19,"max_hp_gain":0,"max_hp_loss":0,"event_name":"Shining Light","floor":7,"gold_loss":0,"cards_upgraded":["Defend_R","Shrug It Off"]},{"damage_healed":0,"gold_gain":0,"player_choice":"Donut","damage_taken":0,"max_hp_gain":5,"max_hp_loss":0,"event_name":"Big Fish","floor":14,"gold_loss":0},{"damage_healed":0,"gold_gain":0,"player_choice":"Gave Idol","damage_taken":0,"relics_obtained":["Bloody Idol"],"max_hp_gain":0,"max_hp_loss":0,"event_name":"Forgotten Altar","floor":19,"relics_lost":["Golden Idol"],"gold_loss":0},{"damage_healed":0,"gold_gain":0,"cards_transformed":["Strike_R","Strike_R"],"player_choice":"Became Test Subject","damage_taken":0,"max_hp_gain":0,"max_hp_loss":0,"event_name":"Drug Dealer","floor":21,"gold_loss":0,"cards_obtained":["Thunderclap","Headbutt"]},{"damage_healed":0,"gold_gain":720,"player_choice":"GOLD GOLD GOLD GOLD GOLD GOLD GOLD GOLD ","damage_taken":82,"max_hp_gain":0,"max_hp_loss":0,"event_name":"Knowing Skull","floor":22,"potions_obtained":[],"gold_loss":0,"cards_obtained":[]},{"damage_healed":0,"gold_gain":0,"player_choice":"Fight","damage_taken":0,"max_hp_gain":0,"max_hp_loss":0,"event_name":"Mysterious Sphere","floor":38,"gold_loss":0},{"cards_removed":["Thunderclap"],"damage_healed":0,"gold_gain":0,"player_choice":"Upgrade and Remove","damage_taken":0,"max_hp_gain":0,"max_hp_loss":0,"event_name":"Designer","floor":39,"gold_loss":110,"cards_upgraded":["Metallicize"]}],"is_beta":false,"boss_relics":[{"not_picked":["Runic Cube","Busted Crown"],"picked":"Coffee Dripper"},{"not_picked":["Pandora\u0027s Box","Astrolabe"],"picked":"SlaversCollar"}],"items_purged_floors":[2,8,37,54],"is_endless":false,"potions_floor_spawned":[11,13,18,25,28,33,41,42,46,47,48],"ascension_level":20}}