{"host":"ow66nzv2xecjoor3","time":1611632360,"event":{"mods":["BaseMod","Bestiary","Block Reminder","Colored Powertips","Curses Come First","Highlight Path","Keyboard Shortcuts","Minty Spire (QoL Compilation)","Permanent Neow","Relic Stats","Reliquary","Spire Arcade","StSLib","UnlockEverythingMod"],"gold_per_floor":[116,133,151,37,87,113,129,129,156,186,203,214,289,289,289],"floor_reached":14,"language":"ENG","playtime":391,"items_purged":[],"score":204,"play_id":"022af4ec-baac-4aba-b5c9-97b4d1356d08","local_time":"20210125213920","is_ascension_mode":true,"campfire_choices":[{"data":"Neutralize","floor":8.0,"key":"SMITH"}],"circlet_count":0,"master_deck":["AscendersBane","Strike_G","Strike_G","Strike_G","Strike_G","Strike_G","Defend_G","Defend_G","Defend_G","Defend_G","Defend_G","Survivor","Neutralize+1","Cloak And Dagger","Skewer","Deadly Poison","Slice","Infinite Blades","All Out Attack","Cloak And Dagger","Blur","Malaise","Dagger Spray"],"relics":["WristBlade","reliquary:PorcupineQuills","Potion Belt","reliquary:Boomerang"],"acts_visited":["Exordium"],"potions_floor_usage":[14,14],"damage_taken":[{"damage":0.0,"enemies":"Small Slimes","floor":1.0,"turns":4.0},{"damage":6.0,"enemies":"Cultist","floor":2.0,"turns":4.0},{"damage":0.0,"enemies":"2 Louse","floor":3.0,"turns":3.0},{"damage":20.0,"enemies":"Gremlin Nob","floor":6.0,"turns":4.0},{"damage":1.0,"enemies":"2 Fungi Beasts","floor":7.0,"turns":3.0},{"damage":8.0,"enemies":"Lagavulin","floor":10.0,"turns":7.0},{"damage":2.0,"enemies":"Looter","floor":11.0,"turns":2.0},{"damage":5.0,"enemies":"Red Slaver","floor":12.0,"turns":4.0},{"damage":23,"enemies":"Gremlin Nob","floor":14,"turns":3}],"seed_played":"6268400144247907475","potions_obtained":[{"floor":3.0,"key":"Block Potion"},{"floor":7.0,"key":"SpeedPotion"},{"floor":10.0,"key":"Swift Potion"}],"is_trial":false,"path_per_floor":["M","M","M","$","?","E","M","R","T","E","M","M","?","E"],"character_chosen":"THE_SILENT","items_purchased":["Slice","Infinite Blades"],"campfire_rested":0,"item_purchase_floors":[4,4],"current_hp_per_floor":[59,53,53,53,47,27,26,26,26,18,16,11,11,0,0],"gold":289,"neow_bonus":"BOSS_RELIC","is_daily":false,"chose_seed":false,"campfire_upgraded":1,"win_rate":0.0,"timestamp":1611632360,"path_taken":["M","M","M","$","?","E","M","R","T","E","M","?","?","E"],"items_purchased_type":["Card","Card"],"build_version":"2020-12-22","purchased_purges":0,"victory":false,"max_hp_per_floor":[66,66,66,66,66,66,66,66,66,66,66,66,66,66,66],"relic_stats":{"counters":[9,34],"obtain_stats":[{"Potion Belt":9,"reliquary:PorcupineQuills":6,"reliquary:Boomerang":10,"WristBlade":0,"Ring of the Snake":0},{"Potion Belt":5,"reliquary:PorcupineQuills":4,"reliquary:Boomerang":6,"WristBlade":0,"Ring of the Snake":0},{"Potion Belt":18,"reliquary:PorcupineQuills":15,"reliquary:Boomerang":25,"WristBlade":0,"Ring of the Snake":0}]},"card_choices":[{"not_picked":["Underhanded Strike","Choke"],"picked":"Cloak And Dagger","floor":1.0},{"not_picked":["Deadly Poison","Cloak And Dagger"],"picked":"Skewer","floor":2.0},{"not_picked":["Deflect","Outmaneuver"],"picked":"Deadly Poison","floor":3.0},{"not_picked":["Caltrops","Deadly Poison"],"picked":"All Out Attack","floor":6.0},{"not_picked":["Flying Knee","Blur"],"picked":"Cloak And Dagger","floor":7.0},{"not_picked":["Sucker Punch","Underhanded Strike"],"picked":"Blur","floor":10.0},{"not_picked":["Bane","PiercingWail"],"picked":"Malaise","floor":11.0},{"not_picked":["Backflip","Deflect"],"picked":"Dagger Spray","floor":12.0}],"player_experience":2731062,"relics_obtained":[{"floor":6.0,"key":"reliquary:PorcupineQuills"},{"floor":9.0,"key":"Potion Belt"},{"floor":10.0,"key":"reliquary:Boomerang"}],"event_choices":[{"damage_healed":0.0,"max_hp_gain":0.0,"max_hp_loss":0.0,"gold_gain":50.0,"event_name":"FaceTrader","player_choice":"Touch","floor":5.0,"gold_loss":0.0,"damage_taken":6.0},{"damage_healed":0.0,"max_hp_gain":0.0,"max_hp_loss":0.0,"gold_gain":75.0,"event_name":"Golden Wing","player_choice":"Gained Gold","floor":13.0,"gold_loss":0.0,"damage_taken":0.0}],"is_beta":false,"boss_relics":[],"items_purged_floors":[],"is_endless":false,"potions_floor_spawned":[3,7,10],"killed_by":"Gremlin Nob","ascension_level":20}}