{"host":"p7j7o00jacnw7qzt","time":1611636387,"event":{"mods":["BaseMod","Colored Map","Colored Powertips","DeckTracker","Highlight Path","Minty Spire (QoL Compilation)","Relic Stats"],"gold_per_floor":[111,10,28,43,43,43,74,74,99,99,111,137,153,183,183,259,259,281,316,316,64,77,77,105,105,105,141,141,157,157,157],"floor_reached":30,"language":"ZHS","playtime":1563,"items_purged":["Strike_G","Strike_G"],"score":636,"play_id":"37aadaea-f828-466c-99e1-a1a45bd02ba4","local_time":"20210125234627","is_ascension_mode":true,"campfire_choices":[{"data":"Skewer","floor":6.0,"key":"SMITH"},{"data":"Expertise","floor":8.0,"key":"SMITH"},{"data":"Neutralize","floor":15.0,"key":"SMITH"},{"floor":23.0,"key":"DIG"},{"floor":25.0,"key":"DIG"},{"data":"Envenom","floor":28,"key":"SMITH"}],"circlet_count":0,"master_deck":["AscendersBane","Strike_G","Strike_G","Defend_G","Defend_G","Defend_G","Defend_G","Defend_G","Survivor","Neutralize+1","PiercingWail","Backflip","Expertise+1","Skewer+1","Dash","Malaise","CurseOfTheBell","Prepared","Envenom+1","Concentrate","Blade Dance"],"relics":["Coffee Dripper","Snake Skull","Lantern","Thread and Needle","Bronze Scales","Calling Bell","CeramicFish","White Beast Statue","The Specimen","Red Mask","Shovel","Dream Catcher","Smiling Mask","Bottled Tornado"],"acts_visited":["Exordium","TheCity"],"potions_floor_usage":[30,30],"damage_taken":[{"damage":0.0,"enemies":"2 Louse","floor":1.0,"turns":5.0},{"damage":0.0,"enemies":"Cultist","floor":3.0,"turns":4.0},{"damage":0.0,"enemies":"Jaw Worm","floor":4.0,"turns":5.0},{"damage":14.0,"enemies":"Gremlin Nob","floor":7.0,"turns":4.0},{"damage":0.0,"enemies":"2 Fungi Beasts","floor":11.0,"turns":4.0},{"damage":4.0,"enemies":"3 Sentries","floor":12.0,"turns":8.0},{"damage":0.0,"enemies":"Exordium Thugs","floor":13.0,"turns":5.0},{"damage":10.0,"enemies":"Lagavulin","floor":14.0,"turns":8.0},{"damage":0.0,"enemies":"The Guardian","floor":16.0,"turns":11.0},{"damage":1.0,"enemies":"Shell Parasite","floor":18.0,"turns":6.0},{"damage":0.0,"enemies":"Masked Bandits","floor":19.0,"turns":4.0},{"damage":2.0,"enemies":"Spheric Guardian","floor":22.0,"turns":5.0},{"damage":0.0,"enemies":"Snecko","floor":24.0,"turns":6.0},{"damage":40.0,"enemies":"Gremlin Leader","floor":27.0,"turns":8.0},{"damage":0,"enemies":"Snake Plant","floor":29,"turns":4},{"damage":15,"enemies":"Shelled Parasite and Fungi","floor":30,"turns":1}],"seed_played":"-4121902654579699687","potions_obtained":[{"floor":1.0,"key":"DistilledChaos"},{"floor":3.0,"key":"Weak Potion"},{"floor":7.0,"key":"Swift Potion"},{"floor":12.0,"key":"Dexterity Potion"},{"floor":13.0,"key":"Energy Potion"},{"floor":18.0,"key":"Poison Potion"},{"floor":19.0,"key":"FearPotion"},{"floor":22.0,"key":"GamblersBrew"},{"floor":24.0,"key":"EssenceOfSteel"},{"floor":27.0,"key":"EntropicBrew"},{"floor":29,"key":"Weak Potion"}],"is_trial":false,"path_per_floor":["M","$","M","M","?","R","E","R","T","?","M","E","M","E","R","B",null,"M","?","?","$","M","R","M","R","T","E","R","M","M"],"character_chosen":"THE_SILENT","items_purchased":["Backflip","Envenom"],"campfire_rested":0,"item_purchase_floors":[2,21],"current_hp_per_floor":[59,59,59,59,52,52,38,38,38,34,34,30,30,20,20,20,55,54,54,54,54,52,52,52,52,52,12,12,12,0,0],"gold":157,"neow_bonus":"BOSS_RELIC","is_daily":false,"chose_seed":false,"campfire_upgraded":4,"win_rate":0.0,"timestamp":1611636387,"path_taken":["M","$","M","M","?","R","E","R","T","?","M","E","?","E","R","BOSS","M","?","?","$","?","R","M","R","T","E","R","M","M"],"items_purchased_type":["Card","Card"],"build_version":"2020-12-22","purchased_purges":2,"victory":false,"max_hp_per_floor":[66,66,66,66,66,66,66,66,66,66,66,66,66,66,66,66,66,66,66,66,66,66,66,66,66,66,66,66,66,66,66],"relic_stats":{"Dream Catcher":0,"Shovel":2,"counters":[16,88],"Bronze Scales":[174],"CeramicFish":36,"Snake Skull":[38],"Smiling Mask":0,"obtain_stats":[{"Lantern":9,"The Specimen":17,"CeramicFish":17,"Thread and Needle":12,"Snake Skull":7,"Bottled Tornado":27,"Smiling Mask":25,"White Beast Statue":17,"Calling Bell":17,"Dream Catcher":23,"Shovel":20,"Bronze Scales":14,"Coffee Dripper":0,"Red Mask":19,"Ring of the Snake":0},{"Lantern":4,"The Specimen":9,"CeramicFish":9,"Thread and Needle":6,"Snake Skull":4,"Bottled Tornado":14,"Smiling Mask":13,"White Beast Statue":9,"Calling Bell":9,"Dream Catcher":12,"Shovel":11,"Bronze Scales":8,"Coffee Dripper":0,"Red Mask":11,"Ring of the Snake":0},{"Lantern":18,"The Specimen":54,"CeramicFish":54,"Thread and Needle":30,"Snake Skull":18,"Bottled Tornado":83,"Smiling Mask":75,"White Beast Statue":54,"Calling Bell":54,"Dream Catcher":69,"Shovel":64,"Bronze Scales":43,"Coffee Dripper":0,"Red Mask":64,"Ring of the Snake":0}]},"card_choices":[{"not_picked":["Setup","Concentrate"],"picked":"PiercingWail","floor":1.0},{"not_picked":["Underhanded Strike","Backflip"],"picked":"Expertise","floor":3.0},{"not_picked":["Outmaneuver","Crippling Poison"],"picked":"Skewer","floor":4.0},{"not_picked":["Deflect","Underhanded Strike","Accuracy"],"picked":"SKIP","floor":7.0},{"not_picked":["Accuracy","Sucker Punch"],"picked":"Dash","floor":11.0},{"not_picked":["Burst","Cloak And Dagger","Deflect"],"picked":"SKIP","floor":12.0},{"not_picked":["Dash","Heel Hook","Dagger Spray"],"picked":"SKIP","floor":13.0},{"not_picked":["Dash","Heel Hook","Dagger Spray"],"picked":"SKIP","floor":13.0},{"not_picked":["Flying Knee","Masterful Stab","Backflip"],"picked":"SKIP","floor":14.0},{"not_picked":["After Image","Burst"],"picked":"Malaise","floor":16.0},{"not_picked":["Sucker Punch","Cloak And Dagger"],"picked":"Prepared","floor":18.0},{"not_picked":["Sucker Punch","Escape Plan","Underhanded Strike"],"picked":"SKIP","floor":22.0},{"not_picked":["Acrobatics","Underhanded Strike"],"picked":"Concentrate","floor":24.0},{"not_picked":["Bouncing Flask","Dagger Throw"],"picked":"Blade Dance","floor":27.0},{"not_picked":["Underhanded Strike","Prepared","Deflect+1"],"picked":"SKIP","floor":29}],"player_experience":1043243,"relics_obtained":[{"floor":7.0,"key":"Snake Skull"},{"floor":9.0,"key":"Lantern"},{"floor":12.0,"key":"Thread and Needle"},{"floor":14.0,"key":"Bronze Scales"},{"floor":17.0,"key":"CeramicFish"},{"floor":17.0,"key":"White Beast Statue"},{"floor":17.0,"key":"The Specimen"},{"floor":19.0,"key":"Red Mask"},{"floor":23.0,"key":"Dream Catcher"},{"floor":25.0,"key":"Smiling Mask"},{"floor":27.0,"key":"Bottled Tornado"}],"event_choices":[{"cards_removed":["Strike_G"],"damage_healed":0.0,"max_hp_gain":0.0,"max_hp_loss":0.0,"gold_gain":0.0,"event_name":"Golden Wing","player_choice":"Card Removal","floor":5.0,"gold_loss":0.0,"damage_taken":7.0},{"damage_healed":0.0,"max_hp_gain":0.0,"max_hp_loss":0.0,"gold_gain":0.0,"event_name":"The Woman in Blue","player_choice":"Bought 0 Potions","floor":10.0,"gold_loss":0.0,"damage_taken":0.0},{"damage_healed":0.0,"max_hp_gain":0.0,"max_hp_loss":0.0,"gold_gain":0.0,"event_name":"Masked Bandits","player_choice":"Fought Bandits","floor":19.0,"gold_loss":0.0,"damage_taken":0.0},{"damage_healed":0.0,"max_hp_gain":0.0,"max_hp_loss":0.0,"gold_gain":0.0,"event_name":"WeMeetAgain","player_choice":"Gave Potion","floor":20.0,"gold_loss":0.0,"damage_taken":0.0,"relics_obtained":["Shovel"]}],"is_beta":false,"boss_relics":[{"not_picked":["Busted Crown","Fusion Hammer"],"picked":"Calling Bell"}],"items_purged_floors":[2,21],"is_endless":false,"potions_floor_spawned":[1,3,7,12,13,18,19,22,24,27,29],"killed_by":"Shelled Parasite and Fungi","ascension_level":20}}