{"host":"r53pw7z744tg3fxg","time":1611620558,"event":{"mods":["AchievementEnabler","BaseMod","Colored Map","Colored Powertips","Highlight Path","Minty Spire (QoL Compilation)","Quick Restart","Transform Curses"],"gold_per_floor":[117,117,135,60,25,50,50,75,75,75,75,101,101,119,119,196,196,209,209,219,219,269,269,300,300,300,300,310,310,310,320,320,398,398,417,429,454,454,454,454],"floor_reached":39,"language":"ENG","playtime":1483,"items_purged":["Regret"],"score":808,"play_id":"b2b56efa-065b-4bf1-b237-7371865eb823","local_time":"20210125172238","is_ascension_mode":true,"campfire_choices":[{"floor":7.0,"key":"REST"},{"floor":11.0,"key":"REST"},{"data":"Eruption","floor":13.0,"key":"SMITH"},{"data":"PathToVictory","floor":15.0,"key":"SMITH"},{"floor":23.0,"key":"REST"},{"floor":25.0,"key":"REST"},{"floor":27.0,"key":"REST"},{"floor":32,"key":"REST"}],"circlet_count":0,"master_deck":["AscendersBane","Strike_P","Strike_P","Defend_P","Defend_P","Defend_P","Eruption+1","Vigilance+1","ReachHeaven","WheelKick","Prostrate+1","FollowUp","PathToVictory+1","Ragnarok","WaveOfTheHand+1","Halt+1","TalkToTheHand+1","Adaptation+1","EmptyBody","Consecrate","DevaForm","WreathOfFlame+1","DeusExMachina","MentalFortress","ThirdEye+1","Study+1"],"relics":["PureWater","Pocketwatch","The Courier","War Paint","Pear","Odd Mushroom","Astrolabe","Enchiridion","Vajra","Letter Opener","VioletLotus","StoneCalendar"],"acts_visited":["Exordium","TheCity","TheBeyond"],"potions_floor_usage":[30,33,36],"damage_taken":[{"damage":2.0,"enemies":"Jaw Worm","floor":1.0,"turns":7.0},{"damage":3.0,"enemies":"2 Louse","floor":3.0,"turns":2.0},{"damage":27.0,"enemies":"3 Sentries","floor":6.0,"turns":5.0},{"damage":31.0,"enemies":"Lagavulin","floor":8.0,"turns":5.0},{"damage":16.0,"enemies":"The Mushroom Lair","floor":12.0,"turns":4.0},{"damage":0.0,"enemies":"Small Slimes","floor":14.0,"turns":2.0},{"damage":21.0,"enemies":"The Guardian","floor":16.0,"turns":9.0},{"damage":18.0,"enemies":"2 Thieves","floor":18.0,"turns":3.0},{"damage":9.0,"enemies":"Shell Parasite","floor":20.0,"turns":6.0},{"damage":25.0,"enemies":"Book of Stabbing","floor":24.0,"turns":9.0},{"damage":12.0,"enemies":"Chosen and Byrds","floor":28.0,"turns":5.0},{"damage":0,"enemies":"Slavers","floor":30,"turns":1},{"damage":31,"enemies":"Snake Plant","floor":31,"turns":5},{"damage":29,"enemies":"Collector","floor":33,"turns":11},{"damage":0,"enemies":"3 Shapes","floor":35,"turns":2},{"damage":7,"enemies":"3 Darklings","floor":36,"turns":4},{"damage":9,"enemies":"Mind Bloom Boss Battle","floor":37,"turns":6},{"damage":61,"enemies":"Sphere and 2 Shapes","floor":39,"turns":3}],"seed_played":"6856563395215443046","potions_obtained":[{"floor":1.0,"key":"LiquidBronze"},{"floor":6.0,"key":"SmokeBomb"},{"floor":20.0,"key":"Block Potion"},{"floor":28.0,"key":"Fruit Juice"},{"floor":31,"key":"LiquidBronze"},{"floor":35,"key":"Block Potion"}],"is_trial":false,"path_per_floor":["M","?","M","$","?","E","R","E","T","$","R","?","R","M","R","B",null,"M","?","M","?","?","R","E","R","T","R","M","?","E","M","R","B",null,"M","M","?","?","M"],"character_chosen":"WATCHER","items_purchased":[],"campfire_rested":6,"item_purchase_floors":[],"current_hp_per_floor":[65,65,62,62,74,47,69,38,48,48,73,57,57,57,57,36,72,54,54,45,24,24,49,24,49,49,74,67,67,67,36,62,33,75,75,68,59,59,0,0],"gold":454,"neow_bonus":"TEN_PERCENT_HP_BONUS","is_daily":false,"chose_seed":false,"campfire_upgraded":2,"win_rate":0.0,"timestamp":1611620558,"path_taken":["M","?","M","$","?","E","R","E","T","$","R","?","R","?","R","BOSS","M","?","M","?","?","R","E","R","T","R","?","?","E","M","R","BOSS","M","M","?","?","?"],"items_purchased_type":[],"build_version":"2020-12-22","purchased_purges":1,"victory":false,"max_hp_per_floor":[74,74,74,74,74,74,74,74,84,84,84,84,84,84,84,84,84,84,84,84,84,84,84,84,84,84,84,89,89,89,89,89,89,89,89,89,89,89,89,89],"card_choices":[{"not_picked":["FollowUp","Meditate"],"picked":"ReachHeaven","floor":1.0},{"not_picked":["WreathOfFlame","ClearTheMind"],"picked":"WheelKick","floor":3.0},{"not_picked":["FlurryOfBlows","Omniscience"],"picked":"Prostrate","floor":6.0},{"not_picked":["WaveOfTheHand","CrushJoints","ConjureBlade"],"picked":"SKIP","floor":8.0},{"not_picked":["Collect","Nirvana"],"picked":"FollowUp","floor":12.0},{"not_picked":["Fasting2","WaveOfTheHand"],"picked":"PathToVictory","floor":14.0},{"not_picked":["Alpha","Omniscience"],"picked":"Ragnarok","floor":16.0},{"not_picked":["ThirdEye+1","FollowUp"],"picked":"Adaptation+1","floor":18.0},{"not_picked":["FlurryOfBlows","Protect"],"picked":"EmptyBody","floor":20.0},{"not_picked":["Evaluate","Prostrate"],"picked":"Consecrate","floor":24.0},{"not_picked":["Crescendo","Vengeance","Perseverance"],"picked":"SKIP","floor":28.0},{"not_picked":["Omniscience","ClearTheMind"],"picked":"WreathOfFlame+1","floor":31},{"not_picked":["Establishment","Scrawl"],"picked":"DeusExMachina","floor":33},{"not_picked":["FlyingSleeves","Halt+1"],"picked":"MentalFortress","floor":35},{"not_picked":["EmptyBody","EmptyMind+1"],"picked":"ThirdEye+1","floor":36},{"not_picked":["Swivel+1","SashWhip"],"picked":"Study+1","floor":37}],"player_experience":1357747,"relics_obtained":[{"floor":6.0,"key":"The Courier"},{"floor":8.0,"key":"War Paint"},{"floor":9.0,"key":"Pear"},{"floor":12.0,"key":"Odd Mushroom"},{"floor":21.0,"key":"Enchiridion"},{"floor":24.0,"key":"Vajra"},{"floor":26.0,"key":"Letter Opener"},{"floor":37,"key":"StoneCalendar"}],"event_choices":[{"damage_healed":0.0,"max_hp_gain":0.0,"max_hp_loss":0.0,"gold_gain":0.0,"event_name":"Big Fish","player_choice":"Box","floor":2.0,"gold_loss":0.0,"damage_taken":0.0,"relics_obtained":["Pocketwatch"],"cards_obtained":["Regret"]},{"damage_healed":18.0,"max_hp_gain":0.0,"max_hp_loss":0.0,"gold_gain":0.0,"event_name":"The Cleric","player_choice":"Healed","floor":5.0,"gold_loss":35.0,"damage_taken":0.0},{"damage_healed":0.0,"max_hp_gain":0.0,"max_hp_loss":0.0,"gold_gain":0.0,"event_name":"Mushrooms","player_choice":"Fought Mushrooms","floor":12.0,"gold_loss":0.0,"damage_taken":0.0},{"damage_healed":0.0,"max_hp_gain":0.0,"max_hp_loss":0.0,"gold_gain":0.0,"event_name":"Vampires","player_choice":"Ignored","floor":19.0,"gold_loss":0.0,"damage_taken":0.0},{"damage_healed":0.0,"max_hp_gain":0.0,"max_hp_loss":0.0,"gold_gain":0.0,"event_name":"Cursed Tome","player_choice":"Obtained Book","floor":21.0,"gold_loss":0.0,"damage_taken":21.0},{"damage_healed":0.0,"max_hp_gain":0.0,"max_hp_loss":0.0,"gold_gain":100.0,"event_name":"The Joust","player_choice":"Bet on Murderer","floor":22.0,"gold_loss":50.0,"damage_taken":0.0},{"damage_healed":0.0,"max_hp_gain":0.0,"max_hp_loss":0.0,"gold_gain":0.0,"event_name":"The Library","player_choice":"Read","floor":29.0,"gold_loss":0.0,"damage_taken":0.0,"cards_obtained":["DevaForm"]},{"damage_healed":0,"gold_gain":0,"player_choice":"Fight","damage_taken":0,"max_hp_gain":0,"max_hp_loss":0,"event_name":"MindBloom","floor":37,"gold_loss":0},{"damage_healed":0,"gold_gain":0,"player_choice":"Ignored","damage_taken":0,"max_hp_gain":0,"max_hp_loss":0,"event_name":"Tomb of Lord Red Mask","floor":38,"gold_loss":0}],"is_beta":false,"boss_relics":[{"not_picked":["Velvet Choker","Coffee Dripper"],"picked":"Astrolabe"},{"not_picked":["Snecko Eye","Fusion Hammer"],"picked":"VioletLotus"}],"items_purged_floors":[4],"is_endless":false,"potions_floor_spawned":[1,6,12,20,28,31,35],"killed_by":"Sphere and 2 Shapes","ascension_level":17}}