{"host":"xobdcpbm4ckypiai","time":1611660920,"event":{"mods":["BaseMod","Minty Spire (QoL Compilation)","Replay The Spire","Spicy Shops","StSLib","¡¾ÒÅÎï¿¨ÅÆ¡¿REMEMod"],"gold_per_floor":[213,213,213,213,224,224,257,257,284,311,386,386,403,413,413,511,511,525,525,544,544,562,597,597,625,651,667,667,667,105,140,140,236,236,254,303,321,321,34,63,63,82,106,106,106,177,177,190,190,190],"floor_reached":51,"language":"ZHS","playtime":2599,"items_purged":["Iron Wave","Thunderclap"],"score":960,"play_id":"df7df122-cc61-4399-b617-f5176b8f1315","local_time":"20210126193520","is_ascension_mode":true,"campfire_choices":[{"data":"Echo Form","floor":6.0,"key":"SMITH"},{"data":"Shockwave","floor":8.0,"key":"SMITH"},{"data":"REME_Scribble","floor":12.0,"key":"SMITH"},{"data":"Uppercut","floor":15.0,"key":"SMITH"},{"floor":28.0,"key":"REST"},{"data":"Limit Break","floor":32.0,"key":"SMITH"},{"floor":41.0,"key":"DIG"},{"floor":44.0,"key":"REST"},{"floor":49.0,"key":"REST"}],"circlet_count":0,"master_deck":["Defend_R+1","Defend_R+1","Defend_R+1","Echo Form+1","Armaments+1","Shockwave+1","Spot Weakness+1","REME_Scribble+1","Uppercut+1","Limit Break+1","Sword Boomerang+1","Bite","Bite","Bite","Bite+1","Bite","Life Link+1","Flame Barrier","REME_WheelOfFate","Shrug It Off+1","Second Wind","Deep Breath","ReplayTheSpireMod:Uncanny Aura","Madness","Shockwave+1","Madness","Madness","Body Slam+1"],"relics":["Black Blood","REME_ComplimentaryCards","Replay:Bottled Snecko","War Paint","Art of War","Busted Crown","Ornamental Fan","Replay:Ringing Soul","Orichalcum","Bag of Preparation","Calipers","Bird Faced Urn","Red Skull","Replay:Multitool","ReplayTheSpireMod:Lightbulb","Champion Belt","Membership Card","Blood Vial","Dream Catcher","Replay:Rubber Ducky","Whetstone"],"acts_visited":["Exordium","TheCity","TheBeyond"],"potions_floor_usage":[],"damage_taken":[{"damage":2.0,"enemies":"Jaw Worm","floor":1.0,"turns":5.0},{"damage":9.0,"enemies":"Small Slimes","floor":5.0,"turns":4.0},{"damage":8.0,"enemies":"Lagavulin","floor":7.0,"turns":8.0},{"damage":23.0,"enemies":"Gremlin Nob","floor":10.0,"turns":4.0},{"damage":3.0,"enemies":"Cultist","floor":13.0,"turns":3.0},{"damage":12.0,"enemies":"2 Fungi Beasts","floor":14.0,"turns":4.0},{"damage":16.0,"enemies":"The Guardian","floor":16.0,"turns":7.0},{"damage":24.0,"enemies":"2 Thieves","floor":18.0,"turns":4.0},{"damage":21.0,"enemies":"Spheric Guardian","floor":20.0,"turns":5.0},{"damage":27.0,"enemies":"Snake Plant","floor":22.0,"turns":4.0},{"damage":50.0,"enemies":"Gremlin Leader","floor":23.0,"turns":5.0},{"damage":21.0,"enemies":"Slavers","floor":25.0,"turns":5.0},{"damage":31.0,"enemies":"Centurion and Healer","floor":27.0,"turns":6.0},{"damage":24.0,"enemies":"Gremlin Leader","floor":31.0,"turns":6.0},{"damage":81.0,"enemies":"Collector","floor":33.0,"turns":8.0},{"damage":19.0,"enemies":"3 Darklings","floor":35.0,"turns":4.0},{"damage":64.0,"enemies":"2 Orb Walkers","floor":36.0,"turns":6.0},{"damage":18.0,"enemies":"3 Shapes","floor":37.0,"turns":6.0},{"damage":2.0,"enemies":"Giant Head","floor":40.0,"turns":7.0},{"damage":41.0,"enemies":"Writhing Mass","floor":42.0,"turns":6.0},{"damage":30.0,"enemies":"4 Shapes","floor":48.0,"turns":8.0},{"damage":43,"enemies":"Donu and Deca","floor":50,"turns":8}],"seed_played":"-3522533397225554598","potions_obtained":[{"floor":10.0,"key":"AttackPotion"},{"floor":13.0,"key":"Fire Potion"},{"floor":14.0,"key":"GamblersBrew"},{"floor":20.0,"key":"Energy Potion"},{"floor":27.0,"key":"BloodPotion"},{"floor":31.0,"key":"ColorlessPotion"},{"floor":33.0,"key":"SkillPotion"},{"floor":40.0,"key":"Adrenaline Potion"},{"floor":46.0,"key":"AttackPotion"}],"is_trial":false,"path_per_floor":["M","?","?","?","M","R","E","R","T","E","?","R","M","M","R","B",null,"M","?","M","T","M","E","?","E","T","M","R","T","$","E","R","B",null,"M","?","M","?","$","E","R","M","T","R","?","?","?","M","R","B",null],"character_chosen":"IRONCLAD","items_purchased":["Bird Faced Urn","Red Skull","Replay:Multitool","Membership Card","REME_WheelOfFate"],"campfire_rested":3,"item_purchase_floors":[30,30,30,39,39],"current_hp_per_floor":[80,64,64,57,54,54,52,52,52,35,27,27,33,30,30,26,92,77,66,61,61,49,21,21,26,26,31,57,57,74,82,82,38,99,107,82,98,98,101,126,126,113,113,132,125,95,81,87,134,123],"gold":190,"neow_bonus":"HUNDRED_GOLD","is_daily":false,"chose_seed":false,"campfire_upgraded":5,"win_rate":0.0,"timestamp":1611660920,"path_taken":["M","?","?","?","M","R","E","R","T","E","?","R","?","M","R","BOSS","M","?","M","?","M","E","?","E","T","M","R","?","?","E","R","BOSS","M","?","M","?","$","E","R","?","T","R","?","?","?","M","R","BOSS"],"items_purchased_type":["Relic","Relic","Relic","Relic","Card"],"build_version":"2020-12-22","purchased_purges":2,"victory":true,"max_hp_per_floor":[80,80,80,80,80,80,80,80,80,80,80,80,83,86,86,92,92,95,66,72,72,75,78,78,81,81,87,87,87,87,93,93,99,99,108,114,123,123,126,126,126,129,129,132,135,138,141,147,150,153],"card_choices":[{"not_picked":["Disarm","Replay:Undeath\u0027s Touch"],"picked":"Armaments","floor":1.0},{"not_picked":["Shrug It Off","Cleave"],"picked":"Shockwave","floor":5.0},{"not_picked":["ReplayReversal","Dark Embrace"],"picked":"Spot Weakness","floor":7.0},{"not_picked":["Demonic Infusion","Dual Wield"],"picked":"REME_Scribble","floor":10.0},{"not_picked":["Heavy Blade","Bloodletting","ReplayTheSpireMod:Strike From Hell"],"picked":"SKIP","floor":13.0},{"not_picked":["ReplayTheSpireMod:Limb From Limb","Evolve"],"picked":"Uppercut","floor":14.0},{"not_picked":["Double Tap","REME_TheLastStrike"],"picked":"Limit Break","floor":16.0},{"not_picked":[],"picked":"Sword Boomerang","floor":18.0},{"not_picked":["ReplayTheSpireMod:Strike From Hell"],"picked":"SKIP","floor":20.0},{"not_picked":["Twin Strike"],"picked":"SKIP","floor":22.0},{"not_picked":[],"picked":"Iron Wave","floor":23.0},{"not_picked":["Havoc"],"picked":"SKIP","floor":25.0},{"not_picked":[],"picked":"Thunderclap","floor":27.0},{"not_picked":[],"picked":"Havoc+1","floor":31.0},{"not_picked":[],"picked":"Life Link+1","floor":35.0},{"not_picked":[],"picked":"Flame Barrier","floor":37.0},{"not_picked":["ReplayTheSpireMod:Corrosion Curse+1"],"picked":"SKIP","floor":40.0},{"not_picked":[],"picked":"Shrug It Off+1","floor":42.0},{"not_picked":[],"picked":"Second Wind","floor":44.0},{"not_picked":[],"picked":"Deep Breath","floor":45.0},{"not_picked":[],"picked":"ReplayTheSpireMod:Uncanny Aura","floor":45.0},{"not_picked":[],"picked":"Madness","floor":45.0},{"not_picked":[],"picked":"Shockwave+1","floor":46.0},{"not_picked":["Replay:Undeath\u0027s Touch"],"picked":"SKIP","floor":48.0},{"not_picked":[],"picked":"Body Slam+1","floor":49.0}],"player_experience":58889,"relics_obtained":[{"floor":7.0,"key":"Replay:Bottled Snecko"},{"floor":9.0,"key":"War Paint"},{"floor":10.0,"key":"Art of War"},{"floor":21.0,"key":"Ornamental Fan"},{"floor":23.0,"key":"Replay:Ringing Soul"},{"floor":25.0,"key":"Orichalcum"},{"floor":26.0,"key":"Bag of Preparation"},{"floor":29.0,"key":"Calipers"},{"floor":31.0,"key":"ReplayTheSpireMod:Lightbulb"},{"floor":36.0,"key":"Champion Belt"},{"floor":40.0,"key":"Blood Vial"},{"floor":41.0,"key":"Dream Catcher"},{"floor":43.0,"key":"Replay:Rubber Ducky"},{"floor":46.0,"key":"Whetstone"}],"event_choices":[{"damage_healed":0.0,"max_hp_gain":0.0,"max_hp_loss":0.0,"gold_gain":0.0,"event_name":"Shining Light","player_choice":"Entered Light","floor":2.0,"gold_loss":0.0,"damage_taken":16.0,"cards_upgraded":["Defend_R","Defend_R"]},{"damage_healed":0.0,"max_hp_gain":0.0,"max_hp_loss":0.0,"gold_gain":0.0,"event_name":"Living Wall","player_choice":"Grow","floor":3.0,"gold_loss":0.0,"damage_taken":0.0,"cards_upgraded":["Armaments"]},{"cards_removed":["Defend_R"],"damage_healed":0.0,"max_hp_gain":0.0,"max_hp_loss":0.0,"gold_gain":0.0,"event_name":"Golden Wing","player_choice":"Card Removal","floor":4.0,"gold_loss":0.0,"damage_taken":7.0},{"damage_healed":0.0,"max_hp_gain":0.0,"max_hp_loss":0.0,"gold_gain":75.0,"event_name":"FaceTrader","player_choice":"Touch","floor":11.0,"gold_loss":0.0,"damage_taken":8.0},{"damage_healed":0.0,"max_hp_gain":0.0,"max_hp_loss":29.0,"gold_gain":0.0,"event_name":"Vampires","player_choice":"Became a vampire","floor":19.0,"gold_loss":0.0,"damage_taken":0.0,"cards_obtained":["Bite","Bite","Bite","Bite","Bite"]},{"cards_removed":["Bash"],"damage_healed":0.0,"max_hp_gain":0.0,"max_hp_loss":0.0,"gold_gain":0.0,"event_name":"Back to Basics","player_choice":"Elegance","floor":24.0,"gold_loss":0.0,"damage_taken":0.0},{"damage_healed":0.0,"max_hp_gain":0.0,"max_hp_loss":0.0,"gold_gain":0.0,"event_name":"Mysterious Sphere","player_choice":"Fight","floor":36.0,"gold_loss":0.0,"damage_taken":0.0},{"cards_removed":["Havoc"],"damage_healed":0.0,"max_hp_gain":0.0,"max_hp_loss":0.0,"gold_gain":0.0,"event_name":"Falling","player_choice":"Removed Skill","floor":38.0,"gold_loss":0.0,"damage_taken":0.0},{"damage_healed":0.0,"max_hp_gain":0.0,"max_hp_loss":0.0,"gold_gain":0.0,"event_name":"SensoryStone","player_choice":"Memory 3","floor":45.0,"gold_loss":0.0,"damage_taken":10.0},{"damage_healed":0.0,"max_hp_gain":0.0,"max_hp_loss":0.0,"gold_gain":0.0,"event_name":"Winding Halls","player_choice":"Embrace Madness","floor":47.0,"gold_loss":0.0,"damage_taken":17.0,"cards_obtained":["Madness","Madness"]}],"is_beta":false,"boss_relics":[{"not_picked":["REME_DuelDisc","Philosopher\u0027s Stone"],"picked":"Busted Crown"},{"not_picked":["Mark of Pain","Velvet Choker"],"picked":"Black Blood"}],"items_purged_floors":[30,30],"is_endless":false,"potions_floor_spawned":[10,13,14,20,27,31,33,36,37,40],"ascension_level":2}}