{"host":"lnt5dzsuhru0aonl","time":1611662886,"event":{"mods":["2.2 Compatiblity","BaseMod","Colored Map","Colored Powertips","DeckTracker","Keyboard Shortcuts","Minty Spire (QoL Compilation)","Permanent Neow","Rare Cards Sparkle","StSLib","SuperFastMode","everything is the same but u backflip on backflip"],"gold_per_floor":[116,191,204,204,354,354,110,135,135,148,158,58,58,78,78,78,78],"floor_reached":16,"language":"KOR","playtime":192,"items_purged":["Doubt","Strike_B"],"score":250,"play_id":"a3e8cc85-c164-4794-9e77-6dca1642c880","local_time":"20210126210806","is_ascension_mode":true,"campfire_choices":[{"data":"Zap","floor":6,"key":"SMITH"},{"data":"1","floor":13,"key":"LIFT"},{"data":"2","floor":15,"key":"LIFT"}],"circlet_count":0,"master_deck":["AscendersBane","Strike_B","Strike_B","Strike_B","Defend_B","Defend_B","Defend_B","Defend_B","Zap+1","Dualcast","Conserve Battery","Streamline","Cold Snap","Double Energy"],"relics":["Cracked Core","NeowsBlessing","Potion Belt","TheAbacus","Girya","Bottled Lightning"],"acts_visited":["Exordium"],"potions_floor_usage":[11],"damage_taken":[{"damage":0,"enemies":"Jaw Worm","floor":1,"turns":1},{"damage":0,"enemies":"2 Louse","floor":3,"turns":1},{"damage":0,"enemies":"Lagavulin","floor":8,"turns":1},{"damage":5,"enemies":"Small Slimes","floor":10,"turns":2},{"damage":0,"enemies":"2 Fungi Beasts","floor":11,"turns":3},{"damage":4,"enemies":"Exordium Thugs","floor":14,"turns":4},{"damage":34,"enemies":"The Guardian","floor":16,"turns":2}],"seed_played":"2625959267361870150","potions_obtained":[{"floor":3,"key":"ColorlessPotion"}],"is_trial":false,"path_per_floor":["M","?","M","?","?","R","$","E","T","M","M","$","R","M","R","B"],"character_chosen":"DEFECT","items_purchased":["TheAbacus"],"campfire_rested":0,"item_purchase_floors":[7],"current_hp_per_floor":[64,53,53,35,35,35,35,35,35,30,30,30,30,26,26,0,0],"gold":78,"neow_bonus":"THREE_ENEMY_KILL","is_daily":false,"chose_seed":false,"campfire_upgraded":1,"win_rate":0.0,"timestamp":1611662886,"path_taken":["M","?","M","?","?","R","$","E","T","?","M","$","R","M","R","BOSS"],"items_purchased_type":["Relic"],"build_version":"2020-12-22","purchased_purges":2,"victory":false,"max_hp_per_floor":[71,71,71,71,71,71,71,71,71,71,71,71,71,71,71,71,71],"card_choices":[{"not_picked":["Gash","Go for the Eyes"],"picked":"Conserve Battery","floor":1},{"not_picked":["Consume","Force Field"],"picked":"Streamline","floor":3},{"not_picked":["Rip and Tear","Multi-Cast","Capacitor"],"picked":"SKIP","floor":8},{"not_picked":["Redo","Hologram","Force Field"],"picked":"SKIP","floor":10},{"not_picked":["Go for the Eyes","Stack"],"picked":"Cold Snap","floor":11},{"not_picked":["Melter","Leap"],"picked":"Double Energy","floor":14}],"player_experience":769088,"relics_obtained":[{"floor":8,"key":"Girya"},{"floor":9,"key":"Bottled Lightning"}],"event_choices":[{"damage_healed":0,"gold_gain":75,"player_choice":"Gather Gold","damage_taken":11,"max_hp_gain":0,"max_hp_loss":0,"event_name":"World of Goop","floor":2,"gold_loss":0},{"damage_healed":0,"gold_gain":0,"player_choice":"Success","damage_taken":18,"relics_obtained":["Potion Belt"],"max_hp_gain":0,"max_hp_loss":0,"event_name":"Scrap Ooze","floor":4,"gold_loss":0},{"damage_healed":0,"gold_gain":150,"player_choice":"AGREE","damage_taken":0,"max_hp_gain":0,"max_hp_loss":0,"event_name":"Liars Game","floor":5,"gold_loss":0,"cards_obtained":["Doubt"]}],"is_beta":false,"boss_relics":[],"items_purged_floors":[7,12],"is_endless":false,"potions_floor_spawned":[3],"killed_by":"The Guardian","ascension_level":20}}