{"host":"vyjryxuuuxkt43k4","time":1611622330,"event":{"mods":["AchievementEnabler","BaseMod","Colored Map","DeckTracker","Keyboard Shortcuts","Minty Spire (QoL Compilation)","Permanent Neow","Quick Restart","Rare Cards Sparkle","StSLib","SuperFastMode","everything is the same but u backflip on backflip"],"gold_per_floor":[116,134,144,58,71,71,101,101,101,101,130,141,158,208,208,283,283,299,224,240,253,253,253,303,303,352,352,362,396,396,396,396,396,396],"floor_reached":33,"language":"KOR","playtime":928,"items_purged":[],"score":550,"play_id":"76355950-2d18-487d-bc51-381d248ac3a6","local_time":"20210126095210","is_ascension_mode":true,"campfire_choices":[{"data":"Searing Blow","floor":6.0,"key":"SMITH"},{"data":"Searing Blow+1","floor":8.0,"key":"SMITH"},{"data":"Searing Blow+2","floor":10.0,"key":"SMITH"},{"data":"Searing Blow+3","floor":15.0,"key":"SMITH"},{"data":"Searing Blow+4","floor":23.0,"key":"SMITH"},{"data":"Searing Blow+5","floor":25.0,"key":"SMITH"},{"data":"Searing Blow+6","floor":27.0,"key":"SMITH"},{"data":"Searing Blow+7","floor":32.0,"key":"SMITH"}],"circlet_count":0,"master_deck":["AscendersBane","Strike_R","Strike_R","Defend_R","Defend_R","Defend_R","Defend_R","Bash","Fiend Fire","Wild Strike","Cleave","Sword Boomerang","Inflame","Searing Blow+8","Metallicize","Flame Barrier","Demon Form","Feel No Pain+1","Pommel Strike+1"],"relics":["Burning Blood","Omamori","Meat on the Bone","Magic Flower","Cursed Key","Juzu Bracelet","The Courier"],"acts_visited":["Exordium","TheCity"],"potions_floor_usage":[],"damage_taken":[{"damage":9.0,"enemies":"Jaw Worm","floor":1.0,"turns":3.0},{"damage":1.0,"enemies":"Cultist","floor":2.0,"turns":3.0},{"damage":4.0,"enemies":"Small Slimes","floor":3.0,"turns":3.0},{"damage":16.0,"enemies":"Blue Slaver","floor":5.0,"turns":3.0},{"damage":35.0,"enemies":"Lagavulin","floor":7.0,"turns":5.0},{"damage":8.0,"enemies":"Gremlin Nob","floor":11.0,"turns":3.0},{"damage":30.0,"enemies":"Large Slime","floor":12.0,"turns":5.0},{"damage":8.0,"enemies":"3 Louse","floor":13.0,"turns":4.0},{"damage":38.0,"enemies":"Slime Boss","floor":16.0,"turns":8.0},{"damage":0.0,"enemies":"Chosen","floor":18.0,"turns":3.0},{"damage":27.0,"enemies":"Shell Parasite","floor":20.0,"turns":5.0},{"damage":54.0,"enemies":"Shelled Parasite and Fungi","floor":21.0,"turns":5.0},{"damage":10.0,"enemies":"Snecko","floor":28.0,"turns":3.0},{"damage":35.0,"enemies":"Gremlin Leader","floor":29.0,"turns":4.0},{"damage":52,"enemies":"Champ","floor":33,"turns":7}],"seed_played":"-3669618906203562192","potions_obtained":[{"floor":2.0,"key":"PowerPotion"},{"floor":7.0,"key":"FearPotion"},{"floor":12.0,"key":"EntropicBrew"},{"floor":16.0,"key":"Regen Potion"},{"floor":18.0,"key":"HeartOfIron"},{"floor":28.0,"key":"AttackPotion"}],"is_trial":false,"path_per_floor":["M","M","M","$","M","R","E","R","T","R","E","M","M","?","R","B",null,"M","?","M","M","?","R","?","R","T","R","M","E","?","?","R","B"],"character_chosen":"IRONCLAD","items_purchased":["Inflame"],"campfire_rested":0,"item_purchase_floors":[4],"current_hp_per_floor":[65,70,72,72,62,62,33,33,33,33,43,40,59,59,59,48,68,75,75,57,49,49,49,49,49,49,49,48,40,40,40,40,0,0],"gold":396,"neow_bonus":"ONE_RANDOM_RARE_CARD","is_daily":false,"chose_seed":false,"campfire_upgraded":8,"win_rate":0.0,"timestamp":1611622330,"path_taken":["M","M","M","$","M","R","E","R","T","R","E","M","M","?","R","BOSS","M","?","M","M","?","R","?","R","T","R","M","E","?","?","R","BOSS"],"items_purchased_type":["Card"],"build_version":"2020-12-22","purchased_purges":0,"victory":false,"max_hp_per_floor":[75,75,75,75,75,75,75,75,75,75,75,75,75,75,75,75,75,75,75,75,75,75,75,75,75,75,75,75,75,75,75,75,75,75],"card_choices":[{"not_picked":["Pommel Strike","Power Through"],"picked":"Wild Strike","floor":1.0},{"not_picked":["Armaments","Havoc"],"picked":"Cleave","floor":2.0},{"not_picked":["Warcry","Brutality"],"picked":"Sword Boomerang","floor":3.0},{"not_picked":["Twin Strike","Iron Wave"],"picked":"Searing Blow","floor":5.0},{"not_picked":["Havoc","Corruption","Body Slam"],"picked":"SKIP","floor":7.0},{"not_picked":["Cleave","Flex"],"picked":"Metallicize","floor":11.0},{"not_picked":["Dark Embrace","Twin Strike","Rage"],"picked":"SKIP","floor":12.0},{"not_picked":["True Grit","Cleave"],"picked":"Flame Barrier","floor":13.0},{"not_picked":["Berserk","Limit Break"],"picked":"Demon Form","floor":16.0},{"not_picked":["Twin Strike","Cleave"],"picked":"Feel No Pain+1","floor":18.0},{"not_picked":["Sword Boomerang","Thunderclap","Wild Strike"],"picked":"SKIP","floor":20.0},{"not_picked":["Perfected Strike","Pommel Strike","Armaments"],"picked":"SKIP","floor":21.0},{"not_picked":["Wild Strike","Entrench"],"picked":"Pommel Strike+1","floor":28.0},{"not_picked":["Carnage","Entrench","Armaments"],"picked":"SKIP","floor":29.0}],"player_experience":347156,"relics_obtained":[{"floor":7.0,"key":"Omamori"},{"floor":9.0,"key":"Meat on the Bone"},{"floor":11.0,"key":"Magic Flower"},{"floor":26.0,"key":"Juzu Bracelet"},{"floor":29.0,"key":"The Courier"}],"event_choices":[{"damage_healed":0.0,"max_hp_gain":0.0,"max_hp_loss":0.0,"gold_gain":50.0,"event_name":"Golden Shrine","player_choice":"Pray","floor":14.0,"gold_loss":0.0,"damage_taken":0.0},{"cards_removed":["Strike_R"],"damage_healed":0.0,"max_hp_gain":0.0,"max_hp_loss":0.0,"gold_gain":0.0,"event_name":"Beggar","player_choice":"Gave Gold","floor":19.0,"gold_loss":75.0,"damage_taken":0.0},{"damage_healed":0.0,"max_hp_gain":0.0,"max_hp_loss":0.0,"gold_gain":0.0,"event_name":"Ghosts","player_choice":"Ignored","floor":22.0,"gold_loss":0.0,"damage_taken":0.0},{"damage_healed":0.0,"max_hp_gain":0.0,"max_hp_loss":0.0,"gold_gain":50.0,"event_name":"Nest","player_choice":"Stole From Cult","floor":24.0,"gold_loss":0.0,"damage_taken":0.0},{"cards_removed":["Strike_R"],"damage_healed":0.0,"max_hp_gain":0.0,"max_hp_loss":0.0,"gold_gain":0.0,"event_name":"Bonfire Elementals","player_choice":"Offered Basic","floor":30.0,"gold_loss":0.0,"damage_taken":0.0},{"cards_removed":["Strike_R"],"damage_healed":0.0,"max_hp_gain":0.0,"max_hp_loss":0.0,"gold_gain":0.0,"event_name":"Back to Basics","player_choice":"Elegance","floor":31.0,"gold_loss":0.0,"damage_taken":0.0}],"is_beta":false,"boss_relics":[{"not_picked":["Sozu","Velvet Choker"],"picked":"Cursed Key"}],"items_purged_floors":[],"is_endless":false,"potions_floor_spawned":[2,7,12,16,18,28],"killed_by":"Champ","ascension_level":20}}