{"host":"pi8b3ffzwvxqztac","time":1611694739,"event":{"mods":["BaseMod","Colored Map","Downfall","Minty Spire (QoL Compilation)","StSLib"],"gold_per_floor":[116,116,134,134,158,158,128,146,217,66,54,54,72,87,87,207,207,225,225,225,238,38,38,111,111,111,111,111,48,63,63,63,159,159,169,169,169,169,189,189,189,189],"floor_reached":41,"language":"ENG","playtime":1649,"items_purged":["Injury","Strike_P","Strike_P"],"score":398,"play_id":"9e1be184-09f3-418f-bd3b-e8c3a528e265","local_time":"20210127095859","is_ascension_mode":true,"campfire_choices":[{"data":"Vigilance","floor":6.0,"key":"SMITH"},{"data":"Swivel","floor":12.0,"key":"SMITH"},{"data":"Adaptation","floor":15.0,"key":"SMITH"},{"data":"Alpha","floor":23,"key":"SMITH"},{"data":"SignatureMove","floor":25,"key":"SMITH"},{"data":"WheelKick","floor":27,"key":"SMITH"},{"floor":32,"key":"REST"},{"data":"Protect","floor":40,"key":"SMITH"}],"circlet_count":0,"master_deck":["Defend_P","Defend_P","Defend_P","Defend_P","Eruption+1","Vigilance+1","DevaForm","Protect+1","Swivel+1","LikeWater+1","SignatureMove+1","Adaptation+1","Alpha+1","WheelKick+1","FlurryOfBlows+1","Swivel"],"relics":["PureWater","Bloody Idol","White Beast Statue","Busted Crown","Membership Card","Mercury Hourglass","Ice Cream","Empty Cage","Blue Candle"],"acts_visited":["Exordium","TheCity","TheBeyond"],"potions_floor_usage":[21,33,39,41],"damage_taken":[{"damage":0.0,"enemies":"Small Slimes","floor":1.0,"turns":3.0},{"damage":0.0,"enemies":"Cultist","floor":3.0,"turns":5.0},{"damage":0.0,"enemies":"2 Louse","floor":5.0,"turns":5.0},{"damage":5.0,"enemies":"Looter","floor":7.0,"turns":4.0},{"damage":8.0,"enemies":"Red Slaver","floor":8.0,"turns":7.0},{"damage":8.0,"enemies":"Exordium Thugs","floor":11.0,"turns":6.0},{"damage":4.0,"enemies":"Blue Slaver","floor":13.0,"turns":5.0},{"damage":6.0,"enemies":"Lots of Slimes","floor":14.0,"turns":6.0},{"damage":26.0,"enemies":"The Guardian","floor":16.0,"turns":11.0},{"damage":6.0,"enemies":"Spheric Guardian","floor":18.0,"turns":5.0},{"damage":17,"enemies":"3 Byrds","floor":21,"turns":4},{"damage":10,"enemies":"Snake Plant","floor":30,"turns":4},{"damage":27,"enemies":"Champ","floor":33,"turns":8},{"damage":4,"enemies":"Orb Walker","floor":35,"turns":3},{"damage":0,"enemies":"3 Darklings","floor":39,"turns":5},{"damage":74,"enemies":"Reptomancer","floor":41,"turns":4}],"seed_played":"2665036738859385235","potions_obtained":[{"floor":3.0,"key":"hexamod:SoulburnPotion"},{"floor":11.0,"key":"StancePotion"},{"floor":13.0,"key":"SkillPotion"},{"floor":14.0,"key":"Dexterity Potion"},{"floor":16.0,"key":"AttackPotion"},{"floor":18.0,"key":"bronze:BurnAndBuffPotion"},{"floor":21,"key":"FearPotion"},{"floor":30,"key":"SpeedPotion"},{"floor":33,"key":"Strength Potion"},{"floor":35,"key":"LiquidMemories"},{"floor":39,"key":"Swift Potion"}],"is_trial":false,"path_per_floor":["M","?","M","?","M","R","M","M","T","$","M","R","M","M","R","B",null,"M","?","?","M","$","R","T","R","T","R","?","$","M","$","R","B",null,"M","?","?","?","M","R","E"],"character_chosen":"WATCHER","items_purchased":["LikeWater","Membership Card"],"campfire_rested":1,"item_purchase_floors":[10,22],"current_hp_per_floor":[72,72,72,72,72,72,67,59,59,59,51,51,47,41,41,15,72,66,66,66,49,49,49,49,49,49,49,49,49,44,44,65,43,72,72,67,67,67,72,72,0,0],"gold":189,"neow_bonus":"ONE_RANDOM_RARE_CARD","is_daily":false,"chose_seed":false,"campfire_upgraded":7,"win_rate":0.0,"timestamp":1611694739,"path_taken":["M","?","M","?","M","R","?","M","T","$","M","R","M","M","R","BOSS","M","?","?","?","$","R","?","R","T","R","?","?","?","$","R","BOSS","M","?","?","?","M","R","E"],"items_purchased_type":["Card","Relic"],"build_version":"2020-12-22","purchased_purges":3,"victory":false,"max_hp_per_floor":[72,72,72,72,72,72,72,72,72,72,72,72,72,72,72,72,72,72,72,72,72,72,72,72,72,72,72,72,72,72,72,72,72,72,72,72,72,72,72,72,72,72],"card_choices":[{"not_picked":["FollowUp","WaveOfTheHand","Protect"],"picked":"SKIP","floor":1.0},{"not_picked":["FollowUp","WaveOfTheHand","Protect"],"picked":"SKIP","floor":1.0},{"not_picked":["FollowUp","WaveOfTheHand"],"picked":"Protect","floor":1.0},{"not_picked":["CutThroughFate","SashWhip"],"picked":"Swivel","floor":3.0},{"not_picked":["SashWhip","Halt","FollowUp"],"picked":"SKIP","floor":5.0},{"not_picked":["Prostrate","Collect","EmptyBody"],"picked":"SKIP","floor":7.0},{"not_picked":["Evaluate","Pray","CutThroughFate"],"picked":"SKIP","floor":8.0},{"not_picked":["EmptyBody","ClearTheMind"],"picked":"SignatureMove","floor":11.0},{"not_picked":["PathToVictory","DevaForm"],"picked":"Adaptation","floor":13.0},{"not_picked":["PathToVictory","EmptyFist","Swivel"],"picked":"SKIP","floor":14.0},{"not_picked":["MasterReality","Brilliance"],"picked":"Alpha","floor":16.0},{"not_picked":[],"picked":"WheelKick","floor":18.0},{"not_picked":[],"picked":"ReachHeaven","floor":21},{"not_picked":["PathToVictory+1"],"picked":"SKIP","floor":30},{"not_picked":[],"picked":"FlurryOfBlows+1","floor":35},{"not_picked":[],"picked":"Swivel","floor":39}],"player_experience":634648,"relics_obtained":[{"floor":9.0,"key":"White Beast Statue"},{"floor":24,"key":"Mercury Hourglass"},{"floor":26,"key":"Ice Cream"}],"event_choices":[{"damage_healed":0.0,"max_hp_gain":0.0,"max_hp_loss":0.0,"gold_gain":0.0,"event_name":"Golden Idol","player_choice":"Take Wound","floor":2.0,"gold_loss":0.0,"damage_taken":0.0,"relics_obtained":["Golden Idol"],"cards_obtained":["Injury"]},{"damage_healed":0.0,"max_hp_gain":0.0,"max_hp_loss":0.0,"gold_gain":0.0,"event_name":"Accursed Blacksmith","player_choice":"Forge","floor":4.0,"gold_loss":0.0,"damage_taken":0.0,"cards_upgraded":["Eruption"]},{"damage_healed":0.0,"max_hp_gain":0.0,"max_hp_loss":0.0,"gold_gain":0.0,"event_name":"Ghosts","player_choice":"Ignored","floor":19.0,"gold_loss":0.0,"damage_taken":0.0},{"damage_healed":0.0,"max_hp_gain":0.0,"max_hp_loss":0.0,"gold_gain":0.0,"event_name":"Upgrade Shrine","player_choice":"Upgraded","floor":20.0,"gold_loss":0.0,"damage_taken":0.0,"cards_upgraded":["LikeWater"]},{"damage_healed":0,"gold_gain":0,"player_choice":"Gave Idol","damage_taken":0,"relics_obtained":["Bloody Idol"],"max_hp_gain":0,"max_hp_loss":0,"event_name":"Forgotten Altar","floor":28,"relics_lost":["Golden Idol"],"gold_loss":0},{"cards_removed":["ReachHeaven"],"damage_healed":0,"gold_gain":0,"player_choice":"Removed Attack","damage_taken":0,"max_hp_gain":0,"max_hp_loss":0,"event_name":"Falling","floor":37,"gold_loss":0},{"damage_healed":0,"gold_gain":0,"player_choice":"Ignored","damage_taken":0,"max_hp_gain":0,"max_hp_loss":0,"event_name":"Tomb of Lord Red Mask","floor":38,"gold_loss":0}],"is_beta":false,"boss_relics":[{"not_picked":["Velvet Choker","expansioncontent:StudyCardRelic"],"picked":"Busted Crown"},{"not_picked":["Tiny House","bronze:MakeshiftBattery"],"picked":"Empty Cage"}],"items_purged_floors":[10,22,29],"is_endless":false,"potions_floor_spawned":[3,11,13,14,16,18,21,30,33,35,39],"killed_by":"Reptomancer","ascension_level":1}}