{"host":"qxeepl7ydvsgmfdb","time":1611672294,"event":{"mods":["AchievementEnabler","BaseMod","Colored Powertips","Minty Spire (QoL Compilation)","Quick Restart","slay the spire mod where everything is the same but ironclad has a cowboy hat"],"gold_per_floor":[119,69,69,89,164,164,197,215,286,306,318,351,366,397,397,397,397],"floor_reached":16,"language":"ENG","playtime":430,"items_purged":[],"score":225,"play_id":"d2ba1463-b8ce-4a7e-b1a8-f107388f3c7f","local_time":"20210126094454","is_ascension_mode":true,"campfire_choices":[{"data":"Blade Dance","floor":6.0,"key":"SMITH"},{"floor":15,"key":"REST"}],"circlet_count":0,"master_deck":["AscendersBane","Strike_G","Strike_G","Strike_G","Strike_G","Defend_G+1","Defend_G","Defend_G","Defend_G","Defend_G","Survivor+1","Neutralize","Deflect","Blade Dance+1","Distraction","Slice","Dagger Spray"],"relics":["Ring of the Snake","NeowsBlessing","Juzu Bracelet","Frozen Egg 2","Odd Mushroom","Bag of Marbles","Ornamental Fan"],"acts_visited":["Exordium"],"potions_floor_usage":[14],"damage_taken":[{"damage":0.0,"enemies":"Jaw Worm","floor":1.0,"turns":1.0},{"damage":0.0,"enemies":"Small Slimes","floor":4.0,"turns":2.0},{"damage":0.0,"enemies":"Lagavulin","floor":7.0,"turns":1.0},{"damage":0.0,"enemies":"2 Louse","floor":8.0,"turns":3.0},{"damage":16.0,"enemies":"The Mushroom Lair","floor":10.0,"turns":5.0},{"damage":2.0,"enemies":"Exordium Wildlife","floor":11.0,"turns":3.0},{"damage":2.0,"enemies":"3 Sentries","floor":12.0,"turns":5.0},{"damage":10.0,"enemies":"Exordium Thugs","floor":13.0,"turns":5.0},{"damage":4,"enemies":"Gremlin Nob","floor":14,"turns":4},{"damage":26,"enemies":"The Guardian","floor":16,"turns":2}],"seed_played":"-4010745363042390323","potions_obtained":[{"floor":4.0,"key":"DuplicationPotion"},{"floor":10.0,"key":"PowerPotion"},{"floor":13.0,"key":"Dexterity Potion"}],"is_trial":false,"path_per_floor":["M","?","?","M","?","R","E","M","T","?","M","E","M","E","R","B"],"character_chosen":"THE_SILENT","items_purchased":[],"campfire_rested":1,"item_purchase_floors":[],"current_hp_per_floor":[63,63,49,49,38,38,38,38,38,22,20,18,8,4,25,0,0],"gold":397,"neow_bonus":"THREE_ENEMY_KILL","is_daily":false,"chose_seed":false,"campfire_upgraded":1,"win_rate":0.0,"timestamp":1611672294,"path_taken":["M","?","?","M","?","R","E","M","T","?","M","E","M","E","R","BOSS"],"items_purchased_type":[],"build_version":"2020-12-22","purchased_purges":0,"victory":false,"max_hp_per_floor":[70,70,70,70,70,70,70,70,70,70,70,70,70,70,70,70,70],"card_choices":[{"not_picked":["Sucker Punch","Dodge and Roll"],"picked":"Deflect","floor":1.0},{"not_picked":["Underhanded Strike","Finisher"],"picked":"Blade Dance","floor":4.0},{"not_picked":["Flying Knee","Noxious Fumes"],"picked":"Distraction","floor":7.0},{"not_picked":["Endless Agony","Caltrops"],"picked":"Slice","floor":8.0},{"not_picked":["Acrobatics","PiercingWail"],"picked":"Dagger Spray","floor":10.0},{"not_picked":["Flying Knee","Leg Sweep","Acrobatics"],"picked":"SKIP","floor":11.0},{"not_picked":["Underhanded Strike","Choke","Quick Slash"],"picked":"SKIP","floor":12.0},{"not_picked":["Predator","Flying Knee","Blur"],"picked":"SKIP","floor":13.0},{"not_picked":["Bouncing Flask","Terror","Quick Slash"],"picked":"SKIP","floor":14}],"player_experience":220696,"relics_obtained":[{"floor":7.0,"key":"Juzu Bracelet"},{"floor":9.0,"key":"Frozen Egg 2"},{"floor":10.0,"key":"Odd Mushroom"},{"floor":12.0,"key":"Bag of Marbles"},{"floor":14,"key":"Ornamental Fan"}],"event_choices":[{"cards_removed":["Strike_G"],"damage_healed":0.0,"max_hp_gain":0.0,"max_hp_loss":0.0,"gold_gain":0.0,"event_name":"The Cleric","player_choice":"Card Removal","floor":2.0,"gold_loss":50.0,"damage_taken":0.0},{"damage_healed":0.0,"max_hp_gain":0.0,"max_hp_loss":0.0,"gold_gain":0.0,"event_name":"Shining Light","player_choice":"Entered Light","floor":3.0,"gold_loss":0.0,"damage_taken":14.0,"cards_upgraded":["Survivor","Defend_G"]},{"damage_healed":0.0,"max_hp_gain":0.0,"max_hp_loss":0.0,"gold_gain":75.0,"event_name":"World of Goop","player_choice":"Gather Gold","floor":5.0,"gold_loss":0.0,"damage_taken":11.0},{"damage_healed":0.0,"max_hp_gain":0.0,"max_hp_loss":0.0,"gold_gain":0.0,"event_name":"Mushrooms","player_choice":"Fought Mushrooms","floor":10.0,"gold_loss":0.0,"damage_taken":0.0}],"is_beta":false,"boss_relics":[],"items_purged_floors":[],"is_endless":false,"potions_floor_spawned":[4,10,13],"killed_by":"The Guardian","ascension_level":11}}