{"host":"jh7kh5nqtgzr3auj","time":1611625864,"event":{"mods":["AchievementEnabler","Act Like it!","BaseMod","CapriCore","Highlight Path","Minty Spire (QoL Compilation)","Quick Restart","StSLib","TestMod","The Bug Knight"],"gold_per_floor":[109,109,34,12,27,27,102,121,121,156,170,55,81,101,101,201,201,221,221,238,638,638,663,679,692,740,769,432,432,532,543,543,645,645,661,361,380,380,36,66,83,83,165,182,214,214,214,234,234,234,234,234,10,41,41],"floor_reached":56,"language":"ZHS","playtime":4072,"items_purged":["HollowMod:NailStrikeStart","HollowMod:QuickDashStart","HollowMod:NailStrikeStart"],"score":1697,"play_id":"d4f1d9a3-02af-4644-b192-747796f18897","local_time":"20210126095104","is_ascension_mode":true,"campfire_choices":[{"data":"testmod-PainDetonator","floor":6.0,"key":"SMITH"},{"data":"christmas-Famine","floor":15.0,"key":"SMITH"},{"data":"HollowMod:SlysStrikes","floor":29.0,"key":"SMITH"},{"data":"HollowMod:SoulEater","floor":32.0,"key":"SMITH"},{"floor":49,"key":"RECALL"},{"data":"HollowMod:HerrahsAnger","floor":52,"key":"SMITH"}],"circlet_count":0,"master_deck":["HollowMod:NailStrikeStart","HollowMod:QuickDashStart","HollowMod:QuickDashStart","HollowMod:QuickDashStart","HollowMod:FocusHealStart","HollowMod:PogoStrike","testmod-PainDetonator+1","HollowMod:HowlingWraiths","HollowMod:NewLittleFool","HollowMod:CloakDash","HollowMod:SoulEater+1","HollowMod:GoodIntentions","HollowMod:CloakDash","HollowMod:PerfectDash","HollowMod:MonarchWings","christmas-Famine+1","HollowMod:SoulSplash","HollowMod:NewLittleFool","HollowMod:SlysStrikes+1","HollowMod:MonarchWings","HollowMod:HerrahsAnger+1","HollowMod:ChannelNail+1","HollowMod:CloakDash","HollowMod:SoulVessel","HollowMod:ShapeofUnn","HollowMod:MantisMark","HollowMod:NewLastStag","HollowMod:LifebloodCocoon","testmod-TradeIn","HollowMod:LifebloodCocoon+1","Pain","HollowMod:SoulShaman+1","Pain","HollowMod:SoulVessel"],"relics":["HollowMod:VesselMask","testmod-GiftOfSatan","Shuriken","PreservedInsect","Matryoshka","testmod-Recursion","HollowMod:LifeEnderRelic","testmod-AssaultLearning","Nunchaku","Juzu Bracelet","HornCleat","Cursed Key","Mango","Vajra","StrikeDummy","Eternal Feather","Medical Kit","Mummified Hand"],"acts_visited":["Exordium","TheCity","TheBeyond","TheEnding"],"potions_floor_usage":[55,55,55],"damage_taken":[{"damage":2.0,"enemies":"Jaw Worm","floor":1.0,"turns":2.0},{"damage":0.0,"enemies":"Cultist","floor":5.0,"turns":3.0},{"damage":0.0,"enemies":"Small Slimes","floor":8.0,"turns":2.0},{"damage":32.0,"enemies":"Gremlin Nob","floor":10.0,"turns":4.0},{"damage":8.0,"enemies":"Exordium Wildlife","floor":11.0,"turns":3.0},{"damage":10.0,"enemies":"Lagavulin","floor":13.0,"turns":6.0},{"damage":0.0,"enemies":"Red Slaver","floor":14.0,"turns":4.0},{"damage":28.0,"enemies":"Slime Boss","floor":16.0,"turns":7.0},{"damage":0.0,"enemies":"3 Byrds","floor":18.0,"turns":2.0},{"damage":2.0,"enemies":"2 Thieves","floor":20.0,"turns":3.0},{"damage":31.0,"enemies":"Slavers","floor":23.0,"turns":6.0},{"damage":0.0,"enemies":"Snecko","floor":24.0,"turns":5.0},{"damage":8.0,"enemies":"Centurion and Healer","floor":25.0,"turns":5.0},{"damage":1.0,"enemies":"Book of Stabbing","floor":27.0,"turns":3.0},{"damage":13.0,"enemies":"Colosseum Slavers","floor":30.0,"turns":6.0},{"damage":0.0,"enemies":"Colosseum Nobs","floor":30.0,"turns":3.0},{"damage":10.0,"enemies":"Sentry and Sphere","floor":31.0,"turns":4.0},{"damage":30.0,"enemies":"HollowMod:NKGrimm","floor":33.0,"turns":6.0},{"damage":30.0,"enemies":"3 Shapes","floor":35.0,"turns":5.0},{"damage":0.0,"enemies":"3 Darklings","floor":37.0,"turns":3.0},{"damage":0.0,"enemies":"Giant Head","floor":40.0,"turns":5.0},{"damage":55.0,"enemies":"Spire Growth","floor":41.0,"turns":5.0},{"damage":32.0,"enemies":"Jaw Worm Horde","floor":44.0,"turns":4.0},{"damage":53.0,"enemies":"Nemesis","floor":45.0,"turns":7.0},{"damage":28.0,"enemies":"Writhing Mass","floor":48.0,"turns":6.0},{"damage":97,"enemies":"Awakened One","floor":50,"turns":8},{"damage":61,"enemies":"Shield and Spear","floor":54,"turns":6},{"damage":119,"enemies":"The Heart","floor":55,"turns":7}],"seed_played":"-5648664891859374161","potions_obtained":[{"floor":13.0,"key":"GamblersBrew"},{"floor":14.0,"key":"DistilledChaos"},{"floor":16.0,"key":"ColorlessPotion"},{"floor":24.0,"key":"Ancient Potion"},{"floor":25.0,"key":"Regen Potion"},{"floor":27.0,"key":"SkillPotion"}],"is_trial":false,"path_per_floor":["M","?","$","$","M","R","?","M","T","E","M","$","E","M","R","B",null,"M","?","M","?","?","E","M","M","T","E","$","R","?","M","R","B",null,"M","?","M","?","$","E","M","$","T","M","E","T","?","M","R","B",null,"R","$","E","B",null],"character_chosen":"THE_BUGKNIGHT","items_purchased":["HollowMod:CloakDash","HollowMod:PerfectDash","HollowMod:MonarchWings","HollowMod:MantisMark","Juzu Bracelet","HollowMod:LifebloodCocoon","testmod-TradeIn","Medical Kit","HollowMod:SoulVessel"],"campfire_rested":0,"item_purchase_floors":[4,12,12,28,28,39,39,53,53],"current_hp_per_floor":[80,80,80,80,80,80,69,80,80,59,75,75,87,107,107,92,103,103,103,114,114,114,112,133,145,145,152,152,152,178,184,184,168,181,189,189,211,211,211,232,226,226,226,242,211,211,211,222,240,178,245,263,263,262,216],"gold":41,"neow_bonus":"RANDOM_COLORLESS","is_daily":false,"chose_seed":false,"campfire_upgraded":5,"win_rate":0.0,"timestamp":1611625864,"path_taken":["M","?","?","$","M","R","?","M","T","E","?","?","E","M","R","BOSS","M","?","M","?","?","E","M","M","T","E","$","R","?","M","R","BOSS","M","?","M","?","$","E","M","$","T","M","E","?","?","M","R","BOSS","R","$","E","BOSS"],"items_purchased_type":["Card","Card","Card","Card","Relic","Card","Card","Relic","Card"],"build_version":"2020-12-22","purchased_purges":3,"victory":true,"max_hp_per_floor":[80,80,80,80,80,80,80,85,85,85,95,95,102,107,107,107,107,107,107,114,114,114,128,133,145,145,152,152,152,178,185,185,185,185,204,204,211,211,211,232,239,239,239,253,253,253,253,253,253,267,267,267,267,279,286],"card_choices":[{"not_picked":["Trip","Panacea"],"picked":"testmod-PainDetonator","floor":0.0},{"not_picked":["HollowMod:DescendingDark","HollowMod:InfectedAttack"],"picked":"HollowMod:HowlingWraiths","floor":1.0},{"not_picked":["HollowMod:HeavyBlow","HollowMod:HerrahsAnger"],"picked":"HollowMod:SoulEater","floor":5.0},{"not_picked":["HollowMod:CrystalDash","HollowMod:VengefulVoid"],"picked":"HollowMod:GoodIntentions","floor":8.0},{"not_picked":["HollowMod:DoubleDash","HollowMod:SiblingsSouls"],"picked":"HollowMod:CloakDash","floor":10.0},{"not_picked":["HollowMod:WraithStrike","HollowMod:DungDefenderAura","HollowMod:SharpenedShadows"],"picked":"SKIP","floor":11.0},{"not_picked":["christmas-War","christmas-Death"],"picked":"christmas-Famine","floor":13.0},{"not_picked":["HollowMod:TaintedHusks","HollowMod:DescendingDark"],"picked":"HollowMod:SoulSplash","floor":13.0},{"not_picked":["HollowMod:BrokenVessel","HollowMod:SiblingsSouls"],"picked":"HollowMod:NewLittleFool","floor":14.0},{"not_picked":["HollowMod:Weaversong","HollowMod:SoulMaster"],"picked":"HollowMod:SlysStrikes","floor":16.0},{"not_picked":["HollowMod:DescendingDark+1","HollowMod:AbyssShriek+1"],"picked":"HollowMod:MonarchWings","floor":18.0},{"not_picked":["HollowMod:SharpenedShadows","HollowMod:LuriensSpire+1","HollowMod:SoulSplash"],"picked":"SKIP","floor":20.0},{"not_picked":["HollowMod:SoulEater","HollowMod:GreatSlash+1"],"picked":"HollowMod:ChannelNail","floor":23.0},{"not_picked":["HollowMod:GoodIntentions","HollowMod:InfectedAttack"],"picked":"HollowMod:CloakDash","floor":24.0},{"not_picked":["HollowMod:GreatSlash","HollowMod:GoodIntentions+1"],"picked":"HollowMod:SoulVessel","floor":25.0},{"not_picked":["HollowMod:BaldurShell","HollowMod:GoodIntentions"],"picked":"HollowMod:ShapeofUnn","floor":27.0},{"not_picked":["HollowMod:NewGlowingWomb","HollowMod:Weaversong","HollowMod:ShadowDash"],"picked":"SKIP","floor":31.0},{"not_picked":["HollowMod:GreatSlash","HollowMod:SiblingsSouls+1","HollowMod:ShadowDash+1"],"picked":"SKIP","floor":35.0},{"not_picked":["HollowMod:VengefulVoid+1","HollowMod:SiblingsSouls","HollowMod:GoodIntentions"],"picked":"SKIP","floor":37.0},{"not_picked":["HollowMod:ShadowDash","HollowMod:LifebloodCore"],"picked":"HollowMod:LifebloodCocoon+1","floor":40.0},{"not_picked":["HollowMod:GoodIntentions+1","HollowMod:WraithStrike+1","HollowMod:NewJinnsSoul"],"picked":"SKIP","floor":41.0},{"not_picked":["HollowMod:CycloneSlash","HollowMod:DashSlash"],"picked":"HollowMod:SoulShaman+1","floor":44.0},{"not_picked":["HollowMod:DoubleDash+1","HollowMod:DescendingDark","HollowMod:SharpenedNail"],"picked":"SKIP","floor":45.0},{"not_picked":["HollowMod:MonomonsArchive","HollowMod:WraithStrike","HollowMod:NewLittleFool"],"picked":"SKIP","floor":48.0},{"not_picked":["HollowMod:VengefulSpirit","HollowMod:SoulShaman+1","HollowMod:CycloneSlash+1"],"picked":"SKIP","floor":54}],"player_experience":333093,"relics_obtained":[{"floor":9.0,"key":"Shuriken"},{"floor":10.0,"key":"PreservedInsect"},{"floor":13.0,"key":"Matryoshka"},{"floor":23.0,"key":"HollowMod:LifeEnderRelic"},{"floor":26.0,"key":"testmod-AssaultLearning"},{"floor":26.0,"key":"Nunchaku"},{"floor":30.0,"key":"HornCleat"},{"floor":40.0,"key":"Mango"},{"floor":43.0,"key":"Vajra"},{"floor":45.0,"key":"StrikeDummy"},{"floor":46.0,"key":"Eternal Feather"},{"floor":54,"key":"Mummified Hand"}],"event_choices":[{"damage_healed":0.0,"max_hp_gain":0.0,"max_hp_loss":0.0,"gold_gain":0.0,"event_name":"Match and Keep!","player_choice":"1 cards matched","floor":2.0,"gold_loss":0.0,"damage_taken":0.0,"cards_obtained":["HollowMod:NewLittleFool"]},{"damage_healed":0.0,"max_hp_gain":0.0,"max_hp_loss":0.0,"gold_gain":75.0,"event_name":"World of Goop","player_choice":"Gather Gold","floor":7.0,"gold_loss":0.0,"damage_taken":11.0},{"damage_healed":0.0,"max_hp_gain":0.0,"max_hp_loss":0.0,"gold_gain":400.0,"event_name":"¶÷ÂåË¹µÄÅÌ×Ó","player_choice":"Sell","floor":21.0,"relics_lost":["testmod-TestBox"],"gold_loss":0.0,"damage_taken":0.0},{"damage_healed":0.0,"max_hp_gain":0.0,"max_hp_loss":0.0,"gold_gain":0.0,"cards_transformed":["HollowMod:NailStrikeStart"],"event_name":"Transmorgrifier","player_choice":"Transformed","floor":22.0,"gold_loss":0.0,"damage_taken":0.0,"cards_obtained":["HollowMod:HerrahsAnger"]},{"damage_healed":0.0,"max_hp_gain":0.0,"max_hp_loss":0.0,"gold_gain":0.0,"event_name":"Colosseum","player_choice":"Fight","floor":30.0,"gold_loss":0.0,"damage_taken":0.0},{"damage_healed":0.0,"max_hp_gain":0.0,"max_hp_loss":0.0,"gold_gain":0.0,"event_name":"Colosseum","player_choice":"Fought Nobs","floor":30.0,"gold_loss":0.0,"damage_taken":0.0},{"damage_healed":0.0,"max_hp_gain":0.0,"max_hp_loss":0.0,"gold_gain":0.0,"event_name":"Tomb of Lord Red Mask","player_choice":"Ignored","floor":38.0,"gold_loss":0.0,"damage_taken":0.0},{"damage_healed":0.0,"max_hp_gain":0.0,"max_hp_loss":0.0,"gold_gain":0.0,"event_name":"Accursed Blacksmith","player_choice":"Forge","floor":47.0,"gold_loss":0.0,"damage_taken":0.0,"cards_upgraded":["HollowMod:ChannelNail"]}],"is_beta":false,"boss_relics":[{"not_picked":["Busted Crown","SlaversCollar"],"picked":"testmod-Recursion"},{"not_picked":["testmod-StringDisintegrator","Snecko Eye"],"picked":"Cursed Key"}],"items_purged_floors":[3,28,39],"is_endless":false,"potions_floor_spawned":[13,14,16,24,25,27,31,33,40,45,48],"ascension_level":8}}