{"host":"q9718omregw4er46","time":1611678589,"event":{"mods":["BaseMod","Bestiary","Colored Powertips","Custom Start","Highlight Path","Minty Spire (QoL Compilation)","Practice Mode","Quick Restart","Relic Stats"],"gold_per_floor":[115,194,204,12,12,40,40,370,370,370,386,421,421,432,432,432,432],"floor_reached":16,"language":"ENG","playtime":437,"items_purged":[],"score":286,"play_id":"47afbfb1-eb43-4e59-bd2d-1d721ef930f0","local_time":"20210126212949","is_ascension_mode":true,"campfire_choices":[{"data":"Judgement","floor":7,"key":"SMITH"},{"data":"SashWhip","floor":10,"key":"SMITH"},{"data":"Wallop","floor":13,"key":"SMITH"},{"data":"Vigilance","floor":15,"key":"SMITH"}],"circlet_count":0,"master_deck":["AscendersBane","Strike_P","Strike_P","Strike_P","Strike_P","Defend_P","Defend_P","Defend_P","Defend_P","Eruption","Vigilance+1","ReachHeaven","FollowUp","SashWhip+1","Decay","Judgement+1","Wallop+1","Tantrum"],"relics":["PureWater","NeowsBlessing","Anchor","Mango","Old Coin","StrikeDummy","Centennial Puzzle"],"acts_visited":["Exordium"],"potions_floor_usage":[12],"damage_taken":[{"damage":0,"enemies":"2 Louse","floor":1,"turns":1},{"damage":0,"enemies":"Cultist","floor":3,"turns":1},{"damage":0,"enemies":"Gremlin Nob","floor":6,"turns":1},{"damage":14,"enemies":"3 Sentries","floor":8,"turns":8},{"damage":0,"enemies":"Small Slimes","floor":11,"turns":2},{"damage":12,"enemies":"Lagavulin","floor":12,"turns":5},{"damage":12,"enemies":"Gremlin Gang","floor":14,"turns":2},{"damage":38,"enemies":"Hexaghost","floor":16,"turns":2}],"seed_played":"8122287399961749173","potions_obtained":[{"floor":1,"key":"Block Potion"},{"floor":14,"key":"Energy Potion"}],"is_trial":false,"path_per_floor":["M","?","M","$","?","E","R","E","T","R","M","E","R","M","R","B"],"character_chosen":"WATCHER","items_purchased":["Anchor","SashWhip"],"campfire_rested":0,"item_purchase_floors":[4,4],"current_hp_per_floor":[61,61,61,61,61,75,75,61,61,61,61,49,49,37,37,0,0],"gold":432,"neow_bonus":"THREE_ENEMY_KILL","is_daily":false,"chose_seed":false,"campfire_upgraded":4,"win_rate":0.0,"timestamp":1611678589,"path_taken":["M","?","M","$","?","E","R","E","T","R","M","E","R","?","R","BOSS"],"items_purchased_type":["Relic","Card"],"build_version":"2020-12-22","purchased_purges":0,"victory":false,"max_hp_per_floor":[68,68,68,68,68,82,82,82,82,82,82,82,82,82,82,82,82],"relic_stats":{"Centennial Puzzle":[6],"counters":[8,22],"obtain_stats":[{"Anchor":4,"Centennial Puzzle":12,"NeowsBlessing":0,"Mango":6,"PureWater":0,"StrikeDummy":9,"Old Coin":8},{"Anchor":2,"Centennial Puzzle":6,"NeowsBlessing":0,"Mango":3,"PureWater":0,"StrikeDummy":4,"Old Coin":4},{"Anchor":2,"Centennial Puzzle":18,"NeowsBlessing":0,"Mango":3,"PureWater":0,"StrikeDummy":11,"Old Coin":11}]},"card_choices":[{"not_picked":["Evaluate","SignatureMove"],"picked":"ReachHeaven","floor":1},{"not_picked":["ClearTheMind","ThirdEye"],"picked":"FollowUp","floor":3},{"not_picked":["Establishment","Swivel"],"picked":"Judgement","floor":6},{"not_picked":["FollowUp","ClearTheMind","Halt"],"picked":"SKIP","floor":8},{"not_picked":["CrushJoints","FlurryOfBlows"],"picked":"Wallop","floor":11},{"not_picked":["Establishment","Adaptation"],"picked":"Tantrum","floor":12},{"not_picked":["Protect","WreathOfFlame","CrushJoints"],"picked":"SKIP","floor":14}],"player_experience":1263402,"relics_obtained":[{"floor":6,"key":"Mango"},{"floor":8,"key":"Old Coin"},{"floor":9,"key":"StrikeDummy"},{"floor":12,"key":"Centennial Puzzle"}],"event_choices":[{"damage_healed":0,"gold_gain":79,"player_choice":"Gained Gold","damage_taken":0,"max_hp_gain":0,"max_hp_loss":0,"event_name":"Golden Wing","floor":2,"gold_loss":0},{"damage_healed":0,"gold_gain":0,"player_choice":"Cursed","damage_taken":0,"max_hp_gain":0,"max_hp_loss":0,"event_name":"Wheel of Change","floor":5,"gold_loss":0,"cards_obtained":["Decay"]}],"is_beta":false,"boss_relics":[],"items_purged_floors":[],"is_endless":false,"potions_floor_spawned":[1,14],"killed_by":"Hexaghost","ascension_level":20}}