{"host":"vwviekxskx48sep6","time":1611646955,"event":{"mods":["2.2 Compatiblity","Aspiration","BaseMod","Beaked The Cultist","Colored Map","Colorless Booster Pack","Conspire","Defuse TimeMaze Blight","GungeonMod","Halation","Hermit","Hubris","Infinite Spire","Jorbs\u0027s Wanderer Trilogy","Mimic Mod","Minty Spire (QoL Compilation)","Potionbrewer","Replay The Spire","Robot Space Explorer","Spikes Relics","StSLib","The Dragon Tamer","The Judge","The Jungle","The Mystic","The Runesmith","Unknown Chances"],"gold_per_floor":[113,133,58,233,233,259,259,259,282,232,232,232,112,126,126,126,126],"floor_reached":16,"language":"ENG","playtime":653,"items_purged":["Strike_P","Doubt","Injury"],"score":101,"play_id":"c0bd97e5-bfe0-4646-8ce5-41910de9b720","local_time":"20210126084235","is_ascension_mode":true,"campfire_choices":[{"data":"Replay:AtTheReady","floor":7,"key":"SMITH"},{"data":"EmptyFist","floor":12,"key":"SMITH"}],"circlet_count":0,"master_deck":["Strike_P","Strike_P","Strike_P","Defend_P","Defend_P","Defend_P","Defend_P","Eruption","Vigilance","EmptyFist+1","Replay:AtTheReady+1","Study+1","LikeWater+1"],"relics":["PureWater","SpikesRelics:DaevaFist","Frozen Egg 2","Smiling Mask","hubris:OldNail","aspiration:FrozenJewel"],"acts_visited":["Exordium"],"potions_floor_usage":[],"damage_taken":[{"damage":12,"enemies":"Jaw Worm","floor":1,"turns":5},{"damage":0,"enemies":"Small Slimes","floor":2,"turns":3},{"damage":25,"enemies":"3 Sentries","floor":6,"turns":11},{"damage":0,"enemies":"2 Louse","floor":14,"turns":2},{"damage":71,"enemies":"Fading Forest","floor":16,"turns":8}],"seed_played":"-8144945523059185786","potions_obtained":[{"floor":6,"key":"Dexterity Potion"}],"is_trial":false,"path_per_floor":["M","M","$","?","?","E","R","?","T","$","?","R","$","M","R_BF","B"],"character_chosen":"WATCHER","items_purchased":["Study+1"],"campfire_rested":0,"item_purchase_floors":[13],"current_hp_per_floor":[60,60,60,60,60,35,35,35,35,35,35,35,35,35,56,0,0],"gold":126,"neow_bonus":"RANDOM_COMMON_RELIC","is_daily":false,"chose_seed":false,"campfire_upgraded":2,"win_rate":0.0,"timestamp":1611646955,"path_taken":["M","M","$","?","?","E","R","?","T","$","?","R","$","?","R_BF","BOSS"],"items_purchased_type":["Card"],"build_version":"2020-12-22","purchased_purges":3,"victory":false,"max_hp_per_floor":[72,72,72,72,72,72,72,72,72,72,72,72,72,72,72,72,72],"card_choices":[{"not_picked":["FlyingSleeves","ReachHeaven"],"picked":"EmptyFist","floor":1},{"not_picked":["CarveReality","CutThroughFate"],"picked":"Replay:AtTheReady","floor":2},{"not_picked":["Fasting2+1","Blasphemy","Sanctity"],"picked":"SKIP","floor":6},{"not_picked":["Vengeance","DeceiveReality"],"picked":"LikeWater+1","floor":14}],"player_experience":256884,"relics_obtained":[{"floor":6,"key":"Smiling Mask"},{"floor":9,"key":"hubris:OldNail"}],"event_choices":[{"damage_healed":0,"gold_gain":175,"player_choice":"AGREE","damage_taken":0,"max_hp_gain":0,"max_hp_loss":0,"event_name":"Liars Game","floor":4,"gold_loss":0,"cards_obtained":["Doubt"]},{"damage_healed":0,"gold_gain":0,"player_choice":"Gave Potion","damage_taken":0,"relics_obtained":["aspiration:FrozenJewel"],"max_hp_gain":0,"max_hp_loss":0,"event_name":"WeMeetAgain","floor":11,"gold_loss":0}],"is_beta":false,"boss_relics":[],"items_purged_floors":[3,10,13],"is_endless":false,"potions_floor_spawned":[6],"killed_by":"Fading Forest","ascension_level":1}}