{"host":"v6p2g6darcbso1ds","time":1611692009,"event":{"mods":["BaseMod","Colored Powertips","Downfall","Hermit","Minty Spire (QoL Compilation)","Replay The Spire","StSLib","The Cursed"],"gold_per_floor":[111,111,111,122,122,149,149,178,178,10,10,10,24,42,42,141,141,151,151,171,171,17,17,17,65,116,140,187,187,224,224,224,70,70,178,178,221,243,280,306,40,40,62,62],"floor_reached":43,"language":"ENG","playtime":5212,"items_purged":[],"score":544,"play_id":"6dc3350d-9a50-4f4b-bcf7-2e78d0393953","local_time":"20210126131329","is_ascension_mode":false,"campfire_choices":[{"floor":15,"key":"DIG"},{"floor":23,"key":"REST"},{"floor":29,"key":"REST"},{"floor":34,"key":"REST"},{"floor":42,"key":"REST"}],"circlet_count":0,"master_deck":["hermit:Strike_Hermit+1","hermit:Strike_Hermit+1","hermit:Strike_Hermit+1","hermit:Strike_Hermit+1","hermit:Defend_Hermit","hermit:Defend_Hermit+1","hermit:Defend_Hermit","hermit:Defend_Hermit+1","hermit:Snapshot","hermit:Covet+1","hermit:BigShot","hermit:TrackingShot","hermit:Showdown","hermit:Ricochet","hermit:CalledShot+1","hermit:WideOpen+1","hermit:WideOpen+1","hermit:GoldenBullet+1","hermit:Showdown+1","hermit:BlackWind+1","hermit:TakeCover","RitualDagger+1","hermit:CursedWeapon+1","Slimebound:CheckThePlaybook","hermit:FullyLoaded","hermit:HighCaliber+1","hermit:Grudge+1","hermit:RoundhouseKick+1","hermit:Headshot+1","hermit:HighCaliber+1","hermit:DeadOrAlive+1","CurseOfTheBell","hermit:Scavenge+1","hermit:Glare+1","hermit:Horror+1","hermit:GhostlyPresence+1","hermit:TakeAim+1","hermit:FromBeyond"],"relics":["hermit:Momento","NeowsBlessing","Ring of Hypnosis","ReplayTheSpireMod:Ring of Addiction","Potion Belt","White Beast Statue","HornCleat","Replay:Multitool","Mummified Hand","Odd Mushroom","Molten Egg 2","Replay:Wax Seal","FaceOfCleric","Mango","Runic Pyramid","Membership Card","Replay:WaspNest","Replay:Bandana","Oddly Smooth Stone","Replay:Bottled Eggs","Calling Bell","Gremlin Food","Darkstone Periapt","Calipers","PreservedInsect","Replay:Baseball"],"acts_visited":["Exordium","TheCity","TheBeyond"],"potions_floor_usage":[8,8,13,16,16,16,18,20,20,27,27,28,30,35,35,35,37,39,39,39,43,43],"damage_taken":[{"damage":0,"enemies":"2 Louse","floor":1,"turns":1},{"damage":0,"enemies":"Jaw Worm","floor":4,"turns":1},{"damage":0,"enemies":"Gremlin Nob","floor":6,"turns":1},{"damage":0,"enemies":"The Mushroom Lair","floor":8,"turns":5},{"damage":0,"enemies":"Cultist","floor":13,"turns":2},{"damage":0,"enemies":"Exordium Wildlife","floor":14,"turns":3},{"damage":43,"enemies":"The Guardian","floor":16,"turns":7},{"damage":0,"enemies":"Shell Parasite","floor":18,"turns":4},{"damage":13,"enemies":"2 Thieves","floor":20,"turns":3},{"damage":17,"enemies":"Snake Plant","floor":27,"turns":4},{"damage":17,"enemies":"Replay:Snechameleon","floor":28,"turns":5},{"damage":6,"enemies":"Chosen and Byrds","floor":30,"turns":4},{"damage":53,"enemies":"Champ","floor":35,"turns":8},{"damage":2,"enemies":"3 Shapes","floor":37,"turns":3},{"damage":2,"enemies":"Orb Walker","floor":38,"turns":3},{"damage":19,"enemies":"3 Darklings","floor":39,"turns":6},{"damage":9,"enemies":"Writhing Mass","floor":40,"turns":3},{"damage":88,"enemies":"Giant Head","floor":43,"turns":7}],"seed_played":"-2962388013140669276","potions_obtained":[{"floor":2,"key":"Doom Potion"},{"floor":2,"key":"ColorlessPotion"},{"floor":2,"key":"SpeedPotion"},{"floor":4,"key":"Block Potion"},{"floor":6,"key":"Toxic Potion"},{"floor":8,"key":"Death Potion"},{"floor":13,"key":"Toxic Potion"},{"floor":14,"key":"champ:CounterPotion"},{"floor":16,"key":"EntropicBrew"},{"floor":18,"key":"hermit:Tonic"},{"floor":20,"key":"Ancient Potion"},{"floor":25,"key":"bronze:BurnAndBuffPotion"},{"floor":27,"key":"Adrenaline Potion"},{"floor":28,"key":"Elixir"},{"floor":30,"key":"Guardian:BlockOnCardUsePotion"},{"floor":35,"key":"LiquidBronze"},{"floor":37,"key":"LiquidMemories"},{"floor":38,"key":"Block Potion"},{"floor":39,"key":"Venom Potion"},{"floor":40,"key":"Toxic Potion"}],"is_trial":false,"path_per_floor":["M","?","?","M","T","E","?","?","T","$","?","$","M","M","R","B",null,"M","?","M","?","$","R","?","?","T","M","E","R","M","PTL","PTL","$","R","B",null,"M","M","M","M","$","R","E"],"character_chosen":"HERMIT","items_purchased":["Replay:Wax Seal","hermit:CalledShot+1","hermit:WideOpen+1","Membership Card","Replay:Bottled Eggs","hermit:HighCaliber+1","PreservedInsect","Replay:Baseball","hermit:TakeAim+1","hermit:FromBeyond"],"campfire_rested":4,"item_purchase_floors":[10,10,10,22,33,33,41,41,41,41],"current_hp_per_floor":[75,75,75,75,75,73,58,58,58,58,58,58,59,60,74,32,88,89,83,71,40,40,67,67,67,67,51,35,61,56,56,56,56,82,30,88,87,86,68,60,60,87,0,0],"gold":62,"neow_bonus":"THREE_ENEMY_KILL","is_daily":false,"chose_seed":false,"campfire_upgraded":0,"win_rate":0.0,"timestamp":1611692009,"path_taken":["M","?","?","?","?","E","?","?","T","$","?","$","M","?","R","BOSS","M","?","M","?","$","R","?","?","T","M","E","R","M","PTL","PTL","?","R","BOSS","M","M","M","M","$","R","E"],"items_purchased_type":["Relic","Card","Card","Relic","Relic","Card","Relic","Relic","Card","Card"],"build_version":"2020-12-22","purchased_purges":0,"victory":false,"max_hp_per_floor":[75,75,75,75,75,73,73,73,73,73,73,71,72,73,87,88,88,89,89,90,90,90,90,88,88,88,87,88,88,89,89,89,89,87,88,88,89,90,91,92,92,92,90,90],"card_choices":[{"not_picked":["hermit:LowProfile","hermit:Dive"],"picked":"hermit:BigShot","floor":1},{"not_picked":["hermit:WideOpen","hermit:BodyArmor"],"picked":"hermit:TrackingShot","floor":4},{"not_picked":["hermit:Dive","hermit:Scavenge"],"picked":"hermit:Showdown","floor":6},{"not_picked":["hermit:CalledShot","hermit:Misfire"],"picked":"hermit:Ricochet","floor":8},{"not_picked":["hermit:Glare","hermit:BodyArmor"],"picked":"hermit:GoldenBullet+1","floor":13},{"not_picked":["hermit:Ricochet+1","hermit:Desperado+1"],"picked":"hermit:Showdown+1","floor":14},{"not_picked":["hermit:Adapt","hermit:Roughhouse+1"],"picked":"hermit:BlackWind+1","floor":16},{"not_picked":["hermit:Headshot+1","hermit:Misfire+1"],"picked":"hermit:TakeCover","floor":18},{"not_picked":["hermit:EyeOfTheStorm","hermit:Maintenance"],"picked":"hermit:CursedWeapon+1","floor":20},{"not_picked":["hermit:Desperado+1","hermit:Ricochet+1"],"picked":"hermit:HighCaliber+1","floor":25},{"not_picked":["hermit:Desperado+1","hermit:Showdown+1"],"picked":"hermit:Grudge+1","floor":27},{"not_picked":["hermit:Cheat+1","hermit:TrackingShot+1"],"picked":"hermit:RoundhouseKick+1","floor":28},{"not_picked":["hermit:HoleUp+1","hermit:Shortfuse+1"],"picked":"hermit:Headshot+1","floor":30},{"not_picked":["hermit:Gambit","hermit:Roughhouse+1"],"picked":"hermit:DeadOrAlive+1","floor":35},{"not_picked":["hermit:Coalescence","hermit:Misfire+1"],"picked":"hermit:Scavenge+1","floor":37},{"not_picked":["hermit:Cheat","hermit:Spite+1"],"picked":"hermit:Glare+1","floor":38},{"not_picked":["hermit:Headshot+1","hermit:Ricochet+1"],"picked":"hermit:Horror+1","floor":39},{"not_picked":["hermit:Coalescence+1","hermit:Manifest+1"],"picked":"hermit:GhostlyPresence+1","floor":40}],"player_experience":95908,"relics_obtained":[{"floor":2,"key":"Ring of Hypnosis"},{"floor":2,"key":"ReplayTheSpireMod:Ring of Addiction"},{"floor":2,"key":"Potion Belt"},{"floor":2,"key":"White Beast Statue"},{"floor":5,"key":"Replay:Multitool"},{"floor":6,"key":"Mummified Hand"},{"floor":8,"key":"Odd Mushroom"},{"floor":9,"key":"Molten Egg 2"},{"floor":15,"key":"Mango"},{"floor":25,"key":"Replay:WaspNest"},{"floor":26,"key":"Replay:Bandana"},{"floor":28,"key":"Oddly Smooth Stone"},{"floor":36,"key":"Gremlin Food"},{"floor":36,"key":"Darkstone Periapt"},{"floor":36,"key":"Calipers"}],"event_choices":[{"damage_healed":0,"gold_gain":0,"player_choice":"Gave Potion","damage_taken":0,"relics_obtained":["HornCleat"],"max_hp_gain":0,"max_hp_loss":0,"event_name":"WeMeetAgain","floor":3,"gold_loss":0},{"damage_healed":0,"gold_gain":0,"player_choice":"Entered Light","damage_taken":15,"max_hp_gain":0,"max_hp_loss":0,"event_name":"Shining Light","floor":7,"gold_loss":0,"cards_upgraded":["hermit:Defend_Hermit","hermit:Defend_Hermit"]},{"damage_healed":0,"gold_gain":0,"player_choice":"Fought Mushrooms","damage_taken":0,"max_hp_gain":0,"max_hp_loss":0,"event_name":"Mushrooms","floor":8,"gold_loss":0},{"damage_healed":0,"gold_gain":0,"player_choice":"Trade","damage_taken":0,"relics_obtained":["FaceOfCleric"],"max_hp_gain":0,"max_hp_loss":0,"event_name":"FaceTrader","floor":11,"gold_loss":0},{"damage_healed":0,"gold_gain":0,"player_choice":"Joined the Cult","damage_taken":6,"max_hp_gain":0,"max_hp_loss":0,"event_name":"Nest","floor":19,"gold_loss":0,"cards_obtained":["RitualDagger"]},{"damage_healed":0,"gold_gain":0,"player_choice":"Read","damage_taken":0,"max_hp_gain":0,"max_hp_loss":0,"event_name":"The Library","floor":24,"gold_loss":0,"cards_obtained":["hermit:FullyLoaded"]}],"is_beta":false,"boss_relics":[{"not_picked":["ChewingGum","Snecko Eye"],"picked":"Runic Pyramid"},{"not_picked":["Kintsugi","hermit:ClaspedLocket"],"picked":"Calling Bell"}],"items_purged_floors":[],"is_endless":false,"potions_floor_spawned":[4,6,8,13,14,16,18,20,27,28,30,35,37,38,39,40],"killed_by":"Giant Head","ascension_level":0}}