{"host":"deirlxtsw53uoa9y","time":1611677165,"event":{"mods":["AchievementEnabler","BaseMod","DeckTracker","Lobotomy","Minty Spire (QoL Compilation)","Permanent Neow","Rare Cards Sparkle","StSLib","everything is the same but u backflip on backflip"],"gold_per_floor":[112,122,222,236,83,83,95,95,95,95,95,95],"floor_reached":11,"language":"KOR","playtime":412,"items_purged":[],"score":63,"play_id":"e9343a48-2ce2-4551-b6e0-9e85697aa611","local_time":"20210127010605","is_ascension_mode":false,"campfire_choices":[{"data":"After Image","floor":6,"key":"SMITH"},{"data":"Predator","floor":8,"key":"SMITH"},{"data":"Neutralize","floor":10,"key":"SMITH"}],"circlet_count":0,"master_deck":["Strike_G","Strike_G","Strike_G","Strike_G","Strike_G","Defend_G","Defend_G","Defend_G","Defend_G","Defend_G","Survivor","Neutralize+1","SpiderBud","UniverseFragment","WallGazer","After Image+1","VoidDream","Predator+1"],"relics":["Ring of the Snake","CogitoBucket","Blood Vial","Bottled Tornado"],"acts_visited":["Exordium"],"potions_floor_usage":[7,11],"damage_taken":[{"damage":1,"enemies":"Cultist","floor":1,"turns":5},{"damage":0,"enemies":"2 Louse","floor":2,"turns":3},{"damage":2,"enemies":"Small Slimes","floor":4,"turns":4},{"damage":39,"enemies":"Gremlin Gang","floor":7,"turns":9},{"damage":32,"enemies":"3 Sentries","floor":11,"turns":14}],"seed_played":"-2954635758262201444","potions_obtained":[{"floor":1,"key":"Dexterity Potion"},{"floor":4,"key":"DuplicationPotion"},{"floor":7,"key":"AttackPotion"}],"is_trial":false,"path_per_floor":["M","M","?","M","$","R","M","R","T","R","E"],"character_chosen":"THE_SILENT","items_purchased":["Blood Vial"],"campfire_rested":0,"item_purchase_floors":[5],"current_hp_per_floor":[69,69,69,67,67,67,30,30,30,30,0,0],"gold":95,"neow_bonus":"","is_daily":false,"chose_seed":false,"campfire_upgraded":3,"win_rate":0.0,"timestamp":1611677165,"path_taken":["M","M","?","M","$","R","M","R","T","R","E"],"items_purchased_type":["Relic"],"build_version":"2020-12-22","purchased_purges":0,"victory":false,"max_hp_per_floor":[70,70,70,70,70,70,70,70,70,70,70,70],"card_choices":[{"not_picked":["WallGazer","Murderer","PunishingBird"],"picked":"Singing Bowl","floor":1},{"not_picked":["GreedKing","ShyLook"],"picked":"SpiderBud","floor":1},{"not_picked":["Blur","Dodge and Roll","Setup"],"picked":"SKIP","floor":1},{"not_picked":["Freischutz","Scorched"],"picked":"UniverseFragment","floor":2},{"not_picked":["Blur","Bane","Cloak And Dagger"],"picked":"SKIP","floor":2},{"not_picked":["MeatLantern","MHz"],"picked":"WallGazer","floor":4},{"not_picked":["Setup","Dagger Spray"],"picked":"After Image","floor":4},{"not_picked":["Murderer","FairyFestival"],"picked":"VoidDream","floor":7},{"not_picked":["Dagger Throw","Riddle With Holes"],"picked":"Predator","floor":7}],"player_experience":63185,"relics_obtained":[{"floor":9,"key":"Bottled Tornado"}],"event_choices":[{"damage_healed":0,"gold_gain":100,"player_choice":"Pray","damage_taken":0,"max_hp_gain":0,"max_hp_loss":0,"event_name":"Golden Shrine","floor":3,"gold_loss":0}],"is_beta":false,"boss_relics":[],"items_purged_floors":[],"is_endless":false,"potions_floor_spawned":[1,4,7],"killed_by":"3 Sentries","ascension_level":0}}