{"host":"neshiy0twyn5josp","time":1611663398,"event":{"mods":["AchievementEnabler","Act Like it!","AlwaysNeverKeys","Aspiration","BaseMod","Better Note","Better Silent Start","Better Third Choice","Challenge The Spire","Colored Powertips","Conspire","Emptier Cage","Energized Spire","GifTheSpireLib","Hubris","Minty Spire (QoL Compilation)","Permanent Neow","Quick Restart","Rare Cards Sparkle","Replay The Spire","Reworked Bosses","Spicy Shops","StS++","StSLib","Stuff the Spire"],"gold_per_floor":[110,124,124,124,124,124,158,158,158,172,215,240,240,279,279,407,407,432,284,309,309,59,59,98,98,144,54,94,94,109,127,127,172,172],"floor_reached":33,"language":"ENG","playtime":4875,"items_purged":["Injury","Defend_G"],"score":394,"play_id":"e14f440b-25ef-46fc-b97c-09a1ef32a7bd","local_time":"20210126041638","daily_mods":["Heirloom"],"is_ascension_mode":true,"campfire_choices":[{"data":"Neutralize","floor":6,"key":"SMITH"},{"data":"ReplayTheSpireMod:Scrap Shanks","floor":8,"key":"SMITH"},{"floor":15,"key":"REST"},{"data":"ReplayTheSpireMod:Scrap Shanks","floor":23,"key":"SMITH"},{"data":"Acrobatics","floor":29,"key":"SMITH"},{"data":"Calculated Gamble","floor":32,"key":"SMITH"}],"circlet_count":0,"master_deck":["Strike_G+1","Strike_G","Strike_G","Defend_G","Defend_G","Defend_G","Survivor","Neutralize+1","ReplayTheSpireMod:Scrap Shanks+1","Die Die Die+1","Calculated Gamble+1","Underhanded Strike+1","Acrobatics+1","Storm of Steel","Prepared","ReplayTheSpireMod:Scrap Shanks+1","Underhanded Strike+1","Reflex","Prepared+1","Riddle With Holes+1","Quick Slash+1","hubris:Sniper+1"],"relics":["Ring of the Snake","Ring of Chaos","Mango","Mirror","Golden Idol","Molten Egg 2","StuffTheSpire:OldFever","Nunchaku","StuffTheSpire:Tea","FaceOfCleric","hubris:ToyBattleship","conspire:SpecialSausage","StuffTheSpire:Barrel","hubris:DeckOfHolding","Ring of Fangs","ReplayTheSpireMod:Ring of Challenge","Potion Belt","conspire:BottledYoYo"],"acts_visited":["Exordium","TheCity"],"potions_floor_usage":[14,14,16,33],"damage_taken":[{"damage":1,"enemies":"Cultist","floor":1,"turns":4},{"damage":0,"enemies":"2 Louse","floor":2,"turns":3},{"damage":48,"enemies":"3 Sentries","floor":7,"turns":14},{"damage":2,"enemies":"Jaw Worm","floor":10,"turns":4},{"damage":17,"enemies":"Lagavulin","floor":11,"turns":8},{"damage":0,"enemies":"Large Slime","floor":12,"turns":5},{"damage":5,"enemies":"Gremlin Nob","floor":14,"turns":4},{"damage":15,"enemies":"Slime Boss","floor":16,"turns":12},{"damage":16,"enemies":"2 Thieves","floor":18,"turns":3},{"damage":10,"enemies":"Chosen","floor":20,"turns":3},{"damage":6,"enemies":"conspire:SneckoGhost","floor":24,"turns":4},{"damage":0,"enemies":"conspire:Head Lice","floor":28,"turns":3},{"damage":0,"enemies":"Sentry and Sphere","floor":30,"turns":2},{"damage":12,"enemies":"Snake Plant","floor":31,"turns":4},{"damage":42,"enemies":"conspire:MysteriousRune","floor":33,"turns":3}],"seed_played":"-3916698673851532141","potions_obtained":[{"floor":7,"key":"GhostInAJar"},{"floor":11,"key":"Poison Potion"},{"floor":14,"key":"Block Potion"},{"floor":18,"key":"StSpp:SecondWindPotion"},{"floor":30,"key":"DuplicationPotion"}],"is_trial":true,"path_per_floor":["M","M","T","?","?","R","E","R","T","M","E","M","?","E","R","B",null,"M","$","M","?","$","R","E","?","T","?","E","R","M","M","R","B"],"character_chosen":"THE_SILENT","items_purchased":["ReplayTheSpireMod:Scrap Shanks","Reflex","StuffTheSpire:Barrel"],"campfire_rested":1,"item_purchase_floors":[19,22,22],"current_hp_per_floor":[83,83,83,78,78,78,30,30,30,28,11,11,11,7,30,16,80,65,65,56,56,56,56,51,51,51,51,52,52,53,42,42,0,0],"gold":172,"neow_bonus":"","is_daily":false,"chose_seed":false,"campfire_upgraded":5,"win_rate":0.0,"timestamp":1611663398,"path_taken":["M","?","?","?","?","R","E","R","T","?","E","M","?","E","R","BOSS","M","$","M","?","$","R","E","?","T","?","E","R","?","M","R","BOSS"],"items_purchased_type":["Card","Card","Relic"],"build_version":"2020-12-22","purchased_purges":2,"victory":false,"max_hp_per_floor":[84,84,84,78,78,78,78,78,78,78,78,78,78,79,79,80,80,81,81,82,82,82,82,83,83,83,83,84,84,85,86,86,86,86],"card_choices":[{"not_picked":["Deflect","StuffTheSpire:Python"],"picked":"ReplayTheSpireMod:Scrap Shanks","floor":1},{"not_picked":["Bane","Slice","Cloak And Dagger"],"picked":"SKIP","floor":2},{"not_picked":["StuffTheSpire:Fury","hubris:SlightOfHand"],"picked":"Die Die Die+1","floor":7},{"not_picked":["StuffTheSpire:ClusterCrunch+1","All Out Attack+1"],"picked":"Calculated Gamble","floor":10},{"not_picked":["Blade Dance","StuffTheSpire:Sprint"],"picked":"Underhanded Strike+1","floor":11},{"not_picked":["StSpp:CorrosivePoison","Heel Hook+1","Outmaneuver"],"picked":"SKIP","floor":12},{"not_picked":["A Thousand Cuts","StSpp:FiercePoison"],"picked":"Acrobatics","floor":14},{"not_picked":["After Image","Grand Finale+1"],"picked":"Storm of Steel","floor":16},{"not_picked":["Flying Knee+1","StuffTheSpire:Injection+1"],"picked":"Prepared","floor":18},{"not_picked":["ReplayTheSpireMod:Exploit Weakness+1","Eviscerate+1"],"picked":"Underhanded Strike+1","floor":20},{"not_picked":["StuffTheSpire:ClusterCrunch+1","StuffTheSpire:Python"],"picked":"Prepared+1","floor":24},{"not_picked":["ReplayTheSpireMod:Necrosis","Concentrate"],"picked":"Riddle With Holes+1","floor":28},{"not_picked":["StuffTheSpire:ClusterCrunch+1","Underhanded Strike+1"],"picked":"Quick Slash+1","floor":30},{"not_picked":["ReplayTheSpireMod:Shiv Toss","Poisoned Stab+1"],"picked":"hubris:Sniper+1","floor":31}],"player_experience":278847,"relics_obtained":[{"floor":3,"key":"Mirror"},{"floor":7,"key":"StuffTheSpire:OldFever"},{"floor":9,"key":"Nunchaku"},{"floor":11,"key":"StuffTheSpire:Tea"},{"floor":14,"key":"hubris:ToyBattleship"},{"floor":24,"key":"hubris:DeckOfHolding"},{"floor":25,"key":"Ring of Fangs"},{"floor":25,"key":"ReplayTheSpireMod:Ring of Challenge"},{"floor":26,"key":"Potion Belt"},{"floor":28,"key":"conspire:BottledYoYo"}],"event_choices":[{"damage_healed":0,"gold_gain":0,"player_choice":"Lose Max HP","damage_taken":0,"relics_obtained":["Golden Idol"],"max_hp_gain":0,"max_hp_loss":6,"event_name":"Golden Idol","floor":4,"gold_loss":0},{"damage_healed":0,"gold_gain":0,"player_choice":"Trade","damage_taken":0,"relics_obtained":["FaceOfCleric"],"max_hp_gain":0,"max_hp_loss":0,"event_name":"FaceTrader","floor":13,"gold_loss":0},{"damage_healed":0,"gold_gain":0,"player_choice":"Ignored","damage_taken":0,"max_hp_gain":0,"max_hp_loss":0,"event_name":"Ghosts","floor":21,"gold_loss":0},{"cards_removed":["Strike_G"],"damage_healed":0,"gold_gain":0,"player_choice":"Upgrade and Remove","damage_taken":0,"max_hp_gain":0,"max_hp_loss":0,"event_name":"Designer","floor":27,"gold_loss":90,"cards_upgraded":["Strike_G"]}],"is_beta":false,"boss_relics":[{"not_picked":["energizedSpire:HugeHouse","energizedSpire:MagnifyingGlass"],"picked":"conspire:SpecialSausage"}],"items_purged_floors":[19,22],"is_endless":false,"potions_floor_spawned":[7,11,14,18,30],"killed_by":"conspire:MysteriousRune","ascension_level":1}}