{"host":"15dd7v8o90xso62x","time":1611650345,"event":{"mods":["BaseMod","Minty Spire (QoL Compilation)","Quick Restart","StSLib","SuperFastMode"],"gold_per_floor":[113,113,125,142,160,160,174,20,68,102,102,102,102,2,2,78,78,95,95,107,107,77,77,105,105,105,136,136,136],"floor_reached":28,"language":"KOR","playtime":741,"items_purged":["Strike_G"],"score":508,"play_id":"82703be6-1088-4285-98e3-13839dc897bf","local_time":"20210126173905","is_ascension_mode":true,"campfire_choices":[{"data":"A Thousand Cuts","floor":6,"key":"SMITH"},{"floor":11,"key":"REST"},{"data":"Blade Dance","floor":13,"key":"SMITH"},{"data":"Cloak And Dagger","floor":15,"key":"SMITH"},{"floor":23,"key":"REST"},{"floor":25,"key":"REST"}],"circlet_count":0,"master_deck":["AscendersBane","Survivor","Neutralize","Acrobatics","Blade Dance+1","Dagger Spray","A Thousand Cuts+1","Cloak And Dagger+1","Accuracy","Leg Sweep","Footwork","PiercingWail","Glass Knife+1","Blade Dance","Dagger Throw","Die Die Die","Outmaneuver","Underhanded Strike+1","Poisoned Stab","Envenom","Tools of the Trade","Well Laid Plans+1","Footwork"],"relics":["Ring of the Snake","Kunai","Juzu Bracelet","Potion Belt","Pandora\u0027s Box","Darkstone Periapt","StrikeDummy","Whetstone"],"acts_visited":["Exordium","TheCity"],"potions_floor_usage":[10,10,24,24,24,27,28],"damage_taken":[{"damage":1,"enemies":"2 Louse","floor":1,"turns":4},{"damage":1,"enemies":"Jaw Worm","floor":3,"turns":5},{"damage":0,"enemies":"Cultist","floor":4,"turns":4},{"damage":18,"enemies":"Exordium Wildlife","floor":5,"turns":3},{"damage":2,"enemies":"Looter","floor":7,"turns":3},{"damage":9,"enemies":"3 Sentries","floor":10,"turns":5},{"damage":22,"enemies":"Slime Boss","floor":16,"turns":8},{"damage":25,"enemies":"Shell Parasite","floor":18,"turns":6},{"damage":11,"enemies":"Spheric Guardian","floor":20,"turns":3},{"damage":26,"enemies":"Slavers","floor":24,"turns":4},{"damage":24,"enemies":"Gremlin Leader","floor":27,"turns":6},{"damage":7,"enemies":"Centurion and Healer","floor":28,"turns":1}],"seed_played":"-1832954634191043206","potions_obtained":[{"floor":3,"key":"Regen Potion"},{"floor":7,"key":"Swift Potion"},{"floor":16,"key":"SpeedPotion"},{"floor":18,"key":"ColorlessPotion"},{"floor":22,"key":"Explosive Potion"},{"floor":22,"key":"CunningPotion"},{"floor":24,"key":"Weak Potion"}],"is_trial":false,"path_per_floor":["M","?","M","M","M","R","M","$","T","E","R","?","R","$","R","B",null,"M","?","M","?","?","R","E","R","T","E","M"],"character_chosen":"THE_SILENT","items_purchased":["Accuracy","Footwork","PiercingWail"],"campfire_rested":3,"item_purchase_floors":[8,14,14],"current_hp_per_floor":[58,32,31,31,13,13,11,11,11,16,35,28,28,28,28,6,51,26,26,15,15,15,34,8,27,27,3,0,0],"gold":136,"neow_bonus":"THREE_CARDS","is_daily":false,"chose_seed":false,"campfire_upgraded":3,"win_rate":0.0,"timestamp":1611650345,"path_taken":["M","?","M","M","M","R","M","$","T","E","R","?","R","?","R","BOSS","M","?","M","?","?","R","E","R","T","E","M"],"items_purchased_type":["Card","Card","Card"],"build_version":"2020-12-22","purchased_purges":1,"victory":false,"max_hp_per_floor":[66,66,66,66,66,66,66,66,66,66,66,66,66,66,66,66,66,66,66,66,66,66,66,66,66,66,66,66,66],"card_choices":[{"not_picked":["Endless Agony","Quick Slash"],"picked":"Acrobatics","floor":0},{"not_picked":["Prepared","Dodge and Roll"],"picked":"Blade Dance","floor":1},{"not_picked":["Quick Slash","Heel Hook"],"picked":"Dagger Spray","floor":3},{"not_picked":["Blur","Bouncing Flask"],"picked":"A Thousand Cuts","floor":4},{"not_picked":["Bane","Concentrate"],"picked":"Cloak And Dagger","floor":5},{"not_picked":["Underhanded Strike","Reflex","Flying Knee"],"picked":"SKIP","floor":7},{"not_picked":["Dodge and Roll","Noxious Fumes"],"picked":"Leg Sweep","floor":10},{"not_picked":["Die Die Die","Corpse Explosion"],"picked":"Glass Knife","floor":16},{"not_picked":["PiercingWail","Poisoned Stab"],"picked":"Well Laid Plans+1","floor":18},{"not_picked":["Poisoned Stab+1","Noxious Fumes","Finisher"],"picked":"SKIP","floor":20},{"not_picked":["Catalyst","Dagger Throw","Leg Sweep"],"picked":"SKIP","floor":24},{"not_picked":["Catalyst","Eviscerate"],"picked":"Footwork","floor":27}],"player_experience":889231,"relics_obtained":[{"floor":9,"key":"Juzu Bracelet"},{"floor":10,"key":"Potion Belt"},{"floor":24,"key":"Darkstone Periapt"},{"floor":26,"key":"StrikeDummy"},{"floor":27,"key":"Whetstone"}],"event_choices":[{"damage_healed":0,"gold_gain":0,"player_choice":"Success","damage_taken":26,"relics_obtained":["Kunai"],"max_hp_gain":0,"max_hp_loss":0,"event_name":"Scrap Ooze","floor":2,"gold_loss":0},{"cards_removed":["Defend_G"],"damage_healed":0,"gold_gain":0,"player_choice":"Card Removal","damage_taken":7,"max_hp_gain":0,"max_hp_loss":0,"event_name":"Golden Wing","floor":12,"gold_loss":0},{"damage_healed":0,"gold_gain":0,"player_choice":"Ignored","damage_taken":0,"max_hp_gain":0,"max_hp_loss":0,"event_name":"Vampires","floor":19,"gold_loss":0},{"damage_healed":0,"gold_gain":0,"player_choice":"Ignored","damage_taken":0,"max_hp_gain":0,"max_hp_loss":0,"event_name":"Cursed Tome","floor":21,"gold_loss":0},{"damage_healed":0,"gold_gain":0,"player_choice":"Bought 2 Potions","damage_taken":0,"max_hp_gain":0,"max_hp_loss":0,"event_name":"The Woman in Blue","floor":22,"gold_loss":0}],"is_beta":false,"boss_relics":[{"not_picked":["Fusion Hammer","Coffee Dripper"],"picked":"Pandora\u0027s Box"}],"items_purged_floors":[8],"is_endless":false,"potions_floor_spawned":[3,7,16,18,24],"killed_by":"Centurion and Healer","ascension_level":20}}