{"host":"z9grmtg2w0nmz8n1","time":1611638514,"event":{"mods":["Aspiration","BaseMod","Better Altar","Better Match","Better Note","Better Sensory Stone","Better Skull","Better Third Choice","BetterRewards","CCEM2","Clawfect","Colored Map","Conspire","GifTheSpireLib","Halation","Highlight Path","Hubris","Hunter ??","Jedi Mod","Minty Spire (QoL Compilation)","Permanent Neow","Reliquary","Replay The Spire","Shop Mod","Spicy Shops","StSLib","Stuff the Spire","The Administrix","The Blackbeard","The Runesmith","The Servant 0.9.4"],"gold_per_floor":[117,172,191,210,210,210,236,236,236,236,52,71,91,123,123,225,225,180,180],"floor_reached":18,"language":"ENG","playtime":962,"items_purged":["Strike_S"],"score":170,"play_id":"5eb474ce-fc92-4e1f-9044-50d80b9f9a8b","local_time":"20210126032154","is_ascension_mode":false,"campfire_choices":[{"data":"BestPractice","floor":6,"key":"SMITH"},{"floor":8,"key":"RECALL"},{"floor":15,"key":"REST"}],"circlet_count":0,"master_deck":["Strike_S","Strike_S","Strike_S","Defend_S","Defend_S","Defend_S","Defend_S","KidneyShot","Exchange","ShatteredReality","TimeWarp","Ricochet","ShatteredReality","BestPractice+1","TimeWarp","SilverBlades","Luminosity","Defy","Solidify"],"relics":["Uniform","aspiration:DSix","halation:TwoAmDonut","CCEMRelics:JestersCrown","NlothsMask","halation:LostSnail","StuffTheSpire:EmeraldSignet","Runesmith:UraniumAnvil"],"acts_visited":["Exordium","TheCity"],"potions_floor_usage":[14,14,18],"damage_taken":[{"damage":0,"enemies":"Small Slimes","floor":1,"turns":3},{"damage":3,"enemies":"Jaw Worm","floor":3,"turns":3},{"damage":4,"enemies":"2 Louse","floor":4,"turns":2},{"damage":17,"enemies":"Lagavulin","floor":7,"turns":7},{"damage":0,"enemies":"Gremlin Gang","floor":12,"turns":3},{"damage":8,"enemies":"Red Slaver","floor":13,"turns":4},{"damage":9,"enemies":"Gremlin Nob","floor":14,"turns":3},{"damage":16,"enemies":"Hexaghost","floor":16,"turns":9},{"damage":13,"enemies":"2 Thieves","floor":18,"turns":4}],"seed_played":"6107868652463949287","potions_obtained":[{"floor":1,"key":"BlessingOfTheForge"},{"floor":7,"key":"FearPotion"},{"floor":16,"key":"PowerPotion"}],"is_trial":false,"path_per_floor":["M","?","M","M","T","R","E","R","T","?","$","M","M","E","R","B",null,"M"],"character_chosen":"THE_SERVANT","items_purchased":["SilverBlades","halation:LostSnail"],"campfire_rested":1,"item_purchase_floors":[11,11],"current_hp_per_floor":[65,49,46,42,42,42,25,25,25,25,25,25,17,8,27,11,65,52,52],"gold":180,"neow_bonus":"DSIX","is_daily":false,"chose_seed":false,"campfire_upgraded":1,"win_rate":0.0,"timestamp":1611638514,"path_taken":["M","?","M","M","?","R","E","R","T","?","$","M","M","E","R","BOSS","M"],"items_purchased_type":["Card","Relic"],"build_version":"2020-12-22","purchased_purges":1,"victory":false,"max_hp_per_floor":[65,65,65,65,65,65,65,65,65,65,65,65,65,65,65,65,65,65,65],"card_choices":[{"not_picked":["FanOfKnives","Alleviate"],"picked":"ShatteredReality","floor":1},{"not_picked":["Contraction","DualDimension"],"picked":"TimeWarp","floor":2},{"not_picked":["WasteNot","Defy"],"picked":"Ricochet","floor":2},{"not_picked":["FlawlessForm","Sabotage"],"picked":"ShatteredReality","floor":3},{"not_picked":["ShatteredReality","DoubleEdge"],"picked":"BestPractice","floor":4},{"not_picked":["Rewind","RealityMarble"],"picked":"TimeWarp","floor":7},{"not_picked":["Potential","Defy"],"picked":"Luminosity","floor":12},{"not_picked":["WasteNot","MoonPhase","RealityMarble"],"picked":"SKIP","floor":13},{"not_picked":["WasteNot","SilverBlades"],"picked":"Defy","floor":14},{"not_picked":["Initiator","KillingDoll"],"picked":"Solidify","floor":16}],"player_experience":848152,"relics_obtained":[{"floor":2,"key":"halation:TwoAmDonut"},{"floor":7,"key":"CCEMRelics:JestersCrown"},{"floor":14,"key":"StuffTheSpire:EmeraldSignet"}],"event_choices":[{"damage_healed":0,"gold_gain":0,"player_choice":"Trade","damage_taken":0,"relics_obtained":["NlothsMask"],"max_hp_gain":0,"max_hp_loss":0,"event_name":"FaceTrader","floor":10,"gold_loss":0}],"is_beta":false,"boss_relics":[{"not_picked":["CCEMRelics:DarkMatter","conspire:SeveredTorchhead"],"picked":"Runesmith:UraniumAnvil"}],"items_purged_floors":[11],"is_endless":false,"potions_floor_spawned":[1,7,16],"killed_by":"2 Thieves","ascension_level":0}}