{"host":"j3kbm8fz4f78dhv0","time":1611628397,"event":{"mods":["BaseMod","Better Third Choice","CapriCore","Hermit","Minty Spire (QoL Compilation)","Replay The Spire","StSLib"],"gold_per_floor":[114,114,129,144,159,189,189,219,219,219,144,144,174,189,269,369,369,384,384,384,399,199,229,79,109,109,0,0,0,30,92,92,192,192,207,207,207,207],"floor_reached":37,"language":"ENG","playtime":3178,"items_purged":["Infernal Blade+1"],"score":466,"play_id":"93cb8315-6f9a-467a-835e-c08dd7b87efc","local_time":"20210125203317","daily_mods":["SealedDeck","Flight","Night Terrors"],"is_ascension_mode":false,"campfire_choices":[{"data":"ReplayReversal","floor":7,"key":"SMITH"},{"data":"Infernal Blade","floor":10,"key":"SMITH"},{"floor":29,"key":"REST"},{"data":"ReplayTheSpireMod:Strike From Hell","floor":32,"key":"SMITH"}],"circlet_count":0,"master_deck":["Defy Death+1","Battle Trance+1","Thunderclap","Armaments","ReplayReversal+1","Ghostly Armor+1","Pommel Strike","Entrench","Iron Wave","Wild Strike","Ghostly Armor","ReplayTheSpireMod:Strike From Hell+1","Burning Pact","Flex","Run Through","ReplayReversal","Flame Barrier+1","Sword Boomerang","Pummel","Seeing Red+1","ReplayTheSpireMod:Splinters","Anger","Shrug It Off","Berserk","Anger","Bash"],"relics":["Burning Blood","Gambling Chip","Akabeko","Paper Frog","Art of War","SlaversCollar","Regal Pillow","Juzu Bracelet","Guide Book","Gremlin Horn","Blood Vial","Replay:Towering Pillar of Hats","Orichalcum","Sozu"],"acts_visited":["Exordium","TheCity","TheBeyond"],"potions_floor_usage":[16,21,21,23,23,30,33,37],"damage_taken":[{"damage":2,"enemies":"Jaw Worm","floor":1,"turns":3},{"damage":0,"enemies":"Cultist","floor":3,"turns":4},{"damage":0,"enemies":"2 Louse","floor":4,"turns":2},{"damage":7,"enemies":"Blue Slaver","floor":5,"turns":4},{"damage":10,"enemies":"3 Sentries","floor":6,"turns":10},{"damage":0,"enemies":"Lagavulin","floor":8,"turns":8},{"damage":5,"enemies":"Replay:BlueRogue","floor":13,"turns":9},{"damage":9,"enemies":"2 Fungi Beasts","floor":14,"turns":3},{"damage":75,"enemies":"Hexaghost","floor":16,"turns":11},{"damage":15,"enemies":"2 Thieves","floor":18,"turns":4},{"damage":0,"enemies":"3 Byrds","floor":21,"turns":2},{"damage":9,"enemies":"Book of Stabbing","floor":23,"turns":5},{"damage":28,"enemies":"Slavers","floor":25,"turns":7},{"damage":15,"enemies":"Gremlin Leader","floor":30,"turns":5},{"damage":2,"enemies":"Champ","floor":33,"turns":11},{"damage":0,"enemies":"3 Shapes","floor":35,"turns":4},{"damage":77,"enemies":"2 Orb Walkers","floor":37,"turns":5}],"seed_played":"-4735054310349275430","potions_obtained":[{"floor":4,"key":"BloodPotion"},{"floor":6,"key":"Explosive Potion"},{"floor":13,"key":"Venom Potion"},{"floor":18,"key":"Explosive Potion"},{"floor":21,"key":"LiquidMemories"},{"floor":25,"key":"DistilledChaos"},{"floor":31,"key":"Weak Potion"}],"is_trial":false,"path_per_floor":["M","?","M","M","M","E","R","E","T","R","$","?","E","M","R","B",null,"M","?","?","M","$","E","$","E","T","?","?","R","E","?","R","B",null,"M","?","?"],"character_chosen":"IRONCLAD","items_purchased":["Adrenaline Potion","Regal Pillow","Guide Book"],"campfire_rested":1,"item_purchase_floors":[22,22,24],"current_hp_per_floor":[80,80,80,80,79,75,75,80,80,80,80,80,80,77,77,24,80,71,71,71,77,77,74,74,52,52,52,52,75,66,66,66,72,75,75,75,0,0],"gold":207,"neow_bonus":"","is_daily":true,"chose_seed":false,"campfire_upgraded":3,"win_rate":0.0,"timestamp":1611628397,"path_taken":["M","?","?","M","M","E","R","E","T","R","$","?","E","?","R","BOSS","M","?","?","M","$","E","$","E","T","?","?","R","E","?","R","BOSS","M","?","?"],"items_purchased_type":["Potion","Relic","Relic"],"build_version":"2020-12-22","purchased_purges":1,"victory":false,"max_hp_per_floor":[80,80,80,80,80,80,80,80,80,80,80,80,80,80,80,80,80,80,80,80,80,80,80,80,80,80,80,80,75,75,75,75,75,75,75,75,75,75],"card_choices":[{"not_picked":["Fire Breathing","Thunderclap"],"picked":"Wild Strike","floor":1},{"not_picked":["Rage","Shockwave"],"picked":"Ghostly Armor","floor":3},{"not_picked":["Havoc","Abandon"],"picked":"ReplayTheSpireMod:Strike From Hell","floor":4},{"not_picked":["Thunderclap","Reckless Charge"],"picked":"Burning Pact","floor":5},{"not_picked":["Sword Boomerang","ReplayTheSpireMod:Limb From Limb","Thunderclap"],"picked":"SKIP","floor":6},{"not_picked":["Run Through","Fiend Fire"],"picked":"Infernal Blade","floor":8},{"not_picked":["Sentinel","Clash","Battle Trance"],"picked":"SKIP","floor":13},{"not_picked":["Reckless Charge","Perfected Strike"],"picked":"Flex","floor":14},{"not_picked":["Demonic Infusion","Impervious"],"picked":"Eclipse","floor":16},{"not_picked":["Dual Wield","ReplayTheSpireMod:Corrosion Curse"],"picked":"Run Through","floor":18},{"not_picked":["Infernal Blade","Anger+1"],"picked":"Flame Barrier+1","floor":21},{"not_picked":["Burning Pact","Whirlwind","Bloodletting+1"],"picked":"SKIP","floor":23},{"not_picked":["Demonic Infusion","Pommel Strike+1","Searing Blow"],"picked":"SKIP","floor":25},{"not_picked":["Clash+1","Heavy Blade"],"picked":"Seeing Red+1","floor":30},{"not_picked":["Sever Soul","ReplayTheSpireMod:Muscle Training"],"picked":"Anger","floor":31},{"not_picked":["True Grit","Thunderclap"],"picked":"Shrug It Off","floor":31},{"not_picked":["Demonic Infusion","Double Tap"],"picked":"Berserk","floor":33},{"not_picked":["Cleave","Havoc"],"picked":"Anger","floor":35}],"player_experience":162562,"relics_obtained":[{"floor":6,"key":"Gambling Chip"},{"floor":8,"key":"Akabeko"},{"floor":9,"key":"Paper Frog"},{"floor":13,"key":"Art of War"},{"floor":23,"key":"Juzu Bracelet"},{"floor":25,"key":"Gremlin Horn"},{"floor":26,"key":"Blood Vial"},{"floor":30,"key":"Replay:Towering Pillar of Hats"},{"floor":31,"key":"Orichalcum"}],"event_choices":[{"damage_healed":0,"gold_gain":0,"player_choice":"Forge","damage_taken":0,"max_hp_gain":0,"max_hp_loss":0,"event_name":"Accursed Blacksmith","floor":2,"gold_loss":0,"cards_upgraded":["Battle Trance"]},{"damage_healed":0,"gold_gain":0,"player_choice":"Upgraded","damage_taken":0,"max_hp_gain":0,"max_hp_loss":0,"event_name":"Upgrade Shrine","floor":12,"gold_loss":0,"cards_upgraded":["Defy Death"]},{"damage_healed":0,"gold_gain":0,"player_choice":"Simplicity","damage_taken":0,"max_hp_gain":0,"max_hp_loss":0,"event_name":"betterThird:BetterWriting","floor":19,"gold_loss":0},{"damage_healed":0,"gold_gain":0,"player_choice":"Read","damage_taken":0,"max_hp_gain":0,"max_hp_loss":0,"event_name":"The Library","floor":20,"gold_loss":0,"cards_obtained":["ReplayReversal"]},{"damage_healed":0,"gold_gain":0,"player_choice":"Paid Fearfully","damage_taken":0,"max_hp_gain":0,"max_hp_loss":0,"event_name":"Masked Bandits","floor":27,"gold_loss":109},{"damage_healed":0,"gold_gain":0,"cards_transformed":["Eclipse","Havoc"],"player_choice":"Became Test Subject","damage_taken":0,"max_hp_gain":0,"max_hp_loss":0,"event_name":"Drug Dealer","floor":28,"gold_loss":0,"cards_obtained":["Sword Boomerang","Pummel"]},{"damage_healed":0,"gold_gain":0,"player_choice":"1 cards matched","damage_taken":0,"max_hp_gain":0,"max_hp_loss":0,"event_name":"Match and Keep!","floor":36,"gold_loss":0,"cards_obtained":["Bash"]},{"damage_healed":0,"gold_gain":0,"player_choice":"Fight","damage_taken":0,"max_hp_gain":0,"max_hp_loss":0,"event_name":"Mysterious Sphere","floor":37,"gold_loss":0}],"is_beta":false,"boss_relics":[{"not_picked":["Replay:Ancient Bell","Replay:Grab Bag"],"picked":"SlaversCollar"},{"not_picked":["Empty Cage","Painkiller Herb"],"picked":"Sozu"}],"items_purged_floors":[11],"is_endless":false,"potions_floor_spawned":[4,6,13,14,18,21,25,35],"killed_by":"2 Orb Walkers","ascension_level":0}}