{"host":"dcj2yvrgcvh5dl2s","time":1611668345,"event":{"mods":["BaseMod","Bestiary","Better Note","Block Reminder","Colored Powertips","Curses Come First","DeckTracker","Minty Spire (QoL Compilation)","Quick Restart","Rare Cards Sparkle","Relic Stats","StSLib"],"gold_per_floor":[110,127,127,127,127,140,140,174,225,225,236,236,1,31,31,31,31],"floor_reached":16,"language":"ENG","playtime":368,"items_purged":["Regret"],"score":191,"play_id":"5a78343d-92cb-471b-8208-c94bfde786b8","local_time":"20210126233905","is_ascension_mode":true,"campfire_choices":[{"data":"Flex","floor":7,"key":"SMITH"},{"data":"Thunderclap","floor":10,"key":"SMITH"},{"floor":12,"key":"REST"},{"data":"Shrug It Off","floor":15,"key":"SMITH"}],"circlet_count":0,"master_deck":["AscendersBane","Strike_R","Strike_R","Strike_R","Strike_R","Defend_R","Defend_R","Defend_R","Defend_R","Bash+1","Thunderclap+1","Heavy Blade+1","Flex+1","Shrug It Off+1","Reaper"],"relics":["Burning Blood","NeowsBlessing","Centennial Puzzle","Pear","Oddly Smooth Stone"],"acts_visited":["Exordium"],"potions_floor_usage":[8,11,16,16],"damage_taken":[{"damage":0,"enemies":"Jaw Worm","floor":1,"turns":1},{"damage":0,"enemies":"Small Slimes","floor":2,"turns":1},{"damage":0,"enemies":"2 Louse","floor":6,"turns":1},{"damage":8,"enemies":"Gremlin Nob","floor":8,"turns":3},{"damage":13,"enemies":"Blue Slaver","floor":11,"turns":2},{"damage":92,"enemies":"The Guardian","floor":16,"turns":11}],"seed_played":"-3181585938446489685","potions_obtained":[{"floor":6,"key":"AttackPotion"},{"floor":8,"key":"EntropicBrew"},{"floor":11,"key":"SkillPotion"}],"is_trial":false,"path_per_floor":["M","M","?","?","?","M","R","E","T","R","M","R","$","?","R","B"],"character_chosen":"IRONCLAD","items_purchased":["Reaper"],"campfire_rested":1,"item_purchase_floors":[13],"current_hp_per_floor":[74,75,68,68,45,51,51,59,59,59,52,77,77,77,77,0,0],"gold":31,"neow_bonus":"THREE_ENEMY_KILL","is_daily":false,"chose_seed":false,"campfire_upgraded":3,"win_rate":0.0,"timestamp":1611668345,"path_taken":["M","M","?","?","?","M","R","E","T","R","M","R","$","?","R","BOSS"],"items_purchased_type":["Card"],"build_version":"2020-12-22","purchased_purges":1,"victory":false,"max_hp_per_floor":[75,75,75,75,75,75,75,85,85,85,85,85,85,85,85,85,85],"relic_stats":{"Centennial Puzzle":[9],"counters":[6,19],"obtain_stats":[{"Centennial Puzzle":4,"Pear":8,"NeowsBlessing":0,"Oddly Smooth Stone":9,"Burning Blood":0},{"Centennial Puzzle":2,"Pear":4,"NeowsBlessing":0,"Oddly Smooth Stone":4,"Burning Blood":0},{"Centennial Puzzle":2,"Pear":6,"NeowsBlessing":0,"Oddly Smooth Stone":6,"Burning Blood":0}],"Burning Blood":25},"card_choices":[{"not_picked":["Rupture","Twin Strike"],"picked":"Thunderclap","floor":1},{"not_picked":["Cleave","Sentinel"],"picked":"Heavy Blade","floor":2},{"not_picked":["Twin Strike","Carnage"],"picked":"Flex","floor":6},{"not_picked":["Anger","Carnage"],"picked":"Shrug It Off","floor":8},{"not_picked":["Dual Wield","Clash","Anger"],"picked":"SKIP","floor":11}],"player_experience":2267735,"relics_obtained":[{"floor":8,"key":"Pear"},{"floor":9,"key":"Oddly Smooth Stone"}],"event_choices":[{"cards_removed":["Strike_R"],"damage_healed":0,"gold_gain":0,"player_choice":"Card Removal","damage_taken":7,"max_hp_gain":0,"max_hp_loss":0,"event_name":"Golden Wing","floor":3,"gold_loss":0},{"damage_healed":0,"gold_gain":0,"player_choice":"Box","damage_taken":0,"relics_obtained":["Centennial Puzzle"],"max_hp_gain":0,"max_hp_loss":0,"event_name":"Big Fish","floor":4,"gold_loss":0,"cards_obtained":["Regret"]},{"damage_healed":0,"gold_gain":0,"player_choice":"Entered Light","damage_taken":23,"max_hp_gain":0,"max_hp_loss":0,"event_name":"Shining Light","floor":5,"gold_loss":0,"cards_upgraded":["Heavy Blade","Bash"]},{"damage_healed":0,"gold_gain":30,"player_choice":"Searched \u00272\u0027 times","damage_taken":0,"max_hp_gain":0,"max_hp_loss":0,"event_name":"Dead Adventurer","floor":14,"gold_loss":0}],"is_beta":false,"boss_relics":[],"items_purged_floors":[13],"is_endless":false,"potions_floor_spawned":[6,8,11],"killed_by":"The Guardian","ascension_level":19}}