{"host":"h4qgcirtxz6qax9j","time":1611671574,"event":{"mods":["AchievementEnabler","BaseMod","Colored Powertips","Custom Start","Hermit","Marisa£¨Ùöéë¡¡Øª×âÞÞ£©","Minty Spire (QoL Compilation)","StSLib","SuperFastMode","The Servant 0.9.4"],"gold_per_floor":[115,126,150,162,174,186,208,240,252,264,276,305,333,368,380,487,499,526,381,397,407,417,417,417,417],"floor_reached":24,"language":"KOR","playtime":1935,"items_purged":[],"score":190,"play_id":"60a48ebf-b71a-43fb-8159-90c2c39270a8","local_time":"20210126233254","is_ascension_mode":false,"campfire_choices":[{"data":"BinaryStars","floor":6,"key":"SMITH"},{"floor":15,"key":"REST"},{"floor":23,"key":"REST"}],"circlet_count":0,"master_deck":["Strike_MRS","Strike_MRS","Strike_MRS","Strike_MRS+1","Defend_MRS+1","Defend_MRS","Defend_MRS","Defend_MRS","MasterSpark","UpSweep","UnstableBomb","BinaryStars+1","ShootingEcho","FairyDestructionRay","ChargingUp","GalacticHalo+1"],"relics":["MiniHakkero","TungstenRod","MawBank","Ornamental Fan","Tiny Chest","Runic Pyramid","Anchor"],"acts_visited":["Exordium","TheCity"],"potions_floor_usage":[22,24],"damage_taken":[{"damage":0,"enemies":"Cultist","floor":1,"turns":3},{"damage":2,"enemies":"2 Louse","floor":2,"turns":2},{"damage":1,"enemies":"Small Slimes","floor":7,"turns":3},{"damage":8,"enemies":"Exordium Wildlife","floor":8,"turns":4},{"damage":0,"enemies":"Exordium Thugs","floor":12,"turns":3},{"damage":3,"enemies":"Lots of Slimes","floor":13,"turns":2},{"damage":26,"enemies":"The Guardian","floor":16,"turns":8},{"damage":39,"enemies":"2 Thieves","floor":18,"turns":4},{"damage":2,"enemies":"Shell Parasite","floor":20,"turns":3},{"damage":21,"enemies":"3 Cultists","floor":21,"turns":5},{"damage":12,"enemies":"Snake Plant","floor":22,"turns":6},{"damage":46,"enemies":"Book of Stabbing","floor":24,"turns":8}],"seed_played":"-8482616650124861375","potions_obtained":[{"floor":2,"key":"Block Potion"},{"floor":7,"key":"Dexterity Potion"},{"floor":16,"key":"FairyPotion"}],"is_trial":false,"path_per_floor":["M","M","T","$","$","R","M","M","T","?","?","M","M","T","R","B",null,"M","$","M","M","M","R","E"],"character_chosen":"MARISA","items_purchased":["Anchor"],"campfire_rested":2,"item_purchase_floors":[19],"current_hp_per_floor":[68,66,66,66,66,66,65,57,57,62,48,48,45,45,66,40,73,34,34,32,11,21,42,0,0],"gold":417,"neow_bonus":"ONE_RARE_RELIC","is_daily":false,"chose_seed":false,"campfire_upgraded":1,"win_rate":0.0,"timestamp":1611671574,"path_taken":["M","M","?","?","$","R","M","M","T","?","?","M","?","?","R","BOSS","M","$","M","M","?","R","E"],"items_purchased_type":["Relic"],"build_version":"2020-12-22","purchased_purges":0,"victory":false,"max_hp_per_floor":[68,68,68,68,68,68,68,68,68,73,73,73,73,73,73,73,73,73,73,73,73,73,73,73,73],"card_choices":[{"not_picked":["MilkyWay","ShootingEcho"],"picked":"UnstableBomb","floor":1},{"not_picked":["IllusionStar","GravityBeat"],"picked":"BinaryStars","floor":2},{"not_picked":["DoubleSpark","DC"],"picked":"ShootingEcho","floor":7},{"not_picked":["GasGiant","ShootingEcho"],"picked":"FairyDestructionRay","floor":8},{"not_picked":["LuminesStrike","Orbital","SuperPerseids"],"picked":"SKIP","floor":12},{"not_picked":["LuminesStrike","GravityBeat"],"picked":"ChargingUp","floor":13},{"not_picked":["WitchLeyline","DarkSpark","MagicAbsorber"],"picked":"SKIP","floor":18},{"not_picked":["StarlightTyphoon","GrandCross","ShootingEcho"],"picked":"SKIP","floor":20},{"not_picked":["Orbital","WitchLeyline"],"picked":"GalacticHalo+1","floor":21},{"not_picked":["MillisecondPulsars","Acceleration+1","MeteoricShower"],"picked":"SKIP","floor":22}],"player_experience":99571,"relics_obtained":[{"floor":3,"key":"MawBank"},{"floor":9,"key":"Ornamental Fan"},{"floor":14,"key":"Tiny Chest"}],"event_choices":[{"damage_healed":0,"gold_gain":0,"player_choice":"Donut","damage_taken":0,"max_hp_gain":5,"max_hp_loss":0,"event_name":"Big Fish","floor":10,"gold_loss":0},{"damage_healed":0,"gold_gain":0,"player_choice":"Entered Light","damage_taken":15,"max_hp_gain":0,"max_hp_loss":0,"event_name":"Shining Light","floor":11,"gold_loss":0,"cards_upgraded":["Defend_MRS","Strike_MRS"]}],"is_beta":false,"boss_relics":[{"not_picked":["Runic Dome","Fusion Hammer"],"picked":"Runic Pyramid"}],"items_purged_floors":[],"is_endless":false,"potions_floor_spawned":[2,7,16,20],"killed_by":"Book of Stabbing","ascension_level":0}}