{"host":"6q94iy5iz6612v89","time":1611671257,"event":{"mods":["2.2 Compatiblity","AchievementEnabler","BaseMod","Colored Map","DeckTracker","Keyboard Shortcuts","Marisa£¨Ùöéë¡¡Øª×âÞÞ£©","Minty Spire (QoL Compilation)","Permanent Neow","StSLib","SuperFastMode"],"gold_per_floor":[114,125,19,19,19,19,19,19,19,19,94,1,31,42,42,42,42],"floor_reached":16,"language":"KOR","playtime":255,"items_purged":[],"score":134,"play_id":"8161db5d-7ca9-4841-a6d8-eee9dcfe1130","local_time":"20210126232737","is_ascension_mode":true,"campfire_choices":[{"data":"MasterSpark","floor":6,"key":"SMITH"},{"data":"StarBarrage","floor":8,"key":"SMITH"},{"floor":10,"key":"REST"},{"floor":15,"key":"REST"}],"circlet_count":0,"master_deck":["Strike_MRS+1","Defend_MRS","Defend_MRS","Defend_MRS","Defend_MRS","MasterSpark+1","UpSweep+1","AsteroidBelt","StarBarrage+1","ChargingUp","GalacticHalo","PowerUp","AlicesGift","MilkyWay"],"relics":["MiniHakkero","Prayer Wheel","Frozen Egg 2"],"acts_visited":["Exordium"],"potions_floor_usage":[],"damage_taken":[{"damage":6,"enemies":"Cultist","floor":1,"turns":4},{"damage":1,"enemies":"2 Louse","floor":2,"turns":3},{"damage":17,"enemies":"3 Sentries","floor":13,"turns":5},{"damage":12,"enemies":"Jaw Worm","floor":14,"turns":2},{"damage":26,"enemies":"Hexaghost","floor":16,"turns":7}],"seed_played":"-4461690651643173238","potions_obtained":[{"floor":13,"key":"Dexterity Potion"}],"is_trial":false,"path_per_floor":["M","M","$","?","?","R","?","R","T","R","?","$","E","M","R","B"],"character_chosen":"MARISA","items_purchased":["StarBarrage","ChargingUp","GalacticHalo","PowerUp"],"campfire_rested":2,"item_purchase_floors":[3,3,12,12],"current_hp_per_floor":[44,43,43,36,36,36,21,21,21,43,32,32,15,3,25,0,0],"gold":42,"neow_bonus":"REMOVE_TWO","is_daily":false,"chose_seed":false,"campfire_upgraded":2,"win_rate":0.0,"timestamp":1611671257,"path_taken":["M","M","$","?","?","R","?","R","T","R","?","$","E","?","R","BOSS"],"items_purchased_type":["Card","Card","Card","Card"],"build_version":"2020-12-22","purchased_purges":0,"victory":false,"max_hp_per_floor":[75,75,75,75,75,75,75,75,75,75,75,75,75,75,75,75,75],"card_choices":[{"not_picked":["Acceleration","MysteriousBeam","GrandCross"],"picked":"SKIP","floor":1},{"not_picked":["DoubleSpark","GrandCross"],"picked":"AsteroidBelt","floor":2},{"not_picked":["DoubleSpark","PowerUp"],"picked":"AlicesGift","floor":13},{"not_picked":["GasGiant","Singularity+1"],"picked":"MilkyWay","floor":14},{"not_picked":["WitchLeyline","LuminesStrike","ShootTheMoon"],"picked":"SKIP","floor":14}],"player_experience":1493708,"relics_obtained":[{"floor":9,"key":"Prayer Wheel"},{"floor":13,"key":"Frozen Egg 2"}],"event_choices":[{"cards_removed":["Strike_MRS"],"damage_healed":0,"gold_gain":0,"player_choice":"Card Removal","damage_taken":7,"max_hp_gain":0,"max_hp_loss":0,"event_name":"Golden Wing","floor":4,"gold_loss":0},{"damage_healed":0,"gold_gain":0,"player_choice":"Ignored","damage_taken":0,"max_hp_gain":0,"max_hp_loss":0,"event_name":"Liars Game","floor":5,"gold_loss":0},{"damage_healed":0,"gold_gain":0,"player_choice":"Entered Light","damage_taken":15,"max_hp_gain":0,"max_hp_loss":0,"event_name":"Shining Light","floor":7,"gold_loss":0,"cards_upgraded":["Strike_MRS","UpSweep"]},{"damage_healed":0,"gold_gain":75,"player_choice":"Gather Gold","damage_taken":11,"max_hp_gain":0,"max_hp_loss":0,"event_name":"World of Goop","floor":11,"gold_loss":0}],"is_beta":false,"boss_relics":[],"items_purged_floors":[],"is_endless":false,"potions_floor_spawned":[13],"killed_by":"Hexaghost","ascension_level":8}}