{"host":"04hh9gplt9wkfmr1","time":1611684660,"event":{"mods":["AchievementEnabler","BaseMod","Colored Map","KOR Keyword Fix","Minty Spire (QoL Compilation)","Rare Cards Sparkle","SuperFastMode"],"gold_per_floor":[15,15,15,31,49,49,89,112,112,112,127,150,150,165,165,289,289,308,333,353,374,399,399,442,442,468,468,468,468],"floor_reached":28,"language":"KOR","playtime":685,"items_purged":[],"score":329,"play_id":"db5098a6-1192-4d09-827f-e3c7d9babac3","local_time":"20210127031100","is_ascension_mode":true,"campfire_choices":[{"data":"Electrodynamics","floor":6.0,"key":"SMITH"},{"floor":13.0,"key":"REST"},{"floor":15.0,"key":"REST"},{"floor":23.0,"key":"REST"}],"circlet_count":0,"master_deck":["Strike_B","Strike_B","Strike_B","Defend_B","Defend_B","Defend_B","Defend_B","Zap","Dualcast","Electrodynamics+1","Conserve Battery","Capacitor","Ball Lightning","Stack","BootSequence","Core Surge","Reboot","Hologram","Force Field","Ball Lightning","Stack","Shame"],"relics":["Cracked Core","Golden Idol","Pen Nib","Blood Vial","Nuclear Battery","Blue Candle","Tiny Chest","Happy Flower"],"acts_visited":["Exordium","TheCity"],"potions_floor_usage":[28,28,28],"damage_taken":[{"damage":0.0,"enemies":"2 Louse","floor":1.0,"turns":1.0},{"damage":0.0,"enemies":"Cultist","floor":4.0,"turns":4.0},{"damage":7.0,"enemies":"Jaw Worm","floor":5.0,"turns":4.0},{"damage":18.0,"enemies":"Lagavulin","floor":7.0,"turns":6.0},{"damage":22.0,"enemies":"Lots of Slimes","floor":8.0,"turns":3.0},{"damage":1.0,"enemies":"Looter","floor":11.0,"turns":3.0},{"damage":0.0,"enemies":"Blue Slaver","floor":12.0,"turns":3.0},{"damage":16.0,"enemies":"Exordium Thugs","floor":14.0,"turns":4.0},{"damage":40.0,"enemies":"Slime Boss","floor":16.0,"turns":6.0},{"damage":2.0,"enemies":"Chosen","floor":18.0,"turns":4.0},{"damage":13.0,"enemies":"Spheric Guardian","floor":19.0,"turns":4.0},{"damage":20.0,"enemies":"Snake Plant","floor":20.0,"turns":5.0},{"damage":7.0,"enemies":"Chosen and Byrds","floor":21.0,"turns":4.0},{"damage":7.0,"enemies":"Cultist and Chosen","floor":22.0,"turns":5.0},{"damage":45.0,"enemies":"Slavers","floor":24.0,"turns":4.0},{"damage":0,"enemies":"3 Cultists","floor":28,"turns":3}],"seed_played":"-7450471661736143508","potions_obtained":[{"floor":4.0,"key":"DuplicationPotion"},{"floor":7.0,"key":"Weak Potion"},{"floor":8.0,"key":"Ancient Potion"},{"floor":12.0,"key":"FairyPotion"},{"floor":16.0,"key":"SkillPotion"},{"floor":19.0,"key":"DistilledChaos"},{"floor":20.0,"key":"Ancient Potion"},{"floor":21.0,"key":"Energy Potion"},{"floor":22.0,"key":"EntropicBrew"}],"is_trial":false,"path_per_floor":["M","?","?","M","M","R","E","M","T","?","M","M","R","M","R","B",null,"M","M","M","M","M","R","E","?","T","?","M"],"character_chosen":"DEFECT","items_purchased":[],"campfire_rested":3,"item_purchase_floors":[],"current_hp_per_floor":[68,50,50,50,43,43,25,3,3,3,4,6,28,14,36,20,61,61,50,32,27,22,44,1,1,1,1,3,3],"gold":468,"neow_bonus":"THREE_RARE_CARDS","is_daily":false,"chose_seed":false,"campfire_upgraded":1,"win_rate":0.0,"timestamp":1611684660,"path_taken":["M","?","?","M","M","R","E","?","T","?","M","M","R","M","R","BOSS","M","M","M","M","?","R","E","?","T","?","?"],"items_purchased_type":[],"build_version":"2020-12-22","purchased_purges":0,"victory":false,"max_hp_per_floor":[75,75,75,75,75,75,75,75,75,75,75,75,75,75,75,75,75,75,75,75,75,75,75,75,75,75,75,75,75],"card_choices":[{"not_picked":["Fission","Amplify"],"picked":"Electrodynamics","floor":0.0},{"not_picked":["Coolheaded","Fusion"],"picked":"Conserve Battery","floor":1.0},{"not_picked":["Redo","Turbo"],"picked":"Capacitor","floor":4.0},{"not_picked":["Steam","Reprogram","Conserve Battery"],"picked":"SKIP","floor":5.0},{"not_picked":["Fusion","Doom and Gloom"],"picked":"Ball Lightning","floor":7.0},{"not_picked":["Chill","Redo"],"picked":"Stack","floor":8.0},{"not_picked":["Auto Shields","Conserve Battery"],"picked":"BootSequence","floor":11.0},{"not_picked":["Sweeping Beam","Stack","Turbo"],"picked":"SKIP","floor":12.0},{"not_picked":["Barrage","Redo"],"picked":"Core Surge","floor":14.0},{"not_picked":["Multi-Cast","Hyperbeam"],"picked":"Reboot","floor":16.0},{"not_picked":["Skim+1","Conserve Battery"],"picked":"Hologram","floor":18.0},{"not_picked":["Turbo","Compile Driver","Barrage"],"picked":"SKIP","floor":19.0},{"not_picked":["Cold Snap","Coolheaded"],"picked":"Force Field","floor":20.0},{"not_picked":["Sweeping Beam","Cold Snap"],"picked":"Ball Lightning","floor":21.0},{"not_picked":["Barrage","Steam Power","Stack"],"picked":"SKIP","floor":22.0},{"not_picked":["Barrage","Steam Power"],"picked":"Stack","floor":22.0},{"not_picked":["Reprogram+1","Coolheaded","Beam Cell"],"picked":"SKIP","floor":24.0}],"player_experience":86572,"relics_obtained":[{"floor":7.0,"key":"Pen Nib"},{"floor":9.0,"key":"Blood Vial"},{"floor":24.0,"key":"Blue Candle"},{"floor":26.0,"key":"Happy Flower"}],"event_choices":[{"damage_healed":0.0,"max_hp_gain":0.0,"max_hp_loss":0.0,"gold_gain":0.0,"event_name":"Golden Idol","player_choice":"Take Damage","floor":2.0,"gold_loss":0.0,"damage_taken":18.0,"relics_obtained":["Golden Idol"]},{"cards_removed":["Strike_B"],"damage_healed":0.0,"max_hp_gain":0.0,"max_hp_loss":0.0,"gold_gain":0.0,"event_name":"Bonfire Elementals","player_choice":"Offered Basic","floor":3.0,"gold_loss":0.0,"damage_taken":0.0},{"damage_healed":0.0,"max_hp_gain":0.0,"max_hp_loss":0.0,"gold_gain":0.0,"event_name":"FaceTrader","player_choice":"Leave","floor":10.0,"gold_loss":0.0,"damage_taken":0.0},{"damage_healed":0.0,"max_hp_gain":0.0,"max_hp_loss":0.0,"gold_gain":0.0,"event_name":"Addict","player_choice":"Stole Relic","floor":25.0,"gold_loss":0.0,"damage_taken":0.0,"relics_obtained":["Tiny Chest"],"cards_obtained":["Shame"]},{"damage_healed":0,"gold_gain":0,"player_choice":"Ignored","damage_taken":0,"max_hp_gain":0,"max_hp_loss":0,"event_name":"Cursed Tome","floor":27,"gold_loss":0}],"is_beta":false,"boss_relics":[{"not_picked":["Philosopher\u0027s Stone","Runic Pyramid"],"picked":"Nuclear Battery"}],"items_purged_floors":[],"is_endless":false,"potions_floor_spawned":[4,7,8,12,16,19,20,21,22],"killed_by":"3 Cultists","ascension_level":7}}