{"host":"39edsv1n7lhvfemz","time":1611648833,"event":{"mods":["Act Like it!","BaseMod","Better Vampires","Better-Laid Plans","CapriCore","Friendly Minions","Lobotomy","LobotomyExtend","Minty Spire (QoL Compilation)","Pale of the Ancients","StSLib","The Jungle","Waifu the Spire","noobMod","¡¾ÒÅÎï¿¨ÅÆ¡¿REMEMod"],"gold_per_floor":[13,28,48,58,58,83,83,101,101,101,101,101,171,197,197,310,310,322,322,322,322,340,375,396,396,396,396,296,335,358,203,203,313,313,357,622,622,642,39,39,92,104,162,214,112,112,112,159,159,171,171,171,171,21,68,135],"floor_reached":57,"language":"ZHS","playtime":2667,"items_purged":["Strike_B","Strike_B","Dualcast"],"score":1670,"play_id":"31b99921-0c78-4bd7-9fe2-6275f3f7d0dd","local_time":"20210126161353","is_ascension_mode":true,"campfire_choices":[{"floor":7.0,"key":"REST"},{"floor":15.0,"key":"REST"},{"data":"Coolheaded","floor":25.0,"key":"SMITH"},{"floor":27.0,"key":"DIG"},{"floor":32.0,"key":"DIG"},{"floor":40.0,"key":"DIG"},{"floor":42.0,"key":"DIG"},{"floor":47.0,"key":"RECALL"},{"floor":49.0,"key":"DIG"},{"floor":53.0,"key":"DIG"}],"circlet_count":0,"master_deck":["Defend_B","Defend_B","Defend_B","Zap+1","Reboot+1","Go for the Eyes+1","Beam Cell+1","Go for the Eyes+1","Auto Shields+1","Hologram+1","Go for the Eyes+1","Self Repair+1","Gash+1","BootSequence+1","Coolheaded+1","Leap+1","REME_ForAll+1","FTL+1","Finesse+1","Machine Learning+1","Clumsy","Dazed","Conserve Battery+1","REME_Shoggoth+1","Go for the Eyes+1","REME_WheelOfFate+1","Beam Cell"],"relics":["Cracked Core","ice","REME_ComplimentaryCards","Shovel","LetterFromLob","PreservedInsect","Pear","REME_ArchaeologicalTools","Question Card","Empty Cage","theJungle:WildStrawberry","REME_LimitBreaker","The Courier","Toxic Egg 2","Bottled Flame","Art of War","REME_DemonsWealth","WingedGreaves","Bronze Scales","Whetstone","DataDisk","MawBank","Shuriken","Kunai","Strawberry","Ginger","Unceasing Top","Bottled Lightning","White Beast Statue","Vajra"],"acts_visited":["Exordium","theJungle:Jungle","TheBeyond","TheEnding"],"potions_floor_usage":[],"damage_taken":[{"damage":0.0,"enemies":"Small Slimes","floor":1.0,"turns":2.0},{"damage":3.0,"enemies":"2 Louse","floor":2.0,"turns":2.0},{"damage":7.0,"enemies":"Jaw Worm","floor":3.0,"turns":3.0},{"damage":5.0,"enemies":"3 Louse","floor":4.0,"turns":2.0},{"damage":44.0,"enemies":"3 Sentries","floor":6.0,"turns":11.0},{"damage":8.0,"enemies":"Large Slime","floor":8.0,"turns":4.0},{"damage":7.0,"enemies":"Gremlin Nob","floor":13.0,"turns":3.0},{"damage":3.0,"enemies":"Looter","floor":14.0,"turns":2.0},{"damage":40.0,"enemies":"The Guardian","floor":16.0,"turns":15.0},{"damage":40.0,"enemies":"theJungle:GiantWrat","floor":18.0,"turns":7.0},{"damage":8.0,"enemies":"Shell Parasite","floor":22.0,"turns":8.0},{"damage":26.0,"enemies":"theJungle:2_Phrogs","floor":23.0,"turns":8.0},{"damage":19.0,"enemies":"theJungle:Snecko_Cultist_And_Trap","floor":24.0,"turns":6.0},{"damage":0.0,"enemies":"theJungle:MamaSnecko","floor":29.0,"turns":5.0},{"damage":12.0,"enemies":"theJungle:2_Flameangoes","floor":30.0,"turns":4.0},{"damage":38.0,"enemies":"theJungle:FunGuy","floor":33.0,"turns":13.0},{"damage":30.0,"enemies":"3 Shapes","floor":35.0,"turns":5.0},{"damage":8.0,"enemies":"2 Orb Walkers","floor":36.0,"turns":5.0},{"damage":9.0,"enemies":"Orb Walker","floor":38.0,"turns":3.0},{"damage":0.0,"enemies":"Nemesis","floor":41.0,"turns":3.0},{"damage":0.0,"enemies":"Giant Head","floor":44.0,"turns":5.0},{"damage":0.0,"enemies":"Nemesis","floor":48.0,"turns":3.0},{"damage":16.0,"enemies":"Donu and Deca","floor":50.0,"turns":5.0},{"damage":0.0,"enemies":"Shield and Spear","floor":55.0,"turns":2.0},{"damage":81,"enemies":"The Heart","floor":56,"turns":5}],"seed_played":"1121250698772982715","potions_obtained":[{"floor":3.0,"key":"PotionOfCapacity"},{"floor":4.0,"key":"LiquidMemories"},{"floor":8.0,"key":"SkillPotion"},{"floor":22.0,"key":"Strength Potion"},{"floor":23.0,"key":"FocusPotion"},{"floor":33.0,"key":"FearPotion"},{"floor":36.0,"key":"REME_GoldPotion"},{"floor":55.0,"key":"SteroidPotion"}],"is_trial":false,"path_per_floor":["M","M","M","M","$","E","R","M","T","?","?","T","E","M","R","B",null,"M","?","?","?","M","E","M","R","T","R","$","E","M","$","R","B",null,"M","?","?","M","$","R","E","R","T","E","$","?","R","E","R","B",null,null,"R","$","E","B",null],"character_chosen":"DEFECT","items_purchased":["Leap+1","Finesse+1","Panache","Bronze Scales","Whetstone","DataDisk","REME_Shoggoth","REME_WheelOfFate+1"],"campfire_rested":2,"item_purchase_floors":[28,31,39,39,39,39,45,54],"current_hp_per_floor":[75,72,65,60,60,16,38,30,40,33,26,26,19,16,41,8,85,52,52,45,45,44,25,92,92,92,92,92,96,91,91,91,60,122,99,98,98,89,89,89,96,96,103,110,110,117,117,117,117,111,111,162,162,162,162,91],"gold":135,"neow_bonus":"ONE_RARE_RELIC","is_daily":false,"chose_seed":false,"campfire_upgraded":1,"win_rate":0.0,"timestamp":1611648833,"path_taken":["M","M","M","M","$","E","R","M","T","?","?","?","E","M","R","BOSS","M","?","?","?","M","E","M","R","T","R","$","E","?","?","R","BOSS","M","?","?","M","$","R","E","R","T","E","$","?","R","E","R","BOSS","R","$","E","BOSS"],"items_purchased_type":["Card","Card","Card","Relic","Relic","Relic","Card","Card"],"build_version":"2020-12-22","purchased_purges":3,"victory":true,"max_hp_per_floor":[75,75,75,75,75,75,75,75,85,85,85,85,85,85,85,85,85,85,85,92,92,92,92,92,92,92,92,92,96,106,106,106,122,122,133,138,138,140,140,140,143,143,150,153,153,153,153,156,156,162,162,162,162,162,162,162],"card_choices":[{"not_picked":["Compile Driver","Ball Lightning"],"picked":"Go for the Eyes","floor":1.0},{"not_picked":["Rebound","Hologram"],"picked":"Beam Cell","floor":2.0},{"not_picked":["Barrage","Force Field"],"picked":"Go for the Eyes","floor":3.0},{"not_picked":["Storm","Barrage","Reprogram"],"picked":"SKIP","floor":4.0},{"not_picked":["REME_Compress","Hyperbeam"],"picked":"Auto Shields","floor":6.0},{"not_picked":["Ball Lightning","Reinforced Body"],"picked":"Hologram","floor":8.0},{"not_picked":["Meteor Strike","Rebound"],"picked":"Go for the Eyes","floor":13.0},{"not_picked":["Turbo","FTL","Reprogram"],"picked":"Self Repair","floor":14.0},{"not_picked":["Turbo","Steam","Consume","Streamline"],"picked":"SKIP","floor":18.0},{"not_picked":["Coolheaded","Sweeping Beam","Redo+1"],"picked":"Gash","floor":22.0},{"not_picked":["Ball Lightning","Cold Snap","Turbo"],"picked":"BootSequence+1","floor":23.0},{"not_picked":["Chaos+1","BootSequence","Creative AI"],"picked":"Coolheaded","floor":24.0},{"not_picked":["Redo+1","Blizzard","Go for the Eyes"],"picked":"REME_ForAll","floor":29.0},{"not_picked":["Ball Lightning","Fusion+1","Redo+1"],"picked":"FTL+1","floor":30.0},{"not_picked":["REME_Shoggoth","Thunder Strike","Electrodynamics"],"picked":"Machine Learning","floor":33.0},{"not_picked":["Go for the Eyes","Stack+1","FTL+1","Cold Snap","Normality"],"picked":"SKIP","floor":35.0},{"not_picked":["Go for the Eyes","Steam+1","Redo+1","Reinforced Body+1"],"picked":"Clumsy","floor":36.0},{"not_picked":["Self Repair+1","Compile Driver+1","Skim+1","Streamline+1","Writhe"],"picked":"SKIP","floor":38.0},{"not_picked":["Streamline+1","Defragment+1","Leap+1","Writhe"],"picked":"Conserve Battery+1","floor":41.0},{"not_picked":["Redo+1","Conserve Battery+1","REME_Whirling+1","Tempest+1","Pain"],"picked":"SKIP","floor":44.0},{"not_picked":["Doom and Gloom","Sweeping Beam+1","Biased Cognition","Shame"],"picked":"Go for the Eyes+1","floor":48.0},{"not_picked":["Conserve Battery+1","Sweeping Beam","Lockon","Regret"],"picked":"Beam Cell","floor":55.0}],"player_experience":161735,"relics_obtained":[{"floor":1.0,"key":"LetterFromLob"},{"floor":6.0,"key":"PreservedInsect"},{"floor":9.0,"key":"Pear"},{"floor":13.0,"key":"Question Card"},{"floor":23.0,"key":"REME_LimitBreaker"},{"floor":26.0,"key":"The Courier"},{"floor":27.0,"key":"Toxic Egg 2"},{"floor":29.0,"key":"Bottled Flame"},{"floor":32.0,"key":"Art of War"},{"floor":36.0,"key":"WingedGreaves"},{"floor":40.0,"key":"MawBank"},{"floor":41.0,"key":"Shuriken"},{"floor":42.0,"key":"Kunai"},{"floor":43.0,"key":"Strawberry"},{"floor":44.0,"key":"Ginger"},{"floor":48.0,"key":"Unceasing Top"},{"floor":49.0,"key":"Bottled Lightning"},{"floor":53.0,"key":"White Beast Statue"},{"floor":55.0,"key":"Vajra"}],"event_choices":[{"cards_removed":["Strike_B"],"damage_healed":0.0,"max_hp_gain":0.0,"max_hp_loss":0.0,"gold_gain":0.0,"event_name":"Golden Wing","player_choice":"Card Removal","floor":10.0,"gold_loss":0.0,"damage_taken":7.0},{"damage_healed":0.0,"max_hp_gain":0.0,"max_hp_loss":0.0,"gold_gain":0.0,"event_name":"Scrap Ooze","player_choice":"Success","floor":11.0,"gold_loss":0.0,"damage_taken":7.0,"relics_obtained":["REME_ArchaeologicalTools"]},{"damage_healed":0.0,"max_hp_gain":0.0,"max_hp_loss":0.0,"gold_gain":0.0,"event_name":"Upgrade Shrine","player_choice":"Upgraded","floor":21.0,"gold_loss":0.0,"damage_taken":0.0,"cards_upgraded":["Zap"]},{"damage_healed":0.0,"max_hp_gain":0.0,"max_hp_loss":0.0,"gold_gain":0.0,"event_name":"Mysterious Sphere","player_choice":"Fight","floor":36.0,"gold_loss":0.0,"damage_taken":0.0},{"damage_healed":0.0,"max_hp_gain":0.0,"max_hp_loss":0.0,"gold_gain":0.0,"event_name":"Tomb of Lord Red Mask","player_choice":"Ignored","floor":37.0,"gold_loss":0.0,"damage_taken":0.0}],"is_beta":false,"boss_relics":[{"not_picked":["Inserter","REME_ChargedStone"],"picked":"Empty Cage"},{"not_picked":["Philosopher\u0027s Stone","Runic Pyramid"],"picked":"REME_DemonsWealth"}],"items_purged_floors":[28,31,39],"is_endless":false,"potions_floor_spawned":[3,4,8,14,16,22,23,33,35,36,55],"ascension_level":2}}