{"host":"vumwfieg2b2mnrfl","time":1611636193,"event":{"mods":["AchievementEnabler","BaseMod","Minty Spire (QoL Compilation)","Rare Cards Sparkle","Relic Stats"],"gold_per_floor":[114,114,114,124,124,153,153,180,180,180,191,191,108,33,33,107,107,120,140,159,159,66,66,66],"floor_reached":23,"language":"ENG","playtime":468,"items_purged":[],"score":422,"play_id":"7f2bcab0-6991-4736-8934-9cdea9edacd8","local_time":"20210125224313","is_ascension_mode":true,"campfire_choices":[{"data":"Bash","floor":7.0,"key":"SMITH"},{"floor":10.0,"key":"REST"},{"data":"Limit Break","floor":12.0,"key":"SMITH"},{"data":"Spot Weakness","floor":15.0,"key":"SMITH"}],"circlet_count":0,"master_deck":["AscendersBane","Strike_R","Strike_R","Strike_R","Defend_R","Defend_R","Defend_R","Defend_R","Bash+1","Shrug It Off","Thunderclap","Heavy Blade","Spot Weakness+1","Limit Break+1","Fire Breathing","Reaper","Headbutt+1","Metallicize","Armaments","Metallicize","Shrug It Off"],"relics":["Burning Blood","NeowsBlessing","Blue Candle","Torii","PreservedInsect","Mark of Pain","Bronze Scales"],"acts_visited":["Exordium","TheCity"],"potions_floor_usage":[],"damage_taken":[{"damage":0.0,"enemies":"Cultist","floor":1.0,"turns":1.0},{"damage":0.0,"enemies":"Small Slimes","floor":4.0,"turns":1.0},{"damage":0.0,"enemies":"3 Sentries","floor":6.0,"turns":1.0},{"damage":49.0,"enemies":"Lagavulin","floor":8.0,"turns":9.0},{"damage":1.0,"enemies":"2 Louse","floor":11.0,"turns":3.0},{"damage":23.0,"enemies":"Slime Boss","floor":16.0,"turns":8.0},{"damage":18.0,"enemies":"2 Thieves","floor":18.0,"turns":3.0},{"damage":23.0,"enemies":"Chosen","floor":19.0,"turns":5.0},{"damage":29.0,"enemies":"Centurion and Healer","floor":20.0,"turns":6.0},{"damage":41,"enemies":"Gremlin Leader","floor":23,"turns":4}],"seed_played":"462542615320473282","potions_obtained":[{"floor":4.0,"key":"ElixirPotion"},{"floor":8.0,"key":"Weak Potion"},{"floor":20.0,"key":"Swift Potion"}],"is_trial":false,"path_per_floor":["M","?","?","M","?","E","R","E","T","R","M","R","$","?","R","B",null,"M","M","M","?","$","E"],"character_chosen":"IRONCLAD","items_purchased":["Fire Breathing","Metallicize","Shrug It Off"],"campfire_rested":1,"item_purchase_floors":[13,22,22],"current_hp_per_floor":[74,74,74,75,75,75,75,32,32,54,59,59,59,59,59,42,67,55,38,32,32,32,0,0],"gold":66,"neow_bonus":"THREE_ENEMY_KILL","is_daily":false,"chose_seed":false,"campfire_upgraded":3,"win_rate":0.0,"timestamp":1611636193,"path_taken":["M","?","?","?","?","E","R","E","T","R","M","R","$","?","R","BOSS","M","M","M","?","$","E"],"items_purchased_type":["Card","Card","Card"],"build_version":"2020-12-22","purchased_purges":0,"victory":false,"max_hp_per_floor":[75,75,75,75,75,75,75,75,75,75,75,75,75,75,75,75,75,75,75,75,75,75,75,75],"relic_stats":{"Torii":5,"counters":[10,41],"Blue Candle":[1],"Bronze Scales":[0],"PreservedInsect":48,"obtain_stats":[{"NeowsBlessing":0,"Torii":6,"Blue Candle":5,"Bronze Scales":21,"PreservedInsect":8,"Mark of Pain":17,"Burning Blood":0},{"NeowsBlessing":0,"Torii":3,"Blue Candle":2,"Bronze Scales":9,"PreservedInsect":4,"Mark of Pain":6,"Burning Blood":0},{"NeowsBlessing":0,"Torii":3,"Blue Candle":2,"Bronze Scales":37,"PreservedInsect":12,"Mark of Pain":23,"Burning Blood":0}],"Burning Blood":43},"card_choices":[{"not_picked":["Iron Wave","Wild Strike"],"picked":"Shrug It Off","floor":1.0},{"not_picked":["Flex","Iron Wave"],"picked":"Heavy Blade","floor":4.0},{"not_picked":["Searing Blow","Evolve"],"picked":"Spot Weakness","floor":6.0},{"not_picked":["Havoc","Body Slam"],"picked":"Limit Break","floor":8.0},{"not_picked":["Twin Strike","Warcry","Thunderclap"],"picked":"SKIP","floor":11.0},{"not_picked":["Fiend Fire","Impervious"],"picked":"Reaper","floor":16.0},{"not_picked":["Perfected Strike+1","Disarm"],"picked":"Headbutt+1","floor":18.0},{"not_picked":["Cleave","Havoc"],"picked":"Metallicize","floor":19.0},{"not_picked":["Carnage","Flex+1"],"picked":"Armaments","floor":20.0}],"player_experience":467886,"relics_obtained":[{"floor":6.0,"key":"Torii"},{"floor":8.0,"key":"PreservedInsect"}],"event_choices":[{"damage_healed":0.0,"max_hp_gain":0.0,"max_hp_loss":0.0,"gold_gain":0.0,"cards_transformed":["Strike_R"],"event_name":"Living Wall","player_choice":"Change","floor":2.0,"gold_loss":0.0,"damage_taken":0.0,"cards_obtained":["Thunderclap"]},{"cards_removed":["Strike_R"],"damage_healed":0.0,"max_hp_gain":0.0,"max_hp_loss":0.0,"gold_gain":0.0,"event_name":"Bonfire Elementals","player_choice":"Offered Basic","floor":3.0,"gold_loss":0.0,"damage_taken":0.0},{"damage_healed":0.0,"max_hp_gain":0.0,"max_hp_loss":0.0,"gold_gain":0.0,"event_name":"Big Fish","player_choice":"Box","floor":5.0,"gold_loss":0.0,"damage_taken":0.0,"relics_obtained":["Blue Candle"],"cards_obtained":["Regret"]},{"cards_removed":["Regret"],"damage_healed":0.0,"max_hp_gain":0.0,"max_hp_loss":0.0,"gold_gain":0.0,"event_name":"The Cleric","player_choice":"Card Removal","floor":14.0,"gold_loss":75.0,"damage_taken":0.0},{"damage_healed":0.0,"max_hp_gain":0.0,"max_hp_loss":0.0,"gold_gain":0.0,"event_name":"WeMeetAgain","player_choice":"Gave Potion","floor":21.0,"gold_loss":0.0,"damage_taken":0.0,"relics_obtained":["Bronze Scales"]}],"is_beta":false,"boss_relics":[{"not_picked":["Coffee Dripper","Fusion Hammer"],"picked":"Mark of Pain"}],"items_purged_floors":[],"is_endless":false,"potions_floor_spawned":[4,8,20],"killed_by":"Gremlin Leader","ascension_level":18}}