{"host":"tq7pufgtqftqw8yr","time":1611682544,"event":{"mods":["BaseMod","Downfall","Minty Spire (QoL Compilation)","StSLib"],"gold_per_floor":[99,112,112,138,156,56,56,85,95,108,127,138,158,158,170,270,270,270,270],"floor_reached":17,"language":"ZHS","playtime":1142,"items_purged":[],"score":161,"play_id":"a2d56e88-0529-4210-b189-8d6b9e74516a","local_time":"20210127013544","is_ascension_mode":false,"campfire_choices":[{"floor":1,"key":"RECALL"},{"data":"champ:Taunt","floor":6,"key":"SMITH"}],"circlet_count":0,"master_deck":["champ:Strike","champ:Strike","champ:Strike","champ:Defend","champ:Defend","champ:Defend","champ:Defend","champ:Execute","champ:Taunt+1","champ:ShieldThrow","champ:DefensiveStyle","Regret","champ:StanceDance","champ:ArenaPreparation","champ:TripleStrike","champ:StanceDance","champ:DefensiveStyle","champ:IronFortress","champ:UltimateStance"],"relics":["champ:ChampionCrown","Gambling Chip","downfall:HeartBlessingRed","Question Card","Meat on the Bone","downfall:BrokenWingStatue","SlaversCollar"],"acts_visited":["Exordium","TheCity"],"potions_floor_usage":[13],"damage_taken":[{"damage":16,"enemies":"Cultist","floor":2,"turns":3},{"damage":10,"enemies":"Jaw Worm","floor":5,"turns":5},{"damage":34,"enemies":"Lagavulin","floor":8,"turns":7},{"damage":2,"enemies":"2 Louse","floor":9,"turns":3},{"damage":8,"enemies":"Large Slime","floor":10,"turns":4},{"damage":5,"enemies":"Exordium Thugs","floor":11,"turns":2},{"damage":0,"enemies":"3 Louse","floor":12,"turns":2},{"damage":0,"enemies":"2 Fungi Beasts","floor":13,"turns":3},{"damage":16,"enemies":"Red Slaver","floor":15,"turns":3},{"damage":33,"enemies":"DF_ARCHETYPE_STREAMLINE","floor":16,"turns":9}],"seed_played":"-6140071331327716232","potions_obtained":[{"floor":2,"key":"Explosive Potion"},{"floor":10,"key":"PowerPotion"},{"floor":12,"key":"EssenceOfSteel"},{"floor":16,"key":"Energy Potion"}],"is_trial":false,"path_per_floor":["R","M","?","T","M","R","T","E","M","M","M","M","M","?","M","B",null],"character_chosen":"THE_CHAMP","items_purchased":[],"campfire_rested":0,"item_purchase_floors":[],"current_hp_per_floor":[90,84,84,84,79,79,79,65,63,55,50,50,50,50,46,25,90,90,90],"gold":270,"neow_bonus":"TRANSFORM_CARD","is_daily":false,"chose_seed":false,"campfire_upgraded":1,"win_rate":0.0,"timestamp":1611682544,"path_taken":["R","M","?","?","M","R","T","E","?","M","M","M","M","?","M","BOSS"],"items_purchased_type":[],"build_version":"2020-12-22","purchased_purges":0,"victory":false,"max_hp_per_floor":[90,90,90,90,90,90,90,90,90,90,90,90,90,90,90,90,90,90,90],"card_choices":[{"not_picked":["champ:EnragedBash","champ:GutPunch"],"picked":"champ:DefensiveStyle","floor":2},{"not_picked":["champ:PreciseThrust","champ:BladeFlurry"],"picked":"champ:StanceDance","floor":5},{"not_picked":["champ:Haymaker","champ:CrookedStrike","champ:RapidStrikes"],"picked":"champ:ArenaPreparation","floor":8},{"not_picked":["champ:PerfectedStrike","champ:FlashCut","champ:RecklessLeap"],"picked":"champ:TripleStrike","floor":9},{"not_picked":["champ:FanOfKnives","champ:RapidStrikes","champ:EnragedBash","champ:Duel"],"picked":"SKIP","floor":10},{"not_picked":["champ:PerfectedStrike","champ:ShieldWall","champ:Circumvent"],"picked":"champ:StanceDance","floor":11},{"not_picked":["champ:CrownThrow","champ:Haymaker","champ:Backstep"],"picked":"champ:DefensiveStyle","floor":12},{"not_picked":["champ:PerfectedStrike","champ:SkillfulDodge","champ:DefensiveStyle","champ:RapidStrikes"],"picked":"SKIP","floor":13},{"not_picked":["champ:EnGarde","champ:PerfectedStrike","champ:Circumvent"],"picked":"champ:IronFortress","floor":15},{"not_picked":["champ:IgnorePain","champ:HeavySlash","champ:HoldFirm"],"picked":"champ:UltimateStance","floor":16}],"player_experience":835995,"relics_obtained":[{"floor":7,"key":"Question Card"},{"floor":8,"key":"Meat on the Bone"}],"event_choices":[{"damage_healed":0,"gold_gain":0,"player_choice":"Box","damage_taken":0,"relics_obtained":["Gambling Chip"],"max_hp_gain":0,"max_hp_loss":0,"event_name":"Big Fish","floor":3,"gold_loss":0,"cards_obtained":["Regret"]}],"is_beta":false,"boss_relics":[{"not_picked":["SacredBark","Snecko Eye"],"picked":"SlaversCollar"}],"items_purged_floors":[],"is_endless":false,"potions_floor_spawned":[2,10,12,16],"ascension_level":0}}