{"host":"c3lc60y5x60jlt1y","time":1611678402,"event":{"mods":["AchievementEnabler","BaseMod","Bestiary","Colored Map","Minty Spire (QoL Compilation)","Quick Restart","StSLib","ojb\u0027s Info Mod"],"gold_per_floor":[117,117,135,135,45,80,80,104,104,138,138,188,203,128,128,128,128],"floor_reached":16,"language":"ENG","playtime":979,"items_purged":["Strike_R"],"score":270,"play_id":"c0eab246-d954-43d8-9162-332c0fd8878b","local_time":"20210126182642","is_ascension_mode":true,"campfire_choices":[{"data":"Bash","floor":7.0,"key":"SMITH"},{"data":"Dramatic Entrance","floor":15,"key":"SMITH"}],"circlet_count":0,"master_deck":["AscendersBane","Strike_R","Strike_R","Strike_R","Strike_R","Defend_R","Defend_R","Defend_R","Defend_R","Bash+1","Pommel Strike","Clothesline","Dramatic Entrance+1","Fire Breathing","Sentinel","Reckless Charge","Sword Boomerang"],"relics":["Burning Blood","NeowsBlessing","Golden Idol","Champion Belt","HornCleat","Unceasing Top","Art of War"],"acts_visited":["Exordium"],"potions_floor_usage":[16],"damage_taken":[{"damage":0.0,"enemies":"Jaw Worm","floor":1.0,"turns":1.0},{"damage":0.0,"enemies":"2 Louse","floor":3.0,"turns":1.0},{"damage":0.0,"enemies":"Gremlin Nob","floor":6.0,"turns":1.0},{"damage":0.0,"enemies":"Cultist","floor":8.0,"turns":3.0},{"damage":28.0,"enemies":"Lagavulin","floor":10.0,"turns":6.0},{"damage":21.0,"enemies":"Exordium Wildlife","floor":11.0,"turns":4.0},{"damage":1,"enemies":"Lots of Slimes","floor":13,"turns":3},{"damage":53,"enemies":"The Guardian","floor":16,"turns":11}],"seed_played":"8172351874152278739","potions_obtained":[{"floor":3.0,"key":"Ancient Potion"},{"floor":10.0,"key":"SmokeBomb"},{"floor":13,"key":"Block Potion"}],"is_trial":false,"path_per_floor":["M","?","M","?","$","E","R","M","T","E","M","?","M","$","R","B"],"character_chosen":"IRONCLAD","items_purchased":["Dramatic Entrance"],"campfire_rested":0,"item_purchase_floors":[5],"current_hp_per_floor":[74,48,54,43,43,49,49,55,55,33,18,18,23,23,23,0,0],"gold":128,"neow_bonus":"THREE_ENEMY_KILL","is_daily":false,"chose_seed":false,"campfire_upgraded":2,"win_rate":0.0,"timestamp":1611678402,"path_taken":["M","?","M","?","?","E","R","M","T","E","?","?","?","$","R","BOSS"],"items_purchased_type":["Card"],"build_version":"2020-12-22","purchased_purges":1,"victory":false,"max_hp_per_floor":[75,75,75,75,75,75,75,75,75,75,75,75,75,75,75,75,75],"card_choices":[{"not_picked":["True Grit","Heavy Blade"],"picked":"Pommel Strike","floor":1.0},{"not_picked":["Warcry","Pommel Strike"],"picked":"Clothesline","floor":3.0},{"not_picked":["Anger","Heavy Blade"],"picked":"Fire Breathing","floor":6.0},{"not_picked":["Clothesline","Rage"],"picked":"Sentinel","floor":8.0},{"not_picked":["Iron Wave","Rupture"],"picked":"Reckless Charge","floor":10.0},{"not_picked":["Clothesline","Perfected Strike"],"picked":"Sword Boomerang","floor":13}],"player_experience":8590937,"relics_obtained":[{"floor":6.0,"key":"HornCleat"},{"floor":9.0,"key":"Unceasing Top"},{"floor":10.0,"key":"Art of War"}],"event_choices":[{"damage_healed":0.0,"max_hp_gain":0.0,"max_hp_loss":0.0,"gold_gain":0.0,"event_name":"Golden Idol","player_choice":"Take Damage","floor":2.0,"gold_loss":0.0,"damage_taken":26.0,"relics_obtained":["Golden Idol"]},{"damage_healed":0.0,"max_hp_gain":0.0,"max_hp_loss":0.0,"gold_gain":0.0,"event_name":"Scrap Ooze","player_choice":"Success","floor":4.0,"gold_loss":0.0,"damage_taken":11.0,"relics_obtained":["Champion Belt"]},{"damage_healed":0.0,"max_hp_gain":0.0,"max_hp_loss":0.0,"gold_gain":50.0,"event_name":"Golden Shrine","player_choice":"Pray","floor":12.0,"gold_loss":0.0,"damage_taken":0.0}],"is_beta":false,"boss_relics":[],"items_purged_floors":[14],"is_endless":false,"potions_floor_spawned":[3,10,11,13],"killed_by":"The Guardian","ascension_level":20}}