{"host":"tq99ucv8ezzqzioe","time":1611675964,"event":{"mods":["BaseMod","Colored Map","Downfall","Highlight Path","Minty Spire (QoL Compilation)","StSLib"],"gold_per_floor":[109,119,119,119,119,149,149,181,235,235,265,279,279,306,306,405,405,391,406,406,331,59,88,88,107,156,184,184,219,219,230,230,329,329,346,346,346,346,256,256,290,311,360,389,389,408,421,445,445,445,445,445,15,56,56,56],"floor_reached":55,"language":"ENG","playtime":7358,"items_purged":["Defend_B"],"score":1104,"play_id":"d0340e20-5228-4d33-af82-3a713ab3b320","local_time":"20210126104604","is_ascension_mode":true,"campfire_choices":[{"floor":7,"key":"RECALL"},{"floor":10,"key":"REST"},{"floor":15,"key":"REST"},{"data":"Storm","floor":24,"key":"SMITH"},{"floor":28,"key":"REST"},{"floor":32,"key":"REST"},{"data":"Chaos","floor":40,"key":"SMITH"},{"data":"Buffer","floor":45,"key":"SMITH"},{"floor":49,"key":"REST"},{"data":"Defragment","floor":52,"key":"SMITH"}],"circlet_count":0,"master_deck":["Defend_B+1","Defend_B","Zap+1","Dualcast+1","Chaos+1","Heatsinks","Echo Form","Undo+1","Seek","Defragment+1","Genetic Algorithm","Meteor Strike","Conserve Battery","Storm+1","Echo Form","Cold Snap","Leap","Genetic Algorithm+1","Chill","White Noise","Buffer+1","Steam Power+1","Ball Lightning","Defragment+1","Conserve Battery","Hello World+1"],"relics":["Cracked Core","Strawberry","War Paint","Peace Pipe","Anchor","Art of War","Lizard Tail","bronze:MakeshiftBattery","Blue Candle","DollysMirror","Pear","Singing Bowl","Bottled Tornado","Inserter","CeramicFish","Orichalcum","Calipers","StrikeDummy"],"acts_visited":["Exordium","TheCity","TheBeyond","TheEnding"],"potions_floor_usage":[6,14,18,27,27,31,46,50,50],"damage_taken":[{"damage":1,"enemies":"Cultist","floor":1,"turns":3},{"damage":0,"enemies":"2 Louse","floor":2,"turns":2},{"damage":0,"enemies":"Lagavulin","floor":6,"turns":6},{"damage":62,"enemies":"Gremlin Nob","floor":8,"turns":5},{"damage":0,"enemies":"Lagavulin","floor":11,"turns":7},{"damage":0,"enemies":"Small Slimes","floor":12,"turns":4},{"damage":20,"enemies":"Gremlin Nob","floor":14,"turns":4},{"damage":36,"enemies":"Hexaghost","floor":16,"turns":12},{"damage":9,"enemies":"2 Thieves","floor":18,"turns":4},{"damage":4,"enemies":"Chosen","floor":19,"turns":6},{"damage":16,"enemies":"Book of Stabbing","floor":23,"turns":5},{"damage":13,"enemies":"Snecko","floor":25,"turns":4},{"damage":27,"enemies":"Slavers","floor":27,"turns":6},{"damage":16,"enemies":"Book of Stabbing","floor":29,"turns":5},{"damage":0,"enemies":"Shelled Parasite and Fungi","floor":31,"turns":7},{"damage":41,"enemies":"Automaton","floor":33,"turns":13},{"damage":11,"enemies":"3 Darklings","floor":35,"turns":10},{"damage":21,"enemies":"Reptomancer","floor":41,"turns":7},{"damage":1,"enemies":"3 Shapes","floor":42,"turns":5},{"damage":6,"enemies":"Jaw Worm Horde","floor":44,"turns":5},{"damage":14,"enemies":"3 Darklings","floor":46,"turns":5},{"damage":1,"enemies":"4 Shapes","floor":47,"turns":6},{"damage":17,"enemies":"Jaw Worm Horde","floor":48,"turns":4},{"damage":59,"enemies":"Time Eater","floor":50,"turns":10},{"damage":23,"enemies":"Shield and Spear","floor":54,"turns":9},{"damage":144,"enemies":"The Heart","floor":55,"turns":12}],"seed_played":"-2323615940221796353","potions_obtained":[{"floor":1,"key":"Weak Potion"},{"floor":2,"key":"Strength Potion"},{"floor":12,"key":"Guardian:BlockOnCardUsePotion"},{"floor":14,"key":"PotionOfCapacity"},{"floor":19,"key":"Energy Potion"},{"floor":23,"key":"PotionOfCapacity"},{"floor":27,"key":"Swift Potion"},{"floor":42,"key":"Regen Potion"},{"floor":47,"key":"Explosive Potion"},{"floor":54,"key":"Ancient Potion"}],"is_trial":false,"path_per_floor":["M","M","?","?","?","E","R","E","T","R","E","M","?","E","R","B",null,"M","M","?","?","$","E","R","M","T","E","R","E","?","M","R","B",null,"M","?","?","?","?","R","E","M","T","M","R","M","M","M","R","B",null,"R","$","E","B"],"character_chosen":"DEFECT","items_purchased":["Storm","DollysMirror","Cold Snap","Calipers","Conserve Battery"],"campfire_rested":5,"item_purchase_floors":[22,22,22,53,53],"current_hp_per_floor":[74,74,74,74,74,74,74,12,12,38,38,38,38,18,44,8,69,60,56,51,51,51,45,45,32,32,5,34,20,20,20,50,9,78,69,69,69,71,71,71,52,51,51,45,45,45,46,29,62,3,84,84,84,61,0,0],"gold":56,"neow_bonus":"TEN_PERCENT_HP_BONUS","is_daily":false,"chose_seed":false,"campfire_upgraded":4,"win_rate":0.0,"timestamp":1611675964,"path_taken":["M","M","?","?","?","E","R","E","T","R","E","M","?","E","R","BOSS","M","?","?","?","$","E","R","M","T","E","R","E","?","?","R","BOSS","M","?","?","?","?","R","E","M","T","M","R","M","M","M","R","BOSS","R","$","E","BOSS"],"items_purchased_type":["Card","Relic","Card","Relic","Card"],"build_version":"2020-12-22","purchased_purges":1,"victory":false,"max_hp_per_floor":[82,82,82,82,89,89,89,89,89,89,89,89,89,89,89,89,89,89,89,89,89,89,99,99,99,99,99,99,101,101,101,101,101,101,103,103,103,105,105,105,107,107,107,107,107,109,111,111,111,111,111,111,111,111,111,111],"card_choices":[{"not_picked":["Compile Driver","Rebound"],"picked":"Chaos","floor":1},{"not_picked":["Gash","Go for the Eyes"],"picked":"Heatsinks","floor":2},{"not_picked":["Gash","Skim"],"picked":"Undo","floor":6},{"not_picked":["Tempest","Streamline"],"picked":"Seek","floor":8},{"not_picked":["Chaos","Doom and Gloom"],"picked":"Defragment","floor":11},{"not_picked":["Barrage","BootSequence","Steam"],"picked":"SKIP","floor":12},{"not_picked":["Barrage","Loop"],"picked":"Genetic Algorithm","floor":14},{"not_picked":["Multi-Cast","Reboot"],"picked":"Meteor Strike","floor":16},{"not_picked":["Sweeping Beam","Steam+1","Turbo"],"picked":"SKIP","floor":18},{"not_picked":["Coolheaded","Steam+1"],"picked":"Conserve Battery","floor":19},{"not_picked":["Biased Cognition","Melter"],"picked":"Leap","floor":23},{"not_picked":["Sweeping Beam","Go for the Eyes"],"picked":"Genetic Algorithm+1","floor":25},{"not_picked":["Reprogram+1","Go for the Eyes"],"picked":"Chill","floor":27},{"not_picked":["Sweeping Beam+1","Go for the Eyes+1","Hologram"],"picked":"Singing Bowl","floor":29},{"not_picked":["Blizzard+1","Redo"],"picked":"White Noise","floor":31},{"not_picked":["Core Surge","All For One"],"picked":"Buffer","floor":33},{"not_picked":["Stack+1","Melter","Conserve Battery"],"picked":"Singing Bowl","floor":35},{"not_picked":["Enlightenment","Swift Strike","Madness"],"picked":"Singing Bowl","floor":38},{"not_picked":["Genetic Algorithm","Rip and Tear","Self Repair"],"picked":"Singing Bowl","floor":41},{"not_picked":["Melter+1","Barrage+1"],"picked":"Steam Power+1","floor":42},{"not_picked":["Compile Driver+1","Stack"],"picked":"Ball Lightning","floor":44},{"not_picked":["Go for the Eyes","Turbo","Streamline"],"picked":"Singing Bowl","floor":46},{"not_picked":["Rebound+1","Beam Cell","Turbo"],"picked":"Singing Bowl","floor":47},{"not_picked":["Hologram","Tempest"],"picked":"Defragment+1","floor":48},{"not_picked":["Chaos","Turbo"],"picked":"Hello World+1","floor":54}],"player_experience":758396,"relics_obtained":[{"floor":6,"key":"War Paint"},{"floor":8,"key":"Peace Pipe"},{"floor":9,"key":"Anchor"},{"floor":11,"key":"Art of War"},{"floor":14,"key":"Lizard Tail"},{"floor":23,"key":"Pear"},{"floor":27,"key":"Singing Bowl"},{"floor":29,"key":"Bottled Tornado"},{"floor":41,"key":"CeramicFish"},{"floor":43,"key":"Orichalcum"},{"floor":54,"key":"StrikeDummy"}],"event_choices":[{"damage_healed":0,"gold_gain":0,"player_choice":"Ignored","damage_taken":0,"max_hp_gain":0,"max_hp_loss":0,"event_name":"Liars Game","floor":3,"gold_loss":0},{"damage_healed":0,"gold_gain":0,"cards_transformed":["Strike_B"],"player_choice":"Change","damage_taken":0,"max_hp_gain":0,"max_hp_loss":0,"event_name":"Living Wall","floor":4,"gold_loss":0,"cards_obtained":["Echo Form"]},{"damage_healed":0,"gold_gain":0,"player_choice":"Success","damage_taken":7,"relics_obtained":["Strawberry"],"max_hp_gain":0,"max_hp_loss":0,"event_name":"Scrap Ooze","floor":5,"gold_loss":0},{"damage_healed":0,"gold_gain":0,"player_choice":"Forge","damage_taken":0,"max_hp_gain":0,"max_hp_loss":0,"event_name":"Accursed Blacksmith","floor":13,"gold_loss":0,"cards_upgraded":["Zap"]},{"cards_removed":["Strike_B"],"damage_healed":0,"gold_gain":0,"player_choice":"Gave Gold","damage_taken":0,"max_hp_gain":0,"max_hp_loss":0,"event_name":"Beggar","floor":21,"gold_loss":75},{"cards_removed":["Strike_B"],"damage_healed":0,"gold_gain":0,"player_choice":"Purged","damage_taken":0,"max_hp_gain":0,"max_hp_loss":0,"event_name":"Purifier","floor":30,"gold_loss":0},{"damage_healed":0,"gold_gain":0,"player_choice":"Ignored","damage_taken":0,"max_hp_gain":0,"max_hp_loss":0,"event_name":"Tomb of Lord Red Mask","floor":36,"gold_loss":0},{"cards_removed":["Strike_B"],"damage_healed":0,"gold_gain":0,"player_choice":"Removed Attack","damage_taken":0,"max_hp_gain":0,"max_hp_loss":0,"event_name":"Falling","floor":37,"gold_loss":0},{"damage_healed":0,"gold_gain":0,"player_choice":"Memory 1","damage_taken":0,"max_hp_gain":0,"max_hp_loss":0,"event_name":"SensoryStone","floor":38,"gold_loss":0},{"cards_removed":["Defend_B"],"damage_healed":0,"gold_gain":0,"player_choice":"Upgrade and Remove","damage_taken":0,"max_hp_gain":0,"max_hp_loss":0,"event_name":"Designer","floor":39,"gold_loss":90,"cards_upgraded":["Undo"]}],"is_beta":false,"boss_relics":[{"not_picked":["Black Star","Calling Bell"],"picked":"bronze:MakeshiftBattery"},{"not_picked":["Philosopher\u0027s Stone","Busted Crown"],"picked":"Inserter"}],"items_purged_floors":[53],"is_endless":false,"potions_floor_spawned":[1,2,12,14,19,23,25,27,42,47,54],"killed_by":"The Heart","ascension_level":7}}