{"host":"1qhzi8r9ejho5yph","time":1611693442,"event":{"mods":["AchievementEnabler","BaseMod","Colored Map","Colored Powertips","Highlight Path","Minty Spire (QoL Compilation)","Permanent Neow","Quick Restart","Random Character Button","StSLib","SuperFastMode"],"gold_per_floor":[214,139,151,226,245,245,78,94,147,166,197,197,197,18,18,116,116,126,73,89,89,89],"floor_reached":21,"language":"ENG","playtime":501,"items_purged":["Defend_R","Defend_R","Defend_R"],"score":179,"play_id":"826a4de0-f4d6-443a-8e7e-e5d4e5e87c25","local_time":"20210127043722","is_ascension_mode":false,"campfire_choices":[{"data":"True Grit","floor":6.0,"key":"SMITH"},{"floor":12.0,"key":"REST"},{"data":"Perfected Strike","floor":15,"key":"SMITH"}],"circlet_count":0,"master_deck":["Strike_R","Strike_R","Strike_R","Strike_R","Strike_R","Defend_R","Bash","Perfected Strike+1","True Grit+1","Whirlwind","Fire Breathing","Inflame","Ghostly Armor","Shrug It Off","Double Tap","Iron Wave","Perfected Strike","True Grit+1"],"relics":["Burning Blood"],"acts_visited":["TheCity"],"potions_floor_usage":[16,16,16,21],"damage_taken":[{"damage":0.0,"enemies":"2 Louse","floor":1.0,"turns":3.0},{"damage":0.0,"enemies":"Small Slimes","floor":3.0,"turns":3.0},{"damage":3.0,"enemies":"Jaw Worm","floor":5.0,"turns":4.0},{"damage":30.0,"enemies":"Exordium Thugs","floor":8.0,"turns":5.0},{"damage":16.0,"enemies":"2 Fungi Beasts","floor":10.0,"turns":3.0},{"damage":20.0,"enemies":"Gremlin Nob","floor":11.0,"turns":4.0},{"damage":63,"enemies":"Hexaghost","floor":16,"turns":14},{"damage":32,"enemies":"3 Byrds","floor":18,"turns":5},{"damage":10,"enemies":"Spheric Guardian","floor":20,"turns":3},{"damage":55,"enemies":"Shelled Parasite and Fungi","floor":21,"turns":8}],"seed_played":"8025577641475415604","potions_obtained":[{"floor":3.0,"key":"Weak Potion"},{"floor":5.0,"key":"Regen Potion"},{"floor":8.0,"key":"Fruit Juice"},{"floor":10.0,"key":"BloodPotion"},{"floor":20,"key":"SkillPotion"}],"is_trial":false,"path_per_floor":["M","$","M","?","M","R","$","M","T","M","E","R","?","$","R","B",null,"M","$","M","M"],"character_chosen":"IRONCLAD","items_purchased":["Whirlwind","Shrug It Off","Perfected Strike"],"campfire_rested":1,"item_purchase_floors":[7,14,19],"current_hp_per_floor":[80,80,80,69,72,72,72,53,53,43,29,54,54,54,54,29,85,59,59,55,0,0],"gold":89,"neow_bonus":"HUNDRED_GOLD","is_daily":false,"chose_seed":false,"campfire_upgraded":2,"win_rate":0.0,"timestamp":1611693442,"path_taken":["M","$","M","?","M","R","$","M","T","M","E","R","?","$","R","BOSS","M","$","M","M"],"items_purchased_type":["Card","Card","Card"],"build_version":"2020-12-22","purchased_purges":3,"victory":false,"max_hp_per_floor":[80,80,80,80,80,80,80,85,85,85,85,85,85,85,85,85,85,85,85,85,85,85],"card_choices":[{"not_picked":["Iron Wave","Warcry"],"picked":"Perfected Strike","floor":1.0},{"not_picked":["Anger","Flex","Body Slam"],"picked":"SKIP","floor":3.0},{"not_picked":["Battle Trance","Clash"],"picked":"True Grit","floor":5.0},{"not_picked":["Thunderclap","Sword Boomerang"],"picked":"Fire Breathing","floor":8.0},{"not_picked":["Cleave","Clash"],"picked":"Inflame","floor":10.0},{"not_picked":["Fire Breathing","Spot Weakness"],"picked":"Ghostly Armor","floor":11.0},{"not_picked":["Exhume","Brutality"],"picked":"Double Tap","floor":16},{"not_picked":["Combust","Sever Soul"],"picked":"Iron Wave","floor":18},{"not_picked":["Iron Wave","Sword Boomerang"],"picked":"True Grit+1","floor":20}],"player_experience":336197,"relics_obtained":[],"event_choices":[{"damage_healed":0.0,"max_hp_gain":0.0,"max_hp_loss":0.0,"gold_gain":75.0,"event_name":"World of Goop","player_choice":"Gather Gold","floor":4.0,"gold_loss":0.0,"damage_taken":11.0},{"damage_healed":0,"gold_gain":0,"player_choice":"Fled","damage_taken":0,"max_hp_gain":0,"max_hp_loss":0,"event_name":"Scrap Ooze","floor":13,"gold_loss":0}],"is_beta":false,"boss_relics":[{"not_picked":[]}],"items_purged_floors":[2,7,14],"is_endless":false,"potions_floor_spawned":[3,5,8,10,20],"killed_by":"Shelled Parasite and Fungi","ascension_level":0}}