{"host":"6a9c3xws62y7efyw","time":1611638497,"event":{"mods":["BaseMod","Colored Map","Minty Spire (QoL Compilation)","Relic Stats","StSLib"],"gold_per_floor":[113,133,133,133,154,185,17,90,90,121,145,164,15,38,38,127,127,143,174,8,24,47,85,85,85,108,108,142,267,308,326,326,422,422,446,470,470,495,143,176,190,228,251,269,300,300,130,145,145,145,145,145,145,45,85,85],"floor_reached":57,"language":"ENG","playtime":3704,"items_purged":["Strike_G","Blade Dance"],"score":2924,"play_id":"f6bc4fba-eb38-4418-855f-7fb17216974e","local_time":"20210125212137","is_ascension_mode":true,"campfire_choices":[{"floor":15.0,"key":"REST"},{"floor":24.0,"key":"REST"},{"data":"Wraith Form v2","floor":27.0,"key":"SMITH"},{"floor":32.0,"key":"REST"},{"data":"Catalyst","floor":46.0,"key":"SMITH"},{"floor":49.0,"key":"RECALL"},{"data":"Wraith Form v2","floor":53.0,"key":"SMITH"}],"circlet_count":0,"master_deck":["AscendersBane","Survivor","Neutralize","Cloak And Dagger","Poisoned Stab","Deadly Poison","Glass Knife","Noxious Fumes","Catalyst+1","Noxious Fumes","Corpse Explosion","Storm of Steel","Night Terror","Wraith Form v2+1","Footwork","Wraith Form v2+1","Outmaneuver","Predator","Calculated Gamble","Backflip","Dodge and Roll","PiercingWail","Backflip+1","Acrobatics+1","Adrenaline+1","Leg Sweep+1","Prepared+1","Reflex+1","Blur+1","Dodge and Roll+1","Venomology+1","Crippling Poison+1","Footwork","Finesse+1","Crippling Poison+1","Adrenaline+1"],"relics":["Ring of the Snake","NeowsBlessing","Golden Idol","Bottled Lightning","PreservedInsect","Bottled Flame","Gremlin Horn","Anchor","Pandora\u0027s Box","Red Mask","Oddly Smooth Stone","Akabeko","Art of War","Toxic Egg 2","Girya","White Beast Statue","Paper Crane","SacredBark","Letter Opener","Singing Bowl","Toy Ornithopter","Eternal Feather","Strawberry"],"acts_visited":["Exordium","TheCity","TheBeyond","TheEnding"],"potions_floor_usage":[56,56],"damage_taken":[{"damage":0.0,"enemies":"Small Slimes","floor":1.0,"turns":1.0},{"damage":0.0,"enemies":"Jaw Worm","floor":2.0,"turns":1.0},{"damage":0.0,"enemies":"Cultist","floor":5.0,"turns":1.0},{"damage":28.0,"enemies":"Lagavulin","floor":6.0,"turns":8.0},{"damage":14.0,"enemies":"3 Sentries","floor":8.0,"turns":8.0},{"damage":8.0,"enemies":"Gremlin Nob","floor":10.0,"turns":3.0},{"damage":0.0,"enemies":"Gremlin Gang","floor":11.0,"turns":4.0},{"damage":13.0,"enemies":"Exordium Thugs","floor":12.0,"turns":7.0},{"damage":0.0,"enemies":"Exordium Wildlife","floor":14.0,"turns":3.0},{"damage":4.0,"enemies":"Hexaghost","floor":16.0,"turns":7.0},{"damage":26.0,"enemies":"2 Thieves","floor":18.0,"turns":3.0},{"damage":2.0,"enemies":"Masked Bandits","floor":19.0,"turns":2.0},{"damage":3.0,"enemies":"3 Byrds","floor":21.0,"turns":4.0},{"damage":3.0,"enemies":"Snake Plant","floor":22.0,"turns":4.0},{"damage":9.0,"enemies":"Book of Stabbing","floor":23.0,"turns":5.0},{"damage":13.0,"enemies":"Slavers","floor":28.0,"turns":4.0},{"damage":1.0,"enemies":"Colosseum Slavers","floor":29.0,"turns":6.0},{"damage":5.0,"enemies":"Colosseum Nobs","floor":29.0,"turns":3.0},{"damage":18.0,"enemies":"Gremlin Leader","floor":30.0,"turns":7.0},{"damage":3.0,"enemies":"Centurion and Healer","floor":31.0,"turns":5.0},{"damage":39.0,"enemies":"Collector","floor":33.0,"turns":7.0},{"damage":2.0,"enemies":"3 Darklings","floor":35.0,"turns":4.0},{"damage":2.0,"enemies":"Orb Walker","floor":36.0,"turns":4.0},{"damage":4.0,"enemies":"Jaw Worm Horde","floor":38.0,"turns":2.0},{"damage":0.0,"enemies":"Reptomancer","floor":40.0,"turns":2.0},{"damage":5.0,"enemies":"Spire Growth","floor":41.0,"turns":7.0},{"damage":7.0,"enemies":"Giant Head","floor":42.0,"turns":10.0},{"damage":7.0,"enemies":"Maw","floor":44.0,"turns":8.0},{"damage":0.0,"enemies":"Nemesis","floor":45.0,"turns":5.0},{"damage":0.0,"enemies":"3 Darklings","floor":48.0,"turns":2.0},{"damage":46.0,"enemies":"Awakened One","floor":50.0,"turns":15.0},{"damage":57.0,"enemies":"Time Eater","floor":51.0,"turns":8.0},{"damage":28.0,"enemies":"Shield and Spear","floor":55.0,"turns":6.0},{"damage":45,"enemies":"The Heart","floor":56,"turns":7}],"seed_played":"-8567124188077700796","potions_obtained":[{"floor":2.0,"key":"FairyPotion"},{"floor":10.0,"key":"AttackPotion"},{"floor":18.0,"key":"GhostInAJar"},{"floor":28.0,"key":"Dexterity Potion"},{"floor":30.0,"key":"Energy Potion"},{"floor":33.0,"key":"FearPotion"},{"floor":35.0,"key":"ColorlessPotion"},{"floor":36.0,"key":"SkillPotion"},{"floor":38.0,"key":"Poison Potion"},{"floor":40.0,"key":"Regen Potion"},{"floor":41.0,"key":"Dexterity Potion"},{"floor":42.0,"key":"BlessingOfTheForge"},{"floor":44.0,"key":"SteroidPotion"},{"floor":45.0,"key":"FairyPotion"},{"floor":55.0,"key":"Dexterity Potion"}],"is_trial":false,"path_per_floor":["M","M","?","?","M","E","$","?","T","E","M","M","$","M","R","B",null,"M","?","$","M","M","E","R","?","T","R","E","?","E","M","R","B",null,"M","M","?","M","$","E","M","E","T","M","E","R","$","M","R","B","B",null,"R","$","E","B",null],"character_chosen":"THE_SILENT","items_purchased":["PreservedInsect","Noxious Fumes","Oddly Smooth Stone","Letter Opener","Reflex+1","Footwork","Finesse+1"],"campfire_rested":3,"item_purchase_floors":[7,13,20,39,39,47,47],"current_hp_per_floor":[59,59,64,64,64,36,36,22,22,14,14,1,1,1,20,16,52,26,24,24,21,18,9,28,41,41,41,28,22,4,1,20,15,52,50,48,64,60,60,60,55,64,64,64,66,66,66,66,66,20,2,50,66,66,45,10],"gold":85,"neow_bonus":"THREE_ENEMY_KILL","is_daily":false,"chose_seed":false,"campfire_upgraded":3,"win_rate":0.0,"timestamp":1611638497,"path_taken":["M","M","?","?","M","E","$","?","T","E","?","M","?","?","R","BOSS","M","?","$","M","M","E","R","?","T","R","E","?","E","M","R","BOSS","M","M","?","M","$","E","M","E","T","M","E","R","$","M","R","BOSS","BOSS","R","$","E","BOSS"],"items_purchased_type":["Relic","Card","Relic","Relic","Card","Card","Card"],"build_version":"2020-12-22","purchased_purges":2,"victory":true,"max_hp_per_floor":[66,66,71,64,64,64,64,64,64,64,64,64,64,64,64,64,64,64,64,64,64,64,64,64,64,64,64,64,64,64,64,64,64,64,64,64,64,64,64,64,64,64,64,66,66,66,66,66,66,66,66,66,66,66,73,73],"relic_stats":{"Gremlin Horn":[21,21],"Singing Bowl":2,"counters":[34,173],"Golden Idol":256,"Pandora\u0027s Box":["Finisher","Blade Dance","Storm of Steel","Night Terror","Wraith Form v2","Footwork","Wraith Form v2","Outmaneuver","Predator"],"Eternal Feather":16,"PreservedInsect":538,"Art of War":[46],"Letter Opener":[245],"obtain_stats":[{"Girya":29,"NeowsBlessing":0,"Gremlin Horn":9,"Singing Bowl":40,"Golden Idol":4,"SacredBark":34,"Oddly Smooth Stone":20,"Eternal Feather":45,"PreservedInsect":7,"Letter Opener":39,"Paper Crane":30,"Akabeko":23,"White Beast Statue":29,"Bottled Flame":8,"Anchor":10,"Strawberry":55,"Pandora\u0027s Box":17,"Red Mask":19,"Art of War":26,"Bottled Lightning":6,"Toxic Egg 2":28,"Toy Ornithopter":42,"Ring of the Snake":0},{"Girya":18,"NeowsBlessing":0,"Gremlin Horn":5,"Singing Bowl":25,"Golden Idol":2,"SacredBark":21,"Oddly Smooth Stone":12,"Eternal Feather":29,"PreservedInsect":4,"Letter Opener":24,"Paper Crane":19,"Akabeko":15,"White Beast Statue":18,"Bottled Flame":5,"Anchor":6,"Strawberry":33,"Pandora\u0027s Box":10,"Red Mask":12,"Art of War":15,"Bottled Lightning":4,"Toxic Egg 2":16,"Toy Ornithopter":27,"Ring of the Snake":0},{"Girya":74,"NeowsBlessing":0,"Gremlin Horn":19,"Singing Bowl":105,"Golden Idol":2,"SacredBark":93,"Oddly Smooth Stone":48,"Eternal Feather":135,"PreservedInsect":11,"Letter Opener":103,"Paper Crane":81,"Akabeko":61,"White Beast Statue":74,"Bottled Flame":19,"Anchor":22,"Strawberry":166,"Pandora\u0027s Box":43,"Red Mask":48,"Art of War":61,"Bottled Lightning":11,"Toxic Egg 2":65,"Toy Ornithopter":122,"Ring of the Snake":0}],"Toy Ornithopter":17,"Ring of the Snake":[68]},"card_choices":[{"not_picked":["Underhanded Strike","Heel Hook"],"picked":"Cloak And Dagger","floor":1.0},{"not_picked":["Deadly Poison","PiercingWail"],"picked":"Poisoned Stab","floor":2.0},{"not_picked":["Deflect","Calculated Gamble"],"picked":"Deadly Poison","floor":5.0},{"not_picked":["Well Laid Plans","Blade Dance"],"picked":"Glass Knife","floor":6.0},{"not_picked":["Calculated Gamble","Leg Sweep"],"picked":"Noxious Fumes","floor":8.0},{"not_picked":["Grand Finale","Deflect","Finisher"],"picked":"SKIP","floor":10.0},{"not_picked":["Outmaneuver","Deflect"],"picked":"Catalyst","floor":11.0},{"not_picked":["Expertise","Eviscerate","Slice"],"picked":"SKIP","floor":12.0},{"not_picked":["Prepared","Bane","Choke"],"picked":"SKIP","floor":14.0},{"not_picked":["Wraith Form v2","Night Terror"],"picked":"Corpse Explosion","floor":16.0},{"not_picked":["Noxious Fumes","Outmaneuver"],"picked":"Calculated Gamble","floor":18.0},{"not_picked":["Outmaneuver","Sucker Punch"],"picked":"Backflip","floor":19.0},{"not_picked":["Acrobatics","Sucker Punch"],"picked":"Dodge and Roll","floor":21.0},{"not_picked":["Quick Slash","Dodge and Roll"],"picked":"PiercingWail","floor":22.0},{"not_picked":["Endless Agony","Masterful Stab","Concentrate"],"picked":"SKIP","floor":23.0},{"not_picked":["Envenom","Eviscerate","Underhanded Strike"],"picked":"SKIP","floor":28.0},{"not_picked":["Bane","Deflect+1"],"picked":"Backflip+1","floor":29.0},{"not_picked":["Predator","Bane"],"picked":"Acrobatics+1","floor":30.0},{"not_picked":["Dagger Throw","Setup+1","Slice"],"picked":"SKIP","floor":31.0},{"not_picked":["Wraith Form v2","Doppelganger+1"],"picked":"Adrenaline+1","floor":33.0},{"not_picked":["Cloak And Dagger+1","Bane"],"picked":"Leg Sweep+1","floor":35.0},{"not_picked":["Sucker Punch","Bane","Concentrate+1"],"picked":"SKIP","floor":36.0},{"not_picked":["PiercingWail+1","Choke"],"picked":"Prepared+1","floor":38.0},{"not_picked":["Endless Agony+1","Poisoned Stab"],"picked":"Blur+1","floor":40.0},{"not_picked":["Quick Slash","Underhanded Strike+1"],"picked":"Dodge and Roll+1","floor":41.0},{"not_picked":["Dodge and Roll+1","All Out Attack"],"picked":"Venomology+1","floor":42.0},{"not_picked":["Dodge and Roll+1","Slice","Dagger Spray"],"picked":"Singing Bowl","floor":44.0},{"not_picked":["All Out Attack","Caltrops"],"picked":"Crippling Poison+1","floor":45.0},{"not_picked":["Poisoned Stab","Backstab"],"picked":"Crippling Poison+1","floor":48.0},{"not_picked":["Deflect+1","Cloak And Dagger+1"],"picked":"Adrenaline+1","floor":55.0}],"player_experience":1413976,"relics_obtained":[{"floor":6.0,"key":"Bottled Lightning"},{"floor":8.0,"key":"Bottled Flame"},{"floor":9.0,"key":"Gremlin Horn"},{"floor":10.0,"key":"Anchor"},{"floor":19.0,"key":"Red Mask"},{"floor":23.0,"key":"Akabeko"},{"floor":26.0,"key":"Art of War"},{"floor":28.0,"key":"Toxic Egg 2"},{"floor":29.0,"key":"Girya"},{"floor":29.0,"key":"White Beast Statue"},{"floor":30.0,"key":"Paper Crane"},{"floor":40.0,"key":"Singing Bowl"},{"floor":42.0,"key":"Toy Ornithopter"},{"floor":45.0,"key":"Eternal Feather"},{"floor":55.0,"key":"Strawberry"}],"event_choices":[{"damage_healed":0.0,"max_hp_gain":5.0,"max_hp_loss":0.0,"gold_gain":0.0,"event_name":"Big Fish","player_choice":"Donut","floor":3.0,"gold_loss":0.0,"damage_taken":0.0},{"damage_healed":0.0,"max_hp_gain":0.0,"max_hp_loss":7.0,"gold_gain":0.0,"event_name":"Golden Idol","player_choice":"Lose Max HP","floor":4.0,"gold_loss":0.0,"damage_taken":0.0,"relics_obtained":["Golden Idol"]},{"damage_healed":0.0,"max_hp_gain":0.0,"max_hp_loss":0.0,"gold_gain":30.0,"event_name":"Dead Adventurer","player_choice":"Searched \u00272\u0027 times","floor":8.0,"gold_loss":0.0,"damage_taken":0.0},{"damage_healed":0.0,"max_hp_gain":0.0,"max_hp_loss":0.0,"gold_gain":0.0,"event_name":"Masked Bandits","player_choice":"Fought Bandits","floor":19.0,"gold_loss":0.0,"damage_taken":0.0},{"damage_healed":13.0,"max_hp_gain":0.0,"max_hp_loss":0.0,"gold_gain":0.0,"event_name":"The Library","player_choice":"Heal","floor":25.0,"gold_loss":0.0,"damage_taken":0.0},{"damage_healed":0.0,"max_hp_gain":0.0,"max_hp_loss":0.0,"gold_gain":0.0,"event_name":"Colosseum","player_choice":"Fight","floor":29.0,"gold_loss":0.0,"damage_taken":0.0},{"damage_healed":0.0,"max_hp_gain":0.0,"max_hp_loss":0.0,"gold_gain":0.0,"event_name":"Colosseum","player_choice":"Fought Nobs","floor":29.0,"gold_loss":0.0,"damage_taken":0.0},{"cards_removed":["Finisher"],"damage_healed":16.0,"max_hp_gain":0.0,"max_hp_loss":0.0,"gold_gain":0.0,"event_name":"Bonfire Elementals","player_choice":"Offered Uncommon","floor":37.0,"gold_loss":0.0,"damage_taken":0.0}],"is_beta":false,"boss_relics":[{"not_picked":["Astrolabe","WristBlade"],"picked":"Pandora\u0027s Box"},{"not_picked":["Ring of the Serpent","Runic Pyramid"],"picked":"SacredBark"}],"items_purged_floors":[13,54],"is_endless":false,"potions_floor_spawned":[2,10,12,18,22,28,29,30,31,33,35,36,38,40,41,42,44,45,48,55],"ascension_level":20}}