{"host":"8am31i0j9qpslrrv","time":1611680789,"event":{"mods":["BaseMod","Curses Come First","Minty Spire (QoL Compilation)","Quick Restart","Replay The Spire","StSLib"],"gold_per_floor":[209,229,247,264,275,275,305,318,318,283,314,330,345,119,119,119,119],"floor_reached":16,"language":"ENG","playtime":553,"items_purged":["ReplayTheSpireMod:GoodbyeWorld"],"score":116,"play_id":"e1a7a0b3-50f8-48c9-be3a-5e3fe3752711","local_time":"20210126120629","is_ascension_mode":false,"campfire_choices":[{"data":"Zap","floor":6.0,"key":"SMITH"},{"data":"ReplayTheSpireMod:Fabricate Wheel","floor":15,"key":"SMITH"}],"circlet_count":0,"master_deck":["Strike_B","Strike_B","Strike_B","Strike_B","Defend_B","Defend_B","Defend_B","Defend_B","Zap+1","Dualcast","Electrodynamics","Capacitor","Buffer"],"relics":["Cracked Core","Toy Ornithopter","Replay:Ringing Soul","Durian","Art of War","Prayer Wheel"],"acts_visited":["Exordium"],"potions_floor_usage":[12],"damage_taken":[{"damage":0.0,"enemies":"2 Louse","floor":1.0,"turns":2.0},{"damage":0.0,"enemies":"Small Slimes","floor":2.0,"turns":2.0},{"damage":0.0,"enemies":"Cultist","floor":3.0,"turns":3.0},{"damage":5.0,"enemies":"3 Louse","floor":4.0,"turns":3.0},{"damage":0.0,"enemies":"2 Fungi Beasts","floor":5.0,"turns":2.0},{"damage":49.0,"enemies":"Lagavulin","floor":7.0,"turns":6.0},{"damage":14.0,"enemies":"Gremlin Gang","floor":8.0,"turns":3.0},{"damage":18.0,"enemies":"3 Sentries","floor":11.0,"turns":4.0},{"damage":1,"enemies":"Large Slime","floor":12,"turns":3},{"damage":16,"enemies":"Blue Slaver","floor":13,"turns":4},{"damage":0,"enemies":"Slime Boss","floor":16,"turns":3}],"seed_played":"708883283014025710","potions_obtained":[{"floor":2.0,"key":"Swift Potion"},{"floor":4.0,"key":"EssenceOfSteel"},{"floor":8.0,"key":"SpeedPotion"}],"is_trial":false,"path_per_floor":["M","M","M","M","M","R","E","M","T","?","E","M","M","$","R","B"],"character_chosen":"DEFECT","items_purchased":["Art of War"],"campfire_rested":0,"item_purchase_floors":[14],"current_hp_per_floor":[75,75,75,70,70,70,21,7,7,25,15,19,3,3,3,6,6],"gold":119,"neow_bonus":"HUNDRED_GOLD","is_daily":false,"chose_seed":false,"campfire_upgraded":2,"win_rate":0.0,"timestamp":1611680789,"path_taken":["M","M","M","M","M","R","E","M","T","?","E","M","M","$","R","BOSS"],"items_purchased_type":["Relic"],"build_version":"2020-12-22","purchased_purges":1,"victory":false,"max_hp_per_floor":[75,75,75,75,75,75,75,75,75,75,83,83,83,83,83,86,86],"card_choices":[{"not_picked":["Cold Snap","Leap","Gash"],"picked":"SKIP","floor":1.0},{"not_picked":["Rebound","ReplayTheSpireMod:System Scan"],"picked":"Electrodynamics","floor":2.0},{"not_picked":["Barrage","Aggregate","Rebound"],"picked":"SKIP","floor":3.0},{"not_picked":["Cold Snap","Barrage","Redo"],"picked":"SKIP","floor":4.0},{"not_picked":["Stack","Tempest","Blizzard"],"picked":"SKIP","floor":5.0},{"not_picked":["Gash","Cold Snap"],"picked":"ReplayTheSpireMod:GoodbyeWorld","floor":7.0},{"not_picked":["Blizzard","BasicCrystalCard"],"picked":"Capacitor","floor":8.0},{"not_picked":["Gash","Self Repair"],"picked":"ReplayTheSpireMod:Fabricate Wheel","floor":11.0},{"not_picked":["Panic Button","Hello World","Conserve Battery"],"picked":"SKIP","floor":12},{"not_picked":["Steam","Sweeping Beam","Genetic Algorithm"],"picked":"SKIP","floor":13}],"player_experience":767855,"relics_obtained":[{"floor":7.0,"key":"Toy Ornithopter"},{"floor":9.0,"key":"Replay:Ringing Soul"},{"floor":11.0,"key":"Durian"}],"event_choices":[{"damage_healed":18.0,"max_hp_gain":0.0,"max_hp_loss":0.0,"gold_gain":0.0,"event_name":"The Cleric","player_choice":"Healed","floor":10.0,"gold_loss":35.0,"damage_taken":0.0}],"is_beta":false,"boss_relics":[],"items_purged_floors":[14],"is_endless":false,"potions_floor_spawned":[2,4,8],"killed_by":"Slime Boss","ascension_level":0}}