{"host":"kabf61oc9jgfwufg","time":1611633202,"event":{"mods":["AchievementEnabler","Aspiration","BaseMod","Conspire","Defuse TimeMaze Blight","Energized Spire","GifTheSpireLib","Halation","HexUI Lib","Hubris","Hyrulean Relics","Infinite Spire","Melee Mod","Minty Spire (QoL Compilation)","Poor People Problems","Quick Restart","Rare Cards Sparkle","Replay The Spire","Shop Mod","Small Relic Pack","StSLib","Transform Curses"],"gold_per_floor":[115,127,127,302,395,424,424,424,424],"floor_reached":8,"language":"ENG","playtime":333,"items_purged":[],"score":57,"play_id":"8ee7e017-0ec9-4abd-8251-f96b9b1b280e","local_time":"20210126035322","is_ascension_mode":true,"campfire_choices":[],"circlet_count":0,"master_deck":["Strike_R","Strike_R","Strike_R","Strike_R","Strike_R","Defend_R","Defend_R","Defend_R","Defend_R","Bash","Power Through+1","Body Slam+1","Doubt","Body Slam","Second Wind","Power Through"],"relics":["SacredBark","Blue Doll","ReplayTheSpireMod:Ninjato"],"acts_visited":["Exordium"],"potions_floor_usage":[],"damage_taken":[{"damage":16,"enemies":"infinitespire:Voidling","floor":1,"turns":5},{"damage":0,"enemies":"Small Slimes","floor":2,"turns":3},{"damage":58,"enemies":"Lagavulin","floor":6,"turns":14},{"damage":13,"enemies":"3 Sentries","floor":8,"turns":7}],"seed_played":"-7234019328216093441","potions_obtained":[],"is_trial":false,"path_per_floor":["M","M","?","?","?","E","?","E"],"character_chosen":"IRONCLAD","items_purchased":[],"campfire_rested":0,"item_purchase_floors":[],"current_hp_per_floor":[64,64,64,64,64,6,6,0,0],"gold":424,"neow_bonus":"BOSS_RELIC","is_daily":false,"chose_seed":false,"campfire_upgraded":0,"win_rate":0.0,"timestamp":1611633202,"path_taken":["M","?","?","?","?","E","?","E"],"items_purchased_type":[],"build_version":"2020-12-22","purchased_purges":0,"victory":false,"max_hp_per_floor":[80,80,80,80,80,80,80,80,80],"card_choices":[{"not_picked":["Heavy Blade","Warcry"],"picked":"Power Through","floor":1},{"not_picked":["hubris:SharpeningStone","Iron Wave"],"picked":"Body Slam","floor":2},{"not_picked":["Armaments","Flame Barrier"],"picked":"Body Slam","floor":5},{"not_picked":["Body Slam","Perfected Strike"],"picked":"Second Wind","floor":5},{"not_picked":["Cleave","Twin Strike"],"picked":"Power Through","floor":6}],"player_experience":182875,"relics_obtained":[{"floor":5,"key":"Blue Doll"},{"floor":6,"key":"ReplayTheSpireMod:Ninjato"}],"event_choices":[{"damage_healed":0,"gold_gain":175,"player_choice":"AGREE","damage_taken":0,"max_hp_gain":0,"max_hp_loss":0,"event_name":"Liars Game","floor":4,"gold_loss":0,"cards_obtained":["Doubt"]}],"is_beta":false,"boss_relics":[],"items_purged_floors":[],"is_endless":false,"potions_floor_spawned":[],"killed_by":"3 Sentries","ascension_level":1}}