{"host":"bxs3jtgw91tf0zca","time":1611624446,"event":{"mods":["AchievementEnabler","Act Like it!","BaseMod","Challenge The Spire","Colored Map","Colored Powertips","GifTheSpireLib","Hubris","Minty Spire (QoL Compilation)","Replay The Spire","StSLib","Stuff the Spire","SuperFastMode","???mod?????"],"gold_per_floor":[213,213,20,20,39,39,69,69,69,81,107,107,138,152,152,229,229,246,246,36,36,36,71,71,106,106,116,130,144,144,155,155,229,229,243,254,268,185,16,16,29,59,59,90,90,105,137,149,149,149],"floor_reached":51,"language":"ENG","playtime":1998,"items_purged":["hubris:Despair"],"score":1617,"play_id":"c76d06b9-95db-49e4-811c-7df3f9363c26","local_time":"20210125222726","is_ascension_mode":true,"campfire_choices":[{"data":"Observe_Black","floor":6,"key":"SMITH"},{"data":"SharpCut_Black","floor":8,"key":"SMITH"},{"data":"ThespeedofsoundToattack_Black","floor":15,"key":"SMITH"},{"data":"SpeedBlade2_Colorless","floor":24,"key":"SMITH"},{"data":"PrewarPrepare_Black","floor":30,"key":"SMITH"},{"data":"StuffTheSpire:Innocence","floor":32,"key":"SMITH"},{"data":"SpeedBlade1_Black","floor":40,"key":"SMITH"},{"data":"PrewarPrepare_Black","floor":45,"key":"SMITH"},{"data":"HighSpeedReaction_Black","floor":49,"key":"SMITH"}],"circlet_count":0,"master_deck":["AscendersBane","Strike_Black+1","Strike_Black+1","Strike_Black+1","Strike_Black+1","Defend_Black+1","Defend_Black+1","Defend_Black+1","Defend_Black+1","Observe_Black+1","SwordDance_Black","Stab_Black","StuffTheSpire:Innocence+1","DoubleAttack_Black","SharpCut_Black+1","Attacker_Black","ThespeedofsoundToattack_Black+1","WartimeReply_Black+1","DarkRepulser_Black+1","SpeedBlade2_Colorless+1","Specialist+1","Shame","PrewarPrepare_Black+1","WartimeReply_Black+1","Unreasonable_Black+1","TrueLove_Black+1","PrewarPrepare_Black+1","SpeedBlade1_Black+1","Stick_Black+1","Injury","HighSpeedReaction_Black+1"],"relics":["TheHeartOfYui","Aincard","Membership Card","Anchor","Frozen Egg 2","Bag of Marbles","GremlinMask","Replay:Ringing Soul","Cursed Key","ReplayTheSpireMod:ShopPack","Blue Candle","Oddly Smooth Stone","Replay:Bottled Snecko","Bottled Lightning","Replay:Bronze Core","StuffTheSpire:Wildfire","Golden Egg","Replay:Accelerometer","StuffTheSpire:PointBlank","Potion Belt"],"acts_visited":["Exordium","TheCity","TheBeyond"],"potions_floor_usage":[11],"damage_taken":[{"damage":5,"enemies":"2 Louse","floor":1,"turns":3},{"damage":0,"enemies":"Cultist","floor":5,"turns":4},{"damage":9,"enemies":"Lagavulin","floor":7,"turns":6},{"damage":0,"enemies":"Small Slimes","floor":10,"turns":3},{"damage":2,"enemies":"3 Sentries","floor":11,"turns":5},{"damage":0,"enemies":"Gremlin Nob","floor":13,"turns":3},{"damage":1,"enemies":"Looter","floor":14,"turns":3},{"damage":26,"enemies":"The Guardian","floor":16,"turns":9},{"damage":13,"enemies":"Spheric Guardian","floor":18,"turns":4},{"damage":35,"enemies":"Gremlin Leader","floor":23,"turns":7},{"damage":12,"enemies":"Book of Stabbing","floor":25,"turns":5},{"damage":1,"enemies":"Shell Parasite","floor":27,"turns":4},{"damage":2,"enemies":"Centurion and Healer","floor":28,"turns":7},{"damage":33,"enemies":"3 Cultists","floor":29,"turns":6},{"damage":18,"enemies":"Chosen and Byrds","floor":31,"turns":6},{"damage":8,"enemies":"Automaton","floor":33,"turns":8},{"damage":20,"enemies":"3 Shapes","floor":35,"turns":8},{"damage":38,"enemies":"3 Darklings","floor":36,"turns":7},{"damage":26,"enemies":"Transient","floor":37,"turns":6},{"damage":13,"enemies":"Jaw Worm Horde","floor":41,"turns":6},{"damage":1,"enemies":"R_Hoarder","floor":42,"turns":7},{"damage":78,"enemies":"Reptomancer","floor":44,"turns":7},{"damage":7,"enemies":"Writhing Mass","floor":46,"turns":7},{"damage":5,"enemies":"Giant Head","floor":47,"turns":7},{"damage":2,"enemies":"Spire Growth","floor":48,"turns":5},{"damage":11,"enemies":"Awakened One","floor":50,"turns":9}],"seed_played":"1749819768251364078","potions_obtained":[{"floor":10,"key":"Swift Potion"},{"floor":13,"key":"Dexterity Potion"},{"floor":14,"key":"SkillPotion"},{"floor":47,"key":"Fire Potion"}],"is_trial":false,"path_per_floor":["M","?","$","?","M","R","E","R","T","M","E","?","E","M","R","B",null,"M","?","$","?","?","E","R","E","T","M","M","M","R","M","R","B",null,"M","M","M","$","$","R","M","E","T","E","R","M","E","M","R","B",null],"character_chosen":"THE_KIRITO","items_purchased":["Stab_Black","Membership Card","ReplayTheSpireMod:ShopPack","Blue Candle","SpeedBlade1_Black","StuffTheSpire:Wildfire"],"campfire_rested":0,"item_purchase_floors":[3,3,20,20,38,39],"current_hp_per_floor":[63,63,63,53,53,53,44,44,44,44,42,42,42,44,44,48,73,75,75,78,81,81,72,72,84,87,96,96,80,80,99,99,102,102,93,105,105,108,108,108,108,111,114,114,114,114,117,117,117,117],"gold":149,"neow_bonus":"HUNDRED_GOLD","is_daily":false,"chose_seed":false,"campfire_upgraded":9,"win_rate":0.0,"timestamp":1611624446,"path_taken":["M","?","$","?","M","R","E","R","T","M","E","?","E","?","R","BOSS","M","?","$","?","?","E","R","E","T","?","M","M","R","?","R","BOSS","M","?","M","?","$","R","M","E","T","E","R","M","E","M","R","BOSS"],"items_purchased_type":["Card","Relic","Relic","Relic","Card","Relic"],"build_version":"2020-12-22","purchased_purges":1,"victory":true,"max_hp_per_floor":[75,75,75,75,75,75,75,75,75,75,75,75,75,78,78,81,81,81,81,84,87,87,90,90,90,93,96,96,96,96,99,99,102,102,102,105,105,108,108,108,108,111,114,114,114,114,117,117,117,117],"card_choices":[{"not_picked":["FlashPuncture_Black","StrengthTransform_Black","HorizontalSquareChopping_Black"],"picked":"SKIP","floor":1},{"not_picked":["HorizontalSquareChopping_Black","Thrust_Black"],"picked":"DoubleAttack_Black","floor":5},{"not_picked":["Injury_Black","StrengthTransform_Black"],"picked":"SharpCut_Black","floor":7},{"not_picked":["HeroicBearing_Black","BrokenRibs_Black"],"picked":"Attacker_Black","floor":10},{"not_picked":["Intimidate_Black","Smile_Black"],"picked":"ThespeedofsoundToattack_Black","floor":11},{"not_picked":["Guard_Black","Defender_Black","SunBlade_Black"],"picked":"SKIP","floor":13},{"not_picked":["Stab_Black","SmokeScreen_Black"],"picked":"WartimeReply_Black+1","floor":14},{"not_picked":["SpeedBlade1_Black","DoubleSword_Black+1"],"picked":"DarkRepulser_Black+1","floor":16},{"not_picked":["Track_Black+1","SunBlade_Black","SelfCongested_Black+1"],"picked":"SKIP","floor":18},{"not_picked":["Chrysalis","ReplayTheSpireMod:Brewmster"],"picked":"SpeedBlade2_Colorless","floor":20},{"not_picked":["Bandage Up","Good Instincts"],"picked":"Specialist","floor":20},{"not_picked":["Stab_Black","SpiritCrash_Black"],"picked":"PrewarPrepare_Black","floor":23},{"not_picked":["WartimeReply_Black+1","Thrust_Black","StarBurstStream_Black"],"picked":"SKIP","floor":25},{"not_picked":["SelfCongested_Black","Advantage_Black"],"picked":"WartimeReply_Black+1","floor":27},{"not_picked":["SunBlade_Black","Mark_Black+1","BrilliantBlade_Black"],"picked":"SKIP","floor":28},{"not_picked":["Stab_Black","Guard_Black","SharpCut_Black+1"],"picked":"SKIP","floor":29},{"not_picked":["CuttingEdge_Black","DoubleAttack_Black"],"picked":"Unreasonable_Black+1","floor":31},{"not_picked":["Brilliance_Black","NotreDame_Black"],"picked":"TrueLove_Black+1","floor":33},{"not_picked":["Defender_Black","HorizontalSquareChopping_Black+1","WeakHit_Black"],"picked":"SKIP","floor":35},{"not_picked":["BrilliantBlade_Black","Exercise1_Black+1"],"picked":"PrewarPrepare_Black","floor":36},{"not_picked":["Thrust_Black","Stab_Black","StarSpatter_Black"],"picked":"SKIP","floor":37},{"not_picked":["WeakHit_Black","SharpCut_Black","ThespeedofsoundToattack_Black"],"picked":"SKIP","floor":41},{"not_picked":["GunFight_Black","FlashPuncture_Black+1"],"picked":"Stick_Black+1","floor":42},{"not_picked":["Injury_Black","DoubleAttack_Black+1","Defender_Black"],"picked":"SKIP","floor":44},{"not_picked":["Stab_Black","Defender_Black+1","SunBlade_Black"],"picked":"SKIP","floor":46},{"not_picked":["MentalSkills_Black+1","DoubleAttack_Black"],"picked":"HighSpeedReaction_Black","floor":47},{"not_picked":["Stab_Black","WithoutFear_Black","StrengthTransform_Black"],"picked":"SKIP","floor":48}],"player_experience":390169,"relics_obtained":[{"floor":7,"key":"Anchor"},{"floor":9,"key":"Frozen Egg 2"},{"floor":11,"key":"Bag of Marbles"},{"floor":13,"key":"Replay:Ringing Soul"},{"floor":23,"key":"Replay:Bottled Snecko"},{"floor":25,"key":"Bottled Lightning"},{"floor":42,"key":"Golden Egg"},{"floor":43,"key":"Replay:Accelerometer"},{"floor":44,"key":"StuffTheSpire:PointBlank"},{"floor":47,"key":"Potion Belt"}],"event_choices":[{"damage_healed":0,"gold_gain":0,"player_choice":"Trade","damage_taken":0,"relics_obtained":["GremlinMask"],"max_hp_gain":0,"max_hp_loss":0,"event_name":"FaceTrader","floor":12,"gold_loss":0},{"damage_healed":0,"gold_gain":0,"player_choice":"Simplicity","damage_taken":0,"max_hp_gain":0,"max_hp_loss":0,"event_name":"Back to Basics","floor":19,"gold_loss":0,"cards_upgraded":["Strike_Black","Strike_Black","Strike_Black","Strike_Black","Defend_Black","Defend_Black","Defend_Black","Defend_Black"]},{"damage_healed":0,"gold_gain":0,"player_choice":"Stole Relic","damage_taken":0,"relics_obtained":["Oddly Smooth Stone"],"max_hp_gain":0,"max_hp_loss":0,"event_name":"Addict","floor":21,"gold_loss":0,"cards_obtained":["Shame"]}],"is_beta":false,"boss_relics":[{"not_picked":["Astrolabe","SacredBark"],"picked":"Cursed Key"},{"not_picked":["Replay:Grab Bag","Velvet Choker"],"picked":"Replay:Bronze Core"}],"items_purged_floors":[38],"is_endless":false,"potions_floor_spawned":[10,13,14,16,18,23,29,33,36,37,41,47],"ascension_level":17}}