{"host":"kpyf5rnb72uwap8k","time":1611697857,"event":{"mods":["AchievementEnabler","BaseMod","Colored Map","Colored Powertips","DeckTracker","Minty Spire (QoL Compilation)","Permanent Neow","Quick Restart","StSLib","SuperFastMode"],"gold_per_floor":[111,211,229,247,42,68,68,95,95,95,125,125,125,135,135,236,236,247,197,217,142,156,156,184,184,209,308,308,156,169,180,180,180,180],"floor_reached":33,"language":"KOR","playtime":1016,"items_purged":["Strike_G","Strike_G"],"score":297,"play_id":"c1993b5c-aca7-47a3-a8e7-64a9f7daa247","local_time":"20210127065057","is_ascension_mode":true,"campfire_choices":[{"data":"All Out Attack","floor":7.0,"key":"SMITH"},{"data":"Neutralize","floor":10.0,"key":"SMITH"},{"floor":13.0,"key":"REST"},{"floor":15.0,"key":"REST"},{"floor":23,"key":"REST"},{"floor":25,"key":"REST"},{"data":"A Thousand Cuts","floor":28,"key":"SMITH"},{"floor":32,"key":"REST"}],"circlet_count":0,"master_deck":["Strike_G+1","Strike_G","Defend_G","Defend_G","Defend_G","Defend_G","Defend_G","Survivor","Neutralize+1","PiercingWail","Dash","All Out Attack+1","Underhanded Strike","Dagger Spray","Heel Hook+1","Backflip","A Thousand Cuts+1","Footwork","Outmaneuver","Backflip","Tactician+1"],"relics":["Ring of the Snake","NeowsBlessing","Bronze Scales","Question Card","Smiling Mask","Sundial","Mercury Hourglass","Black Star","The Courier","Whetstone","Pen Nib"],"acts_visited":["Exordium","TheCity"],"potions_floor_usage":[22,24,24,31,33],"damage_taken":[{"damage":0.0,"enemies":"Jaw Worm","floor":1.0,"turns":1.0},{"damage":0.0,"enemies":"Cultist","floor":3.0,"turns":1.0},{"damage":0.0,"enemies":"2 Louse","floor":4.0,"turns":1.0},{"damage":11.0,"enemies":"Gremlin Nob","floor":6.0,"turns":4.0},{"damage":14.0,"enemies":"3 Sentries","floor":8.0,"turns":4.0},{"damage":17.0,"enemies":"Gremlin Nob","floor":11.0,"turns":4.0},{"damage":2.0,"enemies":"Blue Slaver","floor":14.0,"turns":3.0},{"damage":34.0,"enemies":"The Guardian","floor":16.0,"turns":16.0},{"damage":18.0,"enemies":"2 Thieves","floor":18.0,"turns":4.0},{"damage":13.0,"enemies":"Chosen","floor":20.0,"turns":5.0},{"damage":13,"enemies":"Snecko","floor":22,"turns":7},{"damage":33,"enemies":"Slavers","floor":24,"turns":4},{"damage":5,"enemies":"Shelled Parasite and Fungi","floor":30,"turns":5},{"damage":5,"enemies":"Centurion and Healer","floor":31,"turns":3},{"damage":72,"enemies":"Collector","floor":33,"turns":11}],"seed_played":"8365690205662971739","potions_obtained":[{"floor":3.0,"key":"Energy Potion"},{"floor":11.0,"key":"Explosive Potion"},{"floor":16.0,"key":"Block Potion"},{"floor":24,"key":"AttackPotion"},{"floor":30,"key":"DistilledChaos"}],"is_trial":false,"path_per_floor":["M","?","M","M","$","E","R","E","T","R","E","?","R","M","R","B",null,"M","$","M","?","M","R","E","R","T","?","R","$","M","M","R","B"],"character_chosen":"THE_SILENT","items_purchased":["Underhanded Strike","Bronze Scales","FairyPotion","Backflip"],"campfire_rested":5,"item_purchase_floors":[5,5,29,29],"current_hp_per_floor":[70,70,70,70,70,59,59,45,45,45,28,28,49,47,68,34,70,52,52,39,39,26,47,14,35,35,35,35,35,30,25,46,0,0],"gold":180,"neow_bonus":"THREE_ENEMY_KILL","is_daily":false,"chose_seed":false,"campfire_upgraded":3,"win_rate":0.0,"timestamp":1611697857,"path_taken":["M","?","M","?","$","E","R","E","T","R","E","?","R","M","R","BOSS","M","$","M","?","M","R","E","R","T","?","R","$","?","M","R","BOSS"],"items_purchased_type":["Card","Relic","Potion","Card"],"build_version":"2020-12-22","purchased_purges":2,"victory":false,"max_hp_per_floor":[70,70,70,70,70,70,70,70,70,70,70,70,70,70,70,70,70,70,70,70,70,70,70,70,70,70,70,70,70,70,70,70,70,70],"card_choices":[{"not_picked":["Bane","Choke"],"picked":"PiercingWail","floor":1.0},{"not_picked":["Predator","Concentrate"],"picked":"Dash","floor":3.0},{"not_picked":["Expertise","Sucker Punch"],"picked":"All Out Attack","floor":4.0},{"not_picked":["Slice","Blade Dance"],"picked":"Dagger Spray","floor":6.0},{"not_picked":["Distraction","Accuracy","Outmaneuver","Blur"],"picked":"SKIP","floor":8.0},{"not_picked":["Outmaneuver","Escape Plan","Blade Dance"],"picked":"Heel Hook","floor":11.0},{"not_picked":["Sucker Punch","Acrobatics","Dagger Spray"],"picked":"Backflip","floor":14.0},{"not_picked":["Glass Knife","Corpse Explosion","Night Terror"],"picked":"A Thousand Cuts","floor":16.0},{"not_picked":["Finisher+1","Dagger Spray","PiercingWail","Calculated Gamble+1"],"picked":"SKIP","floor":18.0},{"not_picked":["Heel Hook+1","Skewer","Leg Sweep"],"picked":"Footwork","floor":20.0},{"not_picked":["Quick Slash","Bane","Riddle With Holes","Tools of the Trade"],"picked":"SKIP","floor":22},{"not_picked":["Flying Knee","Slice","Dodge and Roll"],"picked":"Outmaneuver","floor":24},{"not_picked":["Poisoned Stab","Outmaneuver","Finisher"],"picked":"Tactician+1","floor":30},{"not_picked":["Acrobatics","Sucker Punch","Slice","Flying Knee+1"],"picked":"SKIP","floor":31}],"player_experience":179338,"relics_obtained":[{"floor":6.0,"key":"Question Card"},{"floor":8.0,"key":"Smiling Mask"},{"floor":9.0,"key":"Sundial"},{"floor":11.0,"key":"Mercury Hourglass"},{"floor":24,"key":"The Courier"},{"floor":24,"key":"Whetstone"},{"floor":26,"key":"Pen Nib"}],"event_choices":[{"damage_healed":0.0,"max_hp_gain":0.0,"max_hp_loss":0.0,"gold_gain":100.0,"event_name":"Golden Shrine","player_choice":"Pray","floor":2.0,"gold_loss":0.0,"damage_taken":0.0},{"damage_healed":0.0,"max_hp_gain":0.0,"max_hp_loss":0.0,"gold_gain":0.0,"event_name":"Dead Adventurer","player_choice":"Searched \u00270\u0027 times","floor":12.0,"gold_loss":0.0,"damage_taken":0.0},{"cards_removed":["Strike_G"],"damage_healed":0.0,"max_hp_gain":0.0,"max_hp_loss":0.0,"gold_gain":0.0,"event_name":"Beggar","player_choice":"Gave Gold","floor":21.0,"gold_loss":75.0,"damage_taken":0.0},{"damage_healed":0,"gold_gain":99,"player_choice":"Stole From Cult","damage_taken":0,"max_hp_gain":0,"max_hp_loss":0,"event_name":"Nest","floor":27,"gold_loss":0}],"is_beta":false,"boss_relics":[{"not_picked":["Cursed Key","SacredBark"],"picked":"Black Star"}],"items_purged_floors":[19,29],"is_endless":false,"potions_floor_spawned":[3,11,16,18,24,30],"killed_by":"Collector","ascension_level":1}}