{"host":"7kgj47jdxgufb548","time":1611636652,"event":{"mods":["Act Like it!","BaseMod","CapriCore","Gensokyo","Marisa¡]Ãú«B¡@Å]²z¨F¡^","Minty Spire (QoL Compilation)","Remilia¡]Á¢¦Ì²ú?¡^","StSLib","The Immortal","Yakumo Yukari mod","Youmu¡]»î¾z§¯?¡^"],"gold_per_floor":[110,110,124,124,47,47,78,78,103,136,136,163,198,198,198,299,299,318,240,27,277,277,312,312,340,392,424,438,438,105,65,65,165,165,183,183,183,183,1,31,31,58,112,629,660,674,674,5,5,5],"floor_reached":51,"language":"ZHS","playtime":3866,"items_purged":[],"score":1099,"play_id":"1cf5de27-6c60-4678-85b9-d6d20be91092","local_time":"20210126125052","is_ascension_mode":true,"campfire_choices":[{"data":"HumanGodSword","floor":6,"key":"SMITH"},{"data":"EchoesOfTheInclemencyOfAllBeings","floor":8,"key":"SMITH"},{"floor":15,"key":"REST"},{"data":"SlashOfDelusionalInnerEye","floor":24,"key":"SMITH"},{"data":"StrangeHalfBody","floor":32,"key":"SMITH"},{"data":"Gensokyo:SlitMouthedWoman","floor":41,"key":"SMITH"},{"floor":49,"key":"REST"}],"circlet_count":0,"master_deck":["Strike_YM","Strike_YM","Strike_YM+1","Defend_YM","Defend_YM+1","Defend_YM","Defend_YM+1","SlashOfPresentWorld+1","WheelOfPainOfLivingAndDead","CherryBlossomFlashing","TwoHundredYojanaInOneSlash","SlashOfSaigyouSpringWind","Clumsy","CrescentMoonSlash","HellRealmSword","ObsessionWithThePresentWorld+1","SlashOfDelusionalInnerEye+1","FlashingScatteredFlowers","StrangeHalfBody+1","TransmigrationSlash","DispleasureOfTheSevenHakus","SpiritCuttingSword","Gensokyo:SlitMouthedWoman+1","SuddenPhantomFormationSlashOfKarmicWind+1","ConstancyOfTheConventionalTruth+1","Gensokyo:Dawn+1","HellGodSword+1","FlashingScatteredFlowers+1","SwordExtraction","SwordExtraction+1","HellFireSword+1","GhostSword","SuddenDivineSeveringOfKarmicWind+1","HesitationCuttingSword","SuddenPhantomFormationSlashOfKarmicWind+1"],"relics":["MiniYoumu","NeowsBlessing","Mango","Whetstone","Centennial Puzzle","Nunchaku","Gensokyo:NagashiBinaDoll","Lantern","Roukanken","Gensokyo:Justice","Philosopher\u0027s Stone","ChestCloth","Bag of Marbles","Dream Catcher","Strawberry","Pantograph","Potion Belt","Happy Flower","Incense Burner","Gensokyo:DualWield","Bottled Tornado","Ancient Tea Set","PreservedInsect","Regal Pillow","War Paint","Pear","Molten Egg 2","Cauldron"],"acts_visited":["Gensokyo:Gensokyo","Gensokyo:Gensokyoer","Gensokyo:Gensokyoest"],"potions_floor_usage":[13,13,42,45,50,50,50],"damage_taken":[{"damage":0,"enemies":"Gensokyo:Gryphon","floor":1,"turns":1},{"damage":0,"enemies":"Gensokyo:3_Fairies","floor":3,"turns":1},{"damage":0,"enemies":"Gensokyo:Aya","floor":7,"turns":1},{"damage":37,"enemies":"Gensokyo:Cirno","floor":10,"turns":7},{"damage":13,"enemies":"Gensokyo:Mamizou","floor":13,"turns":7},{"damage":14,"enemies":"Gensokyo:Reimu","floor":16,"turns":13},{"damage":5,"enemies":"Gensokyo:AngelMirror","floor":18,"turns":1},{"damage":25,"enemies":"Gensokyo:Koishi","floor":23,"turns":6},{"damage":0,"enemies":"Gensokyo:Reisen","floor":25,"turns":6},{"damage":16,"enemies":"Gensokyo:Tenshi","floor":27,"turns":3},{"damage":0,"enemies":"Gensokyo:Chomper","floor":28,"turns":2},{"damage":23,"enemies":"Gensokyo:Kaguya","floor":33,"turns":10},{"damage":11,"enemies":"Gensokyo:3_Bats","floor":35,"turns":3},{"damage":6,"enemies":"Gensokyo:3_Bats","floor":37,"turns":10},{"damage":8,"enemies":"Gensokyo:Doremy","floor":40,"turns":7},{"damage":45,"enemies":"Gensokyo:Marisa","floor":42,"turns":7},{"damage":0,"enemies":"Gensokyo:AncientGuardian","floor":44,"turns":5},{"damage":5,"enemies":"Gensokyo:Kasen","floor":45,"turns":4},{"damage":0,"enemies":"Gensokyo:SeedOfUnknown","floor":46,"turns":4},{"damage":0,"enemies":"Gensokyo:Shinki","floor":50,"turns":6}],"seed_played":"6702636647277057035","potions_obtained":[{"floor":7,"key":"Ancient Potion"},{"floor":10,"key":"EssenceOfSteel"},{"floor":18,"key":"SpeedPotion"},{"floor":40,"key":"Fire Potion"},{"floor":44,"key":"EssenceOfSteel"},{"floor":48,"key":"PhantomPosion"},{"floor":48,"key":"Ancient Potion"},{"floor":48,"key":"Regen Potion"},{"floor":48,"key":"Block Potion"},{"floor":48,"key":"ColorlessPotion"}],"is_trial":false,"path_per_floor":["M","?","M","?","$","R","E","R","T","E","?","T","E","?","R","B",null,"M","$","COS","?","?","E","R","E","T","E","M","?","$","?","R","B",null,"M","?","?","?","COS","E","R","E","T","M","E","M","?","$","R","B",null],"character_chosen":"YOUMU","items_purchased":["HumanGodSword","SlashOfDelusionalInnerEye","SuddenPhantomFormationSlashOfKarmicWind","FairyPotion","Happy Flower","Molten Egg 2","SuddenDivineSeveringOfKarmicWind+1","Cauldron","CultistPotion","HesitationCuttingSword"],"campfire_rested":2,"item_purchase_floors":[5,19,30,30,30,48,48,48,48,48],"current_hp_per_floor":[75,68,68,68,68,68,68,68,68,31,31,31,18,18,44,30,89,84,84,84,84,84,59,59,59,66,68,68,68,68,68,68,82,82,71,71,71,71,71,63,63,18,18,31,40,49,43,43,85,92],"gold":5,"neow_bonus":"THREE_ENEMY_KILL","is_daily":false,"chose_seed":false,"campfire_upgraded":5,"win_rate":0.0,"timestamp":1611636652,"path_taken":["M","?","?","?","$","R","E","R","T","E","?","?","E","?","R","BOSS","M","?","COS","?","?","E","R","E","T","E","?","?","?","?","R","BOSS","M","?","?","?","COS","E","R","E","T","M","E","M","?","$","R","BOSS"],"items_purchased_type":["Card","Card","Card","Potion","Relic","Relic","Card","Relic","Potion","Card"],"build_version":"2020-12-22","purchased_purges":0,"victory":true,"max_hp_per_floor":[75,89,89,89,89,89,89,89,89,89,89,89,89,89,89,89,89,89,89,89,84,84,84,84,84,91,91,91,82,82,82,82,82,82,82,82,82,82,82,82,82,82,82,82,82,82,92,92,92,92],"card_choices":[{"not_picked":["LowerRealmReflectionSlash","SwordOfBindingDesires"],"picked":"CherryBlossomFlashing","floor":1},{"not_picked":["LotusPostureSlash","PhosphoricSlash"],"picked":"EchoesOfTheInclemencyOfAllBeings","floor":3},{"not_picked":["ConstancyOfTheConventionalTruth","FantasyOfEnteringEnlightenment"],"picked":"TwoHundredYojanaInOneSlash","floor":7},{"not_picked":["DispleasureOfTheSevenHakus","ThoughtCuttingSword"],"picked":"SlashOfSaigyouSpringWind","floor":10},{"not_picked":["SpiderLilyBurial","FlashingScatteredFlowers"],"picked":"CrescentMoonSlash","floor":13},{"not_picked":["SlashOfSaigyouSpringWind","WickedSoul"],"picked":"HellRealmSword","floor":16},{"not_picked":["SwordOfBindingDesires+1","TransmigrationSlash"],"picked":"ObsessionWithThePresentWorld+1","floor":18},{"not_picked":["HeartExcerptSlash","CherryBlossomSword"],"picked":"FlashingScatteredFlowers","floor":23},{"not_picked":["HeavenGodSword","CelestialStarSword"],"picked":"StrangeHalfBody","floor":25},{"not_picked":["PhosphoricSlash","PretaSword"],"picked":"TransmigrationSlash","floor":25},{"not_picked":["FlashingScatteredFlowers","HumanKnowledgeSword"],"picked":"DispleasureOfTheSevenHakus","floor":27},{"not_picked":["TwoHundredYojanaInOneSlash+1","LifeCuttingSword"],"picked":"SpiritCuttingSword","floor":28},{"not_picked":["Gensokyo:MissMary","Gensokyo:GapWoman"],"picked":"Gensokyo:SlitMouthedWoman","floor":29},{"not_picked":["DispleasureOfTheSevenHakus","ObsessionWithThePresentWorld"],"picked":"ConstancyOfTheConventionalTruth+1","floor":35},{"not_picked":["Gensokyo:RisingWorld+1","Gensokyo:UnhurriedMind+1"],"picked":"Gensokyo:Dawn+1","floor":37},{"not_picked":["FantasyOfEnteringEnlightenment","SwordOfBindingDesires+1"],"picked":"HellGodSword+1","floor":40},{"not_picked":["ConstancyOfTheConventionalTruth+1","DispleasureOfTheSevenHakus+1"],"picked":"FlashingScatteredFlowers+1","floor":40},{"not_picked":["SlashOfMeditation+1","SpiritCuttingSword+1"],"picked":"SwordExtraction","floor":42},{"not_picked":["StrangeHalfBody","CherryBlossomSword","WickedSoul"],"picked":"SKIP","floor":42},{"not_picked":["SpiritCuttingSword+1","HiganSword"],"picked":"SwordExtraction+1","floor":44},{"not_picked":["SpiritCuttingSword+1","SpiderLilyBurial+1"],"picked":"HellFireSword+1","floor":45},{"not_picked":["LifeCuttingSword+1","KarmicPunishmentOfTheIdleAndUnfocused"],"picked":"GhostSword","floor":46},{"not_picked":["SlashOfMeditation+1","GhostSword+1"],"picked":"SuddenPhantomFormationSlashOfKarmicWind+1","floor":49}],"player_experience":194528,"relics_obtained":[{"floor":7,"key":"Whetstone"},{"floor":9,"key":"Centennial Puzzle"},{"floor":10,"key":"Nunchaku"},{"floor":12,"key":"Lantern"},{"floor":13,"key":"Roukanken"},{"floor":23,"key":"ChestCloth"},{"floor":25,"key":"Dream Catcher"},{"floor":26,"key":"Strawberry"},{"floor":27,"key":"Potion Belt"},{"floor":40,"key":"Bottled Tornado"},{"floor":42,"key":"Ancient Tea Set"},{"floor":43,"key":"PreservedInsect"},{"floor":45,"key":"War Paint"}],"event_choices":[],"is_beta":false,"boss_relics":[{"not_picked":["Velvet Choker","Coffee Dripper"],"picked":"Philosopher\u0027s Stone"},{"not_picked":["Astrolabe","SlaversCollar"],"picked":"MiniYoumu"}],"items_purged_floors":[],"is_endless":false,"potions_floor_spawned":[7,10,18,40,44],"ascension_level":3}}