{"host":"jfbo3eu2ui08ej1u","time":1611635660,"event":{"mods":["2.2 Compatiblity","AchievementEnabler","Act Like it!","Aspiration","BaseMod","Better Altar","Better Match","Better Note","Better Sensory Stone","Better Skull","Better Third Choice","Block Reminder","Colored Map","Colored Powertips","Conspire","DeckTracker","Displayed Cursed Tome","Energized Spire","Fox Events","GifTheSpireLib","Hubris","Infinite Spire","Marked Mod","Minty Spire (QoL Compilation)","Pale of the Ancients","Poor People Problems","Quick Restart","Relic Filter","Reliquary","Reorder Act Four","Replay The Spire","Shop Mod","Spicy Shops","Spire Arcade","StSLib","Stuff the Spire","The Blue Laboratory","The Disciple","The Forsaken","The Hierophant","The Marked","Uncapped","Unceasing Turn Reminder","Wandering Minibosses"],"gold_per_floor":[110,121,149,149,168,168,197,208,287,299,299,324,337,337,337,408,408,419,18,0,0],"floor_reached":20,"language":"ENG","playtime":858,"items_purged":[],"score":368,"play_id":"16c802f3-d706-4e9b-bdc7-2629bd4dd741","local_time":"20210125233420","is_ascension_mode":true,"campfire_choices":[{"data":"Eruption","floor":6.0,"key":"SMITH"},{"floor":11,"key":"REST"}],"circlet_count":0,"master_deck":["AscendersBane","Strike_P","Strike_P","Strike_P","Defend_P","Defend_P","Defend_P","Defend_P","Eruption+1","Vigilance","FlurryOfBlows+1","Vengeance","Wireheading","InnerPeace","SignatureMove","CutThroughFate","Weave","BattleHymn","SpiritShield","Devotion","Halt","TalkToTheHand+1","ThirdEye"],"relics":["PureWater","Replay:Mystery Machine","StuffTheSpire:PointBlank","infinitespire:Eraser","PreservedInsect","energizedSpire:MagnifyingGlass","Bag of Marbles"],"acts_visited":["Exordium","TheCity"],"potions_floor_usage":[7,16,16],"damage_taken":[{"damage":8.0,"enemies":"Small Slimes","floor":1.0,"turns":8.0},{"damage":13.0,"enemies":"conspire:RoseBush","floor":2.0,"turns":8.0},{"damage":7.0,"enemies":"conspire:MimicChest","floor":3.0,"turns":5.0},{"damage":0.0,"enemies":"Cultist","floor":5.0,"turns":5.0},{"damage":17,"enemies":"Lagavulin","floor":7,"turns":5},{"damage":0,"enemies":"Looter","floor":8,"turns":1},{"damage":6,"enemies":"Red Slaver","floor":10,"turns":2},{"damage":13,"enemies":"Replay:BlueRogue","floor":12,"turns":5},{"damage":20,"enemies":"Large Slime","floor":13,"turns":4},{"damage":25,"enemies":"Hexaghost","floor":16,"turns":7},{"damage":27,"enemies":"Shell Parasite","floor":18,"turns":6},{"damage":36,"enemies":"2 Thieves","floor":20,"turns":3}],"seed_played":"4107149069723234979","potions_obtained":[{"floor":1.0,"key":"blueLaboratory:EnragingPotion"},{"floor":2.0,"key":"Cursed Concoction"},{"floor":5.0,"key":"DistilledChaos"},{"floor":10,"key":"SteroidPotion"},{"floor":13,"key":"blueLaboratory:MidnightOil"}],"is_trial":false,"path_per_floor":["M","M","?","?","M","R","E","M","T","M","R","E","M","?","R_BF","B",null,"M","$","M"],"character_chosen":"WATCHER","items_purchased":["TalkToTheHand+1","ThirdEye","Bag of Marbles"],"campfire_rested":1,"item_purchase_floors":[19,19,19],"current_hp_per_floor":[59,46,39,49,49,49,32,32,32,26,48,35,15,15,37,12,59,32,32,0,0],"gold":0,"neow_bonus":"TEN_PERCENT_HP_BONUS","is_daily":false,"chose_seed":false,"campfire_upgraded":1,"win_rate":0.0,"timestamp":1611635660,"path_taken":["M","M","?","?","M","R","E","M","T","M","R","E","M","?","R_BF","BOSS","M","$","M"],"items_purchased_type":["Card","Card","Relic"],"build_version":"2020-12-22","purchased_purges":0,"victory":false,"max_hp_per_floor":[74,74,74,74,74,74,74,74,74,74,74,74,74,74,74,74,74,74,74,74,74],"card_choices":[{"not_picked":["Crescendo","Replay:AtTheReady"],"picked":"FlurryOfBlows","floor":1.0},{"not_picked":["Halt","Replay:ManipulateFuture"],"picked":"Vengeance","floor":2.0},{"not_picked":["JustLucky","MarkedMod:NorthStar"],"picked":"Wireheading","floor":3.0},{"not_picked":["Pray","SashWhip"],"picked":"InnerPeace","floor":5.0},{"not_picked":["Perseverance","CrushJoints"],"picked":"SignatureMove","floor":7},{"not_picked":["Perseverance","Adaptation"],"picked":"CutThroughFate","floor":8},{"not_picked":["TalkToTheHand","Nirvana"],"picked":"Weave","floor":10},{"not_picked":["Vengeance","MarkedMod:GentlePulse"],"picked":"BattleHymn","floor":12},{"not_picked":["ReachHeaven","FlyingSleeves","Replay:BluntJabs"],"picked":"SKIP","floor":13},{"not_picked":["Brilliance","Alpha"],"picked":"Devotion","floor":16},{"not_picked":["CarveReality","MarkedMod:GentlePulse"],"picked":"Halt","floor":18}],"player_experience":1227224,"relics_obtained":[{"floor":3.0,"key":"Replay:Mystery Machine"},{"floor":7,"key":"StuffTheSpire:PointBlank"},{"floor":9,"key":"infinitespire:Eraser"},{"floor":12,"key":"PreservedInsect"}],"event_choices":[{"damage_healed":0,"gold_gain":0,"cards_transformed":["Strike_P"],"player_choice":"Transformed","damage_taken":0,"max_hp_gain":0,"max_hp_loss":0,"event_name":"Transmorgrifier","floor":14,"gold_loss":0,"cards_obtained":["SpiritShield"]}],"is_beta":false,"boss_relics":[{"not_picked":["Kintsugi","Calling Bell"],"picked":"energizedSpire:MagnifyingGlass"}],"items_purged_floors":[],"is_endless":false,"potions_floor_spawned":[1,2,5,10,13],"killed_by":"2 Thieves","ascension_level":20}}