{"host":"kh6fvhxn285ncg0o","time":1611678049,"event":{"mods":["Act Like it!","BaseMod","Colored Map","Friendly Minions","Keyboard Shortcuts","Minty Spire (QoL Compilation)","Quick Restart","Relic Stats","StSLib","SuperFastMode","UnlockEverythingMod"],"gold_per_floor":[114,114,28,28,46,46,77,77,101,128,128,163,180,105,105,183,183,202,214,214,59,74,103,121,155,155,155,155,155,181,181,181,254,254,264,264,264,279,12,46,46,80,105,138,148,148,166,184,184,184,184,184,184,59,91,91],"floor_reached":57,"language":"KOR","playtime":1276,"items_purged":["Strike_R","Thunderclap","Immolate+1"],"score":3628,"play_id":"09b08c50-59cc-4cb6-a508-95b2e7c5b539","local_time":"20210127012049","is_ascension_mode":true,"campfire_choices":[{"data":"Fire Breathing","floor":6.0,"key":"SMITH"},{"data":"Fiend Fire","floor":8.0,"key":"SMITH"},{"data":"Pommel Strike","floor":15.0,"key":"SMITH"},{"data":"Power Through","floor":27.0,"key":"SMITH"},{"data":"Immolate","floor":29.0,"key":"SMITH"},{"data":"Dark Embrace","floor":32.0,"key":"SMITH"},{"data":"Offering","floor":41.0,"key":"SMITH"},{"data":"Feel No Pain","floor":46.0,"key":"SMITH"},{"floor":49.0,"key":"RECALL"},{"data":"Second Wind","floor":53,"key":"SMITH"}],"circlet_count":0,"master_deck":["AscendersBane","Defend_R","Defend_R","Defend_R","Defend_R","Power Through+1","Fire Breathing+1","Dark Embrace+1","Fiend Fire+1","Rage","Pommel Strike+1","Barricade","Second Wind+1","Body Slam+1","Battle Trance","Flame Barrier+1","Infernal Blade","Offering+1","Evolve+1","Feel No Pain+1","Shrug It Off","Sentinel"],"relics":["Burning Blood","NeowsBlessing","Mercury Hourglass","StrikeDummy","Pear","Coffee Dripper","Regal Pillow","Lizard Tail","Omamori","Bottled Tornado","Eternal Feather","Enchiridion","Black Star","Anchor","Lantern","TungstenRod","Self Forming Clay","Letter Opener","Ancient Tea Set","Ornamental Fan","HornCleat","White Beast Statue","Thread and Needle"],"acts_visited":["Exordium","TheCity","TheBeyond","TheEnding"],"potions_floor_usage":[56,56],"damage_taken":[{"damage":0.0,"enemies":"2 Louse","floor":1.0,"turns":1.0},{"damage":0.0,"enemies":"Jaw Worm","floor":5.0,"turns":1.0},{"damage":0.0,"enemies":"Gremlin Nob","floor":7.0,"turns":1.0},{"damage":15.0,"enemies":"Lagavulin","floor":10.0,"turns":4.0},{"damage":0.0,"enemies":"Gremlin Nob","floor":12.0,"turns":3.0},{"damage":0.0,"enemies":"Cultist","floor":13.0,"turns":3.0},{"damage":0.0,"enemies":"Slime Boss","floor":16.0,"turns":5.0},{"damage":0.0,"enemies":"Spheric Guardian","floor":18.0,"turns":3.0},{"damage":14.0,"enemies":"3 Byrds","floor":19.0,"turns":5.0},{"damage":0.0,"enemies":"Sentry and Sphere","floor":22.0,"turns":4.0},{"damage":38.0,"enemies":"Book of Stabbing","floor":23.0,"turns":5.0},{"damage":0.0,"enemies":"Snecko","floor":24.0,"turns":3.0},{"damage":3.0,"enemies":"Slavers","floor":25.0,"turns":4.0},{"damage":15.0,"enemies":"Gremlin Leader","floor":30.0,"turns":6.0},{"damage":0.0,"enemies":"Automaton","floor":33.0,"turns":8.0},{"damage":6.0,"enemies":"Orb Walker","floor":35.0,"turns":2.0},{"damage":10.0,"enemies":"3 Darklings","floor":38.0,"turns":4.0},{"damage":6.0,"enemies":"Giant Head","floor":40.0,"turns":3.0},{"damage":5.0,"enemies":"Reptomancer","floor":42.0,"turns":4.0},{"damage":5.0,"enemies":"Nemesis","floor":44.0,"turns":3.0},{"damage":5.0,"enemies":"4 Shapes","floor":45.0,"turns":2.0},{"damage":5.0,"enemies":"Transient","floor":47.0,"turns":4.0},{"damage":5.0,"enemies":"3 Darklings","floor":48.0,"turns":3.0},{"damage":5.0,"enemies":"Time Eater","floor":50.0,"turns":4.0},{"damage":5,"enemies":"Donu and Deca","floor":51,"turns":4},{"damage":5,"enemies":"Shield and Spear","floor":55,"turns":4},{"damage":34,"enemies":"The Heart","floor":56,"turns":6}],"seed_played":"5280489754109623311","potions_obtained":[{"floor":1.0,"key":"SpeedPotion"},{"floor":5.0,"key":"ColorlessPotion"},{"floor":16.0,"key":"SteroidPotion"},{"floor":23.0,"key":"FearPotion"},{"floor":24.0,"key":"Fire Potion"},{"floor":25.0,"key":"Explosive Potion"},{"floor":38.0,"key":"DuplicationPotion"},{"floor":40.0,"key":"Fire Potion"},{"floor":47.0,"key":"LiquidMemories"},{"floor":48.0,"key":"DuplicationPotion"}],"is_trial":false,"path_per_floor":["M","?","$","?","M","R","E","R","T","E","?","E","M","?","R","B",null,"M","M","?","$","M","E","M","E","T","R","?","R","E","?","R","B",null,"M","?","?","M","$","E","R","E","T","E","M","R","M","M","R","B","B",null,"R","$","E","B",null],"character_chosen":"IRONCLAD","items_purchased":["Fire Breathing","Second Wind","Anchor"],"campfire_rested":0,"item_purchase_floors":[3,21,39],"current_hp_per_floor":[74,51,51,51,57,57,63,63,63,54,47,63,69,69,69,75,83,85,77,77,77,83,51,57,60,60,60,60,60,51,30,39,45,75,75,85,85,81,81,81,85,85,85,85,85,85,85,85,85,85,85,85,85,85,85,57],"gold":91,"neow_bonus":"THREE_ENEMY_KILL","is_daily":false,"chose_seed":false,"campfire_upgraded":9,"win_rate":0.0,"timestamp":1611678049,"path_taken":["M","?","$","?","?","R","E","R","T","E","?","E","M","?","R","BOSS","M","M","?","$","?","E","M","E","T","R","?","R","E","?","R","BOSS","M","?","?","M","$","E","R","E","T","E","M","R","M","M","R","BOSS","BOSS","R","$","E","BOSS"],"items_purchased_type":["Card","Card","Relic"],"build_version":"2020-12-22","purchased_purges":3,"victory":true,"max_hp_per_floor":[75,75,75,75,75,75,75,75,75,75,75,85,85,85,85,85,85,85,85,85,85,85,85,85,85,85,85,85,85,85,85,85,85,85,85,85,85,85,85,85,85,85,85,85,85,85,85,85,85,85,85,85,85,85,85,85],"relic_stats":{"Regal Pillow":0,"Lizard Tail":0,"counters":[27,99],"Self Forming Clay":[21],"Ornamental Fan":[32],"Eternal Feather":13,"Black Star":4,"Letter Opener":[92],"obtain_stats":[{"Regal Pillow":20,"Lantern":40,"Pear":12,"NeowsBlessing":0,"Self Forming Clay":42,"Enchiridion":31,"Eternal Feather":30,"Thread and Needle":55,"Omamori":25,"Letter Opener":42,"Bottled Tornado":26,"Ancient Tea Set":43,"Burning Blood":0,"White Beast Statue":55,"Mercury Hourglass":7,"Lizard Tail":23,"Anchor":39,"HornCleat":44,"Ornamental Fan":44,"Coffee Dripper":17,"Black Star":34,"StrikeDummy":10,"TungstenRod":40},{"Regal Pillow":9,"Lantern":18,"Pear":5,"NeowsBlessing":0,"Self Forming Clay":19,"Enchiridion":14,"Eternal Feather":14,"Thread and Needle":26,"Omamori":13,"Letter Opener":19,"Bottled Tornado":13,"Ancient Tea Set":19,"Burning Blood":0,"White Beast Statue":26,"Mercury Hourglass":3,"Lizard Tail":11,"Anchor":17,"HornCleat":20,"Ornamental Fan":20,"Coffee Dripper":7,"Black Star":15,"StrikeDummy":4,"TungstenRod":18},{"Regal Pillow":26,"Lantern":65,"Pear":10,"NeowsBlessing":0,"Self Forming Clay":69,"Enchiridion":48,"Eternal Feather":48,"Thread and Needle":93,"Omamori":42,"Letter Opener":69,"Bottled Tornado":42,"Ancient Tea Set":69,"Burning Blood":0,"White Beast Statue":93,"Mercury Hourglass":3,"Lizard Tail":35,"Anchor":62,"HornCleat":72,"Ornamental Fan":72,"Coffee Dripper":18,"Black Star":56,"StrikeDummy":7,"TungstenRod":65}],"Burning Blood":150,"TungstenRod":9,"Mercury Hourglass":[383]},"card_choices":[{"not_picked":["Clash","Rage"],"picked":"Power Through","floor":1.0},{"not_picked":["True Grit","Seeing Red"],"picked":"Dark Embrace","floor":5.0},{"not_picked":["Clothesline","Reaper"],"picked":"Fiend Fire","floor":7.0},{"not_picked":["Ghostly Armor","Headbutt"],"picked":"Rage","floor":10.0},{"not_picked":["Spot Weakness","Metallicize"],"picked":"Pommel Strike","floor":12.0},{"not_picked":["Reaper","Limit Break"],"picked":"Barricade","floor":16.0},{"not_picked":["Clothesline+1","Heavy Blade","Wild Strike"],"picked":"SKIP","floor":18.0},{"not_picked":["Perfected Strike","Clothesline"],"picked":"Immolate","floor":19.0},{"not_picked":["Perfected Strike","Disarm"],"picked":"Body Slam+1","floor":22.0},{"not_picked":["Body Slam","Wild Strike"],"picked":"Battle Trance","floor":23.0},{"not_picked":["Thunderclap","Heavy Blade"],"picked":"Flame Barrier+1","floor":24.0},{"not_picked":["Shrug It Off","Thunderclap","Pommel Strike"],"picked":"SKIP","floor":25.0},{"not_picked":["Whirlwind","Inflame","Havoc"],"picked":"SKIP","floor":30.0},{"not_picked":["Immolate","Exhume"],"picked":"Offering","floor":33.0},{"not_picked":["Warcry","Body Slam","Heavy Blade"],"picked":"SKIP","floor":35.0},{"not_picked":["Pommel Strike+1","Dark Embrace","Thunderclap"],"picked":"SKIP","floor":38.0},{"not_picked":["Thunderclap","Rage+1"],"picked":"Evolve+1","floor":40.0},{"not_picked":["Havoc","Wild Strike+1","Uppercut"],"picked":"SKIP","floor":42.0},{"not_picked":["Exhume","Uppercut"],"picked":"Feel No Pain","floor":44.0},{"not_picked":["Power Through+1","Inflame","Wild Strike"],"picked":"SKIP","floor":45.0},{"not_picked":["Twin Strike+1","Rampage"],"picked":"Shrug It Off","floor":47.0},{"not_picked":["Headbutt+1","Searing Blow+1"],"picked":"Sentinel","floor":48.0},{"not_picked":["Body Slam","Havoc+1","Feel No Pain"],"picked":"SKIP","floor":55}],"player_experience":1283292,"relics_obtained":[{"floor":7.0,"key":"Mercury Hourglass"},{"floor":10.0,"key":"StrikeDummy"},{"floor":12.0,"key":"Pear"},{"floor":23.0,"key":"Lizard Tail"},{"floor":25.0,"key":"Omamori"},{"floor":26.0,"key":"Bottled Tornado"},{"floor":30.0,"key":"Eternal Feather"},{"floor":31.0,"key":"Enchiridion"},{"floor":40.0,"key":"Lantern"},{"floor":40.0,"key":"TungstenRod"},{"floor":42.0,"key":"Self Forming Clay"},{"floor":42.0,"key":"Letter Opener"},{"floor":43.0,"key":"Ancient Tea Set"},{"floor":44.0,"key":"Ornamental Fan"},{"floor":44.0,"key":"HornCleat"},{"floor":55,"key":"White Beast Statue"},{"floor":55,"key":"Thread and Needle"}],"event_choices":[{"damage_healed":0.0,"max_hp_gain":0.0,"max_hp_loss":0.0,"gold_gain":0.0,"event_name":"Shining Light","player_choice":"Entered Light","floor":2.0,"gold_loss":0.0,"damage_taken":23.0,"cards_upgraded":["Strike_R","Bash"]},{"cards_removed":["Strike_R"],"damage_healed":0.0,"max_hp_gain":0.0,"max_hp_loss":0.0,"gold_gain":0.0,"event_name":"Living Wall","player_choice":"Forget","floor":4.0,"gold_loss":0.0,"damage_taken":0.0},{"cards_removed":["Strike_R"],"damage_healed":0.0,"max_hp_gain":0.0,"max_hp_loss":0.0,"gold_gain":0.0,"event_name":"Golden Wing","player_choice":"Card Removal","floor":11.0,"gold_loss":0.0,"damage_taken":7.0},{"cards_removed":["Strike_R"],"damage_healed":0.0,"max_hp_gain":0.0,"max_hp_loss":0.0,"gold_gain":0.0,"event_name":"The Cleric","player_choice":"Card Removal","floor":14.0,"gold_loss":75.0,"damage_taken":0.0},{"damage_healed":0.0,"max_hp_gain":0.0,"max_hp_loss":0.0,"gold_gain":0.0,"event_name":"WeMeetAgain","player_choice":"Gave Potion","floor":20.0,"gold_loss":0.0,"damage_taken":0.0,"relics_obtained":["Regal Pillow"]},{"damage_healed":0.0,"max_hp_gain":0.0,"max_hp_loss":0.0,"gold_gain":0.0,"cards_transformed":["Bash","Strike_R"],"event_name":"Drug Dealer","player_choice":"Became Test Subject","floor":28.0,"gold_loss":0.0,"damage_taken":0.0,"cards_obtained":["Thunderclap","Infernal Blade"]},{"damage_healed":0.0,"max_hp_gain":0.0,"max_hp_loss":0.0,"gold_gain":0.0,"event_name":"Cursed Tome","player_choice":"Obtained Book","floor":31.0,"gold_loss":0.0,"damage_taken":21.0},{"damage_healed":17.0,"max_hp_gain":0.0,"max_hp_loss":0.0,"gold_gain":0.0,"event_name":"Winding Halls","player_choice":"Writhe","floor":36.0,"gold_loss":0.0,"damage_taken":0.0,"cards_obtained":["Writhe"]},{"damage_healed":0.0,"max_hp_gain":0.0,"max_hp_loss":0.0,"gold_gain":0.0,"event_name":"Tomb of Lord Red Mask","player_choice":"Ignored","floor":37.0,"gold_loss":0.0,"damage_taken":0.0}],"is_beta":false,"boss_relics":[{"not_picked":["Runic Dome","Cursed Key"],"picked":"Coffee Dripper"},{"not_picked":["Fusion Hammer","Astrolabe"],"picked":"Black Star"}],"items_purged_floors":[21,39,54],"is_endless":false,"potions_floor_spawned":[1,5,16,23,24,25,38,40,47,48],"ascension_level":20}}