{"host":"jt62yzdgnrkmwwqv","time":1611625257,"event":{"mods":["AchievementEnabler","Arknights The Spire","BaseMod","CapriCore","Colored Map","Colored Powertips","GungeonMod","Lobotomy","LobotomyExtend","Minty Spire (QoL Compilation)","Replay The Spire","StSLib","SuperFastMode","The Dragon Tamer"],"gold_per_floor":[112,127,77,91,106,133,133,133,133,158,158,158,203,235,235,349,349,381,381,406,435,435,435],"floor_reached":22,"language":"KOR","playtime":669,"items_purged":[],"score":208,"play_id":"2341eab3-4743-4288-bda5-130fe1dfc74e","local_time":"20210126104057","is_ascension_mode":true,"campfire_choices":[{"floor":7,"key":"REST"},{"data":"ats:Closed Bolt Burst Fire","floor":15,"key":"SMITH"}],"circlet_count":0,"master_deck":["ats:Armor Crushing Shot","ats:Emotion Absorption","Replay:Parry","ats:Powerful Strike","ats:Poison Spread","ats:Poison Spread","ats:Closed Bolt Burst Fire+1","ats:Apocalypse","Decay","ats:Shell Defense","ats:Demon Strength","ats:Consecutive Shot Auto","ats:Ambush","ats:Neurotoxin","ats:Counter Healing Mode","ats:Shell Defense","ats:Thorns","ats:Leaping Hammer","ats:Magnetic Hammer","ats:Directed Diagnosis","ats:Healing Drone+1","ats:Revitalization","ats:Explosion Area Strengthen"],"relics":["ats:Sanity","LetterFromLob","ats:Originium","PreservedInsect","ats:Gyao","Ancient Tea Set","Pandora\u0027s Box"],"acts_visited":["Exordium","TheCity"],"potions_floor_usage":[16,16],"damage_taken":[{"damage":2,"enemies":"Small Slimes","floor":1,"turns":4},{"damage":0,"enemies":"Jaw Worm","floor":2,"turns":3},{"damage":0,"enemies":"Cultist","floor":4,"turns":3},{"damage":29,"enemies":"Exordium Thugs","floor":5,"turns":5},{"damage":17,"enemies":"Gremlin Nob","floor":6,"turns":4},{"damage":15,"enemies":"Red Slaver","floor":10,"turns":3},{"damage":16,"enemies":"3 Sentries","floor":13,"turns":5},{"damage":8,"enemies":"2 Fungi Beasts","floor":14,"turns":3},{"damage":79,"enemies":"Fading Forest","floor":16,"turns":11},{"damage":41,"enemies":"Shell Parasite","floor":18,"turns":6},{"damage":5,"enemies":"Chosen","floor":20,"turns":5},{"damage":35,"enemies":"Shelled Parasite and Fungi","floor":21,"turns":7},{"damage":42,"enemies":"Snake Plant","floor":22,"turns":2}],"seed_played":"707512534252324027","potions_obtained":[{"floor":1,"key":"Regen Potion"},{"floor":4,"key":"Reflective Coating"},{"floor":14,"key":"LifebloodPotion"},{"floor":18,"key":"BlessingOfTheForge"}],"is_trial":false,"path_per_floor":["M","M","?","M","M","E","R","?","T","M","T","M","E","M","R","B",null,"M","?","M","M","M"],"character_chosen":"DOCTOR_CLASS","items_purchased":[],"campfire_rested":1,"item_purchase_floors":[],"current_hp_per_floor":[70,70,70,70,41,24,45,45,45,35,35,72,57,54,54,18,72,43,30,38,39,0,0],"gold":435,"neow_bonus":"RANDOM_COLORLESS","is_daily":false,"chose_seed":false,"campfire_upgraded":1,"win_rate":0.0,"timestamp":1611625257,"path_taken":["M","M","?","M","M","E","R","?","T","?","?","M","E","?","R","BOSS","M","?","M","M","M"],"items_purchased_type":[],"build_version":"2020-12-22","purchased_purges":0,"victory":false,"max_hp_per_floor":[72,72,72,72,72,72,72,72,72,72,72,72,72,72,72,72,72,72,77,77,77,77,77],"card_choices":[{"not_picked":["Replay:Bootleg Shield Generator","Blind"],"picked":"Replay:Parry","floor":0},{"not_picked":["ats:Curse Doll","ats:Leaping Hammer"],"picked":"ats:Powerful Strike","floor":1},{"not_picked":["ats:Spore Proliferation","ats:Apocalypse"],"picked":"ats:Poison Spread","floor":2},{"not_picked":["ats:Automatic Cover","ats:Flexible Camouflage"],"picked":"ats:Poison Spread","floor":4},{"not_picked":["ats:LN2 Cannon","ats:Roar Of Ursus"],"picked":"ats:Closed Bolt Burst Fire","floor":5},{"not_picked":["ats:Durian","ats:Song Of Battle"],"picked":"ats:Apocalypse","floor":6},{"not_picked":["ats:Consecutive Shot Auto","ats:Beaten Up"],"picked":"ats:Shell Defense","floor":10},{"not_picked":["ats:Counter Healing Mode","ats:Echo Reverb"],"picked":"ats:Demon Strength","floor":13},{"not_picked":["ats:Ignite","ats:Very Hot Blade"],"picked":"ats:Consecutive Shot Auto","floor":14},{"not_picked":["ats:Volcano","ats:Soul Rend"],"picked":"ats:Ambush","floor":16},{"not_picked":["ats:Explosion Area Strengthen","ats:Encircling Forest"],"picked":"ats:Healing Drone+1","floor":18},{"not_picked":["ats:Mental Burst","ats:Explosion Area Strengthen"],"picked":"ats:Revitalization","floor":20},{"not_picked":["ats:Burning Ground","ats:Durian"],"picked":"ats:Explosion Area Strengthen","floor":21}],"player_experience":183214,"relics_obtained":[{"floor":1,"key":"LetterFromLob"},{"floor":6,"key":"ats:Originium"},{"floor":6,"key":"PreservedInsect"},{"floor":9,"key":"ats:Gyao"},{"floor":13,"key":"ats:Originium"},{"floor":13,"key":"Ancient Tea Set"}],"event_choices":[{"cards_removed":["ats:Strike V"],"damage_healed":0,"gold_gain":0,"player_choice":"Card Removal","damage_taken":0,"max_hp_gain":0,"max_hp_loss":0,"event_name":"The Cleric","floor":3,"gold_loss":50},{"damage_healed":0,"gold_gain":0,"player_choice":"Cursed","damage_taken":0,"max_hp_gain":0,"max_hp_loss":0,"event_name":"Wheel of Change","floor":8,"gold_loss":0,"cards_obtained":["Decay"]},{"damage_healed":0,"gold_gain":0,"player_choice":"Shed Blood","damage_taken":18,"max_hp_gain":5,"max_hp_loss":0,"event_name":"Forgotten Altar","floor":19,"gold_loss":0}],"is_beta":false,"boss_relics":[{"not_picked":["Empty Cage","Runic Dome"],"picked":"Pandora\u0027s Box"}],"items_purged_floors":[],"is_endless":false,"potions_floor_spawned":[1,4,14,18],"killed_by":"Snake Plant","ascension_level":1}}