{"host":"c95txy58ipbu969e","time":1611652698,"event":{"mods":["Act Like it!","BaseMod","Downfall","Minty Spire (QoL Compilation)","Quick Restart","StSLib"],"gold_per_floor":[99,99,99,199,199,374,427,427,412,13,38,38,38,65,77,174,174,174,191,191,201,201,201,225,238,238,73,102,117,130,164,184,289,289,289,307,320,565,565,575,651,234,249,274,294,327,127,162,62,62,62,89,3,3,3,3],"floor_reached":57,"language":"ZHS","playtime":4350,"items_purged":["Doubt","downfall:Malfunctioning","bronze:Strike"],"score":1604,"play_id":"689dd676-6bab-4685-b706-87132aa1184e","local_time":"20210126171818","is_ascension_mode":true,"campfire_choices":[{"data":"bronze:Goto","floor":1.0,"key":"SMITH"},{"data":"bronze:Invalidate","floor":13.0,"key":"SMITH"},{"data":"bronze:InfiniteLoop","floor":18.0,"key":"SMITH"},{"data":"bronze:HardenedForm","floor":23.0,"key":"SMITH"},{"data":"bronze:Deprecate","floor":26.0,"key":"SMITH"},{"floor":35.0,"key":"RECALL"},{"data":"bronze:CloningBeam","floor":47.0,"key":"SMITH"},{"data":"bronze:InfiniteBeams","floor":49.0,"key":"SMITH"},{"data":"bronze:BronzeArmor","floor":54,"key":"SMITH"}],"circlet_count":0,"master_deck":["bronze:Strike","bronze:Strike+1","bronze:Strike+1","bronze:Defend+1","bronze:Defend","bronze:Defend","bronze:Defend","bronze:Replicate+1","bronze:Goto+1","bronze:Invalidate+1","bronze:Return+1","bronze:BronzeArmor+1","bronze:HardenedForm+1","bronze:Branch","bronze:DelayedGuard","bronze:Deprecate+1","bronze:InfiniteLoop+1","Ghostly","Ghostly","Ghostly","Ghostly","Ghostly","bronze:FindAndReplace","bronze:CloningBeam+1","bronze:Format+1","bronze:FineTuning+1","bronze:FollowUp","bronze:Verify+1","Clumsy","bronze:Philosophize+1","bronze:InfiniteBeams+1","expansioncontent:Chronoboost"],"relics":["bronze:BronzeCore","downfall:HeartsMalice","Happy Flower","bronze:SilverBullet","Whetstone","Question Card","expansioncontent:StudyCardRelic","Nunchaku","Guardian:PocketSentry","TungstenRod","Regal Pillow","Coffee Dripper","champ:DeflectingBracers","MealTicket","Guardian:GemstoneGun","downfall:HeartBlessingBlue","downfall:HeartBlessingRed","Blood Vial","downfall:HeartBlessingGreen","Bottled Flame"],"acts_visited":["Exordium","TheCity","TheBeyond","TheEnding"],"potions_floor_usage":[55,56],"damage_taken":[{"damage":0.0,"enemies":"2 Louse","floor":2.0,"turns":1.0},{"damage":0.0,"enemies":"Small Slimes","floor":3.0,"turns":1.0},{"damage":0.0,"enemies":"Jaw Worm","floor":8.0,"turns":1.0},{"damage":0.0,"enemies":"downfall:FleeingMerchant","floor":9.0,"turns":4.0},{"damage":5.0,"enemies":"downfall:FleeingMerchant","floor":10.0,"turns":4.0},{"damage":22.0,"enemies":"Lagavulin","floor":11.0,"turns":8.0},{"damage":2.0,"enemies":"3 Sentries","floor":14.0,"turns":5.0},{"damage":0.0,"enemies":"3 Louse","floor":15.0,"turns":2.0},{"damage":18.0,"enemies":"DF_ARCHETYPE_STREAMLINE","floor":16.0,"turns":9.0},{"damage":15.0,"enemies":"Spheric Guardian","floor":19.0,"turns":5.0},{"damage":11.0,"enemies":"Shell Parasite","floor":21.0,"turns":4.0},{"damage":0.0,"enemies":"Chosen and Byrds","floor":25.0,"turns":5.0},{"damage":0.0,"enemies":"downfall:FleeingMerchant","floor":27.0,"turns":4.0},{"damage":21.0,"enemies":"Slavers","floor":28.0,"turns":6.0},{"damage":0.0,"enemies":"Centurion and Healer","floor":29.0,"turns":5.0},{"damage":0.0,"enemies":"Sentry and Sphere","floor":30.0,"turns":4.0},{"damage":0.0,"enemies":"Book of Stabbing","floor":31.0,"turns":4.0},{"damage":0.0,"enemies":"3 Cultists","floor":32.0,"turns":4.0},{"damage":9.0,"enemies":"SI_MIRROR_ARCHETYPE","floor":33.0,"turns":9.0},{"damage":0.0,"enemies":"3 Shapes","floor":36.0,"turns":5.0},{"damage":0.0,"enemies":"Orb Walker","floor":37.0,"turns":3.0},{"damage":0.0,"enemies":"downfall:FleeingMerchant","floor":38.0,"turns":4.0},{"damage":9.0,"enemies":"Spire Growth","floor":40.0,"turns":6.0},{"damage":9.0,"enemies":"Transient","floor":43.0,"turns":5.0},{"damage":0.0,"enemies":"Nemesis","floor":44.0,"turns":7.0},{"damage":13.0,"enemies":"3 Darklings","floor":45.0,"turns":3.0},{"damage":0.0,"enemies":"Reptomancer","floor":46.0,"turns":4.0},{"damage":0.0,"enemies":"Giant Head","floor":48.0,"turns":5.0},{"damage":0,"enemies":"IC_BLOCK_ARCHETYPE","floor":50,"turns":7},{"damage":0,"enemies":"downfall:CharBossMerchant","floor":52,"turns":6},{"damage":20,"enemies":"downfall:NeowBoss","floor":55,"turns":13},{"damage":30,"enemies":"downfall:NeowBossFinal","floor":56,"turns":10}],"seed_played":"-4770738537175391474","potions_obtained":[{"floor":11.0,"key":"Dexterity Potion"},{"floor":14.0,"key":"BlessingOfTheForge"},{"floor":15.0,"key":"LiquidMemories"},{"floor":28.0,"key":"Fire Potion"},{"floor":37.0,"key":"DistilledChaos"},{"floor":44.0,"key":"Fruit Juice"},{"floor":45.0,"key":"Swift Potion"}],"is_trial":false,"path_per_floor":["R","M","M","?","?","?","T","M","$","$","E","?","R","E","M","B",null,"R","M","?","M","?","R","T","M","R","$","E","M","M","E","M","B",null,"R","M","M","$","?","M","T","$","M","E","M","E","R","E","R","B",null,"E","$","R","B","B",null],"character_chosen":"THE_AUTOMATON","items_purchased":["bronze:SilverBullet","bronze:HardenedForm","Guardian:PocketSentry","champ:DeflectingBracers","expansioncontent:Chronoboost"],"campfire_rested":0,"item_purchase_floors":[10,10,27,42,53],"current_hp_per_floor":[70,70,70,70,75,75,75,75,80,75,53,53,53,51,51,33,80,80,65,65,54,40,40,40,40,40,40,19,19,19,19,19,10,40,40,40,40,40,40,31,31,31,22,22,9,9,19,19,24,26,55,55,55,55,35,7],"gold":3,"neow_bonus":"THREE_ENEMY_KILL","is_daily":false,"chose_seed":false,"campfire_upgraded":8,"win_rate":0.0,"timestamp":1611652698,"path_taken":["R","M","M","?","?","?","T","M","?","$","E","?","R","E","M","BOSS","R","M","?","M","?","R","T","M","R","?","E","M","M","E","M","BOSS","R","M","M","?","?","M","T","$","?","E","M","E","R","E","R","BOSS","E","$","R","BOSS","BOSS"],"items_purchased_type":["Relic","Card","Relic","Relic","Card"],"build_version":"2020-12-22","purchased_purges":3,"victory":true,"max_hp_per_floor":[70,70,70,70,75,75,75,75,80,80,80,80,80,80,80,80,80,80,80,80,80,40,40,40,40,40,40,40,40,40,40,40,40,40,40,40,40,40,40,40,40,40,40,40,40,40,50,50,55,55,55,55,55,55,55,55],"card_choices":[{"not_picked":["bronze:BugBarrage","bronze:ItsAFeature"],"picked":"bronze:Invalidate","floor":2.0},{"not_picked":["bronze:Flail","bronze:BitShift"],"picked":"bronze:Return","floor":3.0},{"not_picked":["bronze:Shield","bronze:Invalidate","bronze:WildBeam"],"picked":"SKIP","floor":8.0},{"not_picked":["bronze:Iterate","bronze:BitShift"],"picked":"bronze:BronzeArmor","floor":9.0},{"not_picked":["bronze:Optimize","bronze:Separator","bronze:CloningBeam"],"picked":"SKIP","floor":10.0},{"not_picked":["bronze:Turbo","bronze:OilSpill"],"picked":"bronze:Branch","floor":11.0},{"not_picked":["bronze:ChosenStrike","bronze:Separator"],"picked":"bronze:DelayedGuard","floor":14.0},{"not_picked":["bronze:NullPointer","bronze:Mutator","bronze:Frontload"],"picked":"bronze:Deprecate","floor":15.0},{"not_picked":["bronze:RecursiveStrike","bronze:HyperBeam","bronze:Mutator"],"picked":"bronze:InfiniteLoop","floor":16.0},{"not_picked":["bronze:Branch","bronze:Constructor","bronze:NullPointer","bronze:Turbo"],"picked":"SKIP","floor":19.0},{"not_picked":["bronze:DelayedSlice","bronze:Iterate","bronze:CutThrough","bronze:Deprecate+1"],"picked":"SKIP","floor":21.0},{"not_picked":["bronze:Invalidate","bronze:Iterate","bronze:Overload","bronze:OilSpill"],"picked":"SKIP","floor":25.0},{"not_picked":["bronze:MaxOutput","bronze:Turbo+1","bronze:ChosenStrike"],"picked":"bronze:FindAndReplace","floor":27.0},{"not_picked":["bronze:ChildClass+1","bronze:Overheat","bronze:CutThrough","bronze:FineTuning"],"picked":"SKIP","floor":28.0},{"not_picked":["bronze:WhirlingStrike","bronze:BugBarrage","bronze:MaxOutput","bronze:DigitalCarnage+1"],"picked":"SKIP","floor":29.0},{"not_picked":["bronze:MaxOutput+1","bronze:Turbo","bronze:Separator"],"picked":"bronze:CloningBeam","floor":30.0},{"not_picked":["bronze:WildBeam","bronze:Repulsor","bronze:Return","bronze:BitShift"],"picked":"SKIP","floor":31.0},{"not_picked":["bronze:ForceShield","bronze:DigitalCarnage+1","bronze:BronzeArmor","bronze:CloningBeam"],"picked":"SKIP","floor":32.0},{"not_picked":["bronze:SpaghettiCode","bronze:Assembly","bronze:Mutator"],"picked":"bronze:Format","floor":33.0},{"not_picked":["bronze:WhirlingStrike","bronze:WildBeam+1","bronze:FineTuning+1","bronze:Deprecate+1"],"picked":"SKIP","floor":36.0},{"not_picked":["bronze:WhirlingStrike","bronze:WildBeam+1","bronze:Deprecate+1"],"picked":"bronze:FineTuning+1","floor":36.0},{"not_picked":["bronze:BitShift+1","bronze:FineTuning","bronze:Deprecate+1"],"picked":"bronze:FollowUp","floor":37.0},{"not_picked":["bronze:OilSpill+1","bronze:Boost+1","bronze:BuggyMess+1"],"picked":"bronze:Verify","floor":38.0},{"not_picked":["bronze:Invalidate","bronze:BronzeOrb+1","bronze:BugBarrage","bronze:MaxOutput"],"picked":"SKIP","floor":40.0},{"not_picked":["bronze:BuggyMess+1","bronze:WildBeam","bronze:CutThrough","bronze:Shield+1"],"picked":"SKIP","floor":43.0},{"not_picked":["bronze:WildBeam+1","bronze:RecursiveStrike","bronze:BitShift"],"picked":"bronze:Philosophize+1","floor":44.0},{"not_picked":["bronze:MaxOutput+1","bronze:CutThrough+1","bronze:Repulsor+1","bronze:BuggyMess"],"picked":"SKIP","floor":45.0},{"not_picked":["bronze:Shell+1","bronze:Shield","bronze:Optimize+1","bronze:DigitalCarnage"],"picked":"SKIP","floor":46.0},{"not_picked":["bronze:WhirlingStrike+1","bronze:Overheat","bronze:DigitalCarnage"],"picked":"bronze:InfiniteBeams","floor":48.0},{"not_picked":["bronze:Separator","bronze:Optimize","bronze:BronzeOrb","bronze:NullPointer"],"picked":"SKIP","floor":52}],"player_experience":526091,"relics_obtained":[{"floor":7.0,"key":"Happy Flower"},{"floor":11.0,"key":"Whetstone"},{"floor":14.0,"key":"Question Card"},{"floor":24.0,"key":"Nunchaku"},{"floor":28.0,"key":"TungstenRod"},{"floor":31.0,"key":"Regal Pillow"},{"floor":44.0,"key":"MealTicket"},{"floor":46.0,"key":"Guardian:GemstoneGun"},{"floor":48.0,"key":"Blood Vial"},{"floor":52,"key":"Bottled Flame"}],"event_choices":[{"damage_healed":0.0,"max_hp_gain":5.0,"max_hp_loss":0.0,"gold_gain":0.0,"event_name":"Big Fish","player_choice":"Donut","floor":5.0,"gold_loss":0.0,"damage_taken":0.0},{"damage_healed":0.0,"max_hp_gain":5.0,"max_hp_loss":0.0,"gold_gain":0.0,"event_name":"Big Fish","player_choice":"Donut","floor":9.0,"gold_loss":0.0,"damage_taken":0.0},{"damage_healed":0.0,"max_hp_gain":0.0,"max_hp_loss":0.0,"gold_gain":0.0,"event_name":"Vampires","player_choice":"Ignored","floor":20.0,"gold_loss":0.0,"damage_taken":0.0},{"damage_healed":0.0,"max_hp_gain":0.0,"max_hp_loss":40.0,"gold_gain":0.0,"event_name":"Ghosts","player_choice":"Became a Ghost","floor":22.0,"gold_loss":0.0,"damage_taken":0.0,"cards_obtained":["Ghostly","Ghostly","Ghostly","Ghostly","Ghostly"]}],"is_beta":false,"boss_relics":[{"not_picked":["Sozu","Velvet Choker"],"picked":"expansioncontent:StudyCardRelic"},{"not_picked":["Pandora\u0027s Box","Snecko Eye"],"picked":"Coffee Dripper"}],"items_purged_floors":[10,38,42],"is_endless":false,"potions_floor_spawned":[11,14,15,16,21,25,28,30,37,44,45],"ascension_level":3}}