{"host":"ubyp1yuphwcqvn8x","time":1611642743,"event":{"mods":["BaseMod","Colored Map","Minty Spire (QoL Compilation)","Permanent Neow","Replay The Spire","StSLib","SuperFastMode","The Construct"],"gold_per_floor":[119,62,81,81,6,38,38,70,70,70,82,102,102,177,177,177,177],"floor_reached":16,"language":"ENG","playtime":1006,"items_purged":["Defend_B"],"score":113,"play_id":"ac5258a3-be1b-45c0-b274-d00805b1670f","local_time":"20210126013223","is_ascension_mode":true,"campfire_choices":[{"data":"Coolheaded","floor":7.0,"key":"SMITH"},{"floor":13.0,"key":"REST"},{"floor":15.0,"key":"DIG"}],"circlet_count":0,"master_deck":["Strike_B","Strike_B","Strike_B","Strike_B","Defend_B","Defend_B","Zap","Coolheaded+1","FIFO Queue+1","ReplayTheSpireMod:System Scan","Mirror Shield","Consume+1"],"relics":["Cracked Core","Dream Catcher","Gambling Chip","Oddly Smooth Stone","Toxic Egg 2","Replay:Accelerometer"],"acts_visited":["Exordium"],"potions_floor_usage":[],"damage_taken":[{"damage":0.0,"enemies":"Small Slimes","floor":1.0,"turns":2.0},{"damage":0.0,"enemies":"2 Louse","floor":3.0,"turns":2.0},{"damage":8.0,"enemies":"Replay:BlueRogue","floor":6.0,"turns":8.0},{"damage":58.0,"enemies":"3 Sentries","floor":8.0,"turns":11.0},{"damage":0.0,"enemies":"Cultist","floor":11.0,"turns":3.0},{"damage":0.0,"enemies":"Red Slaver","floor":12.0,"turns":6.0},{"damage":0,"enemies":"Slime Boss","floor":16,"turns":3}],"seed_played":"-1180787091305268418","potions_obtained":[{"floor":6.0,"key":"SmokeBomb"},{"floor":12.0,"key":"Explosive Potion"}],"is_trial":false,"path_per_floor":["M","$","M","?","$","E","R","E","T","?","M","M","R","?","R_BF","B"],"character_chosen":"DEFECT","items_purchased":["FIFO Queue+1"],"campfire_rested":1,"item_purchase_floors":[2],"current_hp_per_floor":[75,75,75,68,68,60,60,2,2,2,2,2,24,13,13,13,13],"gold":177,"neow_bonus":"RANDOM_COMMON_RELIC","is_daily":false,"chose_seed":false,"campfire_upgraded":1,"win_rate":0.0,"timestamp":1611642743,"path_taken":["M","$","M","?","$","E","R","E","T","?","M","M","R","?","R_BF","BOSS"],"items_purchased_type":["Card"],"build_version":"2020-12-22","purchased_purges":1,"victory":false,"max_hp_per_floor":[75,75,75,75,75,75,75,75,75,75,75,75,75,75,75,75,75],"card_choices":[{"not_picked":["Sweeping Beam","Cold Snap"],"picked":"Coolheaded","floor":1.0},{"not_picked":["Ball Lightning","Conserve Battery","Gash"],"picked":"SKIP","floor":3.0},{"not_picked":["Rebound","Scrape"],"picked":"ReplayTheSpireMod:System Scan","floor":6.0},{"not_picked":["Cold Snap","Leap"],"picked":"Mirror Shield","floor":8.0},{"not_picked":["Fusion+1","Gash"],"picked":"Consume+1","floor":11.0},{"not_picked":["Gash","Steam+1","Turbo+1"],"picked":"SKIP","floor":12.0}],"player_experience":1082817,"relics_obtained":[{"floor":6.0,"key":"Gambling Chip"},{"floor":8.0,"key":"Oddly Smooth Stone"},{"floor":9.0,"key":"Toxic Egg 2"},{"floor":15.0,"key":"Replay:Accelerometer"}],"event_choices":[{"cards_removed":["Defend_B"],"damage_healed":0.0,"max_hp_gain":0.0,"max_hp_loss":0.0,"gold_gain":0.0,"event_name":"Golden Wing","player_choice":"Card Removal","floor":4.0,"gold_loss":0.0,"damage_taken":7.0},{"damage_healed":0.0,"max_hp_gain":0.0,"max_hp_loss":0.0,"gold_gain":75.0,"event_name":"World of Goop","player_choice":"Gather Gold","floor":14.0,"gold_loss":0.0,"damage_taken":11.0}],"is_beta":false,"boss_relics":[],"items_purged_floors":[5],"is_endless":false,"potions_floor_spawned":[6,12],"killed_by":"Slime Boss","ascension_level":1}}