{"host":"4jkyggjfmxcpengt","time":1611697263,"event":{"mods":["AchievementEnabler","BaseMod","Better Note","Block Reminder","Colored Powertips","Fiend Mod","Hermit","Minty Spire (QoL Compilation)","Quick Restart","Replay The Spire","SacredBarkPlus","StSLib","The Animator","Transform Curses","Unceasing Turn Reminder"],"gold_per_floor":[117,134,148,148,168,168,201,220,220,249,249,269,269,288,288,393,393,411,411,336,355,374,374,407,421,500,512,512,531,566,580,580,675,675,693,693,693,707,751,751,785,785,785,448,448,459,459,10,10,10],"floor_reached":51,"language":"SPA","playtime":3271,"items_purged":["Clash+1","Doubt"],"score":1166,"play_id":"c928dd7a-ac9b-4a74-8e65-6b51263de39a","local_time":"20210126224103","is_ascension_mode":true,"campfire_choices":[{"data":"Limit Break","floor":6.0,"key":"SMITH"},{"floor":11.0,"key":"REST"},{"data":"True Grit","floor":15.0,"key":"SMITH"},{"floor":23.0,"key":"REST"},{"floor":32.0,"key":"REST"},{"data":"Bite","floor":40.0,"key":"SMITH"},{"floor":45.0,"key":"REST"},{"data":"Demon Form","floor":49.0,"key":"SMITH"}],"circlet_count":0,"master_deck":["AscendersBane","Defend_R","Defend_R","Defend_R","Defend_R","Fiend Fire","Pommel Strike","True Grit+1","Inflame","Bash","Limit Break+1","Sword Boomerang","Cleave","Cleave","Impervious","Pummel","Demon Form+1","Rage","Whirlwind","Flex+1","Heavy Blade","Bite+1","Bite","Bite","Bite","Bite","Ghostly Armor+1","Limit Break","Rage+1","Purity","Intimidate+1","Seeing Red+1","Exhume+1","Apotheosis+1"],"relics":["Burning Blood","Lizard Tail","Nunchaku","Bronze Scales","HornCleat","Snecko Eye","InkBottle","Snack Pack","Art of War","Mark of Pain","Toxic Egg 2","Replay:Bottled Steam","Pen Nib","Membership Card","FossilizedHelix"],"acts_visited":["Exordium","TheCity","TheBeyond"],"potions_floor_usage":[50],"damage_taken":[{"damage":6.0,"enemies":"Cultist","floor":1.0,"turns":4.0},{"damage":8.0,"enemies":"Jaw Worm","floor":2.0,"turns":4.0},{"damage":7.0,"enemies":"2 Louse","floor":3.0,"turns":4.0},{"damage":14.0,"enemies":"Blue Slaver","floor":5.0,"turns":4.0},{"damage":16.0,"enemies":"Gremlin Nob","floor":7.0,"turns":3.0},{"damage":35.0,"enemies":"Lots of Slimes","floor":8.0,"turns":5.0},{"damage":16.0,"enemies":"Lagavulin","floor":10.0,"turns":6.0},{"damage":14.0,"enemies":"3 Louse","floor":12.0,"turns":4.0},{"damage":1.0,"enemies":"2 Fungi Beasts","floor":14.0,"turns":3.0},{"damage":22.0,"enemies":"Hexaghost","floor":16.0,"turns":9.0},{"damage":16.0,"enemies":"Shell Parasite","floor":18.0,"turns":4.0},{"damage":0.0,"enemies":"2 Thieves","floor":21.0,"turns":3.0},{"damage":13.0,"enemies":"Snake Plant","floor":22.0,"turns":3.0},{"damage":15.0,"enemies":"Slavers","floor":24.0,"turns":4.0},{"damage":0.0,"enemies":"3 Cultists","floor":25.0,"turns":4.0},{"damage":12.0,"enemies":"Chosen and Byrds","floor":27.0,"turns":5.0},{"damage":22.0,"enemies":"Cultist and Chosen","floor":29.0,"turns":6.0},{"damage":39.0,"enemies":"Book of Stabbing","floor":30.0,"turns":5.0},{"damage":17.0,"enemies":"Centurion and Healer","floor":31.0,"turns":8.0},{"damage":54.0,"enemies":"Collector","floor":33.0,"turns":6.0},{"damage":12.0,"enemies":"Orb Walker","floor":35.0,"turns":4.0},{"damage":13.0,"enemies":"3 Shapes","floor":38.0,"turns":10.0},{"damage":73.0,"enemies":"Nemesis","floor":41.0,"turns":9.0},{"damage":47.0,"enemies":"Jaw Worm Horde","floor":46.0,"turns":7.0},{"damage":55,"enemies":"Time Eater","floor":50,"turns":9}],"seed_played":"8526241835126665606","potions_obtained":[{"floor":2.0,"key":"Block Potion"},{"floor":3.0,"key":"Cursed Concoction"},{"floor":7.0,"key":"Adrenaline Potion"},{"floor":10.0,"key":"AttackPotion"},{"floor":12.0,"key":"SpeedPotion"},{"floor":18.0,"key":"DuplicationPotion"},{"floor":27.0,"key":"LifebloodPotion"},{"floor":30.0,"key":"FearPotion"},{"floor":33.0,"key":"LifebloodPotion"},{"floor":41.0,"key":"LiquidMemories"}],"is_trial":false,"path_per_floor":["M","M","M","?","M","R","E","M","T","E","R","M","T","M","R","B",null,"M","?","?","M","M","R","E","M","T","M","?","M","E","M","R","B",null,"M","?","?","M","?","R","E","?","T","$","R","M","?","$","R","B",null],"character_chosen":"IRONCLAD","items_purchased":["Pen Nib","Dexterity Potion","Exhume+1","Membership Card","FossilizedHelix","Apotheosis+1"],"campfire_rested":4,"item_purchase_floors":[44,44,44,48,48,48],"current_hp_per_floor":[72,70,69,69,61,61,51,22,22,12,36,28,28,33,33,17,64,54,54,54,60,53,77,68,74,74,72,56,46,17,28,44,14,46,46,46,46,47,47,47,29,29,29,29,45,15,56,56,56,20],"gold":10,"neow_bonus":"ONE_RANDOM_RARE_CARD","is_daily":false,"chose_seed":false,"campfire_upgraded":4,"win_rate":0.0,"timestamp":1611697263,"path_taken":["M","?","M","?","M","R","E","?","T","E","R","M","?","M","R","BOSS","M","?","?","M","M","R","E","M","T","?","?","M","E","M","R","BOSS","M","?","?","?","?","R","E","?","T","$","R","M","?","?","R","BOSS"],"items_purchased_type":["Relic","Potion","Card","Relic","Relic","Card"],"build_version":"2020-12-22","purchased_purges":2,"victory":true,"max_hp_per_floor":[80,80,80,80,80,80,80,80,80,80,80,80,80,80,80,80,80,80,80,80,80,80,80,80,80,80,80,56,56,56,56,56,56,56,56,56,56,56,56,56,56,56,56,56,56,56,56,56,56,56],"card_choices":[{"not_picked":["Carnage","Fire Breathing"],"picked":"Pommel Strike","floor":1.0},{"not_picked":["Dual Wield","Headbutt"],"picked":"True Grit","floor":2.0},{"not_picked":["Anger","Wild Strike"],"picked":"Inflame","floor":3.0},{"not_picked":["Shrug It Off","Clothesline"],"picked":"Sword Boomerang","floor":5.0},{"not_picked":["ReplayTheSpireMod:Strike From Hell","Havoc"],"picked":"Cleave","floor":7.0},{"not_picked":["True Grit","Wild Strike","Replay:Undeath\u0027s Touch"],"picked":"SKIP","floor":8.0},{"not_picked":["Flame Barrier","Entrench"],"picked":"Cleave","floor":10.0},{"not_picked":["Heavy Blade","Carnage"],"picked":"Impervious","floor":12.0},{"not_picked":["True Grit","Cleave"],"picked":"Pummel","floor":14.0},{"not_picked":["Impervious","Corruption"],"picked":"Demon Form","floor":16.0},{"not_picked":["Sword Boomerang","Cleave+1"],"picked":"Rage","floor":18.0},{"not_picked":["Evolve+1","Cleave+1"],"picked":"Flex+1","floor":21.0},{"not_picked":["Headbutt","Flame Barrier"],"picked":"Heavy Blade","floor":22.0},{"not_picked":["Rupture+1","Clothesline","Perfected Strike"],"picked":"SKIP","floor":24.0},{"not_picked":["Shrug It Off","Life Link+1","Infernal Blade"],"picked":"SKIP","floor":25.0},{"not_picked":["Juggernaut","Iron Wave+1","True Grit+1"],"picked":"SKIP","floor":27.0},{"not_picked":["Infernal Blade","Replay:Undeath\u0027s Touch","Reckless Charge+1"],"picked":"SKIP","floor":29.0},{"not_picked":["Defy Death","ReplayTheSpireMod:Strike From Hell"],"picked":"Ghostly Armor+1","floor":30.0},{"not_picked":["Pommel Strike","Clash+1"],"picked":"Limit Break","floor":31.0},{"not_picked":["ReplayTheSpireMod:Corrosion Curse","Armaments"],"picked":"Rage+1","floor":35.0},{"not_picked":["The Bomb","PanicButton"],"picked":"Purity","floor":36.0},{"not_picked":["Flex+1","Burning Pact+1"],"picked":"Intimidate+1","floor":38.0},{"not_picked":["True Grit+1","Wild Strike+1"],"picked":"Clash+1","floor":39.0},{"not_picked":["Warcry+1","Massacre"],"picked":"Seeing Red+1","floor":41.0},{"not_picked":["Run Through+1","Body Slam+1","True Grit+1"],"picked":"SKIP","floor":46.0}],"player_experience":1018032,"relics_obtained":[{"floor":7.0,"key":"Lizard Tail"},{"floor":9.0,"key":"Nunchaku"},{"floor":10.0,"key":"Bronze Scales"},{"floor":13.0,"key":"HornCleat"},{"floor":24.0,"key":"InkBottle"},{"floor":26.0,"key":"Snack Pack"},{"floor":30.0,"key":"Art of War"},{"floor":39.0,"key":"Toxic Egg 2"},{"floor":43.0,"key":"Replay:Bottled Steam"}],"event_choices":[{"damage_healed":0.0,"max_hp_gain":0.0,"max_hp_loss":0.0,"gold_gain":0.0,"event_name":"Match and Keep!","player_choice":"2 cards matched","floor":4.0,"gold_loss":0.0,"damage_taken":0.0,"cards_obtained":["Bash","Limit Break"]},{"damage_healed":0.0,"max_hp_gain":0.0,"max_hp_loss":0.0,"gold_gain":0.0,"event_name":"The Library","player_choice":"Read","floor":19.0,"gold_loss":0.0,"damage_taken":0.0,"cards_obtained":["Whirlwind"]},{"cards_removed":["Bash"],"damage_healed":0.0,"max_hp_gain":0.0,"max_hp_loss":0.0,"gold_gain":0.0,"event_name":"Beggar","player_choice":"Gave Gold","floor":20.0,"gold_loss":75.0,"damage_taken":0.0},{"damage_healed":0.0,"max_hp_gain":0.0,"max_hp_loss":24.0,"gold_gain":0.0,"event_name":"Vampires","player_choice":"Became a vampire","floor":28.0,"gold_loss":0.0,"damage_taken":0.0,"cards_obtained":["Bite","Bite","Bite","Bite","Bite"]},{"damage_healed":0.0,"max_hp_gain":0.0,"max_hp_loss":0.0,"gold_gain":0.0,"event_name":"SensoryStone","player_choice":"Memory 1","floor":36.0,"gold_loss":0.0,"damage_taken":0.0},{"damage_healed":0.0,"max_hp_gain":0.0,"max_hp_loss":0.0,"gold_gain":0.0,"event_name":"Match and Keep!","player_choice":"0 cards matched","floor":37.0,"gold_loss":0.0,"damage_taken":0.0,"cards_obtained":[]},{"damage_healed":0.0,"max_hp_gain":0.0,"max_hp_loss":0.0,"gold_gain":0.0,"event_name":"Tomb of Lord Red Mask","player_choice":"Ignored","floor":42.0,"gold_loss":0.0,"damage_taken":0.0},{"damage_healed":41.0,"max_hp_gain":0.0,"max_hp_loss":0.0,"gold_gain":0.0,"event_name":"MindBloom","player_choice":"Heal","floor":47.0,"gold_loss":0.0,"damage_taken":0.0,"cards_obtained":["Doubt"]}],"is_beta":false,"boss_relics":[{"not_picked":["Kintsugi","Tiny House"],"picked":"Snecko Eye"},{"not_picked":["Runic Cube","Honey Jar"],"picked":"Mark of Pain"}],"items_purged_floors":[44,48],"is_endless":false,"potions_floor_spawned":[2,3,7,10,12,18,27,30,33,41],"ascension_level":11}}