{"host":"1tl36azeqm6yhdgj","time":1611673938,"event":{"mods":["AchievementEnabler","BaseMod","Minty Spire (QoL Compilation)","StSLib","The IronCluck","everything is the same but u backflip on backflip"],"gold_per_floor":[110,385,404,24,24,24,34,34,84,9,24,34,60,72,72,149,149,159,109,122,137,24,24,50,50,50,69,84,95,130,130,130],"floor_reached":31,"language":"ENG","playtime":893,"items_purged":["Regret"],"score":558,"play_id":"2ae41fa4-a9c5-45f1-9f7d-d1854868233e","local_time":"20210126101218","is_ascension_mode":true,"campfire_choices":[{"data":"Anger","floor":6.0,"key":"SMITH"},{"floor":15.0,"key":"RECALL"},{"floor":23.0,"key":"REST"},{"floor":25.0,"key":"REST"}],"circlet_count":0,"master_deck":["AscendersBane","Strike_R+1","Strike_R","Strike_R","Strike_R","Defend_R","Defend_R","Defend_R","Defend_R","Bash+1","Burning Pact+1","Anger+1","Fire Breathing","Flex","Dark Embrace","Cleave","Demon Form","Immolate","Flame Barrier+1","Barricade","Thunderclap","Clothesline","Infernal Blade","Pommel Strike","Seeing Red","Shockwave+1","Spot Weakness"],"relics":["Burning Blood","NeowsBlessing","Membership Card","White Beast Statue","FossilizedHelix","Regal Pillow","Eternal Feather","Black Star","Red Skull","Bronze Scales","The Courier","Boot","Oddly Smooth Stone","Ancient Tea Set"],"acts_visited":["Exordium","TheCity"],"potions_floor_usage":[30,30,31],"damage_taken":[{"damage":0.0,"enemies":"2 Louse","floor":1.0,"turns":2.0},{"damage":0.0,"enemies":"Cultist","floor":3.0,"turns":1.0},{"damage":0.0,"enemies":"Jaw Worm","floor":7.0,"turns":1.0},{"damage":0.0,"enemies":"Large Slime","floor":11.0,"turns":4.0},{"damage":0.0,"enemies":"2 Fungi Beasts","floor":12.0,"turns":2.0},{"damage":17.0,"enemies":"Lagavulin","floor":13.0,"turns":6.0},{"damage":0.0,"enemies":"Looter","floor":14.0,"turns":2.0},{"damage":59.0,"enemies":"Hexaghost","floor":16.0,"turns":8.0},{"damage":25.0,"enemies":"2 Thieves","floor":18.0,"turns":5.0},{"damage":24.0,"enemies":"Spheric Guardian","floor":20.0,"turns":5.0},{"damage":28.0,"enemies":"Shelled Parasite and Fungi","floor":21.0,"turns":5.0},{"damage":54.0,"enemies":"Slavers","floor":24.0,"turns":5.0},{"damage":14.0,"enemies":"Centurion and Healer","floor":27.0,"turns":3.0},{"damage":16.0,"enemies":"Snake Plant","floor":28.0,"turns":3.0},{"damage":14.0,"enemies":"Chosen and Byrds","floor":29.0,"turns":6.0},{"damage":46,"enemies":"Gremlin Leader","floor":30,"turns":6},{"damage":14,"enemies":"Shelled Parasite and Fungi","floor":31,"turns":2}],"seed_played":"1981982530821959958","potions_obtained":[{"floor":1.0,"key":"Regen Potion"},{"floor":7.0,"key":"Fire Potion"},{"floor":11.0,"key":"SteroidPotion"},{"floor":12.0,"key":"ColorlessPotion"},{"floor":13.0,"key":"BlessingOfTheForge"},{"floor":14.0,"key":"Strength Potion"},{"floor":16.0,"key":"FearPotion"},{"floor":18.0,"key":"EntropicBrew"},{"floor":20.0,"key":"SkillPotion"},{"floor":21.0,"key":"ElixirPotion"},{"floor":24.0,"key":"Swift Potion"},{"floor":27.0,"key":"Fire Potion"},{"floor":28.0,"key":"BloodPotion"},{"floor":29.0,"key":"GamblersBrew"},{"floor":30,"key":"Swift Potion"}],"is_trial":false,"path_per_floor":["M","?","M","$","T","R","M","?","T","?","M","M","E","M","R","B",null,"M","?","M","M","$","R","E","R","T","M","M","M","E","M"],"character_chosen":"IRONCLAD","items_purchased":["Membership Card","White Beast Statue","Fire Breathing","Flex","Red Skull","Pommel Strike"],"campfire_rested":2,"item_purchase_floors":[4,4,4,4,22,22],"current_hp_per_floor":[74,74,75,75,75,75,75,52,52,52,58,64,53,59,68,15,60,41,41,37,15,15,64,16,65,65,57,47,39,14,0,0],"gold":130,"neow_bonus":"THREE_ENEMY_KILL","is_daily":false,"chose_seed":false,"campfire_upgraded":1,"win_rate":0.0,"timestamp":1611673938,"path_taken":["M","?","M","?","?","R","M","?","T","?","M","M","E","M","R","BOSS","M","?","M","?","$","R","E","R","T","M","M","M","E","M"],"items_purchased_type":["Relic","Relic","Card","Card","Relic","Card"],"build_version":"2020-12-22","purchased_purges":1,"victory":false,"max_hp_per_floor":[75,75,75,75,75,75,75,75,75,75,75,75,75,75,75,75,75,75,75,75,75,75,75,75,75,75,75,75,75,75,75,75],"card_choices":[{"not_picked":["Clash","Sword Boomerang"],"picked":"Burning Pact","floor":1.0},{"not_picked":["Blood for Blood","Pummel"],"picked":"Anger","floor":3.0},{"not_picked":["Burning Pact","Clash"],"picked":"Dark Embrace","floor":7.0},{"not_picked":["Heavy Blade","Flex"],"picked":"Cleave","floor":11.0},{"not_picked":["Rupture","Shrug It Off"],"picked":"Demon Form","floor":12.0},{"not_picked":["Juggernaut","Sword Boomerang"],"picked":"Immolate","floor":13.0},{"not_picked":["Reckless Charge","Clash"],"picked":"Flame Barrier","floor":14.0},{"not_picked":["Corruption","Fiend Fire"],"picked":"Barricade","floor":16.0},{"not_picked":["Heavy Blade","Body Slam"],"picked":"Thunderclap","floor":18.0},{"not_picked":["Iron Wave","Flex"],"picked":"Clothesline","floor":20.0},{"not_picked":["Thunderclap","Clothesline"],"picked":"Infernal Blade","floor":21.0},{"not_picked":["Heavy Blade","Anger","Warcry"],"picked":"SKIP","floor":24.0},{"not_picked":["Rage","Double Tap"],"picked":"Seeing Red","floor":27.0},{"not_picked":["Power Through","Wild Strike+1"],"picked":"Shockwave+1","floor":28.0},{"not_picked":["Headbutt","Battle Trance"],"picked":"Spot Weakness","floor":29.0},{"not_picked":["Sentinel","Twin Strike","Anger"],"picked":"SKIP","floor":30}],"player_experience":2064548,"relics_obtained":[{"floor":5.0,"key":"FossilizedHelix"},{"floor":9.0,"key":"Regal Pillow"},{"floor":13.0,"key":"Eternal Feather"},{"floor":24.0,"key":"Bronze Scales"},{"floor":24.0,"key":"The Courier"},{"floor":26.0,"key":"Boot"},{"floor":30,"key":"Oddly Smooth Stone"},{"floor":30,"key":"Ancient Tea Set"}],"event_choices":[{"damage_healed":0.0,"max_hp_gain":0.0,"max_hp_loss":0.0,"gold_gain":275.0,"event_name":"Golden Shrine","player_choice":"Desecrate","floor":2.0,"gold_loss":0.0,"damage_taken":0.0,"cards_obtained":["Regret"]},{"damage_healed":0.0,"max_hp_gain":0.0,"max_hp_loss":0.0,"gold_gain":0.0,"event_name":"Shining Light","player_choice":"Entered Light","floor":8.0,"gold_loss":0.0,"damage_taken":23.0,"cards_upgraded":["Bash","Strike_R"]},{"cards_removed":["Strike_R"],"damage_healed":0.0,"max_hp_gain":0.0,"max_hp_loss":0.0,"gold_gain":0.0,"event_name":"The Cleric","player_choice":"Card Removal","floor":10.0,"gold_loss":75.0,"damage_taken":0.0},{"damage_healed":0.0,"max_hp_gain":0.0,"max_hp_loss":0.0,"gold_gain":0.0,"event_name":"Designer","player_choice":"Upgraded Two","floor":19.0,"gold_loss":50.0,"damage_taken":0.0,"cards_upgraded":["Flame Barrier","Burning Pact"]}],"is_beta":false,"boss_relics":[{"not_picked":["Fusion Hammer","Coffee Dripper"],"picked":"Black Star"}],"items_purged_floors":[4],"is_endless":false,"potions_floor_spawned":[1,7,11,12,13,14,16,18,20,21,24,27,28,29,30],"killed_by":"Shelled Parasite and Fungi","ascension_level":20}}