{"host":"3a1ypf1irl30q4k8","time":1611696712,"event":{"mods":["AchievementEnabler","BaseMod","Bestiary","Colored Map","Minty Spire (QoL Compilation)","Relic Stats"],"gold_per_floor":[119,144,144,144,167,167,198,198,198,36,47,78,115,127,139,264,264],"floor_reached":16,"language":"ENG","playtime":942,"items_purged":["Strike_P"],"score":213,"play_id":"4a26df32-b31d-4077-8c1e-5164bfcc7bdd","local_time":"20210126213152","is_ascension_mode":true,"campfire_choices":[{"data":"Wireheading","floor":6,"key":"SMITH"},{"data":"Vigilance","floor":8,"key":"SMITH"},{"floor":15,"key":"REST"}],"circlet_count":0,"master_deck":["Strike_P","Strike_P","Defend_P+1","Defend_P","Defend_P","Defend_P","Eruption","Vigilance+1","CurseOfTheBell","Swivel+1","PathToVictory+1","Wireheading+1","ThirdEye+1","Prostrate+1","SpiritShield+1"],"relics":["Calling Bell","CeramicFish","Toxic Egg 2","Pocketwatch","Matryoshka","The Courier","Juzu Bracelet","Membership Card","MawBank"],"acts_visited":["Exordium"],"potions_floor_usage":[1,5,7,7,7,12,16,16],"damage_taken":[{"damage":5,"enemies":"Small Slimes","floor":1,"turns":4},{"damage":0,"enemies":"Jaw Worm","floor":2,"turns":2},{"damage":0,"enemies":"Cultist","floor":5,"turns":2},{"damage":0,"enemies":"Lagavulin","floor":7,"turns":5},{"damage":7,"enemies":"2 Fungi Beasts","floor":11,"turns":3},{"damage":20,"enemies":"3 Sentries","floor":12,"turns":9},{"damage":17,"enemies":"Exordium Wildlife","floor":13,"turns":4},{"damage":41,"enemies":"Slime Boss","floor":16,"turns":13}],"seed_played":"648080990532533261","potions_obtained":[{"floor":1,"key":"EntropicBrew"},{"floor":5,"key":"SpeedPotion"},{"floor":12,"key":"FearPotion"},{"floor":13,"key":"LiquidMemories"},{"floor":16,"key":"CultistPotion"}],"is_trial":false,"path_per_floor":["M","M","?","?","M","R","E","R","T","$","M","E","M","?","R","B"],"character_chosen":"WATCHER","items_purchased":["Membership Card","ThirdEye+1"],"campfire_rested":1,"item_purchase_floors":[10,10],"current_hp_per_floor":[67,67,67,60,60,60,60,60,60,60,53,33,16,16,37,11,11],"gold":264,"neow_bonus":"BOSS_RELIC","is_daily":false,"chose_seed":false,"campfire_upgraded":2,"win_rate":0.0,"timestamp":1611696712,"path_taken":["M","M","?","?","M","R","E","R","T","?","M","E","M","?","R","BOSS"],"items_purchased_type":["Relic","Card"],"build_version":"2020-12-22","purchased_purges":1,"victory":false,"max_hp_per_floor":[72,72,72,72,72,72,72,72,72,72,72,72,72,72,72,72,72],"relic_stats":{"counters":[8,42],"CeramicFish":54,"Juzu Bracelet":1,"MawBank":48,"obtain_stats":[{"Calling Bell":0,"Matryoshka":7,"CeramicFish":0,"The Courier":9,"Juzu Bracelet":9,"Membership Card":10,"PureWater":0,"Toxic Egg 2":0,"MawBank":12,"Pocketwatch":0},{"Calling Bell":0,"Matryoshka":4,"CeramicFish":0,"The Courier":4,"Juzu Bracelet":4,"Membership Card":4,"PureWater":0,"Toxic Egg 2":0,"MawBank":6,"Pocketwatch":0},{"Calling Bell":0,"Matryoshka":13,"CeramicFish":0,"The Courier":13,"Juzu Bracelet":13,"Membership Card":13,"PureWater":0,"Toxic Egg 2":0,"MawBank":25,"Pocketwatch":0}],"Pocketwatch":[81]},"card_choices":[{"not_picked":["EmptyBody+1","CrushJoints"],"picked":"Swivel+1","floor":1},{"not_picked":["SashWhip","Indignation+1"],"picked":"PathToVictory+1","floor":2},{"not_picked":["EmptyBody+1","Consecrate"],"picked":"Wireheading","floor":5},{"not_picked":["FollowUp","Fasting2","Conclude"],"picked":"SKIP","floor":7},{"not_picked":["PathToVictory+1","EmptyFist","Consecrate"],"picked":"SKIP","floor":11},{"not_picked":["ForeignInfluence+1","BowlingBash","BattleHymn"],"picked":"SKIP","floor":12},{"not_picked":["WindmillStrike","JustLucky"],"picked":"Prostrate+1","floor":13},{"not_picked":["Omniscience+1","Brilliance"],"picked":"SpiritShield+1","floor":16}],"player_experience":1223755,"relics_obtained":[{"floor":0,"key":"CeramicFish"},{"floor":0,"key":"Toxic Egg 2"},{"floor":0,"key":"Pocketwatch"},{"floor":7,"key":"Matryoshka"},{"floor":9,"key":"The Courier"},{"floor":9,"key":"Juzu Bracelet"},{"floor":12,"key":"MawBank"}],"event_choices":[{"damage_healed":0,"gold_gain":0,"player_choice":"Ignored","damage_taken":0,"max_hp_gain":0,"max_hp_loss":0,"event_name":"Shining Light","floor":3,"gold_loss":0},{"cards_removed":["Strike_P"],"damage_healed":0,"gold_gain":0,"player_choice":"Card Removal","damage_taken":7,"max_hp_gain":0,"max_hp_loss":0,"event_name":"Golden Wing","floor":4,"gold_loss":0},{"damage_healed":0,"gold_gain":0,"player_choice":"Upgraded","damage_taken":0,"max_hp_gain":0,"max_hp_loss":0,"event_name":"Upgrade Shrine","floor":14,"gold_loss":0,"cards_upgraded":["Defend_P"]}],"is_beta":false,"boss_relics":[],"items_purged_floors":[10],"is_endless":false,"potions_floor_spawned":[1,5,12,13,16],"killed_by":"Slime Boss","ascension_level":3}}