{"host":"och2iitg9ibgz06n","time":1611619615,"event":{"mods":["Abigail Mod","AchievementEnabler","Aspiration","BaseMod","Colored Powertips","Dio Mod","Hubris","Hyrulean Relics","Infinite Spire","Minty Spire (QoL Compilation)","Replay The Spire","Small Relic Pack","StSLib","The Animator","The Bug Knight","The Hierophant","The Jungle","The Saiyan","TheHero","Wandering Minibosses","everything is the same but u backflip on backflip","slay the spire mod where everything is the same but ironclad has a cowboy hat"],"gold_per_floor":[217,217,236,236,247,247,274,274,274,285,285,285,285,615,615,715,715,732,732,672,672],"floor_reached":20,"language":"ENG","playtime":666,"items_purged":[],"score":261,"play_id":"0d8a344c-cbb7-4384-a8a2-ba803128a541","local_time":"20210125180655","is_ascension_mode":true,"campfire_choices":[{"data":"Armaments","floor":6,"key":"SMITH"},{"data":"Dropkick","floor":8,"key":"SMITH"},{"data":"Seeing Red","floor":11,"key":"SMITH"},{"data":"hubris:ReadiedAction","floor":13,"key":"SMITH"},{"data":"Bash","floor":15,"key":"SMITH"}],"circlet_count":0,"master_deck":["Strike_R+1","Strike_R+1","Strike_R+1","Strike_R+1","Strike_R+1","Defend_R+2","Defend_R+1","Defend_R+2","Defend_R+1","Bash+1","Armaments+1","hubris:ReadiedAction+1","Dropkick+1","Seeing Red+1","Rupture","Hemogenesis+1","Ghostly Armor+1"],"relics":["Black Blood","Simple Rune","Golden Egg","infinitespire:FocusingShard","Old Coin"],"acts_visited":["Exordium","TheCity"],"potions_floor_usage":[7,7],"damage_taken":[{"damage":6,"enemies":"Jaw Worm","floor":1,"turns":6},{"damage":0,"enemies":"Cultist","floor":3,"turns":4},{"damage":5,"enemies":"Small Slimes","floor":5,"turns":5},{"damage":16,"enemies":"Lagavulin","floor":7,"turns":9},{"damage":6,"enemies":"Red Slaver","floor":10,"turns":4},{"damage":24,"enemies":"Gremlin Nob","floor":14,"turns":4},{"damage":46,"enemies":"Hexaghost","floor":16,"turns":11},{"damage":51,"enemies":"Spheric Guardian","floor":18,"turns":12},{"damage":35,"enemies":"2 Thieves","floor":20,"turns":2}],"seed_played":"-4434645567172820670","potions_obtained":[{"floor":1,"key":"BlessingOfTheForge"},{"floor":3,"key":"Weak Potion"},{"floor":7,"key":"Dexterity Potion"},{"floor":16,"key":"SpeedPotion"},{"floor":18,"key":"Regen Potion"}],"is_trial":false,"path_per_floor":["M","?","M","$","M","R","E","R","T","M","R","?","R","E","R","B",null,"M","?","M"],"character_chosen":"IRONCLAD","items_purchased":[],"campfire_rested":0,"item_purchase_floors":[],"current_hp_per_floor":[72,72,78,78,79,79,69,69,69,69,69,69,69,51,51,11,63,35,35,0,0],"gold":672,"neow_bonus":"HUNDRED_GOLD","is_daily":false,"chose_seed":false,"campfire_upgraded":5,"win_rate":0.0,"timestamp":1611619615,"path_taken":["M","?","?","?","M","R","E","R","T","M","R","?","R","E","R","BOSS","M","?","M"],"items_purchased_type":[],"build_version":"2020-12-22","purchased_purges":0,"victory":false,"max_hp_per_floor":[80,80,80,80,80,80,80,80,80,80,80,80,80,80,80,80,80,80,80,80,80],"card_choices":[{"not_picked":["Shrug It Off","ReplayTheSpireMod:LeadingStrike"],"picked":"Twin Strike","floor":1},{"not_picked":["Pommel Strike","True Grit"],"picked":"Armaments","floor":3},{"not_picked":["Flame Barrier","Body Slam"],"picked":"hubris:ReadiedAction","floor":5},{"not_picked":["Clothesline","Dark Embrace"],"picked":"Dropkick","floor":7},{"not_picked":["Whirlwind","Body Slam"],"picked":"Seeing Red","floor":10},{"not_picked":["Battle Trance","Fiend Fire"],"picked":"Rupture","floor":14},{"not_picked":["Impervious","Replay:Many Hands"],"picked":"Hemogenesis","floor":16},{"not_picked":["Headbutt+1","Clothesline"],"picked":"Ghostly Armor+1","floor":18}],"player_experience":490947,"relics_obtained":[{"floor":7,"key":"Golden Egg"},{"floor":9,"key":"infinitespire:FocusingShard"},{"floor":14,"key":"Old Coin"}],"event_choices":[{"cards_removed":["Twin Strike"],"damage_healed":0,"gold_gain":0,"player_choice":"Gave Card","damage_taken":0,"relics_obtained":["Simple Rune"],"max_hp_gain":0,"max_hp_loss":0,"event_name":"WeMeetAgain","floor":2,"gold_loss":0},{"damage_healed":0,"gold_gain":0,"player_choice":"Leave","damage_taken":0,"max_hp_gain":0,"max_hp_loss":0,"event_name":"The Cleric","floor":12,"gold_loss":0},{"damage_healed":0,"gold_gain":0,"player_choice":"Simplicity","damage_taken":0,"max_hp_gain":0,"max_hp_loss":0,"event_name":"Back to Basics","floor":19,"gold_loss":0,"cards_upgraded":["Strike_R","Strike_R","Strike_R","Strike_R","Strike_R","Defend_R","Defend_R","Defend_R","Defend_R"]}],"is_beta":false,"boss_relics":[{"not_picked":["Cursed Key","hubris:VirtuousBlindfold"],"picked":"Black Blood"}],"items_purged_floors":[],"is_endless":false,"potions_floor_spawned":[1,3,7,16,18],"killed_by":"2 Thieves","ascension_level":9}}