{"host":"cw25u8qal1h0d7ia","time":1610809521,"event":{"mods":["BaseMod","Downfall","Minty Spire (QoL Compilation)","StSLib"],"gold_per_floor":[99,114,130,305,305,305,332,332,342,342,14,14,47,58,78,78,78,78],"floor_reached":16,"language":"ENG","playtime":1052,"items_purged":["Doubt"],"score":115,"play_id":"f1c8ae27-9013-46aa-98a2-9df14bfa1e21","local_time":"20210116160521","is_ascension_mode":true,"campfire_choices":[{"data":"Slimebound:Split","floor":1,"key":"SMITH"},{"data":"1","floor":8,"key":"LIFT"},{"data":"2","floor":10,"key":"LIFT"},{"data":"3","floor":12,"key":"LIFT"}],"circlet_count":0,"master_deck":["Slimebound:Strike_Slimebound","Slimebound:Strike_Slimebound","Slimebound:Strike_Slimebound","Slimebound:Tackle","Slimebound:Defend_Slimebound","Slimebound:Defend_Slimebound","Slimebound:Defend_Slimebound","Slimebound:Defend_Slimebound","Slimebound:Split+1","Slimebound:CorrosiveSpit","Enlightenment","Slimebound:RollThrough","Slimebound:FlameTackle","downfall:Haunted","CurseOfTheBell","Slimebound:FinishingTackle","Slimebound:LivingWall","Slimebound:CheckThePlaybook","Slimebound:BestDefense"],"relics":["Slimebound:AbsorbEndCombat","Calling Bell","Ancient Tea Set","Sundial","Girya","downfall:ShatteredFragment","Vajra","Question Card","Tiny Chest"],"acts_visited":["Exordium"],"potions_floor_usage":[9,16],"damage_taken":[{"damage":4,"enemies":"2 Louse","floor":2,"turns":2},{"damage":0,"enemies":"Small Slimes","floor":3,"turns":3},{"damage":10,"enemies":"Jaw Worm","floor":9,"turns":2},{"damage":3,"enemies":"downfall:FleeingMerchant","floor":11,"turns":4},{"damage":3,"enemies":"Gremlin Nob","floor":13,"turns":2},{"damage":6,"enemies":"3 Louse","floor":14,"turns":2},{"damage":1,"enemies":"Blue Slaver","floor":15,"turns":2},{"damage":35,"enemies":"SI_SHIV_ARCHETYPE","floor":16,"turns":3}],"seed_played":"7775749681601684171","potions_obtained":[{"floor":2,"key":"Fruit Juice"},{"floor":9,"key":"SkillPotion"}],"is_trial":false,"path_per_floor":["R","M","M","?","?","?","T","R","M","R","$","R","E","M","M","B"],"character_chosen":"SLIMEBOUND","items_purchased":["Question Card"],"campfire_rested":0,"item_purchase_floors":[11],"current_hp_per_floor":[65,62,63,63,63,45,45,45,41,41,40,40,37,32,32,0,0,0],"gold":78,"neow_bonus":"RANDOM_COLORLESS","is_daily":false,"chose_seed":false,"campfire_upgraded":1,"win_rate":0.0,"timestamp":1610809521,"path_taken":["R","M","M","?","?","?","T","R","M","R","$","R","E","M","M","BOSS"],"items_purchased_type":["Relic"],"build_version":"2020-12-22","purchased_purges":1,"victory":false,"max_hp_per_floor":[65,65,65,65,65,65,65,65,70,70,70,70,70,70,70,70,70,70],"card_choices":[{"not_picked":["Madness","Trip"],"picked":"Enlightenment","floor":0},{"not_picked":["Slimebound:LeechingTouch","Slimebound:ComboTackle"],"picked":"Slimebound:RollThrough","floor":2},{"not_picked":["Slimebound:GoopSpray","Slimebound:LeechingTouch"],"picked":"Slimebound:FlameTackle","floor":3},{"not_picked":["Slimebound:PressTheAttack","Slimebound:RainOfGoop"],"picked":"Slimebound:FinishingTackle","floor":9},{"not_picked":["Slimebound:SplitBruiser","Slimebound:ItLooksTasty"],"picked":"Slimebound:LivingWall","floor":11},{"not_picked":["Slimebound:DisruptingSlam","Slimebound:RainOfGoop","Slimebound:SlimeBarrage"],"picked":"Slimebound:CheckThePlaybook","floor":13},{"not_picked":["Slimebound:HungryTackle","Slimebound:RollThrough","Slimebound:Chomp"],"picked":"Slimebound:BestDefense","floor":14},{"not_picked":["Slimebound:RainOfGoop","Slimebound:LivingWall","Slimebound:Schlurp","Slimebound:GoopSpray"],"picked":"SKIP","floor":15}],"player_experience":523289,"relics_obtained":[{"floor":5,"key":"Ancient Tea Set"},{"floor":5,"key":"Sundial"},{"floor":5,"key":"Girya"},{"floor":7,"key":"Vajra"},{"floor":13,"key":"Tiny Chest"}],"event_choices":[],"is_beta":false,"boss_relics":[],"items_purged_floors":[11],"is_endless":false,"potions_floor_spawned":[2,9],"killed_by":"SI_SHIV_ARCHETYPE","ascension_level":3}}