{"host":"nyoujqdnxu3hxf6v","time":1610759007,"event":{"mods":["BaseMod","MarisaÅiñ∂âJÅ@ñÇóùçπÅj","Minty Spire (QoL Compilation)","StSLib","The Servant 0.9.4"],"gold_per_floor":[114,114,124,143,143,143,154,154,179,199,224,244,244,254,254,356,356,372,389,400,215,234,261,261,261,286,301,301,316,331,331,331],"floor_reached":31,"language":"ENG","playtime":1010,"items_purged":["Turbo"],"score":288,"play_id":"b22cb14c-a3fc-46c0-b3fe-9ebce39ee96b","local_time":"20210115200327","is_ascension_mode":false,"campfire_choices":[{"data":"Storm","floor":6,"key":"SMITH"},{"data":"Zap","floor":8,"key":"SMITH"},{"floor":13,"key":"REST"},{"data":"Storm","floor":15,"key":"SMITH"},{"data":"Seek","floor":28,"key":"SMITH"}],"circlet_count":0,"master_deck":["Strike_B","Strike_B","Strike_B+1","Strike_B","Defend_B","Defend_B","Defend_B+1","Defend_B","Zap+1","Dualcast+1","Cold Snap","Coolheaded","Storm+1","Sunder","Hello World","Static Discharge","Storm+1","White Noise","Seek+1","Defragment+1","Capacitor","Glacier","FTL+1","Capacitor","Ghostly","Ghostly","Ghostly","Ghostly","Ghostly","Hologram","Auto Shields+1","Cold Snap"],"relics":["Cracked Core","NeowsBlessing","Ancient Tea Set","PreservedInsect","Velvet Choker","Bottled Tornado","Whetstone","Vajra"],"acts_visited":["Exordium","TheCity"],"potions_floor_usage":[11,16,16,18,22,27],"damage_taken":[{"damage":0,"enemies":"2 Louse","floor":1,"turns":1},{"damage":0,"enemies":"Small Slimes","floor":3,"turns":1},{"damage":0,"enemies":"Cultist","floor":4,"turns":1},{"damage":9,"enemies":"Lots of Slimes","floor":7,"turns":5},{"damage":10,"enemies":"Looter","floor":10,"turns":2},{"damage":14,"enemies":"Lagavulin","floor":11,"turns":5},{"damage":0,"enemies":"Exordium Wildlife","floor":12,"turns":3},{"damage":4,"enemies":"Blue Slaver","floor":14,"turns":3},{"damage":29,"enemies":"The Guardian","floor":16,"turns":6},{"damage":8,"enemies":"3 Byrds","floor":18,"turns":2},{"damage":0,"enemies":"Spheric Guardian","floor":19,"turns":3},{"damage":8,"enemies":"Snake Plant","floor":20,"turns":3},{"damage":15,"enemies":"Centurion and Healer","floor":22,"turns":3},{"damage":20,"enemies":"Gremlin Leader","floor":23,"turns":4},{"damage":10,"enemies":"Cultist and Chosen","floor":27,"turns":4},{"damage":13,"enemies":"Shelled Parasite and Fungi","floor":29,"turns":4},{"damage":0,"enemies":"Sentry and Sphere","floor":30,"turns":4},{"damage":1,"enemies":"Book of Stabbing","floor":31,"turns":1}],"seed_played":"-1227390071735105415","potions_obtained":[{"floor":3,"key":"Strength Potion"},{"floor":4,"key":"GamblersBrew"},{"floor":5,"key":"FocusPotion"},{"floor":5,"key":"Explosive Potion"},{"floor":12,"key":"SkillPotion"},{"floor":16,"key":"PowerPotion"},{"floor":19,"key":"SneckoOil"},{"floor":22,"key":"Fire Potion"},{"floor":30,"key":"Strength Potion"}],"is_trial":false,"path_per_floor":["M","?","M","M","?","R","M","R","T","M","E","M","R","M","R","B",null,"M","M","M","$","M","E","?","T","T","M","R","M","M","E"],"character_chosen":"DEFECT","items_purchased":["Capacitor","Glacier"],"campfire_rested":1,"item_purchase_floors":[21,21],"current_hp_per_floor":[75,60,60,60,60,60,51,51,51,41,27,27,49,45,45,16,75,67,67,59,59,44,24,24,24,24,14,14,1,1,0,0],"gold":331,"neow_bonus":"THREE_ENEMY_KILL","is_daily":false,"chose_seed":false,"campfire_upgraded":4,"win_rate":0.0,"timestamp":1610759007,"path_taken":["M","?","M","M","?","R","M","R","T","?","E","M","R","M","R","BOSS","M","M","?","$","M","E","?","?","T","M","R","M","M","E"],"items_purchased_type":["Card","Card"],"build_version":"2020-12-22","purchased_purges":1,"victory":false,"max_hp_per_floor":[75,75,75,75,75,75,75,75,75,75,75,75,75,75,75,75,75,75,75,75,75,75,75,37,37,37,37,37,37,37,37,37],"card_choices":[{"not_picked":["Gash","Go for the Eyes"],"picked":"Cold Snap","floor":1},{"not_picked":["Streamline","Steam"],"picked":"Coolheaded","floor":3},{"not_picked":["Melter","Rebound"],"picked":"Storm","floor":4},{"not_picked":["Doom and Gloom","Barrage"],"picked":"Sunder","floor":7},{"not_picked":["Go for the Eyes","Steam"],"picked":"Hello World","floor":10},{"not_picked":["Gash","Force Field"],"picked":"Static Discharge","floor":11},{"not_picked":["Double Energy","Redo"],"picked":"Storm","floor":12},{"not_picked":["Melter","Barrage"],"picked":"White Noise","floor":14},{"not_picked":["Amplify","Reboot"],"picked":"Seek","floor":16},{"not_picked":["Hologram","Undo+1"],"picked":"Turbo","floor":18},{"not_picked":["Double Energy","Cold Snap","Gash"],"picked":"SKIP","floor":19},{"not_picked":["Doom and Gloom","Reinforced Body"],"picked":"Defragment+1","floor":20},{"not_picked":["Steam","Leap"],"picked":"FTL","floor":22},{"not_picked":["Capacitor","Cold Snap","Gash"],"picked":"SKIP","floor":23},{"not_picked":["Cold Snap","Gash"],"picked":"Capacitor","floor":23},{"not_picked":["Gash","Skim"],"picked":"Hologram","floor":27},{"not_picked":["Reinforced Body","Glacier"],"picked":"Auto Shields+1","floor":29},{"not_picked":["Fission","Sweeping Beam"],"picked":"Cold Snap","floor":30}],"player_experience":36038,"relics_obtained":[{"floor":9,"key":"Ancient Tea Set"},{"floor":11,"key":"PreservedInsect"},{"floor":23,"key":"Bottled Tornado"},{"floor":25,"key":"Whetstone"},{"floor":26,"key":"Vajra"}],"event_choices":[{"damage_healed":0,"gold_gain":0,"player_choice":"Entered Light","damage_taken":15,"max_hp_gain":0,"max_hp_loss":0,"event_name":"Shining Light","floor":2,"gold_loss":0,"cards_upgraded":["Dualcast","Defend_B"]},{"damage_healed":0,"gold_gain":0,"player_choice":"Got Potions","damage_taken":0,"max_hp_gain":0,"max_hp_loss":0,"event_name":"Lab","floor":5,"gold_loss":0},{"damage_healed":0,"gold_gain":0,"player_choice":"Became a Ghost","damage_taken":0,"max_hp_gain":0,"max_hp_loss":38,"event_name":"Ghosts","floor":24,"gold_loss":0,"cards_obtained":["Ghostly","Ghostly","Ghostly","Ghostly","Ghostly"]}],"is_beta":false,"boss_relics":[{"not_picked":["Cursed Key","Busted Crown"],"picked":"Velvet Choker"}],"items_purged_floors":[21],"is_endless":false,"potions_floor_spawned":[3,4,12,14,16,19,22,30],"killed_by":"Book of Stabbing","ascension_level":0}}