{"host":"nmjik3bzoelmmajy","time":1610798982,"event":{"mods":["BaseMod","Better Third Choice","Colored Map","DeckTracker","Minty Spire (QoL Compilation)","Quick Restart","Say the Spire","StSLib","SuperFastMode"],"gold_per_floor":[119,0,0,18,18,18,49,49,49,77,87,12,27,46,46,123,123,136,136,151,171,171,171,121,121,121],"floor_reached":25,"language":"KOR","playtime":978,"items_purged":["Strike_G"],"score":425,"play_id":"4e3f287b-31c7-4d30-a8d2-c632ca997203","local_time":"20210116210942","is_ascension_mode":true,"campfire_choices":[{"data":"Enlightenment","floor":6,"key":"SMITH"},{"data":"Bouncing Flask","floor":8,"key":"SMITH"},{"data":"Leg Sweep","floor":15,"key":"SMITH"},{"data":"Burst","floor":23,"key":"SMITH"}],"circlet_count":0,"master_deck":["AscendersBane","Strike_G","Strike_G","Strike_G","Defend_G","Defend_G","Defend_G+1","Defend_G","Defend_G","Survivor+1","Neutralize","Blade Dance","Enlightenment+1","Bouncing Flask+1","Infinite Blades","Outmaneuver","Backstab","Leg Sweep+1","Burst+1","Acrobatics","Prepared"],"relics":["Ring of the Snake","NeowsBlessing","War Paint","Happy Flower","Meat on the Bone","Boot","Cursed Key"],"acts_visited":["Exordium","TheCity"],"potions_floor_usage":[16,16,21,25],"damage_taken":[{"damage":0.0,"enemies":"Small Slimes","floor":1.0,"turns":1.0},{"damage":0,"enemies":"Jaw Worm","floor":4,"turns":1},{"damage":0,"enemies":"Gremlin Nob","floor":7,"turns":1},{"damage":25,"enemies":"3 Sentries","floor":10,"turns":10},{"damage":0,"enemies":"2 Louse","floor":11,"turns":3},{"damage":0,"enemies":"Gremlin Gang","floor":13,"turns":5},{"damage":5,"enemies":"Large Slime","floor":14,"turns":6},{"damage":1,"enemies":"The Guardian","floor":16,"turns":10},{"damage":13,"enemies":"Spheric Guardian","floor":18,"turns":4},{"damage":18,"enemies":"2 Thieves","floor":20,"turns":5},{"damage":4,"enemies":"Snake Plant","floor":21,"turns":5},{"damage":25,"enemies":"Cultist and Chosen","floor":25,"turns":6}],"seed_played":"-2828973578122164330","potions_obtained":[{"floor":1.0,"key":"Ancient Potion"},{"floor":10,"key":"PowerPotion"},{"floor":13,"key":"Swift Potion"},{"floor":18,"key":"GhostInAJar"},{"floor":20,"key":"Explosive Potion"}],"is_trial":false,"path_per_floor":["M","?","?","M","?","R","E","R","T","E","M","$","M","M","R","B",null,"M","?","M","M","?","R","?","M"],"character_chosen":"THE_SILENT","items_purchased":[],"campfire_rested":0,"item_purchase_floors":[],"current_hp_per_floor":[59,65,65,65,65,65,65,65,65,40,40,40,40,47,47,46,66,53,53,47,43,23,23,23,0,0],"gold":121,"neow_bonus":"THREE_ENEMY_KILL","is_daily":false,"chose_seed":false,"campfire_upgraded":4,"win_rate":0.0,"timestamp":1610798982,"path_taken":["M","?","?","M","?","R","E","R","T","E","?","$","M","M","R","BOSS","M","?","M","?","?","R","?","M"],"items_purchased_type":[],"build_version":"2020-12-22","purchased_purges":1,"victory":false,"max_hp_per_floor":[66,72,72,72,72,72,72,72,72,72,72,72,72,72,72,72,72,72,72,72,72,77,77,77,77,77],"card_choices":[{"not_picked":["Distraction","Outmaneuver"],"picked":"Blade Dance","floor":1.0},{"not_picked":["Acrobatics","Backflip"],"picked":"Bouncing Flask","floor":4},{"not_picked":["Sucker Punch","PiercingWail"],"picked":"Infinite Blades","floor":7},{"not_picked":["Expertise","Bane"],"picked":"Outmaneuver","floor":10},{"not_picked":["Slice","Deflect"],"picked":"Backstab","floor":11},{"not_picked":["Reflex","Blade Dance"],"picked":"Leg Sweep","floor":13},{"not_picked":["Riddle With Holes","Distraction","Choke"],"picked":"SKIP","floor":14},{"not_picked":["Phantasmal Killer","Wraith Form v2"],"picked":"Burst","floor":16},{"not_picked":["Infinite Blades","Setup"],"picked":"Acrobatics","floor":18},{"not_picked":["Riddle With Holes","Dagger Throw","Acrobatics"],"picked":"SKIP","floor":20},{"not_picked":["Dagger Spray","Poisoned Stab","Dagger Throw"],"picked":"SKIP","floor":21}],"player_experience":495264,"relics_obtained":[{"floor":7,"key":"Happy Flower"},{"floor":9,"key":"Meat on the Bone"},{"floor":10,"key":"Boot"}],"event_choices":[{"damage_healed":0.0,"max_hp_gain":0.0,"max_hp_loss":0.0,"gold_gain":0.0,"event_name":"betterThird:BetterSerpent","player_choice":"RENOUNCE","floor":2.0,"gold_loss":119.0,"damage_taken":119.0,"cards_obtained":["Enlightenment"]},{"damage_healed":65,"gold_gain":0,"player_choice":"Leave","damage_taken":0,"max_hp_gain":0,"max_hp_loss":72,"event_name":"betterThird:BetterShining","floor":3,"gold_loss":0},{"damage_healed":0,"gold_gain":0,"player_choice":"Gave Potion","damage_taken":0,"relics_obtained":["War Paint"],"max_hp_gain":0,"max_hp_loss":0,"event_name":"WeMeetAgain","floor":5,"gold_loss":0},{"damage_healed":0,"gold_gain":0,"cards_transformed":["Strike_G"],"player_choice":"Transformed","damage_taken":0,"max_hp_gain":0,"max_hp_loss":0,"event_name":"Transmorgrifier","floor":19,"gold_loss":0,"cards_obtained":["Prepared"]},{"damage_healed":0,"gold_gain":0,"player_choice":"Shed Blood","damage_taken":25,"max_hp_gain":5,"max_hp_loss":0,"event_name":"Forgotten Altar","floor":22,"gold_loss":0},{"damage_healed":0,"gold_gain":0,"player_choice":"Bet on Owner","damage_taken":0,"max_hp_gain":0,"max_hp_loss":0,"event_name":"The Joust","floor":24,"gold_loss":50}],"is_beta":false,"boss_relics":[{"not_picked":["Ectoplasm","Runic Dome"],"picked":"Cursed Key"}],"items_purged_floors":[12],"is_endless":false,"potions_floor_spawned":[1,10,13,14,18,20],"killed_by":"Cultist and Chosen","ascension_level":16}}