{"host":"ymw71f7rc9ndansy","time":1610760918,"event":{"mods":["ATMod(阿瑾Mod)","Act Like it!","Aspiration","BaseMod","DeckTracker","Hubris","Library of Ruina","Library of Ruina Extra","Lobotomy","LobotomyExtend","Minty Spire (QoL Compilation)","MostiFishMod","Remove Card Discount Mod","Replay The Spire","StSLib","TestMod","【功能Mod】精心准备","【遗物卡牌】REMEMod"],"gold_per_floor":[116,116,112,112,131,162,162,162,162,188,208,238,255,269,269,341,341,352,370,203,203,252,383,433,465,465,591,591,591,591,607,607,685,685,685],"floor_reached":34,"language":"ZHS","playtime":394,"items_purged":["Strike_B","Defend_G"],"score":1302,"play_id":"272e8d5f-ab87-4a60-befd-f3be64e03b9e","local_time":"20210116093518","is_ascension_mode":true,"campfire_choices":[{"data":"DegradedShockwave","floor":8,"key":"SMITH"},{"data":"DegradedLock","floor":15,"key":"SMITH"},{"data":"DegradedFairy","floor":28,"key":"SMITH"},{"data":"DegradedFairy","floor":30,"key":"SMITH"},{"data":"DegradedPillar","floor":32,"key":"SMITH"}],"circlet_count":0,"master_deck":["AscendersBane","DegradedFairy+1","DegradedFairy+1","DegradedFairy+1","DegradedChain","DegradedChain","DegradedLock+1","DegradedPillar+1","DegradedPillar","DegradedShockwave+1"],"relics":["PageOfLibrarian","testmod-TestBox","DaveBox","REME_ComplimentaryCards","AT_ATBox","Civilization","testmod-SaigiyounoYou","AT_GoldPhoenixTree","SynthV:TestCard","Question Card","aspiration:SeaSaltIceCream","DaveBox","Civilization","hubris:TenFootPole","PageOfMercenary","testmod-Prudence","Potion Belt","hubris:Icosahedron","hubris:Reverence","PageOfSingingMachine","ReplayFunnel","Replay:Bronze Core"],"acts_visited":["Exordium","TheCity","TheBeyond"],"potions_floor_usage":[],"damage_taken":[{"damage":0,"enemies":"Small Slimes","floor":1,"turns":1},{"damage":0,"enemies":"Jaw Worm","floor":5,"turns":2},{"damage":0,"enemies":"Lagavulin","floor":6,"turns":2},{"damage":0,"enemies":"3 Sentries","floor":10,"turns":1},{"damage":0,"enemies":"2 Louse","floor":11,"turns":1},{"damage":0,"enemies":"Lagavulin","floor":12,"turns":1},{"damage":0,"enemies":"Looter","floor":13,"turns":1},{"damage":0,"enemies":"2 Fungi Beasts","floor":14,"turns":1},{"damage":0,"enemies":"Slime Boss","floor":16,"turns":2},{"damage":0,"enemies":"Chosen","floor":18,"turns":1},{"damage":0,"enemies":"2 Thieves","floor":19,"turns":1},{"damage":0,"enemies":"Slavers","floor":23,"turns":1},{"damage":0,"enemies":"Replay:Snechameleon","floor":25,"turns":2},{"damage":0,"enemies":"Gremlin Leader","floor":27,"turns":1},{"damage":0,"enemies":"Chosen and Byrds","floor":31,"turns":2},{"damage":27,"enemies":"KingOfGreed","floor":33,"turns":5}],"seed_played":"7514927349177207908","potions_obtained":[{"floor":6,"key":"Swift Potion"},{"floor":12,"key":"Strength Potion"},{"floor":23,"key":"Strength Potion"}],"is_trial":false,"path_per_floor":["M","?","$","?","M","E","?","R","T","E","M","E","M","M","R","B",null,"M","M","$","?","?","E","?","E","T","E","R","?","R","M","R","B",null],"character_chosen":"Librarian","items_purchased":["Potion Belt"],"campfire_rested":0,"item_purchase_floors":[20],"current_hp_per_floor":[61,61,61,61,68,82,87,87,87,106,118,134,146,160,160,178,190,204,214,214,214,178,195,195,214,214,231,231,231,231,248,248,241,258,258],"gold":685,"neow_bonus":"ONE_RARE_RELIC","is_daily":false,"chose_seed":false,"campfire_upgraded":5,"win_rate":0.0,"timestamp":1610760918,"path_taken":["M","?","$","?","M","E","?","R","T","E","M","E","M","M","R","BOSS","M","M","$","?","?","E","?","E","T","E","R","?","R","M","R","BOSS"],"items_purchased_type":["Relic"],"build_version":"2020-12-22","purchased_purges":2,"victory":false,"max_hp_per_floor":[92,92,92,92,95,99,104,104,134,144,154,164,174,184,184,194,194,204,214,214,214,214,224,224,234,234,244,244,244,244,254,254,264,264,264],"card_choices":[],"player_experience":1118325,"relics_obtained":[{"floor":1,"key":"SynthV:TestCard"},{"floor":6,"key":"Question Card"},{"floor":9,"key":"aspiration:SeaSaltIceCream"},{"floor":10,"key":"hubris:TenFootPole"},{"floor":12,"key":"PageOfMercenary"},{"floor":22,"key":"hubris:Reverence"},{"floor":23,"key":"PageOfSingingMachine"},{"floor":25,"key":"ReplayFunnel"}],"event_choices":[{"damage_healed":0,"gold_gain":0,"player_choice":"Ignored","damage_taken":0,"max_hp_gain":0,"max_hp_loss":0,"event_name":"Liars Game","floor":4,"gold_loss":0},{"damage_healed":0,"gold_gain":0,"player_choice":"Donut","damage_taken":0,"max_hp_gain":5,"max_hp_loss":0,"event_name":"Big Fish","floor":7,"gold_loss":0},{"damage_healed":0,"gold_gain":50,"player_choice":"Stole From Cult","damage_taken":0,"max_hp_gain":0,"max_hp_loss":0,"event_name":"Nest","floor":24,"gold_loss":0}],"is_beta":false,"boss_relics":[{"not_picked":["AT_MortalBlade","testmod-HarvestTotem"],"picked":"testmod-Prudence"},{"not_picked":["JellyFishMachine","aspiration:DefectSkillbook"],"picked":"Replay:Bronze Core"}],"items_purged_floors":[3,3],"is_endless":false,"potions_floor_spawned":[6,10,11,12,23,31],"ascension_level":20}}