{"host":"by3dnjj711vo194a","time":1610824001,"event":{"mods":["2.2 Compatiblity","AchievementEnabler","BaseMod","Colored Map","DeckTracker","KOR Keyword Fix","Keyboard Shortcuts","Minty Spire (QoL Compilation)","Permanent Neow","Quick Restart","StSLib","SuperFastMode","everything is the same but u backflip on backflip"],"gold_per_floor":[214,514,632,632,649],"floor_reached":6,"language":"KOR","playtime":63,"items_purged":[],"score":515,"play_id":"7c44f0bb-8a27-4609-bc62-23d80818f256","local_time":"20210117040641","is_ascension_mode":true,"campfire_choices":[],"circlet_count":0,"master_deck":["Strike_R","Strike_R","Strike_R","Strike_R","Strike_R","Defend_R","Defend_R","Defend_R","Defend_R","Bash","Sentinel","Brutality","CurseOfTheBell","Twin Strike","Double Tap+1","Havoc+1"],"relics":["Black Blood","Calling Bell","Red Skull","Toxic Egg 2","Old Coin"],"acts_visited":["Exordium","TheCity","TheBeyond"],"potions_floor_usage":[],"damage_taken":[{"damage":0,"enemies":"Cultist","floor":1,"turns":1},{"damage":0,"enemies":"The Guardian","floor":1,"turns":1},{"damage":0,"enemies":"Shell Parasite","floor":3,"turns":1},{"damage":0,"enemies":"Collector","floor":3,"turns":1},{"damage":0,"enemies":"Orb Walker","floor":5,"turns":1},{"damage":0,"enemies":"Awakened One","floor":5,"turns":1}],"seed_played":"2719364958809300310","potions_obtained":[{"floor":0,"key":"Weak Potion"},{"floor":0,"key":"SmokeBomb"},{"floor":0,"key":"Fire Potion"}],"is_trial":false,"path_per_floor":["M",null,"M",null,"M",null],"character_chosen":"IRONCLAD","items_purchased":[],"campfire_rested":0,"item_purchase_floors":[],"current_hp_per_floor":[80,80,80,80,80],"gold":649,"neow_bonus":"THREE_SMALL_POTIONS","is_daily":false,"chose_seed":false,"campfire_upgraded":0,"win_rate":0.0,"timestamp":1610824001,"path_taken":["M","BOSS","M","BOSS","M","BOSS"],"items_purchased_type":[],"build_version":"2020-12-22","purchased_purges":0,"victory":true,"max_hp_per_floor":[80,80,80,80,80],"card_choices":[{"not_picked":["Dropkick","Infernal Blade"],"picked":"Sentinel","floor":1},{"not_picked":["Offering","Reaper"],"picked":"Brutality","floor":1},{"not_picked":["Perfected Strike+1","Headbutt"],"picked":"Twin Strike","floor":3},{"not_picked":["Bludgeon","Juggernaut"],"picked":"Double Tap+1","floor":3},{"not_picked":["Perfected Strike+1","Flex+1"],"picked":"Havoc+1","floor":5}],"player_experience":179480,"relics_obtained":[{"floor":2,"key":"Red Skull"},{"floor":2,"key":"Toxic Egg 2"},{"floor":2,"key":"Old Coin"}],"event_choices":[],"is_beta":false,"boss_relics":[{"not_picked":["Cursed Key","Ectoplasm"],"picked":"Calling Bell"},{"not_picked":["Philosopher\u0027s Stone","Pandora\u0027s Box"],"picked":"Black Blood"}],"items_purged_floors":[],"is_endless":false,"potions_floor_spawned":[1,3,5],"ascension_level":8}}