{"host":"m1hsm1cztz438mir","time":1610758203,"event":{"mods":["2.2 Compatiblity","AchievementEnabler","Act Like it!","Aspiration","BaseMod","Better Altar","Better Match","Better Sensory Stone","Better Skull","Better Third Choice","Colored Map","Minty Spire (QoL Compilation)","Permanent Neow","Relic Stats","Replay The Spire","Shop Mod","StSLib","The Fake Hero","The Runesmith"],"gold_per_floor":[369,386,401,67,79,79,79,79,79,108,30,45,65,91,91,188,188,206,206,206,206,193,193,225,225,225,302,302,336,348,348,348,383,383,480,480,495,495,103,117,17,17,17],"floor_reached":42,"language":"ENG","playtime":4096,"items_purged":["Runesmith:Defend_RS","Runesmith:Defend_RS"],"score":485,"play_id":"867b3697-34dc-428e-bdf1-3e3bff7bfd30","local_time":"20210116005003","is_ascension_mode":true,"campfire_choices":[{"data":"Runesmith:Firestorm","floor":6.0,"key":"SMITH"},{"data":"Runesmith:Grindstone","floor":8.0,"key":"SMITH"},{"floor":15.0,"key":"REST"},{"data":"Runesmith:ArcReactor","floor":23.0,"key":"SMITH"},{"data":"Runesmith:NegativeSpace","floor":25.0,"key":"SMITH"},{"data":"Runesmith:Discharge","floor":28.0,"key":"SMITH"},{"data":"Runesmith:LithiumIon","floor":34.0,"key":"SMITH"}],"circlet_count":0,"master_deck":["Runesmith:Strike_RS","Runesmith:Strike_RS","Runesmith:Defend_RS","Runesmith:Defend_RS","Runesmith:CraftFirestone","Runesmith:Fortify","Runesmith:Discharge+1","Runesmith:Grindstone+1","Runesmith:CraftMagma","Runesmith:Firestorm+1","Runesmith:FrozenChisel+1","Runesmith:CraftProtectio","Runesmith:LithiumIon+1","Runesmith:UnstableHammer+1","Runesmith:RuneHurl+1","Runesmith:CraftIndustria","Runesmith:ArcReactor+1","Runesmith:GoWithTheFlow+1","Shame","Runesmith:NegativeSpace+1","Runesmith:EnergizedChisel+1","Runesmith:OneForEveryone+1","Runesmith:Duplicate","Runesmith:CraftSpiculum+1","Runesmith:Firestorm","Runesmith:EnergizedChisel+1"],"relics":["Runesmith:BrokenRuby","Molten Egg 2","Replay:Multitool","Oddly Smooth Stone","Replay:Bottled Snecko","Empty Cage","Meat on the Bone","Bloody Idol","Thread and Needle","aspiration:DSix","Pantograph","Pondfish Scales","Eternal Feather","Runesmith:UraniumAnvil","Replay:Arrowhead","Mummified Hand"],"acts_visited":["Exordium","TheCity","TheBeyond"],"potions_floor_usage":[42,42],"damage_taken":[{"damage":3.0,"enemies":"Jaw Worm","floor":1.0,"turns":4.0},{"damage":0.0,"enemies":"Small Slimes","floor":2.0,"turns":3.0},{"damage":0.0,"enemies":"2 Louse","floor":3.0,"turns":3.0},{"damage":5.0,"enemies":"Exordium Thugs","floor":5.0,"turns":6.0},{"damage":7.0,"enemies":"Lagavulin","floor":10.0,"turns":7.0},{"damage":8.0,"enemies":"Large Slime","floor":12.0,"turns":6.0},{"damage":0.0,"enemies":"Exordium Wildlife","floor":13.0,"turns":4.0},{"damage":13.0,"enemies":"Gremlin Nob","floor":14.0,"turns":5.0},{"damage":1.0,"enemies":"Slime Boss","floor":16.0,"turns":11.0},{"damage":8.0,"enemies":"Chosen","floor":18.0,"turns":5.0},{"damage":2.0,"enemies":"2 Thieves","floor":22.0,"turns":4.0},{"damage":35.0,"enemies":"Book of Stabbing","floor":24.0,"turns":8.0},{"damage":2.0,"enemies":"Replay:Snechameleon","floor":29.0,"turns":8.0},{"damage":8.0,"enemies":"Cultist and Chosen","floor":30.0,"turns":6.0},{"damage":30.0,"enemies":"Slavers","floor":33.0,"turns":5.0},{"damage":6.0,"enemies":"Champ","floor":35.0,"turns":14.0},{"damage":0.0,"enemies":"Orb Walker","floor":37.0,"turns":4.0},{"damage":30,"enemies":"3 Shapes","floor":40,"turns":7},{"damage":63,"enemies":"Giant Head","floor":42,"turns":11}],"seed_played":"5817845099350334797","potions_obtained":[{"floor":1.0,"key":"LiquidMemories"},{"floor":2.0,"key":"SneckoOil"},{"floor":14.0,"key":"Block Potion"},{"floor":16.0,"key":"Ancient Potion"},{"floor":22.0,"key":"Milkshake"},{"floor":24.0,"key":"Explosive Potion"},{"floor":30.0,"key":"Strength Potion"},{"floor":33.0,"key":"EssenceOfSteel"},{"floor":35.0,"key":"Regen Potion"},{"floor":37,"key":"Flashbang"}],"is_trial":false,"path_per_floor":["M","M","M","$","M","R","?","R","T","E","$","M","M","E","R","B",null,"M","?","?","?","M","R","E","R","T","T","R","E","M","PTL","PTL","E","R","B",null,"M","?","$","M","$","E"],"character_chosen":"RUNESMITH_CLASS","items_purchased":["Molten Egg 2","Runesmith:Firestorm","Runesmith:LithiumIon","Mummified Hand","Runesmith:Firestorm"],"campfire_rested":1,"item_purchase_floors":[4,4,11,39,39],"current_hp_per_floor":[46,46,46,46,41,41,41,41,41,34,34,26,26,13,34,33,70,62,62,62,27,47,47,29,29,29,34,34,49,46,46,46,33,45,69,70,70,70,70,45,45,0,0],"gold":17,"neow_bonus":"TWO_FIFTY_GOLD","is_daily":false,"chose_seed":false,"campfire_upgraded":6,"win_rate":0.0,"timestamp":1610758203,"path_taken":["M","M","M","$","M","R","?","R","T","E","$","M","M","E","R","BOSS","M","?","?","?","M","R","E","R","T","?","R","E","M","PTL","PTL","E","R","BOSS","M","?","$","M","?","E"],"items_purchased_type":["Relic","Card","Card","Relic","Card"],"build_version":"2020-12-22","purchased_purges":2,"victory":false,"max_hp_per_floor":[70,70,70,70,70,70,70,70,70,70,70,70,70,70,70,70,70,70,70,70,70,70,70,70,70,70,70,70,70,70,70,70,70,70,70,70,70,70,70,70,70,70,70],"relic_stats":{"counters":[19,121],"Mummified Hand":[6],"Bloody Idol":45,"Pantograph":25,"Eternal Feather":12,"obtain_stats":[{"Runesmith:BrokenRuby":0,"Oddly Smooth Stone":10,"Thread and Needle":24,"Eternal Feather":33,"Replay:Multitool":9,"Empty Cage":17,"Replay:Arrowhead":38,"Pondfish Scales":29,"Mummified Hand":39,"Bloody Idol":21,"Pantograph":27,"Runesmith:UraniumAnvil":36,"Molten Egg 2":4,"Replay:Bottled Snecko":14,"aspiration:DSix":26,"Meat on the Bone":20},{"Runesmith:BrokenRuby":0,"Oddly Smooth Stone":5,"Thread and Needle":12,"Eternal Feather":15,"Replay:Multitool":4,"Empty Cage":9,"Replay:Arrowhead":17,"Pondfish Scales":13,"Mummified Hand":17,"Bloody Idol":10,"Pantograph":12,"Runesmith:UraniumAnvil":16,"Molten Egg 2":3,"Replay:Bottled Snecko":8,"aspiration:DSix":12,"Meat on the Bone":10},{"Runesmith:BrokenRuby":0,"Oddly Smooth Stone":23,"Thread and Needle":66,"Eternal Feather":85,"Replay:Multitool":16,"Empty Cage":49,"Replay:Arrowhead":103,"Pondfish Scales":74,"Mummified Hand":103,"Bloody Idol":54,"Pantograph":66,"Runesmith:UraniumAnvil":99,"Molten Egg 2":10,"Replay:Bottled Snecko":38,"aspiration:DSix":66,"Meat on the Bone":54}],"Meat on the Bone":48},"card_choices":[{"not_picked":["Runesmith:CraftObretio","Runesmith:ChiselStab"],"picked":"Runesmith:Discharge","floor":1.0},{"not_picked":["Runesmith:BackupBattery","Runesmith:RuneHurl"],"picked":"Runesmith:Grindstone","floor":2.0},{"not_picked":["Runesmith:MakeshiftArmor","Runesmith:ChaoticBlast"],"picked":"Runesmith:CraftMagma","floor":3.0},{"not_picked":["Runesmith:HammerTime+1","Runesmith:BackupBattery"],"picked":"Runesmith:FrozenChisel+1","floor":5.0},{"not_picked":["Runesmith:ShiftingStrike+1","Runesmith:MakeshiftArmor"],"picked":"Runesmith:CraftProtectio","floor":10.0},{"not_picked":["Runesmith:GrandSlam+1","Runesmith:CraftVitae"],"picked":"Runesmith:UnstableHammer+1","floor":12.0},{"not_picked":["Runesmith:Electrocute+1","Runesmith:HeatedChisel+1"],"picked":"Runesmith:RuneHurl+1","floor":13.0},{"not_picked":["Runesmith:BackupBattery","Runesmith:ShiftingStrike+1"],"picked":"Runesmith:CraftIndustria","floor":14.0},{"not_picked":["Runesmith:LastStand","Runesmith:CraftIndustria"],"picked":"Runesmith:ArcReactor","floor":16.0},{"not_picked":["Runesmith:MakeshiftArmor","Runesmith:Discharge+1"],"picked":"Runesmith:GoWithTheFlow+1","floor":18.0},{"not_picked":["Runesmith:Accelerate","Runesmith:CraftIncendium+1","Runesmith:Overpower+1"],"picked":"SKIP","floor":22.0},{"not_picked":["Runesmith:Reinforce","Runesmith:DuctTape"],"picked":"Runesmith:NegativeSpace","floor":24.0},{"not_picked":["Runesmith:MakeshiftArmor","Runesmith:Grindstone"],"picked":"Runesmith:EnergizedChisel+1","floor":29.0},{"not_picked":["Runesmith:Malloc+1","Runesmith:HeatedChisel+1"],"picked":"Runesmith:OneForEveryone+1","floor":30.0},{"not_picked":["Runesmith:Overpower+1","Runesmith:ChaoticBlast+1","Runesmith:ShiftingStrike+1"],"picked":"SKIP","floor":33.0},{"not_picked":["Runesmith:LastStand","Runesmith:CraftPrismatica"],"picked":"Runesmith:Duplicate","floor":35.0},{"not_picked":["Runesmith:BackupBattery+1","Runesmith:Terraform+1"],"picked":"Runesmith:CraftSpiculum+1","floor":37},{"not_picked":["Runesmith:HeatExchange+1","Runesmith:CraftReservo+1"],"picked":"Runesmith:EnergizedChisel+1","floor":40}],"player_experience":294735,"relics_obtained":[{"floor":9.0,"key":"Replay:Multitool"},{"floor":10.0,"key":"Oddly Smooth Stone"},{"floor":14.0,"key":"Replay:Bottled Snecko"},{"floor":24.0,"key":"Thread and Needle"},{"floor":26.0,"key":"aspiration:DSix"},{"floor":27.0,"key":"Pantograph"},{"floor":29.0,"key":"Pondfish Scales"},{"floor":33.0,"key":"Eternal Feather"},{"floor":38,"key":"Replay:Arrowhead"}],"event_choices":[{"damage_healed":0.0,"max_hp_gain":0.0,"max_hp_loss":0.0,"gold_gain":0.0,"event_name":"Golden Idol","player_choice":"Ignored","floor":7.0,"gold_loss":0.0,"damage_taken":0.0},{"damage_healed":0.0,"max_hp_gain":0.0,"max_hp_loss":0.0,"gold_gain":0.0,"event_name":"Vampires","player_choice":"Ignored","floor":19.0,"gold_loss":0.0,"damage_taken":0.0},{"damage_healed":0.0,"max_hp_gain":0.0,"max_hp_loss":0.0,"gold_gain":0.0,"event_name":"Addict","player_choice":"Stole Relic","floor":20.0,"gold_loss":0.0,"damage_taken":0.0,"relics_obtained":["Meat on the Bone"],"cards_obtained":["Shame"]},{"damage_healed":0.0,"max_hp_gain":62.0,"max_hp_loss":27.0,"gold_gain":0.0,"event_name":"betterAltar:BetterAltar","player_choice":" Idol ","floor":21.0,"potions_obtained":[],"relics_lost":[],"gold_loss":0.0,"damage_taken":35.0,"relics_obtained":["Bloody Idol"]},{"damage_healed":0,"gold_gain":0,"player_choice":"Relic","damage_taken":0,"max_hp_gain":0,"max_hp_loss":0,"event_name":"Wheel of Change","floor":38,"gold_loss":0}],"is_beta":false,"boss_relics":[{"not_picked":["Coffee Dripper","Runesmith:CoreCrystal"],"picked":"Empty Cage"},{"not_picked":["Runic Pyramid","Snecko Heart"],"picked":"Runesmith:UraniumAnvil"}],"items_purged_floors":[39,41],"is_endless":false,"potions_floor_spawned":[1,2,14,16,22,24,30,33,35,37],"killed_by":"Giant Head","ascension_level":1}}