{"host":"dwyzfvnzfcqffr30","time":1610825130,"event":{"mods":["2.2 Compatiblity","Act Like it!","BaseMod","Beaked The Cultist","Better Altar","Better Match","Better Note","Better Sensory Stone","Better Skull","Better Third Choice","Clockwork Mod","Colored Map","Colored Powertips","Conspire","Elementarium","GifTheSpireLib","Halation","Hermit","Hubris","Infinite Spire","Ironclad Rager","Jedi Mod","Menagerie","Mimic Mod","Minty Spire (QoL Compilation)","Permanent Neow","Random Character Button","Replay The Spire","Spicy Shops","Spikes Relics","StSLib","Stuff the Spire","The Construct","The Disciple","The Druid","The Marked","TheFirefly","Trackpad","Wandering Minibosses","vexMod"],"gold_per_floor":[14,28,28,41,63,98,122,162,193,193,67,67,104,125,125,212,212,238,238,265,7,7,7,40,61,99,132,153,153,188,224,236,336,348,398,461,54,69,69,69,139,179,179,210,263,298,334,375,375,424,424,424,424,424,63,100,100],"floor_reached":58,"language":"ENG","playtime":4052,"items_purged":["hubris:Despair","Parasite"],"score":2609,"play_id":"f8957b3e-6ac2-4a30-a246-6d5c35ab4844","local_time":"20210116112530","is_ascension_mode":true,"campfire_choices":[{"floor":10,"key":"REST"},{"floor":12,"key":"RECALL"},{"data":"Fluid Movement+1","floor":15,"key":"SMITH"},{"data":"Fluid Movement+2","floor":23,"key":"SMITH"},{"data":"Dodge and Roll+1","floor":32,"key":"SMITH"},{"data":"Noxious Fumes+1","floor":43,"key":"SMITH"},{"data":"BlessedFruit+1","floor":49,"key":"SMITH"},{"data":"BlessedFruit+1","floor":51,"key":"SMITH"},{"data":"BlessedFruit+2","floor":54,"key":"SMITH"}],"circlet_count":0,"master_deck":["AscendersBane","Survivor+1","Neutralize+1","Poisoned Stab+1","Poisoned Stab+1","Poisoned Stab+1","Poisoned Stab+1","Poisoned Stab+1","Dodge and Roll+2","Dodge and Roll+1","Dodge and Roll+1","Dodge and Roll+1","Dodge and Roll+1","MasterReality+1","Apotheosis+1","jedi:collectorvenom+1","jedi:pocketpoison+1","Pace+1","StuffTheSpire:Injection+1","StuffTheSpire:ReptileScales+1","Fluid Movement+3","infinitespire:Neurotoxin+1","ICR:Paralyse+1","ICR:Vanish+1","Noxious Fumes+2","BlessedFruit+3","BlessedFruit+2"],"relics":["Ring of the Snake","infinitespire:EvilPickle","Bottled Tornado","conspire:InfiniteJournal","Quantum Egg","Molten Egg 2","Toxic Egg 2","Frozen Egg 2","Art of War","jedi:bottledfury","Blue Doll","jedi:hotpepper","hubris:TinFlute","hubris:BottledHeart","SpikesRelics:ToyHorsey","vexMod:ConsolationPrize","Gremlin Food","MawBank","wanderingMiniBosses:Inkheart","hubris:CrystalStatue","Calipers","BargainBundle","beaked:ShinyBauble","Replay:Mystery Machine","HeavenlyBonsai","Happy Flower","trackpad:WritersBlock","Chameleon Ring","GiantMaggot"],"acts_visited":["Menagerie:Menagerie","TheCity","TheBeyond","TheEnding"],"potions_floor_usage":[5,6,33,42,42,50],"damage_taken":[{"damage":0,"enemies":"Menagerie:StygianBoar","floor":1,"turns":3},{"damage":0,"enemies":"Menagerie:2_RABBITS","floor":2,"turns":3},{"damage":6,"enemies":"Menagerie:MonstrousExperiment","floor":4,"turns":4},{"damage":11,"enemies":"Menagerie:DREAD_MOTH_AND_GRAFTED_WORMS","floor":5,"turns":2},{"damage":0,"enemies":"Menagerie:Hydra","floor":6,"turns":4},{"damage":0,"enemies":"Menagerie:STYGIAN_BOAR_AND_RABBIT","floor":7,"turns":4},{"damage":2,"enemies":"Menagerie:VoidReaper","floor":8,"turns":5},{"damage":0,"enemies":"Menagerie:Hexasnake","floor":9,"turns":5},{"damage":0,"enemies":"Menagerie:Hydra","floor":13,"turns":4},{"damage":0,"enemies":"Menagerie:Hexasnake","floor":14,"turns":5},{"damage":0,"enemies":"Menagerie:Suneater","floor":16,"turns":5},{"damage":2,"enemies":"Shell Parasite","floor":18,"turns":4},{"damage":11,"enemies":"conspire:FuzzyDice","floor":20,"turns":5},{"damage":0,"enemies":"conspire:Head Lice","floor":24,"turns":7},{"damage":0,"enemies":"Shelled Parasite and Fungi","floor":25,"turns":1},{"damage":0,"enemies":"Snake Plant","floor":26,"turns":6},{"damage":0,"enemies":"Replay:Snechameleon","floor":27,"turns":4},{"damage":0,"enemies":"Snake Plant","floor":28,"turns":2},{"damage":0,"enemies":"Cultist and Chosen","floor":30,"turns":3},{"damage":0,"enemies":"Sentry and Sphere","floor":31,"turns":4},{"damage":0,"enemies":"Champ","floor":33,"turns":7},{"damage":0,"enemies":"Orb Walker","floor":35,"turns":3},{"damage":0,"enemies":"2 Orb Walkers","floor":36,"turns":4},{"damage":0,"enemies":"3 Shapes","floor":38,"turns":2},{"damage":0,"enemies":"Reptomancer","floor":42,"turns":3},{"damage":0,"enemies":"3 Darklings","floor":44,"turns":3},{"damage":0,"enemies":"Sphere and 2 Shapes","floor":46,"turns":3},{"damage":0,"enemies":"Maw","floor":47,"turns":4},{"damage":0,"enemies":"Writhing Mass","floor":48,"turns":3},{"damage":0,"enemies":"Giant Head","floor":50,"turns":4},{"damage":0,"enemies":"infinitespire:MassOfShapes","floor":52,"turns":5},{"damage":0,"enemies":"Shield and Spear","floor":56,"turns":4},{"damage":0,"enemies":"The Heart","floor":57,"turns":5}],"seed_played":"6842670516384849797","potions_obtained":[{"floor":2,"key":"Toxic Potion"},{"floor":5,"key":"Regen Potion"},{"floor":6,"key":"DuplicationPotion"},{"floor":24,"key":"Fire Potion"},{"floor":27,"key":"PowerPotion"},{"floor":35,"key":"Strength Potion"},{"floor":46,"key":"Reflective Coating"},{"floor":56,"key":"SpeedPotion"}],"is_trial":false,"path_per_floor":["M","M","?","M","M","E","M","E","MIM","R","$","R","E","M","R","B",null,"M","?","M","$","?","R","E","M","MIM","E","M","?","M","M","R","B",null,"M","?","$","M","PTL","PTL","?","E","R","M","T","M","M","M","R","E","R","B",null,"R","$","E","B",null],"character_chosen":"THE_SILENT","items_purchased":["Fluid Movement+1","hubris:TinFlute","Noxious Fumes+1","BargainBundle","beaked:ShinyBauble","Chameleon Ring"],"campfire_rested":1,"item_purchase_floors":[11,21,37,37,37,55],"current_hp_per_floor":[44,44,32,26,15,29,29,33,33,52,52,52,52,52,52,52,49,47,47,36,36,1,1,1,1,1,1,1,1,1,1,1,1,1,1,1,1,1,1,1,1,1,1,1,1,1,1,1,1,1,1,1,1,1,1,1,1],"gold":100,"neow_bonus":"SILENT_ASSASSIN","is_daily":false,"chose_seed":false,"campfire_upgraded":7,"win_rate":0.0,"timestamp":1610825130,"path_taken":["M","M","?","M","?","E","M","E","MIM","R","$","R","E","M","R","BOSS","M","?","M","$","?","R","E","M","MIM","E","M","?","M","?","R","BOSS","M","?","$","M","PTL","PTL","?","E","R","?","T","M","?","?","R","E","R","BOSS","R","$","E","BOSS"],"items_purchased_type":["Card","Relic","Card","Relic","Relic","Relic"],"build_version":"2020-12-22","purchased_purges":2,"victory":true,"max_hp_per_floor":[60,60,60,60,60,60,60,66,66,66,66,66,66,66,66,66,49,49,49,49,49,1,1,1,1,1,1,1,1,1,1,1,1,1,1,1,1,1,1,1,1,1,1,1,1,1,1,1,1,1,1,1,1,1,1,1,1],"card_choices":[{"not_picked":["Expertise+1","Draining Mist+1"],"picked":"jedi:collectorvenom+1","floor":1},{"not_picked":["Cloak And Dagger+1","Tactician+1"],"picked":"jedi:pocketpoison+1","floor":2},{"not_picked":["Cloak And Dagger+1","Endless Agony+1"],"picked":"jedi:collectorvenom+1","floor":4},{"not_picked":["jedi:collectorvenom+1","Quick Slash+1"],"picked":"Pace+1","floor":5},{"not_picked":["Blade Dance+1","Bouncing Flask+1"],"picked":"jedi:collectorvenom+1","floor":6},{"not_picked":["jedi:collectorvenom+1","Dagger Throw+1"],"picked":"StuffTheSpire:Injection+1","floor":7},{"not_picked":["All Out Attack+1","ShadowRift+1"],"picked":"StuffTheSpire:ReptileScales+1","floor":8},{"not_picked":["Flying Knee+1","StuffTheSpire:Shiver+1"],"picked":"jedi:collectorvenom+1","floor":9},{"not_picked":["Outmaneuver+1","Bullet Time+1"],"picked":"jedi:collectorvenom+1","floor":13},{"not_picked":["Dagger Spray+1","Sucker Punch+1"],"picked":"jedi:collectorvenom+1","floor":14},{"not_picked":["Burst+1","jedi:collectorvenom+1"],"picked":"infinitespire:Neurotoxin+1","floor":16},{"not_picked":["Poisoned Stab+1","Blur+1"],"picked":"jedi:collectorvenom+1","floor":18},{"not_picked":["ReplayTheSpireMod:Shiv Toss+1","Dodge and Roll+1"],"picked":"jedi:collectorvenom+1","floor":20},{"not_picked":["Pace+1","Dagger Throw+1"],"picked":"jedi:collectorvenom+1","floor":24},{"not_picked":["conspire:DoublingDagger+1","StuffTheSpire:BumpUp+1"],"picked":"jedi:collectorvenom+1","floor":25},{"not_picked":["StuffTheSpire:ClusterCrunch+1","hubris:Sniper+1"],"picked":"jedi:collectorvenom+1","floor":26},{"not_picked":["Flechettes+1","Sucker Punch+1"],"picked":"jedi:collectorvenom+1","floor":27},{"not_picked":["Acrobatics+1","Bouncing Flask+1"],"picked":"jedi:collectorvenom+1","floor":28},{"not_picked":["Backstab+1","Deflect+1"],"picked":"jedi:collectorvenom+1","floor":30},{"not_picked":["Slice+1","jedi:pocketpoison+1"],"picked":"jedi:collectorvenom+1","floor":31},{"not_picked":["jedi:collectorvenom+1","Malaise+1"],"picked":"ICR:Paralyse+1","floor":33},{"not_picked":["jedi:collectorvenom+1","Eviscerate+1"],"picked":"ICR:Vanish+1","floor":35},{"not_picked":["Dodge and Roll+1","Outmaneuver+1"],"picked":"jedi:collectorvenom+1","floor":36},{"not_picked":["Backflip+1","Bane+1"],"picked":"jedi:collectorvenom+1","floor":38},{"not_picked":["Pace+1","Concentrate+1"],"picked":"jedi:collectorvenom+1","floor":41},{"not_picked":["StuffTheSpire:ClusterCrunch+1","Burst+1"],"picked":"jedi:collectorvenom+1","floor":42},{"not_picked":["Escape Plan+1","StuffTheSpire:BumpUp+1"],"picked":"jedi:collectorvenom+1","floor":44},{"not_picked":["Infinite Blades+1","Tactician+1"],"picked":"jedi:collectorvenom+1","floor":46},{"not_picked":["Underhanded Strike+1","Deflect+1"],"picked":"jedi:collectorvenom+1","floor":47},{"not_picked":["Burst+1","Choke+1"],"picked":"jedi:collectorvenom+1","floor":48},{"not_picked":["Deadly Poison+1","Pace+1"],"picked":"jedi:collectorvenom+1","floor":50},{"not_picked":["Masterful Stab+1","Backstab+1"],"picked":"jedi:collectorvenom+1","floor":56}],"player_experience":2127022,"relics_obtained":[{"floor":6,"key":"jedi:bottledfury"},{"floor":8,"key":"vexMod:BerryBomb"},{"floor":13,"key":"Blue Doll"},{"floor":24,"key":"SpikesRelics:ToyHorsey"},{"floor":26,"key":"vexMod:ConsolationPrize"},{"floor":27,"key":"Gremlin Food"},{"floor":29,"key":"MawBank"},{"floor":31,"key":"wanderingMiniBosses:Inkheart"},{"floor":36,"key":"Calipers"},{"floor":41,"key":"Replay:Mystery Machine"},{"floor":42,"key":"HeavenlyBonsai"},{"floor":45,"key":"Happy Flower"},{"floor":50,"key":"trackpad:WritersBlock"},{"floor":56,"key":"GiantMaggot"}],"event_choices":[{"damage_healed":0,"gold_gain":0,"player_choice":"Simplicity","damage_taken":0,"max_hp_gain":0,"max_hp_loss":10,"event_name":"betterThird:BetterWriting","floor":0,"gold_loss":0},{"damage_healed":0,"gold_gain":0,"player_choice":"RE ","damage_taken":14,"relics_obtained":["Art of War"],"max_hp_gain":0,"max_hp_loss":0,"event_name":"betterSkull:BetterSkull","floor":3,"gold_loss":0,"cards_upgraded":[]},{"damage_healed":0,"gold_gain":0,"player_choice":"Simplicity","damage_taken":0,"max_hp_gain":0,"max_hp_loss":0,"event_name":"betterThird:BetterWriting","floor":19,"gold_loss":0},{"damage_healed":0,"gold_gain":0,"player_choice":"Fight","damage_taken":0,"max_hp_gain":0,"max_hp_loss":0,"event_name":"Mysterious Sphere","floor":36,"gold_loss":0}],"is_beta":false,"boss_relics":[{"not_picked":["conspire:SlowCooker","Fusion Hammer"],"picked":"jedi:hotpepper"},{"not_picked":["Sozu","Snecko Scales","StuffTheSpire:ModemDavis"]}],"items_purged_floors":[11,55],"is_endless":false,"potions_floor_spawned":[2,5,6,8,24,25,27,30,31,35,38,46,47,56],"ascension_level":14}}