{"host":"o7j6aatxjwpw1421","time":1610821172,"event":{"mods":["2.2 Compatiblity","AchievementEnabler","BaseMod","Colored Map","DeckTracker","Highlight Path","Keyboard Shortcuts","Minty Spire (QoL Compilation)","Permanent Neow","Quick Restart","StSLib","SuperFastMode","everything is the same but u backflip on backflip"],"gold_per_floor":[118,43,56,68,79,79,108,120,174,174,74,24,24,24,24,122,122,141,156,184,200,216,216,239,259,282,294,294,310,310,330,330,330,330],"floor_reached":33,"language":"KOR","playtime":1536,"items_purged":["Regret","Defend_P"],"score":326,"play_id":"1e576361-2a6b-476b-b847-70463282b144","local_time":"20210117031932","is_ascension_mode":true,"campfire_choices":[{"data":"Eruption","floor":6.0,"key":"SMITH"},{"data":"MentalFortress","floor":10.0,"key":"SMITH"},{"data":"ForeignInfluence","floor":15.0,"key":"SMITH"},{"data":"Vault","floor":23.0,"key":"SMITH"},{"floor":28.0,"key":"REST"},{"floor":32.0,"key":"REST"}],"circlet_count":0,"master_deck":["Strike_P","Strike_P","Defend_P","Defend_P","Eruption+1","Vigilance","PathToVictory","ForeignInfluence+1","MentalFortress+1","Vault+1","FlurryOfBlows+1","Ragnarok"],"relics":["PureWater","StoneCalendar","PreservedInsect","Red Mask","Vajra","Nloth\u0027s Gift"],"acts_visited":["Exordium","TheCity"],"potions_floor_usage":[33],"damage_taken":[{"damage":4.0,"enemies":"Cultist","floor":1.0,"turns":2.0},{"damage":4.0,"enemies":"Jaw Worm","floor":3.0,"turns":2.0},{"damage":0.0,"enemies":"2 Louse","floor":4.0,"turns":2.0},{"damage":3.0,"enemies":"Blue Slaver","floor":5.0,"turns":5.0},{"damage":8.0,"enemies":"Gremlin Nob","floor":7.0,"turns":3.0},{"damage":1.0,"enemies":"Looter","floor":8.0,"turns":3.0},{"damage":41.0,"enemies":"Slime Boss","floor":16.0,"turns":7.0},{"damage":0.0,"enemies":"3 Byrds","floor":18.0,"turns":4.0},{"damage":40.0,"enemies":"2 Thieves","floor":19.0,"turns":5.0},{"damage":16.0,"enemies":"Masked Bandits","floor":20.0,"turns":5.0},{"damage":0.0,"enemies":"Snake Plant","floor":21.0,"turns":3.0},{"damage":15.0,"enemies":"Snecko","floor":22.0,"turns":5.0},{"damage":4.0,"enemies":"Centurion and Healer","floor":25.0,"turns":6.0},{"damage":18.0,"enemies":"3 Cultists","floor":27.0,"turns":7.0},{"damage":0.0,"enemies":"Shelled Parasite and Fungi","floor":29.0,"turns":3.0},{"damage":3.0,"enemies":"Cultist and Chosen","floor":31.0,"turns":5.0},{"damage":14,"enemies":"Champ","floor":33,"turns":9}],"seed_played":"-2075041970338515251","potions_obtained":[{"floor":1.0,"key":"SmokeBomb"},{"floor":5.0,"key":"LiquidBronze"},{"floor":7.0,"key":"SteroidPotion"},{"floor":8.0,"key":"Explosive Potion"},{"floor":18.0,"key":"FairyPotion"},{"floor":19.0,"key":"Block Potion"},{"floor":29.0,"key":"Explosive Potion"},{"floor":31.0,"key":"FearPotion"}],"is_trial":false,"path_per_floor":["M","$","M","M","M","R","E","M","T","R","$","?","?","$","R","B",null,"M","M","?","M","M","R","T","M","T","M","R","M","?","M","R","B"],"character_chosen":"WATCHER","items_purchased":[],"campfire_rested":2,"item_purchase_floors":[],"current_hp_per_floor":[61,61,57,57,54,54,46,45,45,45,45,45,50,50,50,9,60,60,20,4,4,23,23,23,19,19,1,24,24,24,21,44,30,30],"gold":330,"neow_bonus":"TRANSFORM_TWO_CARDS","is_daily":false,"chose_seed":false,"campfire_upgraded":4,"win_rate":0.0,"timestamp":1610821172,"path_taken":["M","$","M","M","M","R","E","?","T","R","$","?","?","?","R","BOSS","M","M","?","M","M","R","?","M","T","M","R","M","?","M","R","BOSS"],"items_purchased_type":[],"build_version":"2020-12-22","purchased_purges":2,"victory":false,"max_hp_per_floor":[72,72,72,72,72,72,72,72,72,72,72,72,77,77,77,77,77,77,77,77,77,77,77,77,77,77,77,77,77,77,77,77,77,77],"card_choices":[{"not_picked":["ClearTheMind","Crescendo","JustLucky"],"picked":"SKIP","floor":1.0},{"not_picked":["Protect","Study"],"picked":"MentalFortress","floor":3.0},{"not_picked":["ClearTheMind","FollowUp","Halt"],"picked":"SKIP","floor":4.0},{"not_picked":["CrushJoints","Protect","Evaluate"],"picked":"SKIP","floor":5.0},{"not_picked":["PathToVictory","Sanctity","Nirvana"],"picked":"SKIP","floor":7.0},{"not_picked":["PathToVictory","Sanctity","Nirvana"],"picked":"SKIP","floor":7.0},{"not_picked":["PathToVictory","Sanctity","Nirvana"],"picked":"SKIP","floor":7.0},{"not_picked":["EmptyFist","FollowUp","Blasphemy"],"picked":"SKIP","floor":8.0},{"not_picked":["LessonLearned","Omniscience"],"picked":"Vault","floor":16.0},{"not_picked":["Prostrate","Wallop","FlurryOfBlows"],"picked":"SKIP","floor":18.0},{"not_picked":["FollowUp+1","Protect","Prostrate"],"picked":"SKIP","floor":19.0},{"not_picked":["Consecrate","Prostrate"],"picked":"FlurryOfBlows+1","floor":21.0},{"not_picked":["PathToVictory","FollowUp","Crescendo"],"picked":"SKIP","floor":22.0},{"not_picked":["Swivel+1","Protect+1","BowlingBash"],"picked":"SKIP","floor":25.0},{"not_picked":["ClearTheMind","CrushJoints","Prostrate"],"picked":"SKIP","floor":27.0},{"not_picked":["Halt","Prostrate"],"picked":"Ragnarok","floor":29.0},{"not_picked":["Meditate","BowlingBash+1","CutThroughFate"],"picked":"SKIP","floor":31.0}],"player_experience":541837,"relics_obtained":[{"floor":7.0,"key":"StoneCalendar"},{"floor":9.0,"key":"PreservedInsect"},{"floor":20.0,"key":"Red Mask"},{"floor":24.0,"key":"Vajra"},{"floor":26.0,"key":"Art of War"}],"event_choices":[{"cards_removed":["Strike_P"],"damage_healed":0.0,"max_hp_gain":0.0,"max_hp_loss":0.0,"gold_gain":0.0,"event_name":"The Cleric","player_choice":"Card Removal","floor":12.0,"gold_loss":50.0,"damage_taken":0.0},{"damage_healed":0.0,"max_hp_gain":5.0,"max_hp_loss":0.0,"gold_gain":0.0,"event_name":"Big Fish","player_choice":"Donut","floor":13.0,"gold_loss":0.0,"damage_taken":0.0},{"damage_healed":0.0,"max_hp_gain":0.0,"max_hp_loss":0.0,"gold_gain":0.0,"event_name":"Masked Bandits","player_choice":"Fought Bandits","floor":20.0,"gold_loss":0.0,"damage_taken":0.0},{"damage_healed":0.0,"max_hp_gain":0.0,"max_hp_loss":0.0,"gold_gain":0.0,"event_name":"N\u0027loth","player_choice":"Traded Relic","floor":30.0,"relics_lost":["Art of War"],"gold_loss":0.0,"damage_taken":0.0,"relics_obtained":["Nloth\u0027s Gift"]}],"is_beta":false,"boss_relics":[{"not_picked":["Calling Bell","Philosopher\u0027s Stone","Fusion Hammer"]}],"items_purged_floors":[2,11],"is_endless":false,"potions_floor_spawned":[1,5,7,8,18,19,29,31],"killed_by":"Champ","ascension_level":6}}