{"host":"08t08ld674si40tv","time":1610769394,"event":{"mods":["AchievementEnabler","BaseMod","Colored Map","Minty Spire (QoL Compilation)","StSLib","SuperFastMode"],"gold_per_floor":[119,137,148,62,62,92,92,92,92,104,29,0,10,10,10,10,10],"floor_reached":16,"language":"KOR","playtime":269,"items_purged":["Strike_R"],"score":200,"play_id":"c3ea5176-5464-4faf-bcab-f00e54b0b87a","local_time":"20210116125634","is_ascension_mode":true,"campfire_choices":[{"data":"Shockwave","floor":7,"key":"SMITH"},{"data":"Rage","floor":15,"key":"SMITH"}],"circlet_count":0,"master_deck":["AscendersBane","Strike_R","Strike_R+1","Strike_R","Defend_R","Defend_R","Defend_R","Defend_R","Bash","Fiend Fire+1","Shockwave+1","Shrug It Off","Dropkick","Burning Pact","Rage+1"],"relics":["Burning Blood","Incense Burner","Champion Belt","Golden Idol"],"acts_visited":["Exordium"],"potions_floor_usage":[6,10],"damage_taken":[{"damage":9.0,"enemies":"Jaw Worm","floor":1.0,"turns":3.0},{"damage":10.0,"enemies":"Small Slimes","floor":2.0,"turns":4.0},{"damage":9.0,"enemies":"2 Louse","floor":3.0,"turns":3.0},{"damage":14,"enemies":"Lagavulin","floor":6,"turns":6},{"damage":10,"enemies":"Exordium Thugs","floor":10,"turns":5},{"damage":5,"enemies":"Exordium Wildlife","floor":13,"turns":4},{"damage":26,"enemies":"Slime Boss","floor":16,"turns":6}],"seed_played":"-1429804121341567493","potions_obtained":[{"floor":1.0,"key":"Energy Potion"},{"floor":6,"key":"HeartOfIron"},{"floor":13,"key":"Dexterity Potion"}],"is_trial":false,"path_per_floor":["M","M","M","$","?","E","R","?","T","M","$","?","M","?","R","B"],"character_chosen":"IRONCLAD","items_purchased":["Dropkick"],"campfire_rested":0,"item_purchase_floors":[4],"current_hp_per_floor":[65,61,58,58,35,27,27,27,27,23,23,23,24,24,24,0,0],"gold":10,"neow_bonus":"ONE_RANDOM_RARE_CARD","is_daily":false,"chose_seed":false,"campfire_upgraded":2,"win_rate":0.0,"timestamp":1610769394,"path_taken":["M","M","M","$","?","E","R","?","T","M","$","?","M","?","R","BOSS"],"items_purchased_type":["Card"],"build_version":"2020-12-22","purchased_purges":1,"victory":false,"max_hp_per_floor":[75,75,75,75,75,75,75,75,75,75,75,75,75,68,68,68,68],"card_choices":[{"not_picked":["Reckless Charge","Clothesline"],"picked":"Shockwave","floor":1.0},{"not_picked":["True Grit","Flame Barrier"],"picked":"Shrug It Off","floor":2.0},{"not_picked":["Iron Wave","Twin Strike","Headbutt"],"picked":"SKIP","floor":3.0},{"not_picked":["Heavy Blade","Combust"],"picked":"Burning Pact","floor":6},{"not_picked":["Clash","Havoc"],"picked":"Rage","floor":10},{"not_picked":["Clothesline","Corruption","Anger"],"picked":"SKIP","floor":13}],"player_experience":224007,"relics_obtained":[{"floor":6,"key":"Incense Burner"},{"floor":9,"key":"Champion Belt"}],"event_choices":[{"damage_healed":0,"gold_gain":0,"player_choice":"Entered Light","damage_taken":23,"max_hp_gain":0,"max_hp_loss":0,"event_name":"Shining Light","floor":5,"gold_loss":0,"cards_upgraded":["Strike_R","Fiend Fire"]},{"cards_removed":["Strike_R"],"damage_healed":0,"gold_gain":0,"player_choice":"Forget","damage_taken":0,"max_hp_gain":0,"max_hp_loss":0,"event_name":"Living Wall","floor":8,"gold_loss":0},{"damage_healed":0,"gold_gain":0,"player_choice":"Left Gold","damage_taken":0,"max_hp_gain":0,"max_hp_loss":0,"event_name":"World of Goop","floor":12,"gold_loss":29},{"damage_healed":0,"gold_gain":0,"player_choice":"Lose Max HP","damage_taken":0,"relics_obtained":["Golden Idol"],"max_hp_gain":0,"max_hp_loss":7,"event_name":"Golden Idol","floor":14,"gold_loss":0}],"is_beta":false,"boss_relics":[],"items_purged_floors":[11],"is_endless":false,"potions_floor_spawned":[1,6,13],"killed_by":"Slime Boss","ascension_level":20}}