{"host":"i4yzoangb31cseo0","time":1610773733,"event":{"mods":["AchievementEnabler","BaseMod","ChefMod","Colored Powertips","Curses Come First","Hermit","Minty Spire (QoL Compilation)","StSLib","The Servant 0.9.4","TheWitcher"],"gold_per_floor":[213,223,223,233,233,250,265,265,290,319,339,339,349,22,22,122,122,133,11,11,24,24,58,58,31,31,51,51,67,96,113,113,210,210,221,271,271,284,284,318,318,333,359,371,416,432,432,442,442,442,442],"floor_reached":50,"language":"ENG","playtime":5736,"items_purged":["Pain"],"score":541,"play_id":"cff01d2a-bff6-43e7-9ac2-c442111ae143","local_time":"20210116153853","is_ascension_mode":false,"campfire_choices":[{"floor":8,"key":"REST"},{"floor":12,"key":"REST"},{"data":"Sunder","floor":15,"key":"SMITH"},{"floor":24,"key":"REST"},{"floor":28,"key":"REST"},{"floor":32,"key":"REST"},{"floor":41,"key":"REST"},{"floor":47,"key":"REST"},{"floor":49,"key":"REST"}],"circlet_count":0,"master_deck":["Strike_B","Strike_B","Strike_B","Defend_B","Defend_B","Defend_B","Defend_B","Zap","Dualcast","Lockon","Conserve Battery","Stack","Melter","Aggregate","Leap","Sunder+1","Self Repair","Self Repair","Melter","Creative AI","FTL+1","FTL","Stack","Writhe","Capacitor","Aggregate","Stack","Barrage","Beam Cell","Static Discharge","Static Discharge","Core Surge","Recycle","Streamline+1","Reboot","Madness","Madness","BootSequence+1","Beam Cell+1"],"relics":["Cracked Core","Letter Opener","WarpedTongs","Happy Flower","Pantograph","Lantern","Inserter","Mercury Hourglass","Burning Blood","Potion Belt","HornCleat","Darkstone Periapt","Fusion Hammer","Du-Vu Doll","White Beast Statue","MealTicket","Torii"],"acts_visited":["Exordium","TheCity","TheBeyond"],"potions_floor_usage":[10,16,16,23,23,29,30,33,33,36,42,45,46,48,48,50,50,50],"damage_taken":[{"damage":1,"enemies":"Cultist","floor":1,"turns":3},{"damage":6,"enemies":"Jaw Worm","floor":2,"turns":3},{"damage":10,"enemies":"Small Slimes","floor":4,"turns":3},{"damage":11,"enemies":"Blue Slaver","floor":6,"turns":3},{"damage":4,"enemies":"2 Fungi Beasts","floor":7,"turns":3},{"damage":23,"enemies":"Lagavulin","floor":10,"turns":5},{"damage":3,"enemies":"Large Slime","floor":11,"turns":5},{"damage":3,"enemies":"Looter","floor":13,"turns":3},{"damage":24,"enemies":"Slime Boss","floor":16,"turns":11},{"damage":16,"enemies":"Chosen","floor":18,"turns":5},{"damage":4,"enemies":"2 Thieves","floor":21,"turns":3},{"damage":57,"enemies":"Slavers","floor":23,"turns":5},{"damage":33,"enemies":"Centurion and Healer","floor":27,"turns":8},{"damage":30,"enemies":"Chosen and Byrds","floor":29,"turns":7},{"damage":27,"enemies":"Gremlin Leader","floor":30,"turns":7},{"damage":10,"enemies":"Snecko","floor":31,"turns":6},{"damage":44,"enemies":"Collector","floor":33,"turns":7},{"damage":0,"enemies":"Orb Walker","floor":35,"turns":3},{"damage":23,"enemies":"Mind Bloom Boss Battle","floor":36,"turns":6},{"damage":30,"enemies":"3 Shapes","floor":38,"turns":4},{"damage":29,"enemies":"Reptomancer","floor":40,"turns":8},{"damage":24,"enemies":"Maw","floor":42,"turns":7},{"damage":26,"enemies":"Sphere and 2 Shapes","floor":44,"turns":5},{"damage":26,"enemies":"2 Orb Walkers","floor":45,"turns":4},{"damage":28,"enemies":"4 Shapes","floor":46,"turns":4},{"damage":50,"enemies":"Transient","floor":48,"turns":5},{"damage":67,"enemies":"Donu and Deca","floor":50,"turns":6}],"seed_played":"-8023891485406703050","potions_obtained":[{"floor":2,"key":"SteroidPotion"},{"floor":6,"key":"Dexterity Potion"},{"floor":7,"key":"AttackPotion"},{"floor":11,"key":"Explosive Potion"},{"floor":16,"key":"SpeedPotion"},{"floor":21,"key":"Swift Potion"},{"floor":27,"key":"Weak Potion"},{"floor":29,"key":"SpeedPotion"},{"floor":30,"key":"GamblersBrew"},{"floor":31,"key":"GamblersBrew"},{"floor":33,"key":"Ancient Potion"},{"floor":35,"key":"FearPotion"},{"floor":38,"key":"ColorlessPotion"},{"floor":42,"key":"CultistPotion"},{"floor":44,"key":"SneckoOil"},{"floor":45,"key":"SkillPotion"},{"floor":46,"key":"PowerPotion"},{"floor":48,"key":"Weak Potion"}],"is_trial":false,"path_per_floor":["M","M","T","M","?","M","M","R","T","E","M","R","M","$","R","B",null,"M","$","?","M","?","E","R","$","T","M","R","M","E","M","R","B",null,"M","?","?","M","?","E","R","M","T","M","?","M","R","M","R","B"],"character_chosen":"DEFECT","items_purchased":["Lantern","Self Repair","Melter","FTL","Stack","Stack"],"campfire_rested":8,"item_purchase_floors":[14,14,14,19,19,25],"current_hp_per_floor":[74,68,68,58,58,47,43,65,65,42,39,61,58,58,58,65,75,73,73,73,75,75,38,60,60,60,50,72,65,51,54,75,51,75,75,75,75,58,49,43,65,61,61,55,42,34,56,19,41,0,0],"gold":442,"neow_bonus":"HUNDRED_GOLD","is_daily":false,"chose_seed":false,"campfire_upgraded":1,"win_rate":0.0,"timestamp":1610773733,"path_taken":["M","M","?","?","?","?","M","R","T","E","?","R","M","$","R","BOSS","M","?","?","M","?","E","R","$","T","M","R","M","E","M","R","BOSS","M","?","?","M","?","E","R","M","T","M","?","M","R","M","R","BOSS"],"items_purchased_type":["Relic","Card","Card","Card","Card","Card"],"build_version":"2020-12-22","purchased_purges":1,"victory":false,"max_hp_per_floor":[75,75,75,75,75,75,75,75,75,75,75,75,75,75,75,75,75,75,75,75,75,75,75,75,75,75,75,75,75,75,75,75,75,75,75,75,75,75,75,75,75,75,75,75,75,75,75,75,75,75,75],"card_choices":[{"not_picked":["Barrage","Gash"],"picked":"Lockon","floor":1},{"not_picked":["Steam","Auto Shields"],"picked":"Conserve Battery","floor":2},{"not_picked":["Tempest","Compile Driver"],"picked":"Stack","floor":4},{"not_picked":["Auto Shields","Sweeping Beam"],"picked":"Melter","floor":6},{"not_picked":["Conserve Battery","Coolheaded"],"picked":"Aggregate","floor":7},{"not_picked":["Go for the Eyes","Undo"],"picked":"Leap","floor":10},{"not_picked":["Rebound","Ball Lightning"],"picked":"Sunder","floor":11},{"not_picked":["Chaos","Leap"],"picked":"Self Repair","floor":13},{"not_picked":["Echo Form","Multi-Cast"],"picked":"Creative AI","floor":16},{"not_picked":["Conserve Battery","Go for the Eyes"],"picked":"FTL+1","floor":18},{"not_picked":["Barrage+1","Loop"],"picked":"Capacitor","floor":21},{"not_picked":["Streamline+1","Gash"],"picked":"Aggregate","floor":23},{"not_picked":["Conserve Battery","Rebound"],"picked":"Barrage","floor":27},{"not_picked":["Steam+1","Go for the Eyes"],"picked":"Beam Cell","floor":29},{"not_picked":["Turbo","Chaos"],"picked":"Static Discharge","floor":30},{"not_picked":["Turbo","Redo+1"],"picked":"Static Discharge","floor":31},{"not_picked":["Multi-Cast","Hyperbeam"],"picked":"Core Surge","floor":33},{"not_picked":["Steam","Beam Cell"],"picked":"Recycle","floor":35},{"not_picked":["Barrage+1","Conserve Battery"],"picked":"Streamline+1","floor":36},{"not_picked":["Recycle","Stack+1"],"picked":"Reboot","floor":38},{"not_picked":["Coolheaded","Capacitor","Auto Shields+1"],"picked":"SKIP","floor":40},{"not_picked":["Gash","Redo","Recycle+1"],"picked":"SKIP","floor":42},{"not_picked":["Go for the Eyes+1","Steam","Stack+1"],"picked":"SKIP","floor":44},{"not_picked":["Leap+1","Beam Cell"],"picked":"BootSequence+1","floor":45},{"not_picked":["Capacitor","Coolheaded","Redo"],"picked":"SKIP","floor":46},{"not_picked":["Rebound","Go for the Eyes"],"picked":"Beam Cell+1","floor":48}],"player_experience":80553,"relics_obtained":[{"floor":3,"key":"Letter Opener"},{"floor":9,"key":"Happy Flower"},{"floor":10,"key":"Pantograph"},{"floor":23,"key":"Potion Belt"},{"floor":26,"key":"HornCleat"},{"floor":30,"key":"Darkstone Periapt"},{"floor":36,"key":"Du-Vu Doll"},{"floor":40,"key":"White Beast Statue"},{"floor":43,"key":"MealTicket"},{"floor":45,"key":"Torii"}],"event_choices":[{"damage_healed":0,"gold_gain":0,"player_choice":"Rummage","damage_taken":0,"relics_obtained":["WarpedTongs"],"max_hp_gain":0,"max_hp_loss":0,"event_name":"Accursed Blacksmith","floor":5,"gold_loss":0,"cards_obtained":["Pain"]},{"damage_healed":0,"gold_gain":0,"player_choice":"Opened","damage_taken":0,"relics_obtained":["Mercury Hourglass"],"max_hp_gain":0,"max_hp_loss":0,"event_name":"The Mausoleum","floor":20,"gold_loss":0,"cards_obtained":["Writhe"]},{"damage_healed":0,"gold_gain":0,"player_choice":"Fight","damage_taken":0,"max_hp_gain":0,"max_hp_loss":0,"event_name":"MindBloom","floor":36,"gold_loss":0},{"cards_removed":["Strike_B"],"damage_healed":0,"gold_gain":0,"player_choice":"Removed Attack","damage_taken":0,"max_hp_gain":0,"max_hp_loss":0,"event_name":"Falling","floor":37,"gold_loss":0},{"damage_healed":0,"gold_gain":0,"player_choice":"Embrace Madness","damage_taken":9,"max_hp_gain":0,"max_hp_loss":0,"event_name":"Winding Halls","floor":39,"gold_loss":0,"cards_obtained":["Madness","Madness"]},{"damage_healed":0,"gold_gain":0,"player_choice":"Fight","damage_taken":0,"max_hp_gain":0,"max_hp_loss":0,"event_name":"Mysterious Sphere","floor":45,"gold_loss":0}],"is_beta":false,"boss_relics":[{"not_picked":["Black Star","Cursed Key"],"picked":"Inserter"},{"not_picked":["SlaversCollar","Coffee Dripper"],"picked":"Fusion Hammer"}],"items_purged_floors":[14],"is_endless":false,"potions_floor_spawned":[2,6,7,11,16,21,27,29,30,31,33,35,38,42,44,45,46,48],"killed_by":"Donu and Deca","ascension_level":0}}