{"host":"0v07cr0k93jhgkpm","time":1610772490,"event":{"mods":["BaseMod","Colored Map","DeckTracker","Minty Spire (QoL Compilation)","Quick Restart","SuperFastMode"],"gold_per_floor":[115,135,52,52,69,99,99,57,134,159,169,169,4,4,4],"floor_reached":14,"language":"KOR","playtime":393,"items_purged":[],"score":196,"play_id":"36a27b4c-ba8c-4eb8-9b27-fb351165f707","local_time":"20210116134810","is_ascension_mode":true,"campfire_choices":[{"data":"Disarm","floor":7.0,"key":"SMITH"}],"circlet_count":0,"master_deck":["AscendersBane","Strike_R","Strike_R","Strike_R","Strike_R","Strike_R","Defend_R","Defend_R","Defend_R","Defend_R","Bash","Sword Boomerang","Disarm+1","Inflame+1","Flex","Carnage","Evolve","Intimidate","Whirlwind"],"relics":["Burning Blood","NeowsBlessing","Art of War","Gremlin Horn","Paper Frog","Sling"],"acts_visited":["Exordium"],"potions_floor_usage":[14],"damage_taken":[{"damage":0.0,"enemies":"2 Louse","floor":1.0,"turns":1.0},{"damage":0.0,"enemies":"Small Slimes","floor":2.0,"turns":1.0},{"damage":0.0,"enemies":"Jaw Worm","floor":5.0,"turns":1.0},{"damage":26.0,"enemies":"Lagavulin","floor":6.0,"turns":7.0},{"damage":36.0,"enemies":"Gremlin Nob","floor":10.0,"turns":4.0},{"damage":14.0,"enemies":"Exordium Wildlife","floor":11.0,"turns":5.0},{"damage":20,"enemies":"3 Sentries","floor":14,"turns":2}],"seed_played":"-1318387076840407730","potions_obtained":[{"floor":2.0,"key":"LiquidBronze"},{"floor":5.0,"key":"Dexterity Potion"},{"floor":6.0,"key":"Strength Potion"}],"is_trial":false,"path_per_floor":["M","M","$","?","M","E","R","$","T","E","M","?","$","E"],"character_chosen":"IRONCLAD","items_purchased":["Inflame","Evolve","Sling"],"campfire_rested":0,"item_purchase_floors":[3,8,13],"current_hp_per_floor":[74,75,75,75,75,55,55,55,55,25,17,17,17,0,0],"gold":4,"neow_bonus":"THREE_ENEMY_KILL","is_daily":false,"chose_seed":false,"campfire_upgraded":1,"win_rate":0.0,"timestamp":1610772490,"path_taken":["M","M","$","?","M","E","R","$","T","E","M","?","?","E"],"items_purchased_type":["Card","Card","Relic"],"build_version":"2020-12-22","purchased_purges":0,"victory":false,"max_hp_per_floor":[75,75,75,75,75,75,75,75,75,75,75,75,75,75,75],"card_choices":[{"not_picked":["Pommel Strike","Headbutt"],"picked":"Sword Boomerang","floor":1.0},{"not_picked":["Warcry","Infernal Blade"],"picked":"Disarm","floor":2.0},{"not_picked":["Armaments","Entrench"],"picked":"Flex","floor":5.0},{"not_picked":["Havoc","Sentinel"],"picked":"Carnage","floor":6.0},{"not_picked":["Iron Wave","Clothesline"],"picked":"Intimidate","floor":10.0},{"not_picked":["Body Slam","Evolve"],"picked":"Whirlwind","floor":11.0}],"player_experience":2499452,"relics_obtained":[{"floor":6.0,"key":"Art of War"},{"floor":9.0,"key":"Gremlin Horn"},{"floor":10.0,"key":"Paper Frog"}],"event_choices":[{"damage_healed":0.0,"max_hp_gain":0.0,"max_hp_loss":0.0,"gold_gain":0.0,"event_name":"Living Wall","player_choice":"Grow","floor":4.0,"gold_loss":0.0,"damage_taken":0.0,"cards_upgraded":["Inflame"]},{"damage_healed":0.0,"max_hp_gain":0.0,"max_hp_loss":0.0,"gold_gain":0.0,"event_name":"Shining Light","player_choice":"Ignored","floor":12.0,"gold_loss":0.0,"damage_taken":0.0}],"is_beta":false,"boss_relics":[],"items_purged_floors":[],"is_endless":false,"potions_floor_spawned":[2,5,6],"killed_by":"3 Sentries","ascension_level":20}}