{"host":"jksa5rawk3m4gilz","time":1610797609,"event":{"mods":["BaseMod","Colored Map","Highlight Path","Minty Spire (QoL Compilation)","Quick Restart"],"gold_per_floor":[109,26,26,26,43,43,59,81,81,81,114,114,132,144,144,144,144],"floor_reached":16,"language":"ENG","playtime":595,"items_purged":[],"score":165,"play_id":"77af22cf-84a5-4e20-8d64-dfebacef74fd","local_time":"20210116124649","is_ascension_mode":true,"campfire_choices":[{"floor":6,"key":"REST"},{"floor":10,"key":"REST"},{"data":"ForeignInfluence","floor":12,"key":"SMITH"},{"floor":15,"key":"REST"}],"circlet_count":0,"master_deck":["AscendersBane","Strike_P","Strike_P","Strike_P","Defend_P","Defend_P+1","Defend_P+1","Defend_P+1","Eruption+1","Vigilance","Panacea","ForeignInfluence+1","LessonLearned","Halt","Consecrate"],"relics":["PureWater","Du-Vu Doll","Odd Mushroom","White Beast Statue","CaptainsWheel"],"acts_visited":["Exordium"],"potions_floor_usage":[8,13,16,16],"damage_taken":[{"damage":2,"enemies":"2 Louse","floor":1,"turns":2},{"damage":7,"enemies":"Jaw Worm","floor":5,"turns":5},{"damage":0,"enemies":"Small Slimes","floor":7,"turns":3},{"damage":12,"enemies":"The Mushroom Lair","floor":8,"turns":6},{"damage":19,"enemies":"3 Sentries","floor":11,"turns":10},{"damage":7,"enemies":"Exordium Wildlife","floor":13,"turns":4},{"damage":0,"enemies":"Red Slaver","floor":14,"turns":4},{"damage":27,"enemies":"The Guardian","floor":16,"turns":7}],"seed_played":"-8015353239827141964","potions_obtained":[{"floor":5,"key":"ColorlessPotion"},{"floor":11,"key":"FearPotion"},{"floor":13,"key":"ColorlessPotion"},{"floor":14,"key":"Block Potion"}],"is_trial":false,"path_per_floor":["M","$","?","?","M","R","M","?","T","R","E","R","M","M","R","B"],"character_chosen":"WATCHER","items_purchased":["Panacea"],"campfire_rested":3,"item_purchase_floors":[2],"current_hp_per_floor":[45,45,31,24,17,38,38,26,26,47,28,28,21,21,42,15,15],"gold":144,"neow_bonus":"ONE_RARE_RELIC","is_daily":false,"chose_seed":false,"campfire_upgraded":1,"win_rate":0.0,"timestamp":1610797609,"path_taken":["M","$","?","?","M","R","M","?","T","R","E","R","M","M","R","BOSS"],"items_purchased_type":["Card"],"build_version":"2020-12-22","purchased_purges":0,"victory":false,"max_hp_per_floor":[72,72,72,72,72,72,72,72,72,72,72,72,72,72,72,72,72],"card_choices":[{"not_picked":["EmptyFist","Crescendo","PathToVictory"],"picked":"SKIP","floor":1},{"not_picked":["Perseverance","EmptyMind"],"picked":"ForeignInfluence","floor":5},{"not_picked":["ClearTheMind","Evaluate","Swivel"],"picked":"SKIP","floor":7},{"not_picked":["DeceiveReality","Pray"],"picked":"LessonLearned","floor":8},{"not_picked":["ReachHeaven","BowlingBash","Swivel"],"picked":"SKIP","floor":11},{"not_picked":["CrushJoints","CarveReality"],"picked":"Halt","floor":13},{"not_picked":["FlurryOfBlows","ClearTheMind"],"picked":"Consecrate","floor":14}],"player_experience":2127302,"relics_obtained":[{"floor":8,"key":"Odd Mushroom"},{"floor":9,"key":"White Beast Statue"},{"floor":11,"key":"CaptainsWheel"}],"event_choices":[{"damage_healed":0,"gold_gain":0,"player_choice":"Entered Light","damage_taken":14,"max_hp_gain":0,"max_hp_loss":0,"event_name":"Shining Light","floor":3,"gold_loss":0,"cards_upgraded":["Defend_P","Eruption"]},{"cards_removed":["Strike_P"],"damage_healed":0,"gold_gain":0,"player_choice":"Card Removal","damage_taken":7,"max_hp_gain":0,"max_hp_loss":0,"event_name":"Golden Wing","floor":4,"gold_loss":0},{"damage_healed":0,"gold_gain":0,"player_choice":"Fought Mushrooms","damage_taken":0,"max_hp_gain":0,"max_hp_loss":0,"event_name":"Mushrooms","floor":8,"gold_loss":0}],"is_beta":false,"boss_relics":[],"items_purged_floors":[],"is_endless":false,"potions_floor_spawned":[5,11,13,14],"killed_by":"The Guardian","ascension_level":13}}