{"host":"xt797mi8yhee06c1","time":1610804751,"event":{"mods":["100% Spire Juice","BaseMod","Bestiary","Koishi","Marisa£¨Ùöéë¡¡Øª×âÞÞ£©","Minty Spire (QoL Compilation)","Poor People Problems","Prisma Mod","Relic Filter","Shop Mod","Spicy Shops","StSLib","The Marked","The Servant 0.9.4","WarShipGirlsR/??á´Ò³R mod"],"gold_per_floor":[115,115,9,29,40,40,40,40,40,56,82,101,101,101],"floor_reached":13,"language":"KOR","playtime":574,"items_purged":[],"score":85,"play_id":"ec60bdbf-8094-45ac-a290-a41f3b96f877","local_time":"20210116224551","is_ascension_mode":false,"campfire_choices":[{"data":"Moonworks:Flamethrower","floor":6.0,"key":"SMITH"},{"data":"Sadistic Nature","floor":8.0,"key":"SMITH"}],"circlet_count":0,"master_deck":["Moonworks:Strike","Moonworks:Strike+1","Moonworks:Strike","Moonworks:Strike+1","Moonworks:Defend","Moonworks:Defend","Moonworks:Defend","Moonworks:Defend","Moonworks:Ambush","Moonworks:LongDistanceShot+1","Sadistic Nature+1","Moonworks:EvilSpyWorkPreparation+1","Moonworks:Flamethrower+1","Moonworks:BigMagnum+1","Moonworks:Encore","Moonworks:LulusLuckyEgg","Moonworks:SinkOrSwim","Moonworks:EvilSpyWorkPreparation"],"relics":["Moonworks:BrokenBomb","Moonworks:Homemark","Mango","Whetstone"],"acts_visited":[],"potions_floor_usage":[13,13],"damage_taken":[{"damage":5.0,"enemies":"2 Louse","floor":1.0,"turns":4.0},{"damage":5.0,"enemies":"Small Slimes","floor":4.0,"turns":2.0},{"damage":5.0,"enemies":"Cultist","floor":5.0,"turns":2.0},{"damage":6.0,"enemies":"Gremlin Gang","floor":10.0,"turns":3.0},{"damage":14.0,"enemies":"Gremlin Nob","floor":11.0,"turns":3.0},{"damage":6.0,"enemies":"2 Fungi Beasts","floor":12.0,"turns":2.0},{"damage":19,"enemies":"3 Sentries","floor":13,"turns":2}],"seed_played":"8734734659380168517","potions_obtained":[{"floor":1.0,"key":"AttackPotion"},{"floor":5.0,"key":"Strength Potion"}],"is_trial":false,"path_per_floor":["M","?","$","M","M","R","?","R","T","M","E","M","E"],"character_chosen":"THE_STARBREAKER","items_purchased":["Moonworks:Flamethrower"],"campfire_rested":0,"item_purchase_floors":[3],"current_hp_per_floor":[49,38,38,33,28,28,28,28,42,36,22,16,0,0],"gold":101,"neow_bonus":"RANDOM_COLORLESS_2","is_daily":false,"chose_seed":false,"campfire_upgraded":2,"win_rate":0.0,"timestamp":1610804751,"path_taken":["M","?","$","M","M","R","?","R","T","M","E","?","E"],"items_purchased_type":["Card"],"build_version":"2020-12-22","purchased_purges":0,"victory":false,"max_hp_per_floor":[54,54,54,54,54,54,54,54,68,68,68,68,68,68],"card_choices":[{"not_picked":["Chrysalis","Mayhem"],"picked":"Sadistic Nature","floor":0.0},{"not_picked":["Moonworks:Assault","Moonworks:ScrambledEve"],"picked":"Moonworks:EvilSpyWorkPreparation","floor":1.0},{"not_picked":["Moonworks:CloudOfSeagulls","Moonworks:DeployBits"],"picked":"Moonworks:BigMagnum","floor":4.0},{"not_picked":["Moonworks:CloudOfSeagulls","Moonworks:LulusLuckyEgg"],"picked":"Moonworks:Encore","floor":5.0},{"not_picked":["Moonworks:BigMagnum","Moonworks:CloudOfSeagulls"],"picked":"Moonworks:LulusLuckyEgg","floor":10.0},{"not_picked":["Moonworks:NicePresent","Moonworks:ImOnFire"],"picked":"Moonworks:SinkOrSwim","floor":11.0},{"not_picked":["Moonworks:BigMagnum","Moonworks:JonathanRush"],"picked":"Moonworks:EvilSpyWorkPreparation","floor":12.0}],"player_experience":371284,"relics_obtained":[{"floor":9.0,"key":"Mango"},{"floor":11.0,"key":"Whetstone"}],"event_choices":[{"damage_healed":0.0,"max_hp_gain":0.0,"max_hp_loss":0.0,"gold_gain":0.0,"event_name":"Shining Light","player_choice":"Entered Light","floor":2.0,"gold_loss":0.0,"damage_taken":11.0,"cards_upgraded":["Moonworks:EvilSpyWorkPreparation","Moonworks:Strike"]},{"damage_healed":0.0,"max_hp_gain":0.0,"max_hp_loss":0.0,"gold_gain":0.0,"event_name":"Accursed Blacksmith","player_choice":"Forge","floor":7.0,"gold_loss":0.0,"damage_taken":0.0,"cards_upgraded":["Moonworks:BigMagnum"]}],"is_beta":false,"boss_relics":[],"items_purged_floors":[],"is_endless":false,"potions_floor_spawned":[1,5],"killed_by":"3 Sentries","ascension_level":0}}