{"host":"8o45mh5p3pp1o2mi","time":1610759560,"event":{"mods":["BaseMod","Bestiary","Better Match","Better Third Choice","BetterRewards","Dark Map","Fox Events","Minty Spire (QoL Compilation)","Replay The Spire","Shop Mod","StSLib"],"gold_per_floor":[128,303,132,153,178,225,225,183,183,243,276,314,323,538,547,672,672,714,245,295,37,78,123,176,185,247,310,319,319,368,399,399,535,535,569,569,239,276,311,371,407,445,454,463,502,105,105,162,162,196],"floor_reached":51,"language":"ENG","playtime":3853,"items_purged":["Defend_P","Doubt","Defend_P","Replay:Battleflow","Overencumbered"],"score":968,"play_id":"80aa6778-fc46-496e-92d8-1ad985108df0","local_time":"20210116011240","is_ascension_mode":true,"campfire_choices":[{"floor":7.0,"key":"REST"},{"floor":13.0,"key":"REST"},{"floor":15.0,"key":"DIG"},{"data":"MasterReality","floor":25,"key":"SMITH"},{"data":"Replay:AllIn","floor":28,"key":"SMITH"},{"floor":32,"key":"DIG"},{"floor":44,"key":"DIG"},{"data":"Tantrum","floor":47,"key":"SMITH"},{"data":"Blasphemy","floor":49,"key":"SMITH"}],"circlet_count":0,"master_deck":["Eruption","Vigilance","Consecrate","SashWhip","BowlingBash","Replay:AllIn+1","Adaptation","ThirdEye","Vengeance","Replay:BluntJabs","Wireheading","SpiritShield","TalkToTheHand","Replay:ManipulateFuture","DeceiveReality","MasterReality+1","EmptyFist","Replay:Sssssssssstrike","Nirvana","Conclude","DeceiveReality+1","Evaluate+1","Conclude","Pot Of Greed","Pot Of Greed","Pot Of Greed+1","Replay:Vibes+1","SpiritShield","Indignation+1","Blasphemy+1","Tantrum+1","Evaluate","Meditate+1","CutThroughFate+1","FlyingSleeves+1","Pot Of Greed","SandsOfTime+1","Wallop+1","WheelKick+1"],"relics":["PureWater","Replay:Bandana","Replay:PocketPolymizer","Pantograph","betterThird:SlimedRelic","CeramicFish","Regal Pillow","Shovel","Torii","Cursed Key","Membership Card","Replay:Mystery Machine","Centennial Puzzle","MerchantsRug","Onion Ring","Akabeko","Simple Rune","Grinning Jar","GoldenEye","Spirit Poop","ReplayFunnel","Replay:Bronze Core","War Paint","Oddly Smooth Stone","TheAbacus","Molten Egg 2","Kunai","ReplayTheSpireMod:Lightbulb","Bag of Preparation","Golden Egg","Lee\u0027s Waffle"],"acts_visited":["Exordium","TheCity","TheBeyond"],"potions_floor_usage":[31,33,33,50],"damage_taken":[{"damage":4.0,"enemies":"Small Slimes","floor":1.0,"turns":2.0},{"damage":2.0,"enemies":"2 Louse","floor":4.0,"turns":2.0},{"damage":0.0,"enemies":"Cultist","floor":5.0,"turns":2.0},{"damage":24.0,"enemies":"Gremlin Nob","floor":6.0,"turns":3.0},{"damage":10.0,"enemies":"3 Sentries","floor":10.0,"turns":5.0},{"damage":0.0,"enemies":"Exordium Wildlife","floor":11.0,"turns":2.0},{"damage":20.0,"enemies":"Lagavulin","floor":12.0,"turns":7.0},{"damage":15,"enemies":"Hexaghost","floor":16,"turns":12},{"damage":1,"enemies":"Chosen","floor":18,"turns":4},{"damage":9,"enemies":"3 Byrds","floor":22,"turns":4},{"damage":9,"enemies":"Centurion and Healer","floor":23,"turns":4},{"damage":7,"enemies":"Replay:Snechameleon","floor":24,"turns":9},{"damage":0,"enemies":"Gremlin Leader","floor":27,"turns":4},{"damage":1,"enemies":"Chosen and Byrds","floor":30,"turns":3},{"damage":15,"enemies":"Snake Plant","floor":31,"turns":3},{"damage":19,"enemies":"Pondfish","floor":33,"turns":7},{"damage":0,"enemies":"3 Shapes","floor":35,"turns":2},{"damage":0,"enemies":"Orb Walker","floor":38,"turns":1},{"damage":0,"enemies":"3 Darklings","floor":39,"turns":2},{"damage":1,"enemies":"Nemesis","floor":40,"turns":5},{"damage":5,"enemies":"4 Shapes","floor":41,"turns":2},{"damage":0,"enemies":"Sphere and 2 Shapes","floor":42,"turns":1},{"damage":0,"enemies":"Spire Growth","floor":45,"turns":2},{"damage":0,"enemies":"Transient","floor":48,"turns":5},{"damage":1,"enemies":"Replay:Hell Engine","floor":50,"turns":7}],"seed_played":"-5195145275613358646","potions_obtained":[{"floor":5.0,"key":"Doom Potion"},{"floor":10.0,"key":"BottledMiracle"},{"floor":11.0,"key":"SkillPotion"},{"floor":18,"key":"Fire Potion"},{"floor":23,"key":"Toxic Potion"},{"floor":33,"key":"BlessingOfTheForge"},{"floor":35,"key":"Cursed Concoction"},{"floor":42,"key":"SkillPotion"},{"floor":48,"key":"Languid Potion"}],"is_trial":false,"path_per_floor":["M","?","$","M","M","E","R","?","T","E","M","E","R","?","R","B",null,"M","$","?","$","M","M","E","R","T","E","R","?","M","M","R","B",null,"M","?","$","M","M","E","M","M","T","R","M","$","R","M","R","B",null],"character_chosen":"WATCHER","items_purchased":["Replay:Bandana","Consecrate","Replay:Battleflow","Membership Card","Replay:Sssssssssstrike","Replay:Mystery Machine","Centennial Puzzle","MerchantsRug","Onion Ring","Akabeko","Nirvana","Conclude","War Paint","Oddly Smooth Stone","TheAbacus","Tantrum","Evaluate","Bag of Preparation","Golden Egg","Lee\u0027s Waffle","Wallop+1"],"campfire_rested":2,"item_purchase_floors":[0,0,3,19,19,19,19,19,21,21,21,21,37,37,37,37,37,46,46,46,46],"current_hp_per_floor":[60,60,60,58,58,34,55,44,44,34,34,14,50,50,50,57,72,71,71,71,71,62,53,46,46,46,46,46,46,45,30,30,36,72,72,82,82,82,82,81,76,76,76,76,76,89,89,89,89,88],"gold":196,"neow_bonus":"","is_daily":false,"chose_seed":false,"campfire_upgraded":4,"win_rate":0.0,"timestamp":1610759560,"path_taken":["M","?","$","M","M","E","R","?","T","E","M","E","R","?","R","BOSS","M","$","?","$","?","M","E","R","T","E","R","?","M","?","R","BOSS","M","?","$","M","M","E","M","M","T","R","M","$","R","M","R","BOSS"],"items_purchased_type":["Relic","Card","Card","Relic","Card","Relic","Relic","Relic","Relic","Relic","Card","Card","Relic","Relic","Relic","Card","Card","Relic","Relic","Relic","Card"],"build_version":"2020-12-22","purchased_purges":5,"victory":true,"max_hp_per_floor":[72,72,72,72,72,72,72,72,72,72,72,72,72,72,72,72,72,72,72,72,72,72,72,72,72,72,72,72,72,72,72,72,72,72,72,82,82,82,82,82,82,82,82,82,82,89,89,89,89,89],"card_choices":[{"not_picked":["Replay:ManipulateFuture","FollowUp"],"picked":"BowlingBash","floor":1.0},{"not_picked":["Replay:AtTheReady","Pray"],"picked":"Replay:AllIn","floor":4.0},{"not_picked":["ReachHeaven","Replay:Battleflow"],"picked":"Adaptation","floor":5.0},{"not_picked":["SignatureMove","ForeignInfluence"],"picked":"ThirdEye","floor":6.0},{"not_picked":["CrushJoints","EmptyFist"],"picked":"Replay:BluntJabs","floor":10.0},{"not_picked":["JustLucky","Adaptation"],"picked":"Wireheading","floor":11.0},{"not_picked":["Replay:BluntJabs","EmptyBody"],"picked":"SpiritShield","floor":12.0},{"not_picked":["FollowUp","ClearTheMind"],"picked":"Replay:ManipulateFuture","floor":14.0},{"not_picked":["Brilliance","SpiritShield"],"picked":"MasterReality","floor":16},{"not_picked":["Replay:ManipulateFuture","Perseverance"],"picked":"EmptyFist","floor":18},{"not_picked":["EmptyMind","Consecrate","ClearTheMind"],"picked":"SKIP","floor":22},{"not_picked":["Halt","EmptyMind"],"picked":"DeceiveReality+1","floor":23},{"not_picked":["SashWhip","Perseverance+1"],"picked":"Evaluate+1","floor":24},{"not_picked":["BowlingBash","CutThroughFate"],"picked":"Replay:Vibes+1","floor":27},{"not_picked":["JustLucky","CutThroughFate"],"picked":"Indignation","floor":30},{"not_picked":["Replay:BluntJabs","ThirdEye","ConjureBlade"],"picked":"SKIP","floor":31},{"not_picked":["Establishment","Brilliance"],"picked":"Blasphemy","floor":33},{"not_picked":["SignatureMove+1","BowlingBash","Collect+1"],"picked":"SKIP","floor":35},{"not_picked":["EmptyFist+1","FearNoEvil+1"],"picked":"Meditate+1","floor":38},{"not_picked":["EmptyBody+1","BattleHymn","Replay:BluntJabs+1"],"picked":"SKIP","floor":39},{"not_picked":["ClearTheMind+1","Replay:Cycle"],"picked":"CutThroughFate+1","floor":40},{"not_picked":["ThirdEye+1","SashWhip+1","JustLucky+1"],"picked":"SKIP","floor":41},{"not_picked":["Replay:Vibes+1","Protect+1"],"picked":"FlyingSleeves+1","floor":42},{"not_picked":["Evaluate","BattleHymn","FollowUp+1"],"picked":"SKIP","floor":45},{"not_picked":["Indignation+1","Tantrum+1"],"picked":"WheelKick+1","floor":48}],"player_experience":77762,"relics_obtained":[{"floor":6.0,"key":"Pantograph"},{"floor":9.0,"key":"CeramicFish"},{"floor":10.0,"key":"Regal Pillow"},{"floor":12.0,"key":"Shovel"},{"floor":15.0,"key":"Torii"},{"floor":24,"key":"Simple Rune"},{"floor":26,"key":"Grinning Jar"},{"floor":27,"key":"GoldenEye"},{"floor":32,"key":"ReplayFunnel"},{"floor":40,"key":"Molten Egg 2"},{"floor":43,"key":"Kunai"},{"floor":44,"key":"ReplayTheSpireMod:Lightbulb"}],"event_choices":[{"damage_healed":0.0,"max_hp_gain":0.0,"max_hp_loss":0.0,"gold_gain":175.0,"event_name":"betterThird:BetterSerpent","player_choice":"AGREE","floor":2.0,"gold_loss":0.0,"damage_taken":128.0},{"damage_healed":0.0,"max_hp_gain":0.0,"max_hp_loss":0.0,"gold_gain":0.0,"event_name":"betterThird:BetterGoop","player_choice":"Slimed","floor":8.0,"gold_loss":42.0,"damage_taken":11.0},{"damage_healed":0,"gold_gain":100,"player_choice":"Bet on Murderer","damage_taken":0,"max_hp_gain":0,"max_hp_loss":0,"event_name":"The Joust","floor":20,"gold_loss":50},{"cards_removed":["Amnesia"],"damage_healed":0,"gold_gain":0,"player_choice":"Offered Curse","damage_taken":0,"relics_obtained":["Spirit Poop"],"max_hp_gain":0,"max_hp_loss":0,"event_name":"Bonfire Elementals","floor":29,"gold_loss":0}],"is_beta":false,"boss_relics":[{"not_picked":["Replay:Drink Me","Empty Cage"],"picked":"Cursed Key"},{"not_picked":["Pandora\u0027s Box","Honey Jar"],"picked":"Replay:Bronze Core"}],"items_purged_floors":[0,3,19,37,46],"is_endless":false,"potions_floor_spawned":[5,10,11,18,22,23,33,35,42,45,48],"ascension_level":3}}