{"host":"dtvgc7uk609653br","time":1610762047,"event":{"mods":["BaseMod","Minty Spire (QoL Compilation)","Shade Mod","StSLib","The Druid"],"gold_per_floor":[109,109,129,142,161,195,295,308,308,319,319,336,336,371,371,475,475,494,521,446,464,482,482,500,514,514,613,613,613,216,316,316,421,421,439,455,470,470,489,521,521,69,69,69,69,69,81,46,46,46,46],"floor_reached":50,"language":"ENG","playtime":1786,"items_purged":[],"score":509,"play_id":"e3cef0f4-8c4a-4e3c-a22c-86bee9363932","local_time":"20210115205407","is_ascension_mode":false,"campfire_choices":[{"data":"Shade:ExtraLimbs","floor":11,"key":"SMITH"},{"floor":15,"key":"REST"},{"floor":23,"key":"REST"},{"floor":32,"key":"REST"},{"floor":41,"key":"REST"},{"floor":45,"key":"REST"},{"floor":49,"key":"REST"}],"circlet_count":0,"master_deck":["Shade:Strike_Shade+1","Shade:Strike_Shade","Shade:Defend_Shade","Shade:Defend_Shade","Shade:Defend_Shade","Shade:Defend_Shade","Shade:AnimateDead","Shade:CarefulCut","Shade:SelfBurial","Shade:AncientSpear","Shade:FuneraryArmor","Shade:ScuttlingHand","Shade:ExtraLimbs+1","Shade:FuneraryArmor","Shade:DarkOfNight","Shade:Frenzy+1","Shade:Frenzy","Shade:Consume+1","Shade:CallOfTheGrave+1","Shade:AncientSpear","Shade:ExtraLimbs","Shade:ExtraLimbs","Shade:Putrefaction","Shade:ClawBack+1","Shade:LastGasp","Shade:UnbarTheGrave","Writhe","Shade:Awaken+1","Shade:Awaken"],"relics":["Shade:YorickSkull","Boot","Matryoshka","Meat on the Bone","Fusion Hammer","Red Mask","Whetstone","StoneCalendar","Lee\u0027s Waffle","Gremlin Horn","Busted Crown","Bottled Lightning","Membership Card","Centennial Puzzle","Kunai"],"acts_visited":["Exordium","TheCity","TheBeyond"],"potions_floor_usage":[14,16,16,33,40,50,50],"damage_taken":[{"damage":0.0,"enemies":"2 Louse","floor":1.0,"turns":3.0},{"damage":0.0,"enemies":"Jaw Worm","floor":3.0,"turns":3.0},{"damage":0.0,"enemies":"Cultist","floor":4.0,"turns":3.0},{"damage":6,"enemies":"Exordium Wildlife","floor":5,"turns":5},{"damage":5,"enemies":"3 Sentries","floor":6,"turns":6},{"damage":0,"enemies":"3 Louse","floor":8,"turns":2},{"damage":6,"enemies":"Looter","floor":10,"turns":3},{"damage":1,"enemies":"Large Slime","floor":12,"turns":4},{"damage":16,"enemies":"Gremlin Nob","floor":14,"turns":4},{"damage":49,"enemies":"Slime Boss","floor":16,"turns":23},{"damage":0,"enemies":"2 Thieves","floor":18,"turns":3},{"damage":6,"enemies":"Masked Bandits","floor":19,"turns":3},{"damage":7,"enemies":"3 Byrds","floor":21,"turns":5},{"damage":2,"enemies":"Cultist and Chosen","floor":22,"turns":6},{"damage":0,"enemies":"Shelled Parasite and Fungi","floor":24,"turns":3},{"damage":2,"enemies":"Snecko","floor":25,"turns":4},{"damage":59,"enemies":"Collector","floor":33,"turns":7},{"damage":0,"enemies":"3 Shapes","floor":35,"turns":3},{"damage":3,"enemies":"3 Darklings","floor":36,"turns":4},{"damage":13,"enemies":"Writhing Mass","floor":37,"turns":5},{"damage":0,"enemies":"Sphere and 2 Shapes","floor":39,"turns":4},{"damage":49,"enemies":"Nemesis","floor":40,"turns":5},{"damage":0,"enemies":"Transient","floor":47,"turns":5},{"damage":101,"enemies":"Time Eater","floor":50,"turns":10}],"seed_played":"2818139476084019402","potions_obtained":[{"floor":4.0,"key":"Explosive Potion"},{"floor":5,"key":"Block Potion"},{"floor":6,"key":"LiquidMemories"},{"floor":16,"key":"AttackPotion"},{"floor":19,"key":"PowerPotion"},{"floor":22,"key":"Ancient Potion"},{"floor":36,"key":"EssenceOfSteel"},{"floor":46,"key":"FearPotion"}],"is_trial":false,"path_per_floor":["M","?","M","M","M","E","?","M","T","M","R","M","?","E","R","B",null,"M","?","?","M","M","R","M","M","T","?","?","?","$","?","R","B",null,"M","M","M","?","M","E","R","$","T","?","R","?","M","$","R","B"],"character_chosen":"SHADE","items_purchased":["Lee\u0027s Waffle","Gremlin Horn","Shade:LastGasp","Shade:UnbarTheGrave","Membership Card","Shade:Awaken"],"campfire_rested":6,"item_purchase_floors":[30,30,42,42,42,48],"current_hp_per_floor":[65,70,70,70,64,59,59,59,59,53,53,52,52,36,57,20,70,70,64,64,57,55,70,70,68,68,68,68,68,77,77,77,30,77,77,74,61,61,61,24,47,47,47,66,77,77,77,77,77,0,0],"gold":46,"neow_bonus":"ONE_RANDOM_RARE_CARD","is_daily":false,"chose_seed":false,"campfire_upgraded":1,"win_rate":0.0,"timestamp":1610762047,"path_taken":["M","?","M","M","M","E","?","M","T","?","R","M","?","E","R","BOSS","M","?","?","?","M","R","M","M","T","?","?","?","?","?","R","BOSS","M","M","?","?","?","E","R","$","T","?","R","?","M","$","R","BOSS"],"items_purchased_type":["Relic","Relic","Card","Card","Relic","Card"],"build_version":"2020-12-22","purchased_purges":0,"victory":false,"max_hp_per_floor":[65,70,70,70,70,70,70,70,70,70,70,70,70,70,70,70,70,70,70,70,70,70,70,70,70,70,70,70,70,77,77,77,77,77,77,77,77,77,77,77,77,77,77,77,77,77,77,77,77,77,77],"card_choices":[{"not_picked":["Shade:FreshBones","Shade:LyeBath"],"picked":"Shade:AncientSpear","floor":1.0},{"not_picked":["Shade:Patience","Shade:ScuttlingHand"],"picked":"Shade:FuneraryArmor","floor":3.0},{"not_picked":["Shade:Premonition","Shade:SkeletonArmy"],"picked":"Shade:ScuttlingHand","floor":4.0},{"not_picked":["Shade:WallOfFlesh","Shade:CommandSoldier"],"picked":"Shade:ExtraLimbs","floor":5},{"not_picked":["Shade:CommandSoldier","Shade:CoffinDance"],"picked":"Shade:FuneraryArmor","floor":6},{"not_picked":["Shade:WallOfFlesh","Shade:CoffinDance"],"picked":"Shade:DarkOfNight","floor":8},{"not_picked":["Shade:FingerOfDeath","Shade:SoulToxin","Shade:LyeBath"],"picked":"SKIP","floor":10},{"not_picked":["Shade:GreyBargain","Shade:FleshToFlesh"],"picked":"Shade:Frenzy","floor":12},{"not_picked":["Shade:OfferingToTheBeyond","Shade:StitchTogether"],"picked":"Shade:Frenzy","floor":14},{"not_picked":["Shade:LoseControl","Shade:GreaterAnimation"],"picked":"Shade:Consume","floor":16},{"not_picked":["Shade:GraveStillness","Shade:SkeletonArmy"],"picked":"Shade:CallOfTheGrave+1","floor":18},{"not_picked":["Shade:LyeBath","Shade:WallOfFlesh"],"picked":"Shade:AncientSpear","floor":21},{"not_picked":["Shade:GoDigging","Shade:FreshBones+1"],"picked":"Shade:ExtraLimbs","floor":22},{"not_picked":["Shade:Bonestorm","Shade:AuraOfUnlife","Shade:Brains"],"picked":"SKIP","floor":24},{"not_picked":["Shade:BoneShards","Shade:FuneraryArmor"],"picked":"Shade:ExtraLimbs","floor":25},{"not_picked":["Shade:SoulPierce","Shade:LoseControl"],"picked":"Shade:Putrefaction","floor":33},{"not_picked":["Shade:WallOfFlesh+1"],"picked":"SKIP","floor":35},{"not_picked":["Shade:Brains+1"],"picked":"SKIP","floor":36},{"not_picked":[],"picked":"Shade:ClawBack+1","floor":37},{"not_picked":["Shade:SensePrey+1"],"picked":"SKIP","floor":39},{"not_picked":["Shade:SkeletonHug+1"],"picked":"SKIP","floor":40},{"not_picked":[],"picked":"Shade:Awaken+1","floor":47}],"player_experience":532847,"relics_obtained":[{"floor":6,"key":"Boot"},{"floor":9,"key":"Matryoshka"},{"floor":14,"key":"Meat on the Bone"},{"floor":19,"key":"Red Mask"},{"floor":26,"key":"Whetstone"},{"floor":26,"key":"StoneCalendar"},{"floor":40,"key":"Bottled Lightning"},{"floor":43,"key":"Centennial Puzzle"},{"floor":43,"key":"Kunai"}],"event_choices":[{"damage_healed":0.0,"max_hp_gain":5.0,"max_hp_loss":0.0,"gold_gain":0.0,"event_name":"Big Fish","player_choice":"Donut","floor":2.0,"gold_loss":0.0,"damage_taken":0.0},{"damage_healed":0,"gold_gain":100,"player_choice":"Gold","damage_taken":0,"max_hp_gain":0,"max_hp_loss":0,"event_name":"Wheel of Change","floor":7,"gold_loss":0},{"damage_healed":0,"gold_gain":0,"player_choice":"Grow","damage_taken":0,"max_hp_gain":0,"max_hp_loss":0,"event_name":"Living Wall","floor":13,"gold_loss":0,"cards_upgraded":["Shade:Frenzy"]},{"damage_healed":0,"gold_gain":0,"player_choice":"Fought Bandits","damage_taken":0,"max_hp_gain":0,"max_hp_loss":0,"event_name":"Masked Bandits","floor":19,"gold_loss":0},{"cards_removed":["Shade:Strike_Shade"],"damage_healed":0,"gold_gain":0,"player_choice":"Gave Gold","damage_taken":0,"max_hp_gain":0,"max_hp_loss":0,"event_name":"Beggar","floor":20,"gold_loss":75},{"damage_healed":0,"gold_gain":99,"player_choice":"Stole From Cult","damage_taken":0,"max_hp_gain":0,"max_hp_loss":0,"event_name":"Nest","floor":27,"gold_loss":0},{"damage_healed":0,"gold_gain":0,"player_choice":"Ignored","damage_taken":0,"max_hp_gain":0,"max_hp_loss":0,"event_name":"The Mausoleum","floor":28,"gold_loss":0},{"damage_healed":0,"gold_gain":0,"player_choice":"Ignored","damage_taken":0,"max_hp_gain":0,"max_hp_loss":0,"event_name":"Vampires","floor":29,"gold_loss":0},{"damage_healed":0,"gold_gain":100,"player_choice":"Pray","damage_taken":0,"max_hp_gain":0,"max_hp_loss":0,"event_name":"Golden Shrine","floor":31,"gold_loss":0},{"cards_removed":["Shade:Strike_Shade"],"damage_healed":0,"gold_gain":0,"player_choice":"Purged","damage_taken":0,"max_hp_gain":0,"max_hp_loss":0,"event_name":"Purifier","floor":38,"gold_loss":0},{"damage_healed":19,"gold_gain":0,"player_choice":"Writhe","damage_taken":0,"max_hp_gain":0,"max_hp_loss":0,"event_name":"Winding Halls","floor":44,"gold_loss":0,"cards_obtained":["Writhe"]},{"damage_healed":0,"gold_gain":0,"player_choice":"Got Potions","damage_taken":0,"max_hp_gain":0,"max_hp_loss":0,"event_name":"Lab","floor":46,"gold_loss":0}],"is_beta":false,"boss_relics":[{"not_picked":["Philosopher\u0027s Stone","Snecko Eye"],"picked":"Fusion Hammer"},{"not_picked":["Velvet Choker","Astrolabe"],"picked":"Busted Crown"}],"items_purged_floors":[],"is_endless":false,"potions_floor_spawned":[4,5,6,12,16,19,22,24,36,37],"killed_by":"Time Eater","ascension_level":0}}