{"host":"pgqkv8mh62pnrbci","time":1610769005,"event":{"mods":["2.2 Compatiblity","AchievementEnabler","BaseMod","Custom Start","DeckTracker","Hermit","Minty Spire (QoL Compilation)","StSLib","SuperFastMode","¡¼?Úª?ø«¡½REMEMod"],"gold_per_floor":[367,384,397,397,94,94,94,123,123,142,175,175,182,182],"floor_reached":13,"language":"KOR","playtime":444,"items_purged":[],"score":121,"play_id":"e1d7fae1-5a31-4972-8798-de73bd21f5b1","local_time":"20210116125005","is_ascension_mode":true,"campfire_choices":[{"data":"REME_BattleFury","floor":6.0,"key":"SMITH"},{"floor":12,"key":"REST"}],"circlet_count":0,"master_deck":["hermit:Strike_Hermit","hermit:Strike_Hermit","hermit:Strike_Hermit","hermit:Strike_Hermit","hermit:Defend_Hermit","hermit:Defend_Hermit","hermit:Defend_Hermit","hermit:Defend_Hermit","hermit:Snapshot","hermit:Covet","REME_BattleFury+1","Parasite","hermit:GhostlyPresence","hermit:TrackingShot","Madness+1","hermit:LoneWolf+1","hermit:Scavenge+1","hermit:Enervate"],"relics":["hermit:Momento","REME_ComplimentaryCards","Toxic Egg 2","Sling","Anchor","Potion Belt","Art of War","TungstenRod"],"acts_visited":["Exordium"],"potions_floor_usage":[8],"damage_taken":[{"damage":1.0,"enemies":"Cultist","floor":1.0,"turns":3.0},{"damage":12.0,"enemies":"Jaw Worm","floor":2.0,"turns":2.0},{"damage":7.0,"enemies":"Small Slimes","floor":3.0,"turns":3.0},{"damage":9,"enemies":"Lagavulin","floor":8,"turns":5},{"damage":0,"enemies":"Exordium Wildlife","floor":10,"turns":3},{"damage":17,"enemies":"3 Sentries","floor":11,"turns":6},{"damage":36,"enemies":"Gremlin Nob","floor":13,"turns":3}],"seed_played":"4853220068232879423","potions_obtained":[{"floor":8,"key":"Fruit Juice"}],"is_trial":false,"path_per_floor":["M","M","M","?","$","R","?","E","T","M","E","R","E"],"character_chosen":"HERMIT","items_purchased":["Sling","Anchor"],"campfire_rested":1,"item_purchase_floors":[5,5],"current_hp_per_floor":[67,55,48,30,30,30,30,26,26,26,9,33,0,0],"gold":182,"neow_bonus":"TWO_FIFTY_GOLD","is_daily":false,"chose_seed":false,"campfire_upgraded":1,"win_rate":0.0,"timestamp":1610769005,"path_taken":["M","M","M","?","$","R","?","E","T","M","E","R","E"],"items_purchased_type":["Relic","Relic"],"build_version":"2020-12-22","purchased_purges":0,"victory":false,"max_hp_per_floor":[75,75,75,75,75,75,75,80,80,80,80,80,80,80],"card_choices":[{"not_picked":["hermit:Scavenge","hermit:Coalescence"],"picked":"hermit:GhostlyPresence","floor":1.0},{"not_picked":["hermit:CursedWeapon","hermit:HoleUp","hermit:Cheat"],"picked":"SKIP","floor":2.0},{"not_picked":["hermit:Feint","hermit:Glare"],"picked":"hermit:TrackingShot","floor":3.0},{"not_picked":["hermit:WideOpen","hermit:TrackingShot"],"picked":"hermit:LoneWolf+1","floor":8},{"not_picked":["hermit:LowProfile+1","hermit:SprayPray"],"picked":"hermit:Scavenge+1","floor":10},{"not_picked":["hermit:Virtue+1","hermit:Headshot"],"picked":"hermit:Enervate","floor":11}],"player_experience":658818,"relics_obtained":[{"floor":8,"key":"Potion Belt"},{"floor":9,"key":"Art of War"},{"floor":11,"key":"TungstenRod"}],"event_choices":[{"damage_healed":0.0,"max_hp_gain":0.0,"max_hp_loss":0.0,"gold_gain":0.0,"event_name":"Scrap Ooze","player_choice":"Success","floor":4.0,"gold_loss":0.0,"damage_taken":18.0,"relics_obtained":["Toxic Egg 2"]},{"damage_healed":0,"gold_gain":0,"player_choice":"1 cards matched","damage_taken":0,"max_hp_gain":0,"max_hp_loss":0,"event_name":"Match and Keep!","floor":7,"gold_loss":0,"cards_obtained":["Madness"]}],"is_beta":false,"boss_relics":[],"items_purged_floors":[],"is_endless":false,"potions_floor_spawned":[8],"killed_by":"Gremlin Nob","ascension_level":6}}