{"host":"sv70n8tirfk0oiuf","time":1610804982,"event":{"mods":["Act Like it!","BaseMod","Chen","Gensokyo","Marisa£®ÏF”Í°°ƒß¿Ì…≥£©","Minty Spire (QoL Compilation)","Reimu£®≤©¿ˆ¡È√Œ£©","Remilia£®¿Ÿ√◊¿Ú—«£©","StSLib","noobMod"],"gold_per_floor":[115,115,125,142,142,170,170,17,17,43,0,27,27,59,59,158,158,177,57,57,57,93,134,143,178,201,201,239,239,275,310,310,422,422,451,20,57,57,66,107,107,345,345,383,383,403,432,463,463,463,463,463,146,187,167],"floor_reached":56,"language":"ZHS","playtime":3793,"items_purged":[],"score":1637,"play_id":"50c1e102-20a5-4bae-9a93-3dbbf2952844","local_time":"20210116214941","is_ascension_mode":true,"campfire_choices":[{"data":"SubcavityFantasy:ReiMu","floor":7,"key":"SMITH"},{"floor":15,"key":"REST"},{"floor":29,"key":"RECALL"},{"floor":32,"key":"REST"},{"floor":41,"key":"REST"},{"floor":49,"key":"REST"},{"floor":52,"key":"REST"}],"circlet_count":0,"master_deck":["Strike_Lin:ReiMu","Strike_Lin:ReiMu","Strike_Lin:ReiMu","Defend_Lin:ReiMu","Defend_Lin:ReiMu","Defend_Lin:ReiMu","Defend_Lin:ReiMu","NB:ReiMu","Stagnation:ReiMu","Injury","DependentForm:ReiMu","SpringWay:ReiMu","Conquer:ReiMu","SealNeedle:ReiMu","Clumsy","SubcavityFantasy:ReiMu+1","AlertArray:ReiMu+1","AirStrike:ReiMu","SpreadBorder2:ReiMu+1","CleanRite:ReiMu+1","Conquer:ReiMu","SpringWay:ReiMu+1","Conquer:ReiMu","RainPray2:ReiMu+1","Meditation:ReiMu+1","Gensokyo:Apocalypse","Meditation:ReiMu+1","InherentArray:ReiMu","RainPray2:ReiMu+1","Conquer:ReiMu","Crusade:ReiMu","LearningPray:ReiMu+1","Dreaming:ReiMu","Meditation:ReiMu+1","DependentForm:ReiMu","RainPray2:ReiMu+1","Intuition:ReiMu+1","Dreaming:ReiMu","FantasyMoon:ReiMu+1","CleanRite:ReiMu+1","AlertArray:ReiMu+1","Determination:ReiMu","SpreadBorder2:ReiMu+1","Intuition:ReiMu+1","Intuition:ReiMu+1","SpreadBorder2:ReiMu+1","Mind Blast","DoubleButterfly:ReiMu"],"relics":["FlyPower:ReiMu","ice","Strawberry","Gensokyo:NagashiBinaDoll","Prayer Wheel","Lantern","Toxic Egg 2","Toy Ornithopter","Darkstone Periapt","Bag of Preparation","DonationBox:ReiMu","Gensokyo:MaskOfHope","Gensokyo:ConquerorOfFear","CeramicFish","Dead Branch","Ancient Tea Set","FadedRune:ReiMu","Fusion Hammer","TentaclePot:ReiMu","DollysMirror","Shuriken","Frozen Egg 2","AntiCross","Lizard Tail","Strawberry","Unceasing Top","Bottled Tornado","InkBottle","Happy Flower"],"acts_visited":["Gensokyo:Gensokyo","Gensokyo:Gensokyoer","Gensokyo:Gensokyoest","TheEnding"],"potions_floor_usage":[18,40,42],"damage_taken":[{"damage":15,"enemies":"Gensokyo:Python","floor":1,"turns":8},{"damage":5,"enemies":"Gensokyo:3_Fairies","floor":3,"turns":6},{"damage":7,"enemies":"Gensokyo:Gryphon","floor":4,"turns":5},{"damage":35,"enemies":"Gensokyo:Aya","floor":6,"turns":12},{"damage":9,"enemies":"Gensokyo:Cirno","floor":10,"turns":16},{"damage":10,"enemies":"Gensokyo:Mamizou","floor":12,"turns":7},{"damage":16,"enemies":"Gensokyo:Aya","floor":14,"turns":10},{"damage":16,"enemies":"Gensokyo:Reimu","floor":16,"turns":9},{"damage":10,"enemies":"Gensokyo:3_Dogs","floor":18,"turns":4},{"damage":3,"enemies":"Gensokyo:Chomper","floor":22,"turns":5},{"damage":3,"enemies":"Gensokyo:Koishi","floor":23,"turns":6},{"damage":1,"enemies":"Gensokyo:Reisen","floor":25,"turns":4},{"damage":10,"enemies":"Gensokyo:Koishi","floor":28,"turns":6},{"damage":17,"enemies":"Gensokyo:Slime_Group","floor":30,"turns":4},{"damage":15,"enemies":"Gensokyo:Swordslinger","floor":31,"turns":4},{"damage":23,"enemies":"Gensokyo:Eternal_Rivals","floor":33,"turns":7},{"damage":4,"enemies":"Gensokyo:3_Boulders","floor":35,"turns":3},{"damage":5,"enemies":"Gensokyo:3_Bats","floor":37,"turns":4},{"damage":71,"enemies":"Gensokyo:Kasen","floor":40,"turns":7},{"damage":46,"enemies":"Gensokyo:Marisa","floor":42,"turns":6},{"damage":25,"enemies":"Gensokyo:Doremy","floor":44,"turns":5},{"damage":104,"enemies":"Gensokyo:Marisa","floor":46,"turns":5},{"damage":4,"enemies":"Gensokyo:3_Boulders","floor":47,"turns":3},{"damage":0,"enemies":"Gensokyo:SeedOfUnknown","floor":48,"turns":3},{"damage":10,"enemies":"Gensokyo:Yuyuko","floor":50,"turns":5},{"damage":3,"enemies":"Shield and Spear","floor":54,"turns":2},{"damage":27,"enemies":"The Heart","floor":55,"turns":7}],"seed_played":"-4995024053825012012","potions_obtained":[{"floor":6,"key":"SteroidPotion"},{"floor":12,"key":"SpeedPotion"},{"floor":14,"key":"SmokeBomb"},{"floor":18,"key":"Ancient Potion"},{"floor":40,"key":"Regen Potion"},{"floor":48,"key":"BlessingOfTheForge"}],"is_trial":false,"path_per_floor":["M","?","M","M","?","E","R","$","T","E","?","E","COS","E","R","B",null,"M","?","?","?","M","E","?","E","T","$","E","R","M","M","R","B",null,"M","COS","M","?","?","E","R","E","T","E","?","E","M","M","R","B",null,"R","$","E","B",null],"character_chosen":"REIMU","items_purchased":["Lantern","InkBottle","Mind Blast"],"campfire_rested":5,"item_purchase_floors":[8,53,53],"current_hp_per_floor":[50,47,42,35,35,62,62,62,62,53,74,64,64,48,88,72,141,131,131,131,131,128,125,125,124,124,124,114,114,97,82,125,102,148,144,144,139,139,139,73,124,95,95,77,97,198,194,194,212,212,214,214,214,211,263],"gold":167,"neow_bonus":"THREE_RARE_CARDS","is_daily":false,"chose_seed":false,"campfire_upgraded":1,"win_rate":0.0,"timestamp":1610804981,"path_taken":["M","?","?","M","?","E","R","?","T","E","?","E","COS","E","R","BOSS","M","?","?","?","M","E","?","E","T","?","E","R","?","M","R","BOSS","M","COS","M","?","?","E","R","E","T","E","?","E","M","M","R","BOSS","R","$","E","BOSS"],"items_purchased_type":["Relic","Relic","Card"],"build_version":"2020-12-22","purchased_purges":0,"victory":true,"max_hp_per_floor":[65,72,72,72,72,76,76,76,76,124,124,125,125,136,136,141,141,145,145,145,134,137,143,129,132,132,132,138,138,142,145,145,148,148,151,151,157,157,157,172,172,182,182,195,195,208,212,212,212,214,214,214,214,217,297],"card_choices":[{"not_picked":["CleanRite:ReiMu","Authority:ReiMu"],"picked":"DependentForm:ReiMu","floor":0},{"not_picked":["CareerPray:ReiMu","Amulet:ReiMu"],"picked":"SpringWay:ReiMu","floor":1},{"not_picked":["SafetyPray:ReiMu","AlertArray:ReiMu"],"picked":"Conquer:ReiMu","floor":3},{"not_picked":["DoubleButterfly:ReiMu","Amulet:ReiMu"],"picked":"SealNeedle:ReiMu","floor":4},{"not_picked":["CeremonyResonance:ReiMu","AirStrike:ReiMu"],"picked":"SubcavityFantasy:ReiMu","floor":6},{"not_picked":["TightArray:ReiMu","Conquer:ReiMu"],"picked":"AlertArray:ReiMu+1","floor":10},{"not_picked":["KamiSacrifice:ReiMu+1","EmergencyTakeOff:ReiMu+1"],"picked":"AirStrike:ReiMu","floor":12},{"not_picked":["Enchanting:ReiMu+1","AirStrike:ReiMu"],"picked":"SpreadBorder2:ReiMu+1","floor":14},{"not_picked":["BlastKick2:ReiMu","CeremonyResonance:ReiMu+1"],"picked":"CleanRite:ReiMu+1","floor":16},{"not_picked":["CareerPray:ReiMu+1","OrbThrow:ReiMu"],"picked":"Conquer:ReiMu","floor":18},{"not_picked":["Dreaming2:ReiMu+1","CareerPray:ReiMu+1"],"picked":"SpringWay:ReiMu+1","floor":18},{"not_picked":["Determination:ReiMu","OrbThrow:ReiMu"],"picked":"Conquer:ReiMu","floor":22},{"not_picked":["CareerPray:ReiMu+1","AirStrike:ReiMu+1"],"picked":"RainPray2:ReiMu+1","floor":22},{"not_picked":["AlertArray:ReiMu+1","YinYangSign:ReiMu"],"picked":"Meditation:ReiMu+1","floor":23},{"not_picked":["Gensokyo:EightFeetTall+1","Gensokyo:LochNessMonster"],"picked":"Gensokyo:Apocalypse","floor":24},{"not_picked":["AirManeuver:ReiMu+1","KyokaiOfKami:ReiMu"],"picked":"Meditation:ReiMu+1","floor":25},{"not_picked":["PassingAway:ReiMu+1","OrbThrow:ReiMu+1"],"picked":"InherentArray:ReiMu","floor":28},{"not_picked":["Mountainwind:ReiMu+1","SubAcupoint:ReiMu"],"picked":"RainPray2:ReiMu+1","floor":30},{"not_picked":["UniversalSpiritual:ReiMu","CareerPray:ReiMu+1"],"picked":"Conquer:ReiMu","floor":30},{"not_picked":["SubcavityInstant:ReiMu+1","FoulBorder2:ReiMu"],"picked":"Crusade:ReiMu","floor":31},{"not_picked":["WonderfulDomain:ReiMu+1","TakeOff:ReiMu+1"],"picked":"LearningPray:ReiMu+1","floor":31},{"not_picked":["YinYang:ReiMu","OctopathSalyBorderN:ReiMu"],"picked":"Dreaming:ReiMu","floor":33},{"not_picked":["RainPray2:ReiMu+1","ForcedLanding:ReiMu+1"],"picked":"Meditation:ReiMu+1","floor":35},{"not_picked":["FantasyBorder:ReiMu+1","UpKicking:ReiMu+1"],"picked":"Gathering:ReiMu+1","floor":35},{"not_picked":["PhosphorusFlame:ReiMu+1","TakeOff:ReiMu+1"],"picked":"RainPray2:ReiMu+1","floor":37},{"not_picked":["SafetyPray:ReiMu+1","CollectionFlower2:ReiMu+1"],"picked":"Intuition:ReiMu+1","floor":37},{"not_picked":["SealNeedle:ReiMu","SpiritualOutbreak2:ReiMu"],"picked":"FantasyMoon:ReiMu+1","floor":40},{"not_picked":["OctopathBindingBorder2:ReiMu+1","SpringWay:ReiMu+1"],"picked":"CleanRite:ReiMu+1","floor":42},{"not_picked":["YinYangSign:ReiMu+1","SpringWay:ReiMu+1"],"picked":"AlertArray:ReiMu+1","floor":44},{"not_picked":["AirStrike:ReiMu","PassingAway:ReiMu+1"],"picked":"Determination:ReiMu","floor":46},{"not_picked":["AirStrike:ReiMu+1","Meditation:ReiMu+1"],"picked":"SpreadBorder2:ReiMu+1","floor":47},{"not_picked":["ShadowOfCrow2:ReiMu+1","Meditation:ReiMu+1"],"picked":"Intuition:ReiMu+1","floor":47},{"not_picked":["BarrageOfMoneybags:ReiMu+1","EmergencyTakeOff:ReiMu+1"],"picked":"Intuition:ReiMu+1","floor":48},{"not_picked":["EmergencyTakeOff:ReiMu+1","Intuition:ReiMu+1"],"picked":"SpreadBorder2:ReiMu+1","floor":48},{"not_picked":["Dreaming2:ReiMu+1","EmergencyTakeOff:ReiMu+1"],"picked":"DoubleButterfly:ReiMu","floor":54}],"player_experience":295144,"relics_obtained":[{"floor":6,"key":"Prayer Wheel"},{"floor":9,"key":"Toxic Egg 2"},{"floor":10,"key":"Toy Ornithopter"},{"floor":12,"key":"Darkstone Periapt"},{"floor":14,"key":"Bag of Preparation"},{"floor":22,"key":"Gensokyo:ConquerorOfFear"},{"floor":23,"key":"Dead Branch"},{"floor":25,"key":"Ancient Tea Set"},{"floor":28,"key":"FadedRune:ReiMu"},{"floor":40,"key":"Shuriken"},{"floor":42,"key":"Frozen Egg 2"},{"floor":43,"key":"AntiCross"},{"floor":44,"key":"Strawberry"},{"floor":46,"key":"Bottled Tornado"},{"floor":54,"key":"Happy Flower"}],"event_choices":[],"is_beta":false,"boss_relics":[{"not_picked":["Ectoplasm","ShineYinYang:ReiMu"],"picked":"DonationBox:ReiMu"},{"not_picked":["Velvet Choker","Sozu"],"picked":"Fusion Hammer"}],"items_purged_floors":[],"is_endless":false,"potions_floor_spawned":[6,12,14,18,30,35,40,48],"ascension_level":4}}