{"host":"sav7uxregyirlf69","time":1610758859,"event":{"mods":["AchievementEnabler","BaseMod","Colored Map","DeckTracker","Keyboard Shortcuts","Minty Spire (QoL Compilation)","READ ME - Guardian Mod","StSLib","SuperFastMode"],"gold_per_floor":[20,20,31,49,49,49,63,63,88,101,115,115,128,178,178,252,252,271,285,45,62,82,82,109,122,122,122,122,37,37,87,87,87,87],"floor_reached":33,"language":"KOR","playtime":539,"items_purged":["Strike_G"],"score":618,"play_id":"8b824296-4bd6-4aaf-bfa6-5684ec86e154","local_time":"20210116100059","is_ascension_mode":true,"campfire_choices":[{"data":"Neutralize","floor":6,"key":"SMITH"},{"data":"Terror","floor":12,"key":"SMITH"},{"data":"Finisher","floor":15,"key":"SMITH"},{"floor":23,"key":"REST"},{"floor":27,"key":"REST"},{"floor":30,"key":"REST"},{"data":"Blade Dance","floor":32,"key":"SMITH"}],"circlet_count":0,"master_deck":["AscendersBane","Strike_G","Strike_G","Defend_G","Defend_G","Defend_G","Defend_G","Defend_G","Survivor","Neutralize+1","Blade Dance+1","Dagger Throw","Blade Dance","Terror+1","Finisher+1","A Thousand Cuts","Backflip+1","Noxious Fumes","Footwork","Blur","Accuracy+1"],"relics":["Ring of the Snake","WingedGreaves","FaceOfCleric","FossilizedHelix","Nunchaku","Empty Cage","Calipers","White Beast Statue","Oddly Smooth Stone"],"acts_visited":["Exordium","TheCity"],"potions_floor_usage":[10,16,16,24,33],"damage_taken":[{"damage":4,"enemies":"Small Slimes","floor":1,"turns":5},{"damage":1,"enemies":"Cultist","floor":3,"turns":4},{"damage":4,"enemies":"Jaw Worm","floor":4,"turns":4},{"damage":10,"enemies":"Large Slime","floor":7,"turns":6},{"damage":0,"enemies":"Lots of Slimes","floor":10,"turns":2},{"damage":5,"enemies":"3 Louse","floor":11,"turns":4},{"damage":0,"enemies":"Blue Slaver","floor":13,"turns":4},{"damage":0,"enemies":"Slime Boss","floor":16,"turns":2},{"damage":0,"enemies":"Chosen","floor":18,"turns":3},{"damage":11,"enemies":"Shell Parasite","floor":19,"turns":5},{"damage":38,"enemies":"Sentry and Sphere","floor":21,"turns":6},{"damage":0,"enemies":"Snecko","floor":22,"turns":3},{"damage":29,"enemies":"Book of Stabbing","floor":24,"turns":5},{"damage":9,"enemies":"Chosen and Byrds","floor":25,"turns":5},{"damage":38,"enemies":"Collector","floor":33,"turns":3}],"seed_played":"-5479434326706244349","potions_obtained":[{"floor":4,"key":"SteroidPotion"},{"floor":10,"key":"Strength Potion"},{"floor":13,"key":"Swift Potion"},{"floor":16,"key":"LiquidBronze"}],"is_trial":false,"path_per_floor":["M","?","M","M","?","R","M","T","T","M","M","R","M","?","R","B",null,"M","M","$","M","M","R","E","M","T","R","?","?","R","?","R","B"],"character_chosen":"THE_SILENT","items_purchased":["Footwork","DuplicationPotion"],"campfire_rested":3,"item_purchase_floors":[20,20],"current_hp_per_floor":[55,55,55,52,52,52,43,43,43,44,40,40,41,41,41,42,65,66,56,56,19,20,43,15,7,7,30,7,7,32,32,32,0,0],"gold":87,"neow_bonus":"ONE_RARE_RELIC","is_daily":false,"chose_seed":false,"campfire_upgraded":4,"win_rate":0.0,"timestamp":1610758859,"path_taken":["M","?","?","M","?","R","M","?","T","M","M","R","M","?","R","BOSS","M","?","$","M","?","R","E","M","T","R","?","?","R","?","R","BOSS"],"items_purchased_type":["Card","Potion"],"build_version":"2020-12-22","purchased_purges":1,"victory":false,"max_hp_per_floor":[66,66,67,68,68,68,69,69,69,70,71,71,72,72,72,73,73,74,75,75,76,77,77,78,79,79,79,84,84,84,84,84,84,84],"card_choices":[{"not_picked":["Flechettes","Quick Slash"],"picked":"Blade Dance","floor":1},{"not_picked":["Underhanded Strike","Endless Agony"],"picked":"Dagger Throw","floor":3},{"not_picked":["A Thousand Cuts","Flying Knee"],"picked":"Blade Dance","floor":4},{"not_picked":["Dodge and Roll","Sucker Punch","Outmaneuver"],"picked":"SKIP","floor":7},{"not_picked":["PiercingWail","Blur","Flechettes"],"picked":"SKIP","floor":10},{"not_picked":["Bouncing Flask","Grand Finale"],"picked":"Terror","floor":11},{"not_picked":["Dodge and Roll","Terror"],"picked":"Finisher","floor":13},{"not_picked":["Burst","Bullet Time"],"picked":"A Thousand Cuts","floor":16},{"not_picked":["Choke","Crippling Poison"],"picked":"Backflip+1","floor":18},{"not_picked":["Slice","Setup"],"picked":"Noxious Fumes","floor":19},{"not_picked":["All Out Attack+1","Blade Dance"],"picked":"Blur","floor":21},{"not_picked":["Finisher","Calculated Gamble"],"picked":"Accuracy+1","floor":22},{"not_picked":["Underhanded Strike+1","Endless Agony","Backstab"],"picked":"SKIP","floor":24},{"not_picked":["Deadly Poison","Outmaneuver","Reflex"],"picked":"SKIP","floor":25}],"player_experience":1288645,"relics_obtained":[{"floor":8,"key":"FossilizedHelix"},{"floor":9,"key":"Nunchaku"},{"floor":24,"key":"Calipers"},{"floor":26,"key":"White Beast Statue"}],"event_choices":[{"damage_healed":0,"gold_gain":0,"player_choice":"Trade","damage_taken":0,"relics_obtained":["FaceOfCleric"],"max_hp_gain":0,"max_hp_loss":0,"event_name":"FaceTrader","floor":2,"gold_loss":0},{"damage_healed":0,"gold_gain":0,"player_choice":"Leave","damage_taken":0,"max_hp_gain":0,"max_hp_loss":0,"event_name":"The Cleric","floor":5,"gold_loss":0},{"damage_healed":0,"gold_gain":50,"player_choice":"Pray","damage_taken":0,"max_hp_gain":0,"max_hp_loss":0,"event_name":"Golden Shrine","floor":14,"gold_loss":0},{"damage_healed":0,"gold_gain":0,"player_choice":"Shed Blood","damage_taken":28,"max_hp_gain":5,"max_hp_loss":0,"event_name":"Forgotten Altar","floor":28,"gold_loss":0},{"damage_healed":0,"gold_gain":0,"player_choice":"Obtained Relic","damage_taken":0,"relics_obtained":["Oddly Smooth Stone"],"max_hp_gain":0,"max_hp_loss":0,"event_name":"Addict","floor":29,"gold_loss":85},{"damage_healed":0,"gold_gain":50,"player_choice":"Stole From Cult","damage_taken":0,"max_hp_gain":0,"max_hp_loss":0,"event_name":"Nest","floor":31,"gold_loss":0}],"is_beta":false,"boss_relics":[{"not_picked":["Fusion Hammer","Sozu"],"picked":"Empty Cage"}],"items_purged_floors":[20],"is_endless":false,"potions_floor_spawned":[4,10,13,16],"killed_by":"Collector","ascension_level":20}}