{"host":"bf9sa99gaumonoeu","time":1610836697,"event":{"mods":["AchievementEnabler","Act Like it!","BaseMod","Better Note","Better Sensory Stone","Colored Map","Colored Powertips","Fox Events","Friendly Minions","Gensokyo","GifTheSpireLib","Googly Eyes","Hallownest","Hermit","Highlight Path","Hubris","Jorbs\u0027s Wanderer Trilogy","KinomotoSakuraMod(????)","Koishi","Lobotomy","Marisa????????","Minty Spire (QoL Compilation)","Rare Cards Sparkle","Reimu??????","Relic Stats","Remilia??????","Replay The Spire","StSLib","The Administrix","The Animator","The Bug Knight","The Construct","The Cursed","The Disciple","The Hierophant","The Mystic","The Necromancer","The Poker Player","The Runesmith","The Senshi","The Servant 0.9.4"],"gold_per_floor":[32,32,62,76,94,94,140,140,191,191,207,207,207,218,230,256,256,256,256],"floor_reached":18,"language":"ENG","playtime":1035,"items_purged":[],"score":211,"play_id":"64223e14-8d91-4ab4-965a-78122dbb0215","local_time":"20210116203817","is_ascension_mode":true,"campfire_choices":[{"data":"animator:UneriGinkaku","floor":6,"key":"SMITH"},{"data":"animator:Naotsugu","floor":8,"key":"SMITH"},{"data":"animator:Marielle","floor":10,"key":"SMITH"},{"floor":17,"key":"REST"}],"circlet_count":0,"master_deck":["AscendersBane","animator:Strike_LogHorizon","animator:Defend_LogHorizon+1","animator:Strike+1","animator:Strike","animator:Defend","animator:Defend","animator:Tohya","animator:Minori","animator:RundelhausCode+1","animator:UneriGinkaku+1","animator:Kazuma","animator:Marielle+1","animator:Naotsugu+1","animator:EmiyaShirou","animator:RinTohsaka","animator:Mitsurugi"],"relics":["animator:LivingPicture","animator:TheMissingPiece","animator:PurgingStone","Simple Rune","hubris:TenFootPole","Omamori"],"acts_visited":["Exordium"],"potions_floor_usage":[7,11,16,16],"damage_taken":[{"damage":4,"enemies":"2 Louse","floor":1,"turns":4},{"damage":0,"enemies":"Cultist","floor":3,"turns":4},{"damage":0,"enemies":"Small Slimes","floor":4,"turns":3},{"damage":4,"enemies":"Looter","floor":5,"turns":4},{"damage":5,"enemies":"Lagavulin","floor":7,"turns":5},{"damage":8,"enemies":"Large Slime","floor":11,"turns":5},{"damage":9,"enemies":"Gremlin Gang","floor":14,"turns":4},{"damage":5,"enemies":"Looter","floor":15,"turns":4},{"damage":14,"enemies":"3 Sentries","floor":16,"turns":7},{"damage":46,"enemies":"Slime Boss","floor":18,"turns":5}],"seed_played":"2333253822376238602","potions_obtained":[{"floor":1,"key":"Swift Potion"},{"floor":3,"key":"SpeedPotion"},{"floor":5,"key":"Cursed Concoction"},{"floor":7,"key":"Fruit Juice"},{"floor":14,"key":"Dexterity Potion"},{"floor":16,"key":"Milkshake"}],"is_trial":false,"path_per_floor":["M","?","M","M","M","R","E","R","T","R","M","PTL","PTL","M","M","E","R","B"],"character_chosen":"THE_ANIMATOR","items_purchased":[],"campfire_rested":1,"item_purchase_floors":[],"current_hp_per_floor":[50,50,50,50,47,47,42,42,42,42,39,39,39,30,25,11,30,0,0],"gold":256,"neow_bonus":"REMOVE_TWO","is_daily":false,"chose_seed":false,"campfire_upgraded":3,"win_rate":0.0,"timestamp":1610836697,"path_taken":["M","?","M","M","M","R","E","R","T","R","M","PTL","PTL","M","M","E","R","BOSS"],"items_purchased_type":[],"build_version":"2020-12-22","purchased_purges":0,"victory":false,"max_hp_per_floor":[60,60,60,60,61,61,61,61,61,61,66,66,66,66,66,66,66,66,66],"relic_stats":{"counters":[10,45],"obtain_stats":[{"animator:PurgingStone":0,"animator:TheMissingPiece":0,"Simple Rune":7,"animator:LivingPicture":0,"hubris:TenFootPole":9,"Omamori":16},{"animator:PurgingStone":0,"animator:TheMissingPiece":0,"Simple Rune":5,"animator:LivingPicture":0,"hubris:TenFootPole":5,"Omamori":9},{"animator:PurgingStone":0,"animator:TheMissingPiece":0,"Simple Rune":20,"animator:LivingPicture":0,"hubris:TenFootPole":20,"Omamori":40}]},"card_choices":[{"not_picked":["animator:Minori","animator:HiiragiShinya"],"picked":"animator:RundelhausCode","floor":1},{"not_picked":["animator:Gillette","animator:Rider"],"picked":"animator:UneriGinkaku","floor":3},{"not_picked":["animator:ElricAlphonse","animator:Gillette"],"picked":"animator:Kazuma","floor":4},{"not_picked":["animator:Rayneshia","animator:Tohya"],"picked":"animator:Marielle","floor":5},{"not_picked":["animator:Minori","animator:Genos"],"picked":"animator:Naotsugu","floor":7},{"not_picked":["animator:Pride","animator:Geryuganshoop","animator:Azekura"],"picked":"SKIP","floor":11},{"not_picked":["animator:Shinoa","animator:Azekura"],"picked":"animator:EmiyaShirou","floor":14},{"not_picked":["animator:Rider","animator:ShinjiMatou"],"picked":"animator:RinTohsaka","floor":15},{"not_picked":["animator:Rider","animator:Gillette"],"picked":"animator:Mitsurugi","floor":16}],"player_experience":941027,"relics_obtained":[{"floor":7,"key":"Simple Rune"},{"floor":9,"key":"hubris:TenFootPole"},{"floor":16,"key":"Omamori"}],"event_choices":[{"damage_healed":0,"gold_gain":0,"player_choice":"Forge","damage_taken":0,"max_hp_gain":0,"max_hp_loss":0,"event_name":"Accursed Blacksmith","floor":2,"gold_loss":0,"cards_upgraded":["animator:RundelhausCode"]}],"is_beta":false,"boss_relics":[],"items_purged_floors":[],"is_endless":false,"potions_floor_spawned":[1,3,5,7,14,16],"killed_by":"Slime Boss","ascension_level":14}}