{"host":"x7xd4wkamhrqrrvw","time":1610762817,"event":{"mods":["BaseMod","Minty Spire (QoL Compilation)","StSLib"],"gold_per_floor":[16,31,31,50,50,50,63,63,90,125,137,151,151,162,162,267,267,279,289,303,74,74,108,108,133,133,133,147,147,147,147,147,245,245,265,265,315,315,146,146,174,174,174,201,201,228,228,255,255,255,255,255,130,164,164],"floor_reached":56,"language":"ENG","playtime":2454,"items_purged":["Strike_G","Strike_G","Neutralize"],"score":2079,"play_id":"741e8d55-ca5c-4ac5-b166-9aa8568a7958","local_time":"20210116000657","is_ascension_mode":true,"campfire_choices":[{"data":"Apotheosis","floor":6,"key":"SMITH"},{"data":"Crippling Poison","floor":13,"key":"SMITH"},{"floor":15,"key":"RECALL"},{"data":"Catalyst","floor":24,"key":"SMITH"},{"data":"Leg Sweep","floor":27,"key":"SMITH"},{"data":"Footwork","floor":30,"key":"SMITH"},{"data":"Leg Sweep","floor":32,"key":"SMITH"},{"data":"Catalyst","floor":40,"key":"SMITH"},{"data":"Crippling Poison","floor":42,"key":"SMITH"},{"data":"Tactician","floor":45,"key":"SMITH"},{"data":"Malaise","floor":47,"key":"SMITH"},{"data":"Survivor","floor":49,"key":"SMITH"},{"data":"Defend_G","floor":52,"key":"SMITH"}],"circlet_count":0,"master_deck":["Defend_G+1","Defend_G+1","Defend_G","Defend_G","Defend_G","Survivor+1","Apotheosis+1","Crippling Poison+1","Bane","Deflect","Corpse Explosion+1","Leg Sweep+1","Leg Sweep+1","Catalyst+1","Backflip+1","Footwork+1","Malaise+1","CurseOfTheBell","Crippling Poison+1","Catalyst+1","Tools of the Trade","Tactician+1","Tactician+1"],"relics":["Ring of the Snake","Eternal Feather","Oddly Smooth Stone","Calipers","Snecko Eye","Chemical X","Akabeko","Anchor","Gambling Chip","Calling Bell","War Paint","Mercury Hourglass","Incense Burner","The Specimen","Paper Crane","Snake Skull","Centennial Puzzle","CeramicFish","Blue Candle"],"acts_visited":["Exordium","TheCity","TheBeyond","TheEnding"],"potions_floor_usage":[10,16,23,33,41,50,54,54,55,55,55,55,55,55],"damage_taken":[{"damage":0,"enemies":"Cultist","floor":1,"turns":4},{"damage":4,"enemies":"Small Slimes","floor":2,"turns":4},{"damage":0,"enemies":"2 Louse","floor":4,"turns":4},{"damage":0,"enemies":"Blue Slaver","floor":7,"turns":4},{"damage":11,"enemies":"3 Sentries","floor":10,"turns":7},{"damage":0,"enemies":"Looter","floor":11,"turns":3},{"damage":0,"enemies":"3 Louse","floor":12,"turns":4},{"damage":0,"enemies":"2 Fungi Beasts","floor":14,"turns":4},{"damage":6,"enemies":"Hexaghost","floor":16,"turns":9},{"damage":0,"enemies":"Shell Parasite","floor":18,"turns":4},{"damage":4,"enemies":"2 Thieves","floor":19,"turns":3},{"damage":11,"enemies":"Shelled Parasite and Fungi","floor":20,"turns":5},{"damage":0,"enemies":"Gremlin Leader","floor":23,"turns":9},{"damage":4,"enemies":"Book of Stabbing","floor":25,"turns":4},{"damage":0,"enemies":"3 Cultists","floor":28,"turns":4},{"damage":0,"enemies":"Collector","floor":33,"turns":5},{"damage":0,"enemies":"3 Darklings","floor":35,"turns":4},{"damage":0,"enemies":"Mind Bloom Boss Battle","floor":37,"turns":8},{"damage":0,"enemies":"Giant Head","floor":41,"turns":6},{"damage":0,"enemies":"Reptomancer","floor":44,"turns":2},{"damage":0,"enemies":"Giant Head","floor":46,"turns":4},{"damage":0,"enemies":"3 Shapes","floor":48,"turns":3},{"damage":0,"enemies":"Awakened One","floor":50,"turns":13},{"damage":4,"enemies":"Shield and Spear","floor":54,"turns":3},{"damage":1,"enemies":"The Heart","floor":55,"turns":10}],"seed_played":"2250971752227501983","potions_obtained":[{"floor":1,"key":"DuplicationPotion"},{"floor":4,"key":"EntropicBrew"},{"floor":10,"key":"AttackPotion"},{"floor":11,"key":"FearPotion"},{"floor":19,"key":"Poison Potion"},{"floor":20,"key":"LiquidMemories"},{"floor":28,"key":"EntropicBrew"},{"floor":35,"key":"SneckoOil"},{"floor":44,"key":"DistilledChaos"},{"floor":48,"key":"Energy Potion"},{"floor":54,"key":"ColorlessPotion"}],"is_trial":false,"path_per_floor":["M","M","?","M","?","R","M","T","T","E","M","M","R","M","R","B",null,"M","M","M","$","?","E","R","E","T","R","M","?","R","?","R","B",null,"M","?","?","T","$","R","E","R","T","E","R","E","R","M","R","B",null,"R","$","E","B",null],"character_chosen":"THE_SILENT","items_purchased":["Chemical X","Catalyst"],"campfire_rested":0,"item_purchase_floors":[21,39],"current_hp_per_floor":[63,59,59,59,64,64,64,64,64,53,53,53,62,62,71,65,73,73,69,58,58,58,58,67,63,63,72,72,72,75,75,75,75,75,75,75,75,75,75,75,75,75,75,75,75,75,75,75,75,75,75,75,75,71,70],"gold":164,"neow_bonus":"RANDOM_COLORLESS_2","is_daily":false,"chose_seed":false,"campfire_upgraded":12,"win_rate":0.0,"timestamp":1610762817,"path_taken":["M","?","?","?","?","R","M","?","T","E","M","M","R","M","R","BOSS","M","M","M","$","?","E","R","E","T","R","M","?","R","?","R","BOSS","M","?","?","?","$","R","E","R","T","E","R","E","R","M","R","BOSS","R","$","E","BOSS"],"items_purchased_type":["Relic","Card"],"build_version":"2020-12-22","purchased_purges":3,"victory":true,"max_hp_per_floor":[70,70,70,70,75,75,75,75,75,75,75,75,75,75,75,75,75,75,75,75,75,75,75,75,75,75,75,75,75,75,75,75,75,75,75,75,75,75,75,75,75,75,75,75,75,75,75,75,75,75,75,75,75,75,75],"card_choices":[{"not_picked":["Magnetism","Secret Technique"],"picked":"Apotheosis","floor":0},{"not_picked":["Calculated Gamble","Prepared"],"picked":"Crippling Poison","floor":1},{"not_picked":["Cloak And Dagger","Reflex","Predator"],"picked":"SKIP","floor":2},{"not_picked":["Dagger Spray","Endless Agony","Dagger Throw"],"picked":"SKIP","floor":4},{"not_picked":["Distraction","Cloak And Dagger"],"picked":"Bane","floor":7},{"not_picked":["Unload","Dagger Spray"],"picked":"Deflect","floor":10},{"not_picked":["Cloak And Dagger","Caltrops","Infinite Blades"],"picked":"SKIP","floor":11},{"not_picked":["Acrobatics","Underhanded Strike","Quick Slash"],"picked":"SKIP","floor":12},{"not_picked":["Slice","Cloak And Dagger","Sucker Punch"],"picked":"SKIP","floor":14},{"not_picked":["Bullet Time","Grand Finale"],"picked":"Corpse Explosion","floor":16},{"not_picked":["Underhanded Strike+1","Outmaneuver"],"picked":"Leg Sweep","floor":18},{"not_picked":["Escape Plan+1","Heel Hook","Blade Dance"],"picked":"SKIP","floor":19},{"not_picked":["Escape Plan","Backstab+1"],"picked":"Leg Sweep","floor":20},{"not_picked":["Bane","Sucker Punch"],"picked":"Catalyst","floor":23},{"not_picked":["Distraction","Reflex","Poisoned Stab"],"picked":"SKIP","floor":25},{"not_picked":["Prepared+1","Quick Slash"],"picked":"Backflip+1","floor":28},{"not_picked":["Burst","Phantasmal Killer"],"picked":"Malaise","floor":33},{"not_picked":["Dagger Throw","Slice+1","Dodge and Roll"],"picked":"SKIP","floor":35},{"not_picked":["Leg Sweep+1","Flying Knee"],"picked":"Crippling Poison","floor":37},{"not_picked":["Dagger Spray","Setup"],"picked":"Tools of the Trade","floor":41},{"not_picked":["Finisher","Prepared","Tactician"],"picked":"SKIP","floor":44},{"not_picked":["Finisher","Prepared"],"picked":"Tactician","floor":44},{"not_picked":["Deflect","Underhanded Strike","Accuracy"],"picked":"SKIP","floor":46},{"not_picked":["Dagger Spray+1","Well Laid Plans"],"picked":"Tactician+1","floor":48},{"not_picked":["Endless Agony","Blade Dance+1","Setup+1"],"picked":"SKIP","floor":54}],"player_experience":311855,"relics_obtained":[{"floor":8,"key":"Eternal Feather"},{"floor":9,"key":"Oddly Smooth Stone"},{"floor":10,"key":"Calipers"},{"floor":23,"key":"Akabeko"},{"floor":25,"key":"Anchor"},{"floor":26,"key":"Gambling Chip"},{"floor":34,"key":"War Paint"},{"floor":34,"key":"Mercury Hourglass"},{"floor":34,"key":"Incense Burner"},{"floor":37,"key":"The Specimen"},{"floor":41,"key":"Paper Crane"},{"floor":43,"key":"Snake Skull"},{"floor":44,"key":"Centennial Puzzle"},{"floor":46,"key":"CeramicFish"},{"floor":54,"key":"Blue Candle"}],"event_choices":[{"cards_removed":["Strike_G"],"damage_healed":0,"gold_gain":0,"player_choice":"Purged","damage_taken":0,"max_hp_gain":0,"max_hp_loss":0,"event_name":"Purifier","floor":3,"gold_loss":0},{"damage_healed":0,"gold_gain":0,"player_choice":"Donut","damage_taken":0,"max_hp_gain":5,"max_hp_loss":0,"event_name":"Big Fish","floor":5,"gold_loss":0},{"cards_removed":["Strike_G"],"damage_healed":0,"gold_gain":0,"player_choice":"Elegance","damage_taken":0,"max_hp_gain":0,"max_hp_loss":0,"event_name":"Back to Basics","floor":22,"gold_loss":0},{"damage_healed":0,"gold_gain":0,"player_choice":"Read","damage_taken":0,"max_hp_gain":0,"max_hp_loss":0,"event_name":"The Library","floor":29,"gold_loss":0,"cards_obtained":["Footwork"]},{"damage_healed":0,"gold_gain":0,"player_choice":"Ignored","damage_taken":0,"max_hp_gain":0,"max_hp_loss":0,"event_name":"Vampires","floor":31,"gold_loss":0},{"cards_removed":["Strike_G"],"damage_healed":0,"gold_gain":0,"player_choice":"Removed Attack","damage_taken":0,"max_hp_gain":0,"max_hp_loss":0,"event_name":"Falling","floor":36,"gold_loss":0},{"damage_healed":0,"gold_gain":0,"player_choice":"Fight","damage_taken":0,"max_hp_gain":0,"max_hp_loss":0,"event_name":"MindBloom","floor":37,"gold_loss":0}],"is_beta":false,"boss_relics":[{"not_picked":["SlaversCollar","SacredBark"],"picked":"Snecko Eye"},{"not_picked":["Runic Pyramid","WristBlade"],"picked":"Calling Bell"}],"items_purged_floors":[21,39,53],"is_endless":false,"potions_floor_spawned":[1,4,10,11,19,20,28,35,44,48,54],"ascension_level":8}}