{"host":"roto7j7840a50pxh","time":1610787119,"event":{"mods":["Act Like it!","BaseMod","Better Altar","Better Note","Better Sensory Stone","Better Skull","Better Third Choice","BetterRewards","Colored Map","Colored Powertips","Downfall","Hermit","Highlight Path","Hubris","Infinite Spire","Minty Spire (QoL Compilation)","Robot Space Explorer","Shade Mod","Spicy Shops","StSLib","The Cursed","The Dragon Tamer","The Hierophant","The Necromancer","The Runesmith","The Servant 0.9.4","TheVacant"],"gold_per_floor":[113,132,152,152,168,201,279,279,279,309,309,340,355,370,370,473,473,488,488,488,505,523,553,553,513,513,531,546,546,578,591,591,700,700,725,725,781,804,821,868,868,899,899,944,944,973,973,122,122,134],"floor_reached":51,"language":"ENG","playtime":4529,"items_purged":["hermit:Strike_Hermit","hermit:Strike_Hermit"],"score":1215,"play_id":"250d6ad0-ee49-46b9-906b-ea6d423a39dc","local_time":"20210116035159","is_ascension_mode":true,"campfire_choices":[{"floor":8.0,"key":"REST"},{"floor":15.0,"key":"REST"},{"floor":24.0,"key":"REST"},{"data":"hermit:TakeCover","floor":29.0,"key":"SMITH"},{"floor":32.0,"key":"REST"},{"floor":41.0,"key":"REST"},{"data":"hermit:Coalescence","floor":47.0,"key":"SMITH"},{"data":"Panache","floor":49.0,"key":"SMITH"}],"circlet_count":0,"master_deck":["hermit:Strike_Hermit","hermit:Strike_Hermit","hermit:Defend_Hermit","hermit:Defend_Hermit","hermit:Defend_Hermit","hermit:Defend_Hermit","hermit:Snapshot","hermit:Covet+1","hermit:BigShot","hermit:GoldenBullet","hermit:BodyArmor","hermit:Headshot","hermit:Coalescence+1","hermit:LowProfile","hermit:TakeAim","hermit:Combo+1","hermit:Headshot","hermit:Snipe+1","hermit:Deadeye","hermit:Misfire","hermit:Horror","hermit:TakeCover+1","hermit:EyeOfTheStorm","hermit:Vantage","hermit:Scavenge","hermit:Ricochet","hermit:HeroicBravado","hermit:Misfire","infinitespire:TheBestDefense","TheCursedMod:CircleOfCorruption","hermit:Determination+1","hermit:CalledShot+1","hermit:Coalescence","hermit:ShadowCloak","hermit:Scavenge+1","hermit:WideOpen+1","hermit:Virtue","hermit:Roughhouse+1","hermit:Glare+1","hermit:HoleUp","hermit:Coalescence+1","hermit:Manifest+1","hermit:GoldenBullet+1","hermit:Dive+1","hermit:Virtue+1","hermit:Snipe+1","hubris:Wrath","hermit:Dive","hermit:ShadowCloak+1","Panache+1","hermit:Vantage"],"relics":["hermit:Momento","OrangePellets","Thread and Needle","Frozen Eye","hermit:CharredGlove","Ancient Tea Set","Mercury Hourglass","Question Card","Bird Faced Urn","Black Star","Medical Kit","Potion Belt","Molten Egg 2","hermit:Horseshoe","Cursed Key","hubris:Icosahedron","Prayer Wheel","Lantern","Bronze Scales","infinitespire:BottledMercury","Bag of Marbles","CaptainsWheel","PreservedInsect","Vajra","Strawberry","War Paint","hubris:EmptyBottle"],"acts_visited":["Exordium","TheCity","TheBeyond"],"potions_floor_usage":[50,50,50],"damage_taken":[{"damage":0.0,"enemies":"Cultist","floor":1.0,"turns":4.0},{"damage":0.0,"enemies":"2 Louse","floor":2.0,"turns":2.0},{"damage":3.0,"enemies":"Jaw Worm","floor":3.0,"turns":3.0},{"damage":1.0,"enemies":"Gremlin Gang","floor":5.0,"turns":5.0},{"damage":15.0,"enemies":"Lagavulin","floor":6.0,"turns":4.0},{"damage":12.0,"enemies":"Gremlin Nob","floor":10.0,"turns":3.0},{"damage":10.0,"enemies":"Lagavulin","floor":12.0,"turns":5.0},{"damage":0.0,"enemies":"Red Slaver","floor":13.0,"turns":2.0},{"damage":10.0,"enemies":"Exordium Thugs","floor":14.0,"turns":3.0},{"damage":11.0,"enemies":"Slime Boss","floor":16.0,"turns":10.0},{"damage":16.0,"enemies":"Shell Parasite","floor":18.0,"turns":4.0},{"damage":14.0,"enemies":"2 Thieves","floor":21.0,"turns":3.0},{"damage":5.0,"enemies":"Shelled Parasite and Fungi","floor":22.0,"turns":7.0},{"damage":36.0,"enemies":"Slavers","floor":23.0,"turns":6.0},{"damage":0.0,"enemies":"Snecko","floor":27.0,"turns":3.0},{"damage":12.0,"enemies":"Centurion and Healer","floor":28.0,"turns":5.0},{"damage":15.0,"enemies":"Sentry and Sphere","floor":30.0,"turns":5.0},{"damage":6.0,"enemies":"Snecko","floor":31.0,"turns":5.0},{"damage":43.0,"enemies":"hubris:MusketHawk","floor":33.0,"turns":8.0},{"damage":0.0,"enemies":"Orb Walker","floor":35.0,"turns":4.0},{"damage":47.0,"enemies":"2 Orb Walkers","floor":37.0,"turns":6.0},{"damage":0.0,"enemies":"3 Shapes","floor":38.0,"turns":3.0},{"damage":1.0,"enemies":"Spire Growth","floor":39.0,"turns":5.0},{"damage":18.0,"enemies":"Nemesis","floor":40.0,"turns":11.0},{"damage":1.0,"enemies":"Giant Head","floor":42.0,"turns":8.0},{"damage":10.0,"enemies":"Reptomancer","floor":44.0,"turns":7.0},{"damage":9.0,"enemies":"Jaw Worm Horde","floor":46.0,"turns":5.0},{"damage":50,"enemies":"Awakened One","floor":50,"turns":11}],"seed_played":"3244897840730702637","potions_obtained":[{"floor":1.0,"key":"Fruit Juice"},{"floor":2.0,"key":"LiquidBronze"},{"floor":10.0,"key":"DistilledChaos"},{"floor":11.0,"key":"Guardian:BlockOnCardUsePotion"},{"floor":11.0,"key":"LiquidMemories"},{"floor":11.0,"key":"SteroidPotion"},{"floor":12.0,"key":"SteroidPotion"},{"floor":16.0,"key":"champ:CounterPotion"},{"floor":18.0,"key":"hermit:BlackBile"},{"floor":25.0,"key":"hexamod:SoulburnPotion"},{"floor":25.0,"key":"SkillPotion"},{"floor":25.0,"key":"Weak Potion"},{"floor":27.0,"key":"Ancient Potion"},{"floor":33.0,"key":"Ancient Potion"},{"floor":37.0,"key":"Regen Potion"},{"floor":38.0,"key":"Block Potion"},{"floor":40.0,"key":"AttackPotion"},{"floor":42.0,"key":"Energy Potion"}],"is_trial":false,"path_per_floor":["M","M","M","T","M","E","?","R","T","E","?","E","M","M","R","B",null,"M","AVR","?","M","M","E","R","?","T","M","M","R","M","M","R","B",null,"M","?","?","M","M","E","R","E","T","E","?","M","R","$","R","B",null],"character_chosen":"HERMIT","items_purchased":["OrangePellets","hermit:BigShot","hermit:GoldenBullet","hermit:BodyArmor","hermit:Headshot","hermit:Coalescence","hermit:LowProfile","hermit:TakeAim","Thread and Needle","hermit:Combo","hermit:Headshot","Frozen Eye","Strawberry","War Paint","Panache","hubris:EmptyBottle","hermit:Tonic","hermit:Vantage"],"campfire_rested":5,"item_purchase_floors":[0,0,0,0,0,0,0,0,0,0,0,0,48,48,48,48,48,48],"current_hp_per_floor":[36,36,33,33,32,17,17,41,41,29,29,19,19,9,33,26,80,64,64,64,50,47,15,39,39,39,41,33,33,22,20,44,11,80,80,80,35,37,42,32,56,61,61,61,61,58,58,65,65,54],"gold":134,"neow_bonus":"","is_daily":false,"chose_seed":false,"campfire_upgraded":3,"win_rate":0.0,"timestamp":1610787119,"path_taken":["M","M","M","?","?","E","?","R","T","E","?","E","?","M","R","BOSS","M","AVR","?","M","M","E","R","?","T","?","M","R","M","M","R","BOSS","M","?","?","M","M","E","R","E","T","E","?","M","R","?","R","BOSS"],"items_purchased_type":["Relic","Card","Card","Card","Card","Card","Card","Card","Relic","Card","Card","Relic","Relic","Relic","Card","Relic","Potion","Card"],"build_version":"2020-12-22","purchased_purges":2,"victory":true,"max_hp_per_floor":[80,80,80,80,80,80,80,80,80,80,80,80,80,80,80,80,80,80,80,80,80,80,80,80,80,80,80,80,80,80,80,80,80,80,80,80,80,80,80,80,80,80,80,80,80,80,80,87,87,87],"card_choices":[{"not_picked":["hermit:HoleUp","hermit:BodyArmor"],"picked":"hermit:Snipe","floor":1.0},{"not_picked":["hermit:Glare","hermit:TrackingShot"],"picked":"hermit:Deadeye","floor":2.0},{"not_picked":["hermit:Spite","hermit:HoleUp"],"picked":"hermit:Misfire","floor":3.0},{"not_picked":["hermit:Midnight","hermit:Roulette"],"picked":"hermit:Horror","floor":5.0},{"not_picked":["hermit:CalledShot","hermit:Showdown"],"picked":"hermit:TakeCover","floor":6.0},{"not_picked":["hermit:HeroicBravado","hermit:Spite"],"picked":"hermit:EyeOfTheStorm","floor":10.0},{"not_picked":["hermit:HighCaliber","hermit:CalledShot","hermit:PistolWhip"],"picked":"hermit:Vantage","floor":12.0},{"not_picked":["hermit:Grudge","hermit:SprayPray","hermit:Misfire"],"picked":"hermit:Scavenge","floor":13.0},{"not_picked":["hermit:Roulette","hermit:SprayPray","hermit:HighCaliber"],"picked":"hermit:Ricochet","floor":14.0},{"not_picked":["hermit:Dissolve","hermit:Roughhouse","hermit:Magnum"],"picked":"hermit:HeroicBravado","floor":16.0},{"not_picked":["hermit:Quickdraw","hermit:Combo","hermit:HighCaliber"],"picked":"hermit:Misfire","floor":18.0},{"not_picked":["hermit:SprayPray+1","hermit:Deadeye","hermit:CalledShot"],"picked":"hermit:Determination+1","floor":21.0},{"not_picked":["hermit:Misfire+1","hermit:GoldenBullet","hermit:Showdown"],"picked":"hermit:CalledShot+1","floor":22.0},{"not_picked":["hermit:BigShot+1","hermit:EyeOfTheStorm","hermit:Snipe"],"picked":"hermit:Coalescence","floor":23.0},{"not_picked":["hermit:Cheat+1","hermit:Snipe","hermit:LowProfile+1"],"picked":"hermit:ShadowCloak","floor":27.0},{"not_picked":["hermit:Reprieve","hermit:Vantage+1","hermit:Desperado+1"],"picked":"hermit:Scavenge+1","floor":28.0},{"not_picked":["hermit:SprayPray+1","hermit:HoleUp","hermit:Snipe"],"picked":"hermit:WideOpen+1","floor":30.0},{"not_picked":["hermit:TrackingShot+1","hermit:HighCaliber+1","hermit:BodyArmor+1"],"picked":"hermit:Virtue","floor":31.0},{"not_picked":["hermit:HighNoon","hermit:FromBeyond","hermit:FinalCanter+1"],"picked":"hermit:Roughhouse+1","floor":33.0},{"not_picked":["hermit:Roulette+1","hermit:DeadMansHand","hermit:BodyArmor"],"picked":"hermit:Glare+1","floor":35.0},{"not_picked":["hermit:Quickdraw+1","hermit:Roulette+1","hermit:Ricochet+1"],"picked":"hermit:HoleUp","floor":37.0},{"not_picked":["hermit:BodyArmor","hermit:ItchyTrigger+1","hermit:LowProfile"],"picked":"hermit:Coalescence+1","floor":38.0},{"not_picked":["hermit:FromBeyond","hermit:WideOpen+1","hermit:Shortfuse+1"],"picked":"hermit:Manifest+1","floor":38.0},{"not_picked":["hermit:WideOpen+1","hermit:BodyArmor+1","hermit:Glare"],"picked":"hermit:GoldenBullet+1","floor":39.0},{"not_picked":["hermit:NoHoldsBarred+1","hermit:Snipe","hermit:GhostlyPresence"],"picked":"hermit:Dive+1","floor":39.0},{"not_picked":["hermit:Midnight+1","hermit:OverwhelmingPower","hermit:CalledShot+1"],"picked":"hermit:Virtue+1","floor":40.0},{"not_picked":["hermit:HoleUp+1","hermit:ItchyTrigger+1","hermit:Gambit"],"picked":"hermit:Snipe+1","floor":42.0},{"not_picked":["hermit:TrackingShot+1","hermit:CalledShot+1","hermit:Vantage"],"picked":"hermit:Dive","floor":44.0},{"not_picked":["hermit:HighCaliber+1","hermit:Headshot+1","hermit:WideOpen+1"],"picked":"hermit:ShadowCloak+1","floor":46.0},{"not_picked":["hermit:ItchyTrigger+1","hermit:Misfire+1","hermit:Showdown+1","hermit:Quickdraw+1"],"picked":"SKIP","floor":46.0}],"player_experience":1536546,"relics_obtained":[{"floor":4.0,"key":"hermit:CharredGlove"},{"floor":6.0,"key":"Ancient Tea Set"},{"floor":9.0,"key":"Mercury Hourglass"},{"floor":10.0,"key":"Question Card"},{"floor":12.0,"key":"Bird Faced Urn"},{"floor":23.0,"key":"Potion Belt"},{"floor":23.0,"key":"Molten Egg 2"},{"floor":26.0,"key":"hermit:Horseshoe"},{"floor":37.0,"key":"Prayer Wheel"},{"floor":40.0,"key":"Lantern"},{"floor":40.0,"key":"Bronze Scales"},{"floor":42.0,"key":"infinitespire:BottledMercury"},{"floor":42.0,"key":"Bag of Marbles"},{"floor":43.0,"key":"CaptainsWheel"},{"floor":44.0,"key":"PreservedInsect"},{"floor":44.0,"key":"Vajra"}],"event_choices":[{"damage_healed":0.0,"max_hp_gain":0.0,"max_hp_loss":0.0,"gold_gain":78.0,"event_name":"Golden Wing","player_choice":"Gained Gold","floor":7.0,"gold_loss":0.0,"damage_taken":0.0},{"damage_healed":0.0,"max_hp_gain":0.0,"max_hp_loss":0.0,"gold_gain":0.0,"event_name":"Lab","player_choice":"Got Potions","floor":11.0,"gold_loss":0.0,"damage_taken":0.0},{"cards_removed":["hermit:HeroicBravado"],"damage_healed":0.0,"max_hp_gain":0.0,"max_hp_loss":0.0,"gold_gain":0.0,"event_name":"betterNote:BetterNote","player_choice":"Take \u0026 Give","floor":20.0,"gold_loss":0.0,"damage_taken":0.0,"cards_obtained":["TheCursedMod:CircleOfCorruption"]},{"damage_healed":0.0,"max_hp_gain":0.0,"max_hp_loss":0.0,"gold_gain":0.0,"event_name":"The Woman in Blue","player_choice":"Bought 3 Potions","floor":25.0,"gold_loss":0.0,"damage_taken":0.0},{"damage_healed":0.0,"max_hp_gain":0.0,"max_hp_loss":0.0,"gold_gain":0.0,"event_name":"Mysterious Sphere","player_choice":"Fight","floor":37.0,"gold_loss":0.0,"damage_taken":0.0}],"is_beta":false,"boss_relics":[{"not_picked":["Tiny House","hubris:Stopwatch"],"picked":"Black Star"},{"not_picked":["hubris:TerracottaHorce","Runic Pyramid"],"picked":"Cursed Key"}],"items_purged_floors":[48,48],"is_endless":false,"potions_floor_spawned":[1,2,10,12,16,18,27,33,37,38,40,42],"ascension_level":4}}