{"host":"r8wnwrggzw8t210b","time":1610783398,"event":{"mods":["BaseMod","Colored Powertips","Minty Spire (QoL Compilation)","StSLib"],"gold_per_floor":[111,111,36,36,36,36,69,69,69,83,60,60,60,98,98,227,227,245,270,270,26,45,88,88,131,157,195,195,195,195,70,70,193,193,214,547,573,591,611,611,645,645,669,699,726,826,838,395,395,395,395,395,80,105,105],"floor_reached":56,"language":"ZHS","playtime":3021,"items_purged":["Strike_P","Defend_P","Strike_P","EmptyBody+1","CrushJoints"],"score":1868,"play_id":"68bae35f-91f1-4017-abb9-5e10b47d5485","local_time":"20210116154958","is_ascension_mode":true,"campfire_choices":[{"data":"Eruption","floor":6.0,"key":"SMITH"},{"floor":8.0,"key":"REST"},{"data":"EmptyFist","floor":12.0,"key":"SMITH"},{"floor":15.0,"key":"RECALL"},{"data":"Adaptation","floor":24.0,"key":"SMITH"},{"data":"TalkToTheHand","floor":28.0,"key":"SMITH"},{"floor":30.0,"key":"REST"},{"data":"1","floor":32.0,"key":"LIFT"},{"data":"DevaForm","floor":40,"key":"SMITH"},{"data":"2","floor":42,"key":"LIFT"},{"data":"3","floor":49,"key":"LIFT"},{"data":"Wireheading","floor":52,"key":"SMITH"}],"circlet_count":0,"master_deck":["Eruption+1","Vigilance","CurseOfTheBell","Adaptation+1","EmptyFist+1","Collect+1","Omniscience+1","Adaptation+1","ForeignInfluence+1","FlurryOfBlows","TalkToTheHand+1","Crescendo+1","DevaForm+1","DeceiveReality+1","Wireheading+1","EmptyBody+1","Crescendo+1","EmptyMind+1","FlurryOfBlows+1","Tantrum+1"],"relics":["Calling Bell","Oddly Smooth Stone","Mummified Hand","WingedGreaves","Happy Flower","Toxic Egg 2","Sundial","Kunai","Black Star","Bag of Preparation","Juzu Bracelet","Tiny Chest","Girya","Vajra","Nunchaku","Bronze Scales","Question Card","Pandora\u0027s Box","Strawberry","Ornamental Fan","Lantern","Orichalcum","Art of War","Damaru","Gremlin Horn","Pen Nib","Frozen Eye","Membership Card","Centennial Puzzle","Gambling Chip","Bag of Marbles"],"acts_visited":["Exordium","TheCity","TheBeyond","TheEnding"],"potions_floor_usage":[55,55,55],"damage_taken":[{"damage":2.0,"enemies":"Jaw Worm","floor":1.0,"turns":6.0},{"damage":15.0,"enemies":"Gremlin Nob","floor":7.0,"turns":4.0},{"damage":7.0,"enemies":"2 Louse","floor":10.0,"turns":4.0},{"damage":5.0,"enemies":"3 Sentries","floor":14.0,"turns":5.0},{"damage":9.0,"enemies":"The Guardian","floor":16.0,"turns":9.0},{"damage":0.0,"enemies":"Spheric Guardian","floor":18.0,"turns":3.0},{"damage":0.0,"enemies":"Chosen","floor":19.0,"turns":3.0},{"damage":12.0,"enemies":"Shelled Parasite and Fungi","floor":22.0,"turns":4.0},{"damage":19.0,"enemies":"Book of Stabbing","floor":23.0,"turns":4.0},{"damage":3.0,"enemies":"Gremlin Leader","floor":25.0,"turns":5.0},{"damage":5.0,"enemies":"Slavers","floor":27.0,"turns":4.0},{"damage":0.0,"enemies":"Collector","floor":33.0,"turns":6.0},{"damage":0.0,"enemies":"3 Darklings","floor":35.0,"turns":3.0},{"damage":0,"enemies":"3 Shapes","floor":38,"turns":3},{"damage":0,"enemies":"3 Darklings","floor":39,"turns":4},{"damage":0,"enemies":"Reptomancer","floor":41,"turns":5},{"damage":4,"enemies":"Nemesis","floor":44,"turns":5},{"damage":0,"enemies":"Giant Head","floor":45,"turns":4},{"damage":0,"enemies":"Maw","floor":47,"turns":3},{"damage":0,"enemies":"Time Eater","floor":50,"turns":3},{"damage":0,"enemies":"Shield and Spear","floor":54,"turns":1},{"damage":34,"enemies":"The Heart","floor":55,"turns":5}],"seed_played":"4178789894521780386","potions_obtained":[{"floor":10.0,"key":"Swift Potion"},{"floor":14.0,"key":"LiquidBronze"},{"floor":16.0,"key":"Energy Potion"},{"floor":18.0,"key":"SneckoOil"},{"floor":19.0,"key":"Fruit Juice"},{"floor":23.0,"key":"StancePotion"},{"floor":27.0,"key":"Dexterity Potion"},{"floor":35.0,"key":"Energy Potion"},{"floor":45,"key":"PowerPotion"}],"is_trial":false,"path_per_floor":["M","?","$","?","?","R","E","R","T","M","$","R","?","E","R","B",null,"M","M","?","$","M","E","R","E","T","E","R","?","R","$","R","B",null,"M","?","T","M","M","R","E","R","T","E","E","?","M","$","R","B",null,"R","$","E","B",null],"character_chosen":"WATCHER","items_purchased":["EmptyFist","Bag of Preparation","Pen Nib","Frozen Eye","Membership Card","Centennial Puzzle"],"campfire_rested":2,"item_purchase_floors":[11,21,48,48,53,53],"current_hp_per_floor":[63,51,51,37,37,37,22,42,42,35,35,35,57,52,52,43,61,61,66,66,66,54,35,35,32,32,27,27,27,48,48,48,48,66,66,66,66,66,66,66,73,73,73,69,69,69,69,69,69,69,77,77,77,77,43],"gold":105,"neow_bonus":"BOSS_RELIC","is_daily":false,"chose_seed":false,"campfire_upgraded":6,"win_rate":0.0,"timestamp":1610783398,"path_taken":["M","?","$","?","?","R","E","R","T","M","?","R","?","E","R","BOSS","M","M","?","$","M","E","R","E","T","E","R","?","R","?","R","BOSS","M","?","?","M","M","R","E","R","T","E","E","?","M","$","R","BOSS","R","$","E","BOSS"],"items_purchased_type":["Card","Relic","Relic","Relic","Relic","Relic"],"build_version":"2020-12-22","purchased_purges":5,"victory":true,"max_hp_per_floor":[72,72,72,72,67,67,67,67,67,67,67,67,67,67,67,67,67,67,72,72,72,72,72,72,72,72,72,72,72,72,72,72,72,72,72,72,72,72,72,72,79,79,79,79,79,79,79,79,79,79,79,79,79,79,79],"card_choices":[{"not_picked":["Wireheading","EmptyBody"],"picked":"Adaptation","floor":1.0},{"not_picked":["SpiritShield+1","Indignation+1","CarveReality"],"picked":"SKIP","floor":7.0},{"not_picked":["SashWhip","CrushJoints","WheelKick"],"picked":"SKIP","floor":10.0},{"not_picked":["Sanctity+1","Protect+1"],"picked":"Collect+1","floor":14.0},{"not_picked":["Blasphemy+1","Brilliance"],"picked":"Omniscience+1","floor":16.0},{"not_picked":["ClearTheMind+1","Prostrate+1","Halt+1"],"picked":"SKIP","floor":18.0},{"not_picked":["PathToVictory+1","CrushJoints","JustLucky+1"],"picked":"SKIP","floor":19.0},{"not_picked":["WindmillStrike","PathToVictory+1"],"picked":"Adaptation","floor":22.0},{"not_picked":["Weave","EmptyFist"],"picked":"ForeignInfluence+1","floor":23.0},{"not_picked":["MasterReality","Nirvana"],"picked":"FlurryOfBlows","floor":25.0},{"not_picked":["EmptyFist","FlurryOfBlows"],"picked":"TalkToTheHand","floor":27.0},{"not_picked":["Ragnarok","Alpha+1","LessonLearned"],"picked":"DevaForm","floor":33.0},{"not_picked":["CarveReality","Weave","Halt+1"],"picked":"Crescendo+1","floor":35.0},{"not_picked":["FlyingSleeves","CutThroughFate+1","PathToVictory+1","BowlingBash+1"],"picked":"SKIP","floor":38},{"not_picked":["ThirdEye+1","FlyingSleeves","SashWhip+1","ReachHeaven+1"],"picked":"SKIP","floor":39},{"not_picked":["Wallop+1","WheelKick+1","Vengeance+1"],"picked":"EmptyMind+1","floor":41},{"not_picked":["EmptyMind+1","EmptyBody+1","Prostrate+1"],"picked":"FlurryOfBlows+1","floor":44},{"not_picked":["Meditate+1","FollowUp+1","Swivel+1"],"picked":"Tantrum+1","floor":45},{"not_picked":["Ragnarok","Halt+1","EmptyBody+1","WreathOfFlame+1"],"picked":"SKIP","floor":47},{"not_picked":["BowlingBash+1","DeceiveReality+1","Collect+1","EmptyBody+1"],"picked":"SKIP","floor":54}],"player_experience":96861,"relics_obtained":[{"floor":0.0,"key":"Oddly Smooth Stone"},{"floor":0.0,"key":"Mummified Hand"},{"floor":0.0,"key":"WingedGreaves"},{"floor":7.0,"key":"Toxic Egg 2"},{"floor":9.0,"key":"Sundial"},{"floor":14.0,"key":"Kunai"},{"floor":23.0,"key":"Juzu Bracelet"},{"floor":23.0,"key":"Tiny Chest"},{"floor":25.0,"key":"Girya"},{"floor":25.0,"key":"Vajra"},{"floor":26.0,"key":"Nunchaku"},{"floor":27.0,"key":"Bronze Scales"},{"floor":27.0,"key":"Question Card"},{"floor":41,"key":"Strawberry"},{"floor":41,"key":"Ornamental Fan"},{"floor":43,"key":"Lantern"},{"floor":44,"key":"Orichalcum"},{"floor":44,"key":"Art of War"},{"floor":45,"key":"Damaru"},{"floor":45,"key":"Gremlin Horn"},{"floor":54,"key":"Gambling Chip"},{"floor":54,"key":"Bag of Marbles"}],"event_choices":[{"damage_healed":0.0,"max_hp_gain":0.0,"max_hp_loss":0.0,"gold_gain":0.0,"event_name":"Scrap Ooze","player_choice":"Success","floor":2.0,"gold_loss":0.0,"damage_taken":12.0,"relics_obtained":["Happy Flower"]},{"damage_healed":0.0,"max_hp_gain":0.0,"max_hp_loss":0.0,"gold_gain":0.0,"event_name":"Shining Light","player_choice":"Entered Light","floor":4.0,"gold_loss":0.0,"damage_taken":14.0,"cards_upgraded":["Adaptation","Strike_P"]},{"damage_healed":0.0,"max_hp_gain":0.0,"max_hp_loss":5.0,"gold_gain":0.0,"event_name":"Golden Idol","player_choice":"Lose Max HP","floor":5.0,"gold_loss":0.0,"damage_taken":0.0,"relics_obtained":["Golden Idol"]},{"damage_healed":22.0,"max_hp_gain":0.0,"max_hp_loss":0.0,"gold_gain":0.0,"event_name":"Big Fish","player_choice":"Banana","floor":13.0,"gold_loss":0.0,"damage_taken":0.0},{"damage_healed":0.0,"max_hp_gain":0.0,"max_hp_loss":0.0,"gold_gain":0.0,"event_name":"The Mausoleum","player_choice":"Ignored","floor":20.0,"gold_loss":0.0,"damage_taken":0.0},{"damage_healed":0.0,"max_hp_gain":0.0,"max_hp_loss":0.0,"gold_gain":0.0,"event_name":"The Library","player_choice":"Read","floor":29.0,"gold_loss":0.0,"damage_taken":0.0,"cards_obtained":["Crescendo"]},{"damage_healed":0.0,"max_hp_gain":0.0,"max_hp_loss":0.0,"gold_gain":333.0,"event_name":"The Moai Head","player_choice":"Gave Idol","floor":36.0,"relics_lost":["Golden Idol"],"gold_loss":0.0,"damage_taken":0.0},{"damage_healed":0,"gold_gain":100,"player_choice":"Pray","damage_taken":0,"max_hp_gain":0,"max_hp_loss":0,"event_name":"Golden Shrine","floor":46,"gold_loss":0}],"is_beta":false,"boss_relics":[{"not_picked":["Tiny House","Runic Dome"],"picked":"Black Star"},{"not_picked":["Cursed Key","Snecko Eye"],"picked":"Pandora\u0027s Box"}],"items_purged_floors":[3,21,31,48,53],"is_endless":false,"potions_floor_spawned":[10,14,16,18,19,23,27,35,45,47],"ascension_level":6}}