{"host":"newqdrzxfhh2im9e","time":1610759664,"event":{"mods":["AchievementEnabler","BaseMod","BetterRewards","Block Reminder","Colored Map","Jorbs\u0027s Wanderer Trilogy","Minty Spire (QoL Compilation)","Rare Cards Sparkle","Shop Mod","StSLib"],"gold_per_floor":[117,136,311,311,324,324,11,54,105,133,133,154,189,209,209,319,319,339,27,36,48,48,48,67,67,67,88,88,109,109,134,134,238,247,276,276,305,305,305],"floor_reached":38,"language":"ENG","playtime":1416,"items_purged":["Doubt"],"score":388,"play_id":"812d4bbd-459a-4eee-82f6-3703edd52a88","local_time":"20210115171424","is_ascension_mode":false,"campfire_choices":[{"data":"Alpha","floor":6,"key":"SMITH"},{"floor":11,"key":"REST"},{"floor":15,"key":"REST"},{"floor":23,"key":"REST"},{"data":"Devotion","floor":25,"key":"SMITH"},{"floor":28,"key":"REST"},{"floor":30,"key":"REST"},{"floor":32,"key":"REST"}],"circlet_count":0,"master_deck":["Strike_P","Strike_P","Strike_P","Strike_P","Defend_P","Defend_P","Defend_P","Defend_P","Eruption","Vigilance","Collect","Alpha+1","Conclude","DeceiveReality","WreathOfFlame","SignatureMove","TalkToTheHand","Devotion+1","Tantrum","Worship","Alpha+1","ReachHeaven+1","LikeWater","Indignation","Ragnarok","CurseOfTheBell","SignatureMove+1","Adaptation+1"],"relics":["HolyWater","Strawberry","NlothsMask","ClockworkSouvenir","CeramicFish","Turnip","HandDrill","Kunai","Calling Bell","Art of War","Yang","Torii"],"acts_visited":["Exordium","TheCity","TheBeyond"],"potions_floor_usage":[10,16,16,24,31,33,33,37,38],"damage_taken":[{"damage":2,"enemies":"2 Louse","floor":1,"turns":2},{"damage":14,"enemies":"Small Slimes","floor":2,"turns":4},{"damage":0,"enemies":"Cultist","floor":5,"turns":5},{"damage":10,"enemies":"Lagavulin","floor":8,"turns":6},{"damage":21,"enemies":"Lots of Slimes","floor":10,"turns":3},{"damage":0,"enemies":"Blue Slaver","floor":12,"turns":3},{"damage":34,"enemies":"Gremlin Nob","floor":13,"turns":5},{"damage":5,"enemies":"2 Fungi Beasts","floor":14,"turns":3},{"damage":24,"enemies":"Hexaghost","floor":16,"turns":10},{"damage":16,"enemies":"2 Thieves","floor":18,"turns":5},{"damage":17,"enemies":"Chosen","floor":21,"turns":5},{"damage":3,"enemies":"3 Cultists","floor":24,"turns":3},{"damage":33,"enemies":"Snake Plant","floor":27,"turns":4},{"damage":14,"enemies":"Snecko","floor":29,"turns":4},{"damage":29,"enemies":"3 Cultists","floor":31,"turns":4},{"damage":73,"enemies":"Champ","floor":33,"turns":8},{"damage":28,"enemies":"Orb Walker","floor":35,"turns":5},{"damage":21,"enemies":"3 Shapes","floor":37,"turns":3},{"damage":44,"enemies":"Spire Growth","floor":38,"turns":4}],"seed_played":"-2912737472757640669","potions_obtained":[{"floor":1,"key":"LiquidMemories"},{"floor":2,"key":"Ancient Potion"},{"floor":10,"key":"SpeedPotion"},{"floor":14,"key":"SkillPotion"},{"floor":16,"key":"Ancient Potion"},{"floor":21,"key":"Fire Potion"},{"floor":27,"key":"LiquidMemories"},{"floor":31,"key":"AttackPotion"},{"floor":35,"key":"LiquidBronze"},{"floor":37,"key":"SkillPotion"}],"is_trial":false,"path_per_floor":["M","M","?","?","M","R","$","E","T","M","R","M","E","M","R","B",null,"M","$","?","M","$","R","M","R","T","M","R","M","R","M","R","B",null,"M","?","M","M"],"character_chosen":"WATCHER","items_purchased":["ClockworkSouvenir","Conclude","Worship","HandDrill","FairyPotion"],"campfire_rested":6,"item_purchase_floors":[7,7,19,19,19],"current_hp_per_floor":[77,63,63,63,63,63,63,53,53,32,55,55,21,16,39,15,79,63,63,63,46,46,69,66,66,66,33,56,42,65,36,59,23,79,51,51,30,0,0],"gold":305,"neow_bonus":"RANDOM_COMMON_RELIC","is_daily":false,"chose_seed":false,"campfire_upgraded":2,"win_rate":0.0,"timestamp":1610759664,"path_taken":["M","M","?","?","M","R","$","E","T","M","R","M","E","M","R","BOSS","M","$","?","?","$","R","M","R","T","M","R","M","R","M","R","BOSS","M","?","M","M"],"items_purchased_type":["Relic","Card","Card","Relic","Potion"],"build_version":"2020-12-22","purchased_purges":1,"victory":false,"max_hp_per_floor":[79,79,79,79,79,79,79,79,79,79,79,79,79,79,79,79,79,79,79,79,79,79,79,79,79,79,79,79,79,79,79,79,79,79,79,79,79,79,79],"card_choices":[{"not_picked":["Consecrate","Prostrate"],"picked":"Collect","floor":1},{"not_picked":["Crescendo","JustLucky","Halt"],"picked":"SKIP","floor":2},{"not_picked":["Adaptation","LikeWater"],"picked":"Alpha","floor":5},{"not_picked":["Halt","DeusExMachina"],"picked":"DeceiveReality","floor":8},{"not_picked":["Evaluate","Weave"],"picked":"WreathOfFlame","floor":10},{"not_picked":["DeceiveReality","ThirdEye"],"picked":"SignatureMove","floor":12},{"not_picked":["ClearTheMind","ThirdEye","Crescendo"],"picked":"SKIP","floor":13},{"not_picked":["MentalFortress","Crescendo"],"picked":"TalkToTheHand","floor":14},{"not_picked":["MasterReality","Omniscience"],"picked":"Devotion","floor":16},{"not_picked":["Sanctity","BowlingBash"],"picked":"Tantrum","floor":18},{"not_picked":["CrushJoints+1","EmptyFist","ThirdEye+1"],"picked":"SKIP","floor":21},{"not_picked":["Prostrate+1","Tantrum","CutThroughFate"],"picked":"SKIP","floor":24},{"not_picked":["FearNoEvil","Perseverance"],"picked":"ReachHeaven+1","floor":27},{"not_picked":["Alpha","FlurryOfBlows"],"picked":"LikeWater","floor":29},{"not_picked":["ClearTheMind","FlurryOfBlows+1"],"picked":"Indignation","floor":31},{"not_picked":["Alpha","Scrawl"],"picked":"Ragnarok","floor":33},{"not_picked":["Indignation+1","Crescendo"],"picked":"SignatureMove+1","floor":35},{"not_picked":["Halt","Crescendo"],"picked":"Adaptation+1","floor":37}],"player_experience":729956,"relics_obtained":[{"floor":8,"key":"CeramicFish"},{"floor":13,"key":"Turnip"},{"floor":26,"key":"Kunai"},{"floor":34,"key":"Art of War"},{"floor":34,"key":"Yang"},{"floor":34,"key":"Torii"}],"event_choices":[{"damage_healed":0,"gold_gain":175,"player_choice":"AGREE","damage_taken":0,"max_hp_gain":0,"max_hp_loss":0,"event_name":"Liars Game","floor":3,"gold_loss":0,"cards_obtained":["Doubt"]},{"damage_healed":0,"gold_gain":0,"player_choice":"Trade","damage_taken":0,"relics_obtained":["NlothsMask"],"max_hp_gain":0,"max_hp_loss":0,"event_name":"FaceTrader","floor":4,"gold_loss":0},{"damage_healed":0,"gold_gain":0,"player_choice":"Copied","damage_taken":0,"max_hp_gain":0,"max_hp_loss":0,"event_name":"Duplicator","floor":20,"gold_loss":0,"cards_obtained":["Alpha"]},{"damage_healed":0,"gold_gain":0,"player_choice":"Ignored","damage_taken":0,"max_hp_gain":0,"max_hp_loss":0,"event_name":"Mysterious Sphere","floor":36,"gold_loss":0}],"is_beta":false,"boss_relics":[{"not_picked":["Philosopher\u0027s Stone","Snecko Eye"],"picked":"HolyWater"},{"not_picked":["SlaversCollar","Runic Pyramid"],"picked":"Calling Bell"}],"items_purged_floors":[7],"is_endless":false,"potions_floor_spawned":[1,2,10,14,16,21,27,31,35,37],"killed_by":"Spire Growth","ascension_level":0}}