{"host":"vpaavrwbmey593fx","time":1610764020,"event":{"mods":["AchievementEnabler","BaseMod","Bestiary","Colored Map","Colored Powertips","DeckTracker","Minty Spire (QoL Compilation)","Relic Sorter"],"gold_per_floor":[115,128,140,152,8,39,39,69,95,107,107,107,107,121,121,223,223,243,263,277,277,291,326,326,336,336,336,336,367,109,125,125,220,220,240,259,259,274,49,75,85,119,144,194,213,213,246,277,277,277,277,277,37,69,69],"floor_reached":56,"language":"ENG","playtime":6934,"items_purged":["Eviscerate+1"],"score":1551,"play_id":"7ca16b02-de91-442b-906e-89cdaccd5eff","local_time":"20210115182700","is_ascension_mode":true,"campfire_choices":[{"data":"Neutralize","floor":7,"key":"SMITH"},{"data":"Blade Dance","floor":11,"key":"SMITH"},{"data":"Footwork","floor":15,"key":"SMITH"},{"data":"A Thousand Cuts","floor":24,"key":"SMITH"},{"data":"Adrenaline","floor":28,"key":"SMITH"},{"data":"Malaise","floor":32,"key":"SMITH"},{"floor":46,"key":"RECALL"},{"data":"Prepared","floor":49,"key":"SMITH"},{"data":"Envenom","floor":52,"key":"SMITH"}],"circlet_count":0,"master_deck":["Strike_G+1","Strike_G+1","Strike_G+1","Defend_G+1","Defend_G+1","Defend_G+1","Defend_G+1","Defend_G+1","Survivor","Neutralize+1","Footwork+1","Flying Knee","PiercingWail","Blade Dance+1","Heel Hook","Adrenaline+1","A Thousand Cuts+1","CurseOfTheBell","Backflip","Underhanded Strike","Backstab","Malaise+1","RitualDagger","Envenom+1","Escape Plan+1","Doppelganger+1","Prepared+1","Bouncing Flask+1","Catalyst+1"],"relics":["Runic Pyramid","WingedGreaves","Happy Flower","Ornamental Fan","Bag of Preparation","Orichalcum","Boot","Whetstone","FaceOfCleric","Calling Bell","PreservedInsect","Blue Candle","Ancient Tea Set","Pantograph","Astrolabe","Toy Ornithopter","Smiling Mask","Regal Pillow","Gambling Chip","Bag of Marbles","Frozen Egg 2","Paper Crane","Tingsha"],"acts_visited":["Exordium","TheCity","TheBeyond","TheEnding"],"potions_floor_usage":[33,33,40,41,42,55,55,55],"damage_taken":[{"damage":2,"enemies":"Cultist","floor":1,"turns":4},{"damage":0,"enemies":"2 Louse","floor":2,"turns":4},{"damage":2,"enemies":"Jaw Worm","floor":3,"turns":3},{"damage":13,"enemies":"Lots of Slimes","floor":4,"turns":4},{"damage":13,"enemies":"3 Sentries","floor":6,"turns":11},{"damage":11,"enemies":"Lagavulin","floor":8,"turns":6},{"damage":0,"enemies":"Blue Slaver","floor":10,"turns":3},{"damage":1,"enemies":"2 Fungi Beasts","floor":14,"turns":3},{"damage":8,"enemies":"The Guardian","floor":16,"turns":12},{"damage":10,"enemies":"Spheric Guardian","floor":18,"turns":4},{"damage":5,"enemies":"Shell Parasite","floor":19,"turns":6},{"damage":7,"enemies":"Chosen and Byrds","floor":20,"turns":5},{"damage":3,"enemies":"Snecko","floor":22,"turns":4},{"damage":11,"enemies":"Gremlin Leader","floor":23,"turns":7},{"damage":4,"enemies":"Snake Plant","floor":25,"turns":5},{"damage":1,"enemies":"Book of Stabbing","floor":29,"turns":4},{"damage":10,"enemies":"Centurion and Healer","floor":31,"turns":5},{"damage":13,"enemies":"Collector","floor":33,"turns":12},{"damage":6,"enemies":"3 Shapes","floor":35,"turns":7},{"damage":6,"enemies":"Orb Walker","floor":36,"turns":3},{"damage":33,"enemies":"Sphere and 2 Shapes","floor":38,"turns":10},{"damage":1,"enemies":"Reptomancer","floor":40,"turns":6},{"damage":2,"enemies":"Spire Growth","floor":41,"turns":5},{"damage":4,"enemies":"Giant Head","floor":42,"turns":9},{"damage":1,"enemies":"Mind Bloom Boss Battle","floor":44,"turns":8},{"damage":1,"enemies":"Maw","floor":45,"turns":8},{"damage":0,"enemies":"Nemesis","floor":47,"turns":5},{"damage":6,"enemies":"Reptomancer","floor":48,"turns":6},{"damage":23,"enemies":"Awakened One","floor":50,"turns":12},{"damage":9,"enemies":"Shield and Spear","floor":54,"turns":7},{"damage":55,"enemies":"The Heart","floor":55,"turns":11}],"seed_played":"-1066455488957803126","potions_obtained":[{"floor":4,"key":"Energy Potion"},{"floor":8,"key":"Swift Potion"},{"floor":14,"key":"Swift Potion"},{"floor":16,"key":"Explosive Potion"},{"floor":20,"key":"DistilledChaos"},{"floor":25,"key":"FearPotion"},{"floor":33,"key":"BlessingOfTheForge"},{"floor":35,"key":"SpeedPotion"},{"floor":40,"key":"LiquidBronze"},{"floor":41,"key":"SkillPotion"},{"floor":44,"key":"DuplicationPotion"}],"is_trial":false,"path_per_floor":["M","M","M","M","$","E","R","E","T","M","R","?","?","M","R","B",null,"M","M","M","?","M","E","R","M","T","?","R","E","$","M","R","B",null,"M","M","?","M","$","E","M","E","T","?","M","R","E","E","R","B",null,"R","$","E","B",null],"character_chosen":"THE_SILENT","items_purchased":["Bag of Preparation","Ornamental Fan","Happy Flower","Paper Crane"],"campfire_rested":0,"item_purchase_floors":[5,30,39,53],"current_hp_per_floor":[68,68,66,53,53,40,40,29,29,29,29,29,29,29,29,22,72,63,59,53,53,51,41,41,38,38,32,32,32,32,23,23,36,81,76,71,71,39,39,39,43,45,45,70,70,70,71,66,66,69,92,92,92,84,44],"gold":69,"neow_bonus":"BOSS_RELIC","is_daily":false,"chose_seed":false,"campfire_upgraded":8,"win_rate":0.0,"timestamp":1610764020,"path_taken":["M","M","M","M","$","E","R","E","T","M","R","?","?","M","R","BOSS","M","M","M","?","M","E","R","M","T","?","R","E","$","M","R","BOSS","M","M","?","?","$","E","M","E","T","?","M","R","E","E","R","BOSS","R","$","E","BOSS"],"items_purchased_type":["Relic","Relic","Relic","Relic"],"build_version":"2020-12-22","purchased_purges":1,"victory":true,"max_hp_per_floor":[70,70,70,70,70,70,70,70,70,70,70,70,70,71,71,72,72,73,74,75,75,76,77,77,78,78,78,78,79,79,80,80,81,81,82,83,83,84,84,85,86,87,87,88,89,89,90,91,91,92,92,92,92,93,94],"card_choices":[{"not_picked":["Slice","Backflip"],"picked":"Footwork","floor":1},{"not_picked":["Heel Hook","Dodge and Roll"],"picked":"Masterful Stab","floor":2},{"not_picked":["Slice","Caltrops"],"picked":"Flying Knee","floor":3},{"not_picked":["Endless Agony","Outmaneuver","Masterful Stab"],"picked":"SKIP","floor":4},{"not_picked":["Catalyst","Dagger Throw"],"picked":"PiercingWail","floor":6},{"not_picked":["Flying Knee","Bouncing Flask"],"picked":"Blade Dance","floor":8},{"not_picked":["Expertise","Dodge and Roll"],"picked":"Heel Hook","floor":10},{"not_picked":["Predator","Poisoned Stab"],"picked":"Adrenaline","floor":14},{"not_picked":["Adrenaline","Unload"],"picked":"A Thousand Cuts","floor":16},{"not_picked":["Cloak And Dagger","Dash"],"picked":"Backflip","floor":18},{"not_picked":["Choke","Slice+1"],"picked":"Underhanded Strike","floor":19},{"not_picked":["PiercingWail+1","Catalyst+1"],"picked":"Backstab","floor":20},{"not_picked":["Catalyst","Well Laid Plans+1","Slice"],"picked":"SKIP","floor":22},{"not_picked":["Eviscerate","Distraction+1"],"picked":"Malaise","floor":23},{"not_picked":["Heel Hook","Poisoned Stab","Bane"],"picked":"SKIP","floor":25},{"not_picked":["Dodge and Roll","Blur","Cloak And Dagger"],"picked":"SKIP","floor":29},{"not_picked":["Slice","Underhanded Strike","Poisoned Stab+1"],"picked":"SKIP","floor":31},{"not_picked":["Burst","After Image"],"picked":"Envenom","floor":33},{"not_picked":["Riddle With Holes+1","Deadly Poison+1","Outmaneuver+1"],"picked":"SKIP","floor":35},{"not_picked":["Slice","Escape Plan+1","Quick Slash+1"],"picked":"SKIP","floor":36},{"not_picked":["Choke","Deflect+1"],"picked":"Prepared","floor":38},{"not_picked":["Dagger Throw","Acrobatics+1","Endless Agony"],"picked":"SKIP","floor":40},{"not_picked":["Cloak And Dagger","Accuracy","Caltrops+1"],"picked":"SKIP","floor":41},{"not_picked":["Flying Knee+1","Storm of Steel","Deadly Poison+1"],"picked":"SKIP","floor":42},{"not_picked":["Flying Knee+1","Sucker Punch+1","Eviscerate"],"picked":"SKIP","floor":45},{"not_picked":["Quick Slash+1","Glass Knife"],"picked":"Bouncing Flask+1","floor":47},{"not_picked":["Escape Plan","Acrobatics"],"picked":"Catalyst+1","floor":48},{"not_picked":["Cloak And Dagger","Riddle With Holes","Sucker Punch+1"],"picked":"SKIP","floor":54}],"player_experience":195511,"relics_obtained":[{"floor":6,"key":"Orichalcum"},{"floor":8,"key":"Boot"},{"floor":9,"key":"Whetstone"},{"floor":17,"key":"PreservedInsect"},{"floor":17,"key":"Blue Candle"},{"floor":17,"key":"WingedGreaves"},{"floor":23,"key":"Ancient Tea Set"},{"floor":29,"key":"Pantograph"},{"floor":40,"key":"Toy Ornithopter"},{"floor":42,"key":"Smiling Mask"},{"floor":43,"key":"Regal Pillow"},{"floor":44,"key":"Gambling Chip"},{"floor":47,"key":"Bag of Marbles"},{"floor":48,"key":"Frozen Egg 2"},{"floor":54,"key":"Tingsha"}],"event_choices":[{"damage_healed":0,"gold_gain":0,"player_choice":"Searched \u00270\u0027 times","damage_taken":0,"max_hp_gain":0,"max_hp_loss":0,"event_name":"Dead Adventurer","floor":12,"gold_loss":0},{"damage_healed":0,"gold_gain":0,"player_choice":"Trade","damage_taken":0,"relics_obtained":["FaceOfCleric"],"max_hp_gain":0,"max_hp_loss":0,"event_name":"FaceTrader","floor":13,"gold_loss":0},{"damage_healed":0,"gold_gain":0,"player_choice":"Simplicity","damage_taken":0,"max_hp_gain":0,"max_hp_loss":0,"event_name":"Back to Basics","floor":21,"gold_loss":0,"cards_upgraded":["Strike_G","Strike_G","Strike_G","Strike_G","Defend_G","Defend_G","Defend_G","Defend_G","Defend_G"]},{"damage_healed":0,"gold_gain":0,"player_choice":"Joined the Cult","damage_taken":6,"max_hp_gain":0,"max_hp_loss":0,"event_name":"Nest","floor":27,"gold_loss":0,"cards_obtained":["RitualDagger"]},{"damage_healed":0,"gold_gain":0,"player_choice":"Bought 0 Potions","damage_taken":0,"max_hp_gain":0,"max_hp_loss":0,"event_name":"The Woman in Blue","floor":37,"gold_loss":0},{"damage_healed":0,"gold_gain":0,"player_choice":"Fight","damage_taken":0,"max_hp_gain":0,"max_hp_loss":0,"event_name":"MindBloom","floor":44,"gold_loss":0}],"is_beta":false,"boss_relics":[{"not_picked":["Runic Dome","SlaversCollar"],"picked":"Calling Bell"},{"not_picked":["Snecko Eye","Philosopher\u0027s Stone"],"picked":"Astrolabe"}],"items_purged_floors":[39],"is_endless":false,"potions_floor_spawned":[4,8,14,16,20,23,25,31,33,35,40,41,44,45],"ascension_level":2}}