{"host":"l60rmjjsfi0fipmi","time":1610816733,"event":{"mods":["BaseMod","Colored Map","DeckTracker","Highlight Path","Minty Spire (QoL Compilation)","StSLib","The Cursed","The Servant 0.9.4"],"gold_per_floor":[117,137,137,147,160,160,191,15,91,91,110,110,128,141,141,237,237,255,180,180,196,14,14,14,14,39,50,65,65,65,65],"floor_reached":30,"language":"ENG","playtime":1670,"items_purged":["Parasite","Defend_R"],"score":324,"play_id":"ae5ebed6-52f3-43a0-8b2e-b3c42083e44d","local_time":"20210116120533","is_ascension_mode":true,"campfire_choices":[{"data":"Body Slam","floor":6,"key":"SMITH"},{"data":"Cleave","floor":15,"key":"SMITH"},{"data":"Inflame","floor":23,"key":"SMITH"},{"data":"J.A.X.","floor":25,"key":"SMITH"}],"circlet_count":0,"master_deck":["Strike_R","Strike_R","Strike_R","Defend_R","Defend_R+1","Defend_R","Bash","Apotheosis+1","Body Slam+1","Headbutt","Cleave+1","Iron Wave","Shrug It Off","Sword Boomerang","Twin Strike","Rage","Impervious","Seeing Red","Fire Breathing+1","Inflame+1","J.A.X.+1","Pommel Strike"],"relics":["Burning Blood","CaptainsWheel","Pen Nib","Eternal Feather","Empty Cage","Oddly Smooth Stone"],"acts_visited":["Exordium","TheCity"],"potions_floor_usage":[27,28,30],"damage_taken":[{"damage":10,"enemies":"Jaw Worm","floor":1,"turns":5},{"damage":5,"enemies":"Small Slimes","floor":2,"turns":3},{"damage":3,"enemies":"2 Louse","floor":4,"turns":3},{"damage":18,"enemies":"Exordium Thugs","floor":5,"turns":4},{"damage":25,"enemies":"Gremlin Nob","floor":7,"turns":4},{"damage":3,"enemies":"Blue Slaver","floor":11,"turns":3},{"damage":1,"enemies":"Looter","floor":13,"turns":4},{"damage":9,"enemies":"3 Louse","floor":14,"turns":3},{"damage":0,"enemies":"Slime Boss","floor":16,"turns":5},{"damage":15,"enemies":"3 Byrds","floor":18,"turns":6},{"damage":2,"enemies":"Shell Parasite","floor":21,"turns":6},{"damage":35,"enemies":"Centurion and Healer","floor":27,"turns":5},{"damage":12,"enemies":"Snecko","floor":28,"turns":4},{"damage":31,"enemies":"Slavers","floor":30,"turns":2}],"seed_played":"-2447235977637244831","potions_obtained":[{"floor":1,"key":"FearPotion"},{"floor":4,"key":"Regen Potion"},{"floor":11,"key":"FearPotion"},{"floor":28,"key":"DuplicationPotion"}],"is_trial":false,"path_per_floor":["M","M","?","M","M","R","E","$","T","?","M","?","M","M","R","B",null,"M","$","?","M","$","R","?","R","T","M","M","?","E"],"character_chosen":"IRONCLAD","items_purchased":["Pen Nib","Sword Boomerang","Inflame"],"campfire_rested":0,"item_purchase_floors":[8,8,22],"current_hp_per_floor":[68,69,55,58,46,46,27,27,27,27,30,48,53,50,62,68,72,63,63,63,67,67,69,69,69,69,40,43,31,0,0],"gold":65,"neow_bonus":"RANDOM_COLORLESS_2","is_daily":false,"chose_seed":false,"campfire_upgraded":4,"win_rate":0.0,"timestamp":1610816733,"path_taken":["M","M","?","M","M","R","E","$","T","?","M","?","?","M","R","BOSS","M","$","?","M","?","R","?","R","T","M","M","?","E"],"items_purchased_type":["Relic","Card","Card"],"build_version":"2020-12-22","purchased_purges":2,"victory":false,"max_hp_per_floor":[72,72,72,72,72,72,72,72,72,72,72,72,72,72,72,72,72,72,69,69,69,69,69,69,69,69,69,69,74,74,74],"card_choices":[{"not_picked":["Mayhem","HandOfGreed"],"picked":"Apotheosis","floor":0},{"not_picked":["Warcry","True Grit"],"picked":"Body Slam","floor":1},{"not_picked":["Shockwave","Flex"],"picked":"Headbutt","floor":2},{"not_picked":["Dark Embrace","Pommel Strike"],"picked":"Cleave","floor":4},{"not_picked":["Sever Soul","Armaments"],"picked":"Iron Wave","floor":5},{"not_picked":["Brutality","True Grit"],"picked":"Shrug It Off","floor":7},{"not_picked":["Heavy Blade","Cleave","Clash"],"picked":"SKIP","floor":11},{"not_picked":["Thunderclap","Second Wind"],"picked":"Twin Strike","floor":13},{"not_picked":["Feel No Pain","Warcry"],"picked":"Rage","floor":14},{"not_picked":["Barricade","Immolate"],"picked":"Impervious","floor":16},{"not_picked":["Havoc","Heavy Blade"],"picked":"Seeing Red","floor":18},{"not_picked":["Heavy Blade","Flex"],"picked":"Fire Breathing+1","floor":21},{"not_picked":["Offering","Seeing Red"],"picked":"Pommel Strike","floor":27},{"not_picked":["Thunderclap","Bloodletting","Twin Strike"],"picked":"SKIP","floor":28}],"player_experience":430235,"relics_obtained":[{"floor":7,"key":"CaptainsWheel"},{"floor":9,"key":"Eternal Feather"},{"floor":26,"key":"Oddly Smooth Stone"}],"event_choices":[{"damage_healed":0,"gold_gain":0,"player_choice":"Entered Light","damage_taken":14,"max_hp_gain":0,"max_hp_loss":0,"event_name":"Shining Light","floor":3,"gold_loss":0,"cards_upgraded":["Defend_R","Apotheosis"]},{"damage_healed":0,"gold_gain":0,"player_choice":"Ignored","damage_taken":0,"max_hp_gain":0,"max_hp_loss":0,"event_name":"Liars Game","floor":10,"gold_loss":0},{"damage_healed":18,"gold_gain":0,"player_choice":"Healed and dodged fight","damage_taken":0,"max_hp_gain":0,"max_hp_loss":0,"event_name":"Mushrooms","floor":12,"gold_loss":0,"cards_obtained":["Parasite"]},{"damage_healed":0,"gold_gain":0,"player_choice":"Ignored","damage_taken":0,"max_hp_gain":0,"max_hp_loss":0,"event_name":"Ghosts","floor":20,"gold_loss":0},{"damage_healed":0,"gold_gain":0,"player_choice":"Obtain J.A.X.","damage_taken":0,"max_hp_gain":0,"max_hp_loss":0,"event_name":"Drug Dealer","floor":24,"gold_loss":0,"cards_obtained":["J.A.X."]},{"damage_healed":0,"gold_gain":0,"player_choice":"Shed Blood","damage_taken":17,"max_hp_gain":5,"max_hp_loss":0,"event_name":"Forgotten Altar","floor":29,"gold_loss":0}],"is_beta":false,"boss_relics":[{"not_picked":["Cursed Key","Runic Cube"],"picked":"Empty Cage"}],"items_purged_floors":[19,22],"is_endless":false,"potions_floor_spawned":[1,4,11,14,28],"killed_by":"Slavers","ascension_level":3}}