{"host":"kdt6w7ix8lwe69i9","time":1610766582,"event":{"mods":["100% Spire Juice","Bartender","BaseMod","ChefMod","Downfall","Fiend Mod","Jorbs\u0027s Wanderer Trilogy","Minty Spire (QoL Compilation)","Reimu（博丽灵梦）","Robot Space Explorer","Shade Mod","StSLib","The Caster","The Cursed","The Disciple","The Dragon Tamer","The Druid","The Fake Hero","The Forsaken","The Gatherer","The Marked","TheBandit","TheSwordswoman"],"gold_per_floor":[515,515,529,548,548,548,567,596,596,634,643,643,669,224,224,338,397,422,442,38,61,83,83,56,56,56,56,56,56],"floor_reached":28,"language":"ENG","playtime":1811,"items_purged":["luka_mod:Wait+1"],"score":278,"play_id":"a8e65e33-3f87-4853-b819-ff178aff02c7","local_time":"20210115220942","is_ascension_mode":false,"campfire_choices":[{"data":"luka_mod:Meditation","floor":6,"key":"SMITH"},{"data":"luka_mod:Determination","floor":12,"key":"SMITH"},{"data":"luka_mod:Sara","floor":15,"key":"SMITH"},{"floor":23,"key":"RECALL"},{"floor":25,"key":"REST"}],"circlet_count":0,"master_deck":["luka_mod:StrikeLukaOne","luka_mod:StrikeLukaTwo","luka_mod:StrikeLukaThree+1","luka_mod:StrikeLukaFour","luka_mod:StrikeLukaFive","luka_mod:StrikeLukaSix","luka_mod:Salt","luka_mod:Guard","luka_mod:Edging","luka_mod:FlailWildly","luka_mod:Meditation+1","luka_mod:Feel","luka_mod:Determination+1","luka_mod:RestrictedStrike","luka_mod:Ora","luka_mod:FlashKill","luka_mod:EarthRumblingDecapitation","luka_mod:LightningSwordFlash","luka_mod:VaporizingRebellionSword","luka_mod:Sara+1","luka_mod:Tamamo","luka_mod:Intense","luka_mod:EarthSlash","luka_mod:EndlessGuard","luka_mod:Gnome","luka_mod:UnusedPoison","luka_mod:StressRelief","luka_mod:PrayToIlias","luka_mod:UnusedPoison+1","luka_mod:Gnome"],"relics":["luka_mod:KeepsakeRing","NeowsBlessing","CeramicFish","Kunai","Lizard Tail","Juzu Bracelet","Anchor","Tiny House","White Beast Statue"],"acts_visited":["Exordium","TheCity"],"potions_floor_usage":[10,16,19,21,21,28],"damage_taken":[{"damage":0,"enemies":"2 Louse","floor":1,"turns":1},{"damage":0,"enemies":"Cultist","floor":3,"turns":1},{"damage":0,"enemies":"Small Slimes","floor":4,"turns":2},{"damage":0,"enemies":"2 Fungi Beasts","floor":7,"turns":4},{"damage":28,"enemies":"Gremlin Nob","floor":8,"turns":4},{"damage":36,"enemies":"3 Sentries","floor":10,"turns":6},{"damage":10,"enemies":"3 Louse","floor":13,"turns":3},{"damage":0,"enemies":"Slime Boss","floor":16,"turns":4},{"damage":48,"enemies":"2 Thieves","floor":18,"turns":4},{"damage":22,"enemies":"Shell Parasite","floor":19,"turns":6},{"damage":26,"enemies":"Snake Plant","floor":21,"turns":5},{"damage":10,"enemies":"Snecko","floor":22,"turns":6},{"damage":19,"enemies":"3 Cultists","floor":28,"turns":3}],"seed_played":"370154708175630259","potions_obtained":[{"floor":3,"key":"LiquidMemories"},{"floor":8,"key":"ZuzhouPotion:ReiMu"},{"floor":10,"key":"DuplicationPotion"},{"floor":13,"key":"Guardian:BlockOnCardUsePotion"},{"floor":17,"key":"GamblersBrew"},{"floor":19,"key":"BlessingOfTheForge"},{"floor":21,"key":"Guardian:BlockOnCardUsePotion"},{"floor":22,"key":"PowerPotion"}],"is_trial":false,"path_per_floor":["M","?","M","M","?","R","M","E","T","E","?","R","M","$","R","B",null,"M","M","$","M","M","R","$","R","T","?","M"],"character_chosen":"LUKA_CLASS","items_purchased":["Juzu Bracelet","luka_mod:Sara","Anchor","White Beast Statue","luka_mod:Gnome","luka_mod:UnusedPoison","luka_mod:StressRelief","luka_mod:Gnome"],"campfire_rested":1,"item_purchase_floors":[14,14,14,20,20,20,20,24],"current_hp_per_floor":[40,36,36,36,36,36,40,20,20,24,24,24,34,34,34,34,45,17,17,17,15,5,5,5,18,18,18,0,0],"gold":56,"neow_bonus":"THREE_ENEMY_KILL","is_daily":false,"chose_seed":false,"campfire_upgraded":3,"win_rate":0.0,"timestamp":1610766582,"path_taken":["M","?","M","M","?","R","M","E","T","E","?","R","?","$","R","BOSS","M","M","$","M","M","R","$","R","T","?","M"],"items_purchased_type":["Relic","Card","Relic","Relic","Card","Card","Card","Card"],"build_version":"2020-12-22","purchased_purges":1,"victory":false,"max_hp_per_floor":[40,40,40,40,40,40,40,40,40,40,40,40,40,40,40,40,45,45,45,45,45,45,45,45,45,45,45,45,45],"card_choices":[{"not_picked":["luka_mod:WaterSlash","luka_mod:FlashKill"],"picked":"luka_mod:Feel","floor":1},{"not_picked":["luka_mod:EarthSlash","luka_mod:HeroicStrike"],"picked":"luka_mod:Determination","floor":3},{"not_picked":["luka_mod:WaterSlash","luka_mod:Calm"],"picked":"luka_mod:RestrictedStrike","floor":4},{"not_picked":["luka_mod:AlicesGuard","luka_mod:DemonSkullBeheading"],"picked":"luka_mod:Ora","floor":7},{"not_picked":["luka_mod:Struggle","luka_mod:NeverSurrender"],"picked":"luka_mod:FlashKill","floor":8},{"not_picked":["luka_mod:PeacePreach","luka_mod:BladeOfRagingFire"],"picked":"luka_mod:EarthRumblingDecapitation","floor":10},{"not_picked":["luka_mod:IliasesJudgement","luka_mod:Request"],"picked":"luka_mod:VaporizingRebellionSword","floor":13},{"not_picked":["luka_mod:SealingStrike","luka_mod:Alice"],"picked":"luka_mod:Tamamo","floor":16},{"not_picked":["luka_mod:Request","luka_mod:WaterSlash"],"picked":"luka_mod:Intense","floor":17},{"not_picked":["luka_mod:Struggle","luka_mod:WaterSlash"],"picked":"luka_mod:EarthSlash","floor":18},{"not_picked":["luka_mod:PrayToIlias","luka_mod:Feel"],"picked":"luka_mod:EndlessGuard","floor":19},{"not_picked":["luka_mod:SmallBody+1","luka_mod:RestrictedStrike"],"picked":"luka_mod:PrayToIlias","floor":21},{"not_picked":["luka_mod:Request+1","luka_mod:Cutscene"],"picked":"luka_mod:UnusedPoison+1","floor":22}],"player_experience":1834250,"relics_obtained":[{"floor":8,"key":"CeramicFish"},{"floor":9,"key":"Kunai"},{"floor":10,"key":"Lizard Tail"}],"event_choices":[{"damage_healed":0,"gold_gain":0,"player_choice":"1 cards matched","damage_taken":0,"max_hp_gain":0,"max_hp_loss":0,"event_name":"Match and Keep!","floor":11,"gold_loss":0,"cards_obtained":["luka_mod:LightningSwordFlash"]},{"damage_healed":0,"gold_gain":0,"player_choice":"Ignored","damage_taken":0,"max_hp_gain":0,"max_hp_loss":0,"event_name":"Vampires","floor":27,"gold_loss":0}],"is_beta":false,"boss_relics":[{"not_picked":["Cursed Key","Velvet Choker"],"picked":"Tiny House"}],"items_purged_floors":[14],"is_endless":false,"potions_floor_spawned":[3,8,10,13,19,21,22],"killed_by":"3 Cultists","ascension_level":0}}