{"host":"6es90lqcwaoc0kgm","time":1610816335,"event":{"mods":["Act Like it!","Bard","BaseMod","Hallownest","HololiveMod","Jorbs\u0027s Wanderer Trilogy","Marisa£®ÏF”Í°°ƒß¿Ì…≥£©","Minty Spire (QoL Compilation)","Quick Restart","Remilia£®¿Ÿ√◊¿Ú—«£©","Replay The Spire","StSLib","The Administrix","The Animator","The Bug Knight","The Cursed","The Disciple","The Hierophant","The Necromancer","The Runesmith","The Servant 0.9.4","[GremlinLeader]The Maniac"],"gold_per_floor":[113,124,74,74,74,74,109,125,125,224,237,281,335,366,378,390,390],"floor_reached":16,"language":"ZHS","playtime":2623,"items_purged":[],"score":187,"play_id":"02cea3d3-a153-454c-81da-a506d47c4ed8","local_time":"20210117005855","is_ascension_mode":true,"campfire_choices":[{"data":"ReplayTheSpireMod:Limb From Limb","floor":6.0,"key":"SMITH"},{"data":"Metallicize","floor":15.0,"key":"SMITH"}],"circlet_count":0,"master_deck":["AscendersBane","Strike_R","Strike_R","Strike_R","Defend_R","Defend_R+1","Defend_R","Bash+1","Pommel Strike+1","ReplayTheSpireMod:Limb From Limb+1","Metallicize+1","Reckless Charge+1","ReplayTheSpireMod:Stacked","Dropkick","Thunderclap","ReplayTheSpireMod:Muscle Training","Clash"],"relics":["Burning Blood","Golden Idol","Mirror","King of Hearts","Whetstone","MawBank"],"acts_visited":["Exordium"],"potions_floor_usage":[16],"damage_taken":[{"damage":16.0,"enemies":"Jaw Worm","floor":1.0,"turns":4.0},{"damage":0.0,"enemies":"2 Louse","floor":2.0,"turns":3.0},{"damage":10.0,"enemies":"Gremlin Nob","floor":7.0,"turns":3.0},{"damage":0.0,"enemies":"Small Slimes","floor":8.0,"turns":3.0},{"damage":11.0,"enemies":"Exordium Wildlife","floor":11.0,"turns":3.0},{"damage":24.0,"enemies":"HollowMod:MossKnight","floor":12.0,"turns":3.0},{"damage":1.0,"enemies":"Large Slime","floor":14.0,"turns":2.0},{"damage":24,"enemies":"The Guardian","floor":16,"turns":4}],"seed_played":"-6452267815648749552","potions_obtained":[{"floor":8.0,"key":"Fruit Juice"},{"floor":11.0,"key":"ColorlessPotion"}],"is_trial":false,"path_per_floor":["M","M","?","?","?","R","E","M","T","?","M","E","T","M","R","B"],"character_chosen":"IRONCLAD","items_purchased":[],"campfire_rested":0,"item_purchase_floors":[],"current_hp_per_floor":[58,64,64,50,33,33,29,40,40,40,35,17,17,22,22,0,0],"gold":390,"neow_bonus":"REMOVE_TWO","is_daily":false,"chose_seed":false,"campfire_upgraded":2,"win_rate":0.0,"timestamp":1610816335,"path_taken":["M","M","?","?","?","R","E","M","T","?","M","E","?","M","R","BOSS"],"items_purchased_type":[],"build_version":"2020-12-22","purchased_purges":0,"victory":false,"max_hp_per_floor":[68,68,68,68,68,68,68,73,73,73,73,73,73,73,73,73,73],"card_choices":[{"not_picked":["Cleave","Clothesline"],"picked":"Pommel Strike","floor":1.0},{"not_picked":["Thunderclap","Perfected Strike"],"picked":"ReplayTheSpireMod:Limb From Limb","floor":2.0},{"not_picked":["Thunderclap","Replay:Undeath\u0027s Touch"],"picked":"Metallicize","floor":7.0},{"not_picked":["Cleave","Iron Wave"],"picked":"Reckless Charge","floor":8.0},{"not_picked":["Pommel Strike","Anger"],"picked":"ReplayTheSpireMod:Stacked","floor":10.0},{"not_picked":["Abandon","Metallicize"],"picked":"Dropkick","floor":10.0},{"not_picked":["ReplayTheSpireMod:Strike From Hell","Corruption"],"picked":"Thunderclap","floor":11.0},{"not_picked":["Power Through","Perfected Strike"],"picked":"ReplayTheSpireMod:Muscle Training","floor":12.0},{"not_picked":["ReplayTheSpireMod:Strike From Hell","Havoc"],"picked":"Clash","floor":14.0}],"player_experience":698139,"relics_obtained":[{"floor":7.0,"key":"Mirror"},{"floor":10.0,"key":"King of Hearts"},{"floor":12.0,"key":"Whetstone"},{"floor":13.0,"key":"MawBank"}],"event_choices":[{"cards_removed":["Strike_R"],"damage_healed":0.0,"max_hp_gain":0.0,"max_hp_loss":0.0,"gold_gain":0.0,"event_name":"The Cleric","player_choice":"Card Removal","floor":3.0,"gold_loss":50.0,"damage_taken":0.0},{"damage_healed":0.0,"max_hp_gain":0.0,"max_hp_loss":0.0,"gold_gain":0.0,"event_name":"Shining Light","player_choice":"Entered Light","floor":4.0,"gold_loss":0.0,"damage_taken":14.0,"cards_upgraded":["Bash","Defend_R"]},{"damage_healed":0.0,"max_hp_gain":0.0,"max_hp_loss":0.0,"gold_gain":0.0,"event_name":"Golden Idol","player_choice":"Take Damage","floor":5.0,"gold_loss":0.0,"damage_taken":17.0,"relics_obtained":["Golden Idol"]}],"is_beta":false,"boss_relics":[],"items_purged_floors":[],"is_endless":false,"potions_floor_spawned":[8,11],"killed_by":"The Guardian","ascension_level":14}}