{"host":"jmdwsiegw2vwqzt1","time":1610840016,"event":{"mods":["2.2 Compatiblity","AchievementEnabler","BaseMod","Better Third Choice","Better Vampires","Colored Powertips","Custom Start","Dio Mod","Downfall","Hermit","Highlight Path","Jorbs\u0027s Wanderer Trilogy","Marisa????????","Minty Spire (QoL Compilation)","Permanent Neow","Quick Restart","Rare Cards Sparkle","Relic Stats","Spicy Shops","StSLib","SuperFastMode","The Bug Knight","The Cursed","The Disciple","The Hierophant","The Necromancer","The Servant 0.9.4","slay the spire mod where everything is the same but ironclad has a cowboy hat"],"gold_per_floor":[99,111,130,305,321,321,347,373,373,209,309,209,224,276,292,392,392,392,412,412,423,423,443,443,443,461,461,461],"floor_reached":27,"language":"ENG","playtime":1145,"items_purged":["downfall:Malfunctioning"],"score":203,"play_id":"ca52984a-6232-4ad6-87e1-d79d327560d2","local_time":"20210116183336","is_ascension_mode":false,"campfire_choices":[{"floor":1,"key":"RECALL"},{"floor":12,"key":"REST"},{"data":"bronze:GetLatest","floor":18,"key":"SMITH"}],"circlet_count":0,"master_deck":["bronze:Strike","bronze:Strike","bronze:Strike","bronze:Defend","bronze:Defend+1","bronze:Defend","bronze:Defend","bronze:Replicate","bronze:Goto+1","Good Instincts","bronze:DelayedSlice","bronze:WhirlingStrike","bronze:OilSpill+1","bronze:Iterate","bronze:ChosenStrike+1","bronze:CloningBeam","bronze:ClassDefault","bronze:ClassDefault","bronze:GetLatest+1","bronze:Verify","bronze:Branch","bronze:CutThrough","bronze:CutThrough","bronze:Branch"],"relics":["bronze:BronzeCore","Orichalcum","Odd Mushroom","HandDrill","downfall:HeartBlessingRed","bronze:SilverBullet","Sozu"],"acts_visited":["Exordium","TheCity"],"potions_floor_usage":[11,15,16,27],"damage_taken":[{"damage":2,"enemies":"2 Louse","floor":2,"turns":3},{"damage":0,"enemies":"Small Slimes","floor":3,"turns":2},{"damage":1,"enemies":"Jaw Worm","floor":5,"turns":3},{"damage":6,"enemies":"The Mushroom Lair","floor":8,"turns":3},{"damage":2,"enemies":"downfall:FleeingMerchant","floor":10,"turns":4},{"damage":53,"enemies":"downfall:Heads","floor":11,"turns":8},{"damage":0,"enemies":"Large Slime","floor":13,"turns":3},{"damage":0,"enemies":"2 Fungi Beasts","floor":15,"turns":2},{"damage":22,"enemies":"WA_ARCHETYPE_RETAIN","floor":16,"turns":6},{"damage":0,"enemies":"Spheric Guardian","floor":19,"turns":1},{"damage":10,"enemies":"Shelled Parasite and Fungi","floor":21,"turns":3},{"damage":4,"enemies":"Snecko","floor":23,"turns":4},{"damage":15,"enemies":"3 Cultists","floor":26,"turns":4},{"damage":29,"enemies":"DF_ARCHETYPE_STREAMLINE","floor":27,"turns":5}],"seed_played":"-424614331659908450","potions_obtained":[{"floor":8,"key":"Block Potion"},{"floor":13,"key":"Regen Potion"},{"floor":15,"key":"Block Potion"},{"floor":16,"key":"sneckomod:MuddlingPotion"}],"is_trial":false,"path_per_floor":["R","M","M","?","M","?","T","?","?","$","?","R","M","T","M","B",null,"R","M","?","M","?","M","T","?","M","?"],"character_chosen":"THE_AUTOMATON","items_purchased":["HandDrill"],"campfire_rested":1,"item_purchase_floors":[10],"current_hp_per_floor":[70,68,68,68,67,67,67,61,61,59,6,27,27,27,32,10,70,70,70,57,47,47,43,43,43,28,0,0],"gold":461,"neow_bonus":"RANDOM_COLORLESS","is_daily":false,"chose_seed":false,"campfire_upgraded":1,"win_rate":0.0,"timestamp":1610840016,"path_taken":["R","M","M","?","M","?","T","?","?","?","?","R","M","?","M","BOSS","R","M","?","M","?","M","T","?","M","?"],"items_purchased_type":["Relic"],"build_version":"2020-12-22","purchased_purges":1,"victory":false,"max_hp_per_floor":[70,70,70,70,70,70,70,70,70,70,70,70,70,70,70,70,70,70,70,75,75,75,75,75,75,75,75,75],"relic_stats":{"Sozu":2,"counters":[14,51],"HandDrill":[16],"Orichalcum":[72],"obtain_stats":[{"Sozu":17,"bronze:BronzeCore":0,"downfall:HeartBlessingRed":12,"HandDrill":10,"Orichalcum":7,"Odd Mushroom":8,"bronze:SilverBullet":14},{"Sozu":9,"bronze:BronzeCore":0,"downfall:HeartBlessingRed":6,"HandDrill":5,"Orichalcum":3,"Odd Mushroom":4,"bronze:SilverBullet":7},{"Sozu":34,"bronze:BronzeCore":0,"downfall:HeartBlessingRed":23,"HandDrill":15,"Orichalcum":8,"Odd Mushroom":11,"bronze:SilverBullet":26}]},"card_choices":[{"not_picked":["Finesse","Enlightenment"],"picked":"Good Instincts","floor":0},{"not_picked":["bronze:ItsAFeature","bronze:Separator"],"picked":"bronze:DelayedSlice","floor":2},{"not_picked":["bronze:DarkDash","bronze:Deprecate"],"picked":"bronze:WhirlingStrike","floor":3},{"not_picked":["bronze:Frontload","bronze:WildBeam"],"picked":"bronze:OilSpill","floor":5},{"not_picked":["bronze:Turbo","bronze:FineTuning"],"picked":"bronze:Iterate","floor":8},{"not_picked":["bronze:NullPointer","bronze:CleanCode"],"picked":"bronze:ChosenStrike","floor":10},{"not_picked":["bronze:MaxOutput","bronze:FineTuning"],"picked":"bronze:ClassDefault","floor":11},{"not_picked":["bronze:HardenedForm","bronze:WildBeam"],"picked":"bronze:ClassDefault","floor":13},{"not_picked":["bronze:Boost","bronze:DelayedGuard"],"picked":"bronze:GetLatest","floor":15},{"not_picked":["bronze:Assembly","bronze:CleanCode"],"picked":"bronze:Verify","floor":16},{"not_picked":["bronze:DarkDash","bronze:CutThrough"],"picked":"bronze:Branch","floor":19},{"not_picked":["bronze:ForLoop+1","bronze:BronzeArmor"],"picked":"bronze:CutThrough","floor":21},{"not_picked":["bronze:Fortify+1","bronze:BitShift+1"],"picked":"bronze:CutThrough","floor":23},{"not_picked":["bronze:Overload","bronze:MaxOutput"],"picked":"bronze:Branch","floor":26}],"player_experience":333549,"relics_obtained":[{"floor":7,"key":"Orichalcum"},{"floor":8,"key":"Odd Mushroom"},{"floor":14,"key":"bronze:SilverBullet"}],"event_choices":[{"damage_healed":0,"gold_gain":0,"player_choice":"Fought Mushrooms","damage_taken":0,"max_hp_gain":0,"max_hp_loss":0,"event_name":"Mushrooms","floor":8,"gold_loss":0},{"damage_healed":0,"gold_gain":0,"player_choice":"Ignored","damage_taken":0,"max_hp_gain":0,"max_hp_loss":0,"event_name":"Vampires","floor":22,"gold_loss":0}],"is_beta":false,"boss_relics":[{"not_picked":["Pandora\u0027s Box","Runic Dome"],"picked":"Sozu"}],"items_purged_floors":[10],"is_endless":false,"potions_floor_spawned":[8,13,15,16,19,26],"killed_by":"DF_ARCHETYPE_STREAMLINE","ascension_level":0}}