{"host":"v1m5rkjj38qutr02","time":1610782647,"event":{"mods":["Act Like it!","BaseMod","Challenge The Spire","Conspire","Gensokyo","GungeonMod","Hallownest","Minty Spire (QoL Compilation)","Replay The Spire","StSLib","The Bug Knight","Youmu£®ªÍ∆«—˝√Œ£©"],"gold_per_floor":[115,134,134,134,234,234,261,261,332,351,386,402,367,185,185,283,283,223,238,238,89,89,89],"floor_reached":22,"language":"ZHS","playtime":545,"items_purged":[],"score":323,"play_id":"12c93e29-71df-4201-b989-26dff7c55754","local_time":"20210116153727","is_ascension_mode":true,"campfire_choices":[{"data":"Zap","floor":6.0,"key":"SMITH"},{"data":"Seek","floor":8.0,"key":"SMITH"},{"data":"Defragment","floor":15.0,"key":"SMITH"}],"circlet_count":0,"master_deck":["AscendersBane","Strike_B","Strike_B","Strike_B","Defend_B","Defend_B","Defend_B","Defend_B","Zap+1","Dualcast","Seek+1","Hologram","Defragment+1","Creative AI","Conserve Battery","Capacitor"],"relics":["Cracked Core","NeowsBlessing","Mummified Hand","Molten Egg 2","Bird Faced Urn","Tiny Chest","conspire:SpecialSausage","Bag of Preparation"],"acts_visited":["Exordium","TheCity"],"potions_floor_usage":[16,16],"damage_taken":[{"damage":0.0,"enemies":"Small Slimes","floor":1.0,"turns":1.0},{"damage":0.0,"enemies":"2 Louse","floor":2.0,"turns":1.0},{"damage":0.0,"enemies":"3 Sentries","floor":7.0,"turns":1.0},{"damage":0.0,"enemies":"Cultist","floor":10.0,"turns":4.0},{"damage":20.0,"enemies":"Gremlin Nob","floor":11.0,"turns":5.0},{"damage":2.0,"enemies":"Large Slime","floor":12.0,"turns":6.0},{"damage":39,"enemies":"The Guardian","floor":16,"turns":12},{"damage":23,"enemies":"2 Thieves","floor":18,"turns":4},{"damage":35,"enemies":"3 Byrds","floor":19,"turns":5},{"damage":2,"enemies":"Shelled Parasite and Fungi","floor":22,"turns":3}],"seed_played":"7944510091735895742","potions_obtained":[{"floor":1.0,"key":"Strength Potion"},{"floor":2.0,"key":"SpeedPotion"},{"floor":10.0,"key":"Weak Potion"},{"floor":11.0,"key":"Block Potion"}],"is_trial":false,"path_per_floor":["M","M","?","?","?","R","E","R","T","M","E","M","?","$","R","B",null,"M","M","?","$","M"],"character_chosen":"DEFECT","items_purchased":["Defragment","Tiny Chest","Bag of Preparation"],"campfire_rested":0,"item_purchase_floors":[14,14,21],"current_hp_per_floor":[68,68,61,61,61,61,61,61,61,61,41,39,57,57,57,20,61,40,7,7,7,7,7],"gold":89,"neow_bonus":"THREE_ENEMY_KILL","is_daily":false,"chose_seed":false,"campfire_upgraded":3,"win_rate":0.0,"timestamp":1610782647,"path_taken":["M","M","?","?","?","R","E","R","T","M","E","?","?","?","R","BOSS","M","M","?","$","M"],"items_purchased_type":["Card","Relic","Relic"],"build_version":"2020-12-22","purchased_purges":0,"victory":false,"max_hp_per_floor":[75,75,75,75,75,75,75,75,75,75,75,75,75,75,75,75,75,75,75,75,75,75,75],"card_choices":[{"not_picked":["Genetic Algorithm","Chill","Scrape"],"picked":"SKIP","floor":1.0},{"not_picked":["Rebound","Fusion","Sunder"],"picked":"SKIP","floor":2.0},{"not_picked":["Steam","Panic Button"],"picked":"Seek","floor":7.0},{"not_picked":["Streamline+1","Redo"],"picked":"Hologram","floor":10.0},{"not_picked":["Beam Cell+1","Sweeping Beam+1","Leap"],"picked":"SKIP","floor":11.0},{"not_picked":["Recycle","Panic Button","Leap"],"picked":"SKIP","floor":12.0},{"not_picked":["Biased Cognition","Hyperbeam+1"],"picked":"Creative AI","floor":16},{"not_picked":["Beam Cell+1","Genetic Algorithm"],"picked":"Conserve Battery","floor":18},{"not_picked":["Redo","Cold Snap+1"],"picked":"Capacitor","floor":19}],"player_experience":413271,"relics_obtained":[{"floor":7.0,"key":"Mummified Hand"},{"floor":9.0,"key":"Molten Egg 2"},{"floor":11.0,"key":"Bird Faced Urn"}],"event_choices":[{"cards_removed":["Strike_B"],"damage_healed":0.0,"max_hp_gain":0.0,"max_hp_loss":0.0,"gold_gain":0.0,"event_name":"Golden Wing","player_choice":"Card Removal","floor":3.0,"gold_loss":0.0,"damage_taken":7.0},{"damage_healed":0.0,"max_hp_gain":0.0,"max_hp_loss":0.0,"gold_gain":100.0,"event_name":"Golden Shrine","player_choice":"Pray","floor":5.0,"gold_loss":0.0,"damage_taken":0.0},{"damage_healed":18.0,"max_hp_gain":0.0,"max_hp_loss":0.0,"gold_gain":0.0,"event_name":"The Cleric","player_choice":"Healed","floor":13.0,"gold_loss":35.0,"damage_taken":0.0},{"damage_healed":0,"gold_gain":0,"player_choice":"Ignored","damage_taken":0,"max_hp_gain":0,"max_hp_loss":0,"event_name":"Vampires","floor":20,"gold_loss":0}],"is_beta":false,"boss_relics":[{"not_picked":["SacredBark","conspire:SeveredTorchhead"],"picked":"conspire:SpecialSausage"}],"items_purged_floors":[],"is_endless":false,"potions_floor_spawned":[1,2,10,11],"killed_by":"Shelled Parasite and Fungi","ascension_level":10}}