{"host":"hzinic87vu8p95wn","time":1610773447,"event":{"mods":["BaseMod","Minty Spire (QoL Compilation)"],"gold_per_floor":[119,132,132,57,57,57,90,109,109,123,137,150,164,182,182,182,182],"floor_reached":16,"language":"ENG","playtime":2248,"items_purged":[],"score":201,"play_id":"2db3eb0f-331f-4630-858e-04e267b206cf","local_time":"20210116160407","is_ascension_mode":true,"campfire_choices":[{"data":"Bash","floor":6.0,"key":"SMITH"},{"floor":15,"key":"REST"}],"circlet_count":0,"master_deck":["AscendersBane","Strike_R","Strike_R","Strike_R","Strike_R","Defend_R","Defend_R","Defend_R","Defend_R","Bash+1","Twin Strike+1","Pommel Strike","Cleave","Disarm","True Grit","Entrench"],"relics":["Burning Blood","Omamori","Shuriken","CaptainsWheel"],"acts_visited":["Exordium"],"potions_floor_usage":[13],"damage_taken":[{"damage":10.0,"enemies":"2 Louse","floor":1.0,"turns":3.0},{"damage":5.0,"enemies":"Small Slimes","floor":2.0,"turns":3.0},{"damage":27.0,"enemies":"3 Sentries","floor":7.0,"turns":9.0},{"damage":14.0,"enemies":"Jaw Worm","floor":8.0,"turns":4.0},{"damage":10.0,"enemies":"Gremlin Gang","floor":10.0,"turns":5.0},{"damage":11.0,"enemies":"Blue Slaver","floor":11.0,"turns":4.0},{"damage":11,"enemies":"3 Louse","floor":12,"turns":4},{"damage":1,"enemies":"Exordium Thugs","floor":13,"turns":4},{"damage":8,"enemies":"Red Slaver","floor":14,"turns":4},{"damage":33,"enemies":"The Guardian","floor":16,"turns":6}],"seed_played":"2342621604873884723","potions_obtained":[{"floor":2.0,"key":"BlessingOfTheForge"},{"floor":8.0,"key":"Ancient Potion"},{"floor":10.0,"key":"Energy Potion"},{"floor":11.0,"key":"DuplicationPotion"},{"floor":14,"key":"SmokeBomb"}],"is_trial":false,"path_per_floor":["M","M","?","?","$","R","E","M","T","M","M","M","M","M","R","B"],"character_chosen":"IRONCLAD","items_purchased":[],"campfire_rested":1,"item_purchase_floors":[],"current_hp_per_floor":[64,65,65,65,65,65,44,36,36,32,27,22,27,25,47,14,14],"gold":182,"neow_bonus":"RANDOM_COMMON_RELIC","is_daily":false,"chose_seed":false,"campfire_upgraded":1,"win_rate":0.0,"timestamp":1610773447,"path_taken":["M","M","?","?","?","R","E","M","T","M","?","M","?","M","R","BOSS"],"items_purchased_type":[],"build_version":"2020-12-22","purchased_purges":0,"victory":false,"max_hp_per_floor":[75,75,75,75,75,75,75,75,75,75,75,75,75,75,75,75,75],"card_choices":[{"not_picked":["Armaments","Wild Strike"],"picked":"Twin Strike","floor":1.0},{"not_picked":["Flex","Thunderclap"],"picked":"Pommel Strike","floor":2.0},{"not_picked":["Rupture","Headbutt"],"picked":"Cleave","floor":7.0},{"not_picked":["Shrug It Off","Havoc"],"picked":"Disarm","floor":8.0},{"not_picked":["Exhume","Burning Pact","Havoc"],"picked":"SKIP","floor":10.0},{"not_picked":["Body Slam","Twin Strike"],"picked":"True Grit","floor":11.0},{"not_picked":["Headbutt","Twin Strike"],"picked":"Entrench","floor":12},{"not_picked":["Pummel","Thunderclap","Uppercut"],"picked":"SKIP","floor":13},{"not_picked":["Sword Boomerang","Fiend Fire","Pommel Strike"],"picked":"SKIP","floor":14}],"player_experience":1569420,"relics_obtained":[{"floor":7.0,"key":"Shuriken"},{"floor":9.0,"key":"CaptainsWheel"}],"event_choices":[{"damage_healed":0.0,"max_hp_gain":0.0,"max_hp_loss":0.0,"gold_gain":0.0,"event_name":"Living Wall","player_choice":"Grow","floor":3.0,"gold_loss":0.0,"damage_taken":0.0,"cards_upgraded":["Twin Strike"]},{"cards_removed":["Strike_R"],"damage_healed":0.0,"max_hp_gain":0.0,"max_hp_loss":0.0,"gold_gain":0.0,"event_name":"The Cleric","player_choice":"Card Removal","floor":4.0,"gold_loss":75.0,"damage_taken":0.0}],"is_beta":false,"boss_relics":[],"items_purged_floors":[],"is_endless":false,"potions_floor_spawned":[2,8,10,11,14],"killed_by":"The Guardian","ascension_level":18}}