{"host":"e4wnmsyty9uvvtwf","time":1610792099,"event":{"mods":["Act Like it!","BaseMod","Colored Map","Colored Powertips","Gensokyo","Marisa£®ÏF”Í°°ƒß¿Ì…≥£©","Minty Spire (QoL Compilation)","Rare Cards Sparkle","StSLib"],"gold_per_floor":[112,112,32,32,11,11,23,23,103,416,430,456,31,71,71,231,231,293,293,358,432,444,444,534,90,90,245,245,245],"floor_reached":28,"language":"ZHS","playtime":964,"items_purged":["Clumsy"],"score":296,"play_id":"f7419310-3af2-42fa-8045-1436bc13f777","local_time":"20210116181459","is_ascension_mode":false,"campfire_choices":[{"data":"FairyDestructionRay","floor":6,"key":"SMITH"},{"data":"MilkyWay","floor":8,"key":"SMITH"},{"data":"Robbery","floor":15,"key":"SMITH"},{"data":"OortCloud","floor":23,"key":"SMITH"}],"circlet_count":0,"master_deck":["Strike_MRS","Strike_MRS","Strike_MRS","Strike_MRS+1","Defend_MRS","Defend_MRS","Defend_MRS","Defend_MRS+1","MasterSpark+1","UpSweep","MilkyWay+1","FairyDestructionRay+1","DoubleSpark","ChargeUpSpray","PowerUp","MilkyWay","ShootTheMoon+1","WitchOfGreed","Robbery+1","SatelliteIllusion","OortCloud+1","EnergyFlow+1","DeepEcoloBomb","MilkyWay","MysteriousBeam","Gensokyo:TarnishedGold","Gensokyo:BlemishedSteel","MagicChant+1"],"relics":["MiniHakkero","Gensokyo:NagashiBinaDoll","Question Card","Omamori","HornCleat","Sundial","RampagingMagicTools","Lantern","OrangePellets","SimpleLauncher","Toxic Egg 2","Shovel","Girya","Boot"],"acts_visited":["Exordium","Gensokyo:Gensokyo"],"potions_floor_usage":[21,27,28,28],"damage_taken":[{"damage":7,"enemies":"Gensokyo:Gryphon","floor":1,"turns":3},{"damage":9,"enemies":"Gensokyo:2_Kodama","floor":7,"turns":4},{"damage":4,"enemies":"Gensokyo:Python","floor":10,"turns":3},{"damage":0,"enemies":"Gensokyo:VengefulSpirit","floor":11,"turns":3},{"damage":9,"enemies":"Gensokyo:Aya","floor":12,"turns":5},{"damage":0,"enemies":"Gensokyo:Cirno","floor":14,"turns":5},{"damage":26,"enemies":"Gensokyo:Kokoro","floor":16,"turns":11},{"damage":0,"enemies":"Gensokyo:2_Gloops","floor":18,"turns":4},{"damage":2,"enemies":"Gensokyo:Chomper","floor":20,"turns":5},{"damage":15,"enemies":"Gensokyo:3_Gloops","floor":21,"turns":5},{"damage":16,"enemies":"Gensokyo:Slime_Group","floor":22,"turns":4},{"damage":26,"enemies":"Gensokyo:Tenshi","floor":24,"turns":5},{"damage":8,"enemies":"Gensokyo:Tenshi","floor":27,"turns":7},{"damage":8,"enemies":"Gensokyo:Wraith","floor":28,"turns":3}],"seed_played":"8053708810119998785","potions_obtained":[{"floor":11,"key":"Strength Potion"},{"floor":14,"key":"LiquidMemories"},{"floor":16,"key":"AttackPotion"},{"floor":18,"key":"Block Potion"},{"floor":21,"key":"PowerPotion"},{"floor":24,"key":"ColorlessPotion"},{"floor":27,"key":"ColorlessPotion"}],"is_trial":false,"path_per_floor":["M","?","$","?","COS","R","M","R","T","M","M","E","$","E","R","B",null,"M","?","M","M","M","R","E","COS","T","?","M"],"character_chosen":"MARISA","items_purchased":["FairyDestructionRay","ShootTheMoon","HornCleat","WitchOfGreed"],"campfire_rested":0,"item_purchase_floors":[3,13,13,13],"current_hp_per_floor":[68,68,68,68,68,68,59,59,59,55,55,46,46,46,46,20,75,75,75,73,58,42,42,16,16,16,8,0,0],"gold":245,"neow_bonus":"UPGRADE_CARD","is_daily":false,"chose_seed":false,"campfire_upgraded":4,"win_rate":0.0,"timestamp":1610792099,"path_taken":["M","?","?","?","COS","R","?","R","T","M","M","E","$","E","R","BOSS","M","?","M","M","M","R","E","COS","T","?","?"],"items_purchased_type":["Card","Card","Relic","Card"],"build_version":"2020-12-22","purchased_purges":1,"victory":false,"max_hp_per_floor":[75,75,75,75,75,75,75,75,75,75,75,75,75,75,75,75,75,75,75,75,75,75,75,75,75,75,75,75,75],"card_choices":[{"not_picked":["SporeBomb","6A"],"picked":"MilkyWay","floor":1},{"not_picked":["SporeBomb","ChargingUp"],"picked":"DoubleSpark","floor":7},{"not_picked":["MysteriousBeam","Orbital","UnstableBomb"],"picked":"ChargeUpSpray","floor":10},{"not_picked":["DoubleSpark","WitchLeyline","EventHorizon"],"picked":"PowerUp","floor":11},{"not_picked":["MagicAbsorber","GravityBeat","MysteriousBeam"],"picked":"MilkyWay","floor":12},{"not_picked":["EnergyFlow","DC","OrrerysSun"],"picked":"Robbery","floor":14},{"not_picked":["AbsoluteMagnitude","BlazingStar","JA"],"picked":"SatelliteIllusion","floor":16},{"not_picked":["GravityBeat","MilkyWay","SporeBomb"],"picked":"OortCloud","floor":18},{"not_picked":["DoubleSpark","UnstableBomb","LuminesStrike"],"picked":"EnergyFlow+1","floor":20},{"not_picked":["AsteroidBelt","GrandCross","DragonMeteor"],"picked":"DeepEcoloBomb","floor":21},{"not_picked":["DC","6A","JA"],"picked":"MilkyWay","floor":22},{"not_picked":["ShootTheMoon","DC","UnstableBomb"],"picked":"MysteriousBeam","floor":24},{"not_picked":["PowerUp+1","EnergyFlow","MysteriousBeam+1"],"picked":"MagicChant+1","floor":27}],"player_experience":699284,"relics_obtained":[{"floor":9,"key":"Question Card"},{"floor":12,"key":"Omamori"},{"floor":14,"key":"Sundial"},{"floor":24,"key":"Lantern"},{"floor":26,"key":"Toxic Egg 2"},{"floor":27,"key":"Shovel"},{"floor":27,"key":"Girya"}],"event_choices":[],"is_beta":false,"boss_relics":[{"not_picked":["BewitchedHakkero","Pandora\u0027s Box"],"picked":"RampagingMagicTools"}],"items_purged_floors":[13],"is_endless":false,"potions_floor_spawned":[11,14,16,22,27],"killed_by":"Gensokyo:Wraith","ascension_level":0}}