{"host":"fghh6uc8siqeqraf","time":1610787918,"event":{"mods":["AchievementEnabler","BaseMod","Colored Powertips","Googly Eyes","Hermit","Lobotomy","Minty Spire (QoL Compilation)","Replay The Spire","Shop Mod","StSLib","The Cursed","The Hierophant"],"gold_per_floor":[114,126,144,160,179,179,179],"floor_reached":6,"language":"ZHS","playtime":547,"items_purged":[],"score":40,"play_id":"f2cd3a10-6b6b-4af1-a069-9e4117cb5365","local_time":"20210116170518","is_ascension_mode":false,"campfire_choices":[],"circlet_count":0,"master_deck":["Strike_R","Strike_R","Strike_R","Strike_R","Strike_R","Defend_R","Defend_R","Defend_R","Defend_R","Bash","WallGazer","Cleave","MeatLantern","Clash","GalaxyChild","Flame Barrier","VoidDream","Flex","ShyLook","Brutality"],"relics":["Burning Blood","CogitoBucket"],"acts_visited":["Exordium"],"potions_floor_usage":[],"damage_taken":[{"damage":0,"enemies":"Small Slimes","floor":1,"turns":3},{"damage":5,"enemies":"2 Louse","floor":2,"turns":3},{"damage":2,"enemies":"Cultist","floor":3,"turns":3},{"damage":2,"enemies":"Looter","floor":4,"turns":3},{"damage":51,"enemies":"Lots of Slimes","floor":5,"turns":4},{"damage":47,"enemies":"Replay:BlueRogue","floor":6,"turns":5}],"seed_played":"-1564855342929509530","potions_obtained":[{"floor":3,"key":"PowerPotion"},{"floor":5,"key":"ElixirPotion"}],"is_trial":false,"path_per_floor":["M","M","M","M","M","E"],"character_chosen":"IRONCLAD","items_purchased":[],"campfire_rested":0,"item_purchase_floors":[],"current_hp_per_floor":[80,80,80,80,35,0,0],"gold":179,"neow_bonus":"","is_daily":false,"chose_seed":false,"campfire_upgraded":0,"win_rate":0.0,"timestamp":1610787918,"path_taken":["M","M","M","M","M","E"],"items_purchased_type":[],"build_version":"2020-12-22","purchased_purges":0,"victory":false,"max_hp_per_floor":[80,80,80,80,80,80,80],"card_choices":[{"not_picked":["OSAHOGD","CrumblingArmor"],"picked":"WallGazer","floor":1},{"not_picked":["Sword Boomerang","Run Through"],"picked":"Cleave","floor":1},{"not_picked":["BeautyBeast","CrumblingArmor"],"picked":"MeatLantern","floor":2},{"not_picked":["Cleave","Infernal Blade"],"picked":"Clash","floor":2},{"not_picked":["Bloodbath","ShyLook"],"picked":"GalaxyChild","floor":3},{"not_picked":["Fiend Fire","Blood for Blood"],"picked":"Flame Barrier","floor":3},{"not_picked":["ShyLook","OldLady"],"picked":"VoidDream","floor":4},{"not_picked":["Pommel Strike","Reckless Charge"],"picked":"Flex","floor":4},{"not_picked":["PunishingBird","MHz"],"picked":"ShyLook","floor":5},{"not_picked":["Fire Breathing","Clothesline"],"picked":"Brutality","floor":5}],"player_experience":108682,"relics_obtained":[],"event_choices":[],"is_beta":false,"boss_relics":[],"items_purged_floors":[],"is_endless":false,"potions_floor_spawned":[3,5],"killed_by":"Replay:BlueRogue","ascension_level":0}}