{"host":"sa7ebub27cgn5wai","time":1610770018,"event":{"mods":["BaseMod","Colored Map","Minty Spire (QoL Compilation)","SuperFastMode"],"gold_per_floor":[114,132,142,160,174,174,200,200,200,263,263,275,293,304,304,405,405,422,435,176,191,34,34,47,47,96,111,111,111,144,155,155,155,155],"floor_reached":33,"language":"KOR","playtime":795,"items_purged":[],"score":396,"play_id":"c46f9e31-10d2-4a2b-9463-260efc248a80","local_time":"20210116130658","is_ascension_mode":true,"campfire_choices":[{"data":"Dagger Spray","floor":6,"key":"SMITH"},{"floor":8,"key":"REST"},{"data":"Dash","floor":11,"key":"SMITH"},{"data":"Blade Dance","floor":15,"key":"SMITH"},{"data":"Blade Dance","floor":23,"key":"SMITH"},{"floor":25,"key":"REST"},{"floor":32,"key":"REST"}],"circlet_count":0,"master_deck":["Strike_G","Strike_G","Strike_G","Strike_G","Strike_G","Defend_G","Defend_G","Defend_G","Defend_G","Defend_G","Survivor","Neutralize","Dagger Spray+1","PiercingWail","Tactician","Sucker Punch","Flying Knee","Dash+1","Escape Plan","Blade Dance+1","Bullet Time","Escape Plan","Reflex","Blade Dance+1","Blade Dance+1"],"relics":["Ring of the Snake","Ancient Tea Set","Blue Candle","WristBlade","Bag of Marbles","Sling","Toy Ornithopter","Letter Opener"],"acts_visited":["Exordium","TheCity"],"potions_floor_usage":[16,16,30,30,33],"damage_taken":[{"damage":0,"enemies":"Cultist","floor":1,"turns":3},{"damage":3,"enemies":"2 Louse","floor":2,"turns":3},{"damage":1,"enemies":"Jaw Worm","floor":3,"turns":4},{"damage":7,"enemies":"Blue Slaver","floor":4,"turns":5},{"damage":4,"enemies":"Large Slime","floor":5,"turns":6},{"damage":33,"enemies":"Lagavulin","floor":7,"turns":8},{"damage":0,"enemies":"2 Fungi Beasts","floor":12,"turns":3},{"damage":0,"enemies":"Lots of Slimes","floor":13,"turns":2},{"damage":6,"enemies":"3 Louse","floor":14,"turns":3},{"damage":7,"enemies":"Slime Boss","floor":16,"turns":7},{"damage":12,"enemies":"Chosen","floor":18,"turns":5},{"damage":8,"enemies":"3 Byrds","floor":19,"turns":5},{"damage":1,"enemies":"Centurion and Healer","floor":21,"turns":4},{"damage":6,"enemies":"Sentry and Sphere","floor":24,"turns":5},{"damage":0,"enemies":"Snecko","floor":27,"turns":2},{"damage":2,"enemies":"Slavers","floor":30,"turns":5},{"damage":24,"enemies":"Centurion and Healer","floor":31,"turns":5},{"damage":79,"enemies":"Champ","floor":33,"turns":7}],"seed_played":"3266423072489914573","potions_obtained":[{"floor":1,"key":"FearPotion"},{"floor":4,"key":"Strength Potion"},{"floor":12,"key":"Block Potion"},{"floor":16,"key":"ColorlessPotion"},{"floor":24,"key":"GamblersBrew"},{"floor":30,"key":"FearPotion"}],"is_trial":false,"path_per_floor":["M","M","M","M","M","R","E","R","T","?","R","M","M","M","R","B",null,"M","M","$","M","$","R","M","R","T","M","?","$","E","M","R","B"],"character_chosen":"THE_SILENT","items_purchased":["Bag of Marbles","Escape Plan","Reflex","Sling"],"campfire_rested":3,"item_purchase_floors":[20,20,20,22],"current_hp_per_floor":[63,60,59,52,48,48,15,36,36,36,36,36,36,30,30,23,58,46,38,38,37,37,37,31,52,52,52,70,70,68,44,65,0,0],"gold":155,"neow_bonus":"THREE_CARDS","is_daily":false,"chose_seed":false,"campfire_upgraded":4,"win_rate":0.0,"timestamp":1610770018,"path_taken":["M","?","M","?","M","R","E","R","T","?","R","M","M","M","R","BOSS","M","M","$","M","$","R","M","R","T","M","?","$","E","M","R","BOSS"],"items_purchased_type":["Relic","Card","Card","Relic"],"build_version":"2020-12-22","purchased_purges":0,"victory":false,"max_hp_per_floor":[70,70,70,70,70,70,70,70,70,70,70,70,70,70,70,70,70,70,70,70,70,70,70,70,70,70,70,70,70,70,70,70,70,70],"card_choices":[{"not_picked":["Escape Plan","PiercingWail"],"picked":"Dagger Spray","floor":0},{"not_picked":["Distraction","Setup"],"picked":"PiercingWail","floor":1},{"not_picked":["PiercingWail","Underhanded Strike"],"picked":"Tactician","floor":2},{"not_picked":["Expertise","Outmaneuver"],"picked":"Sucker Punch","floor":3},{"not_picked":["Deflect","Sucker Punch"],"picked":"Flying Knee","floor":4},{"not_picked":["Underhanded Strike","Backflip"],"picked":"Dash","floor":5},{"not_picked":["Leg Sweep","Poisoned Stab","Venomology"],"picked":"SKIP","floor":7},{"not_picked":["Heel Hook","Skewer"],"picked":"Escape Plan","floor":12},{"not_picked":["Deadly Poison","Underhanded Strike","Calculated Gamble"],"picked":"SKIP","floor":13},{"not_picked":["Glass Knife","Sucker Punch"],"picked":"Blade Dance","floor":14},{"not_picked":["Venomology","Unload"],"picked":"Bullet Time","floor":16},{"not_picked":["Underhanded Strike","Predator","Setup+1"],"picked":"SKIP","floor":18},{"not_picked":["Prepared","Deflect","Eviscerate+1"],"picked":"SKIP","floor":19},{"not_picked":["Well Laid Plans","Backflip"],"picked":"Blade Dance","floor":21},{"not_picked":["Calculated Gamble","Concentrate+1","Prepared"],"picked":"SKIP","floor":24},{"not_picked":["Flying Knee","Deadly Poison+1","Blur"],"picked":"SKIP","floor":27},{"not_picked":["Envenom","Dagger Spray"],"picked":"Blade Dance+1","floor":30},{"not_picked":["Prepared","Backflip","Acrobatics+1"],"picked":"SKIP","floor":31}],"player_experience":300894,"relics_obtained":[{"floor":7,"key":"Ancient Tea Set"},{"floor":9,"key":"Blue Candle"},{"floor":26,"key":"Toy Ornithopter"},{"floor":30,"key":"Letter Opener"}],"event_choices":[{"damage_healed":0,"gold_gain":63,"player_choice":"Gained Gold","damage_taken":0,"max_hp_gain":0,"max_hp_loss":0,"event_name":"Golden Wing","floor":10,"gold_loss":0},{"damage_healed":23,"gold_gain":0,"player_choice":"Heal","damage_taken":0,"max_hp_gain":0,"max_hp_loss":0,"event_name":"The Library","floor":28,"gold_loss":0}],"is_beta":false,"boss_relics":[{"not_picked":["Cursed Key","Velvet Choker"],"picked":"WristBlade"}],"items_purged_floors":[],"is_endless":false,"potions_floor_spawned":[1,4,12,16,24,30],"killed_by":"Champ","ascension_level":9}}