{"host":"ibtxpp7hbhk6t4eo","time":1610787491,"event":{"mods":["BaseMod","Downfall","Minty Spire (QoL Compilation)","StSLib"],"gold_per_floor":[99,135,171,346,496,583,583,670,341,398,455,557,557,593,638,950,950,750,792,843,164,464,464,545,635,734,734,634,727,727,832,886,1198,1198,1198,1243,1235,902,902,992,1015,1141,807,230,305,10,61,184,259,592,592,592,622,667,817,66,66,90,180,270,86,179,269,398,506,551,881,881,881,929,929,638,230,230,311,389,713,224,317,443,521,608,701,1013,1013,1013,1064,694,361,117,567,699,699,795,469,469,577,688,787,874,1216,1216,1216,1216,1216,1216],"floor_reached":104,"language":"ZHS","playtime":9468,"items_purged":["hexamod:Strike","downfall:Icky","Doubt","downfall:Icky","hexamod:Strike+1","hexamod:Strike+1"],"score":3242,"play_id":"fbd2676b-aac5-436e-9505-6ddd71238fc8","local_time":"20210116165811","daily_mods":["Vintage","Red Cards","Heirloom","Time Dilation","Flight","downfall:Lament","DeadlyEvents","Elite Swarm","Midas"],"is_ascension_mode":false,"campfire_choices":[{"floor":1.0,"key":"RECALL"},{"floor":18.0,"key":"REST"},{"floor":28.0,"key":"REST"},{"floor":30.0,"key":"REST"},{"floor":35.0,"key":"DIG"},{"floor":52.0,"key":"DIG"},{"floor":69.0,"key":"DIG"},{"floor":74.0,"key":"DIG"},{"floor":86.0,"key":"DIG"},{"floor":93.0,"key":"DIG"},{"floor":103.0,"key":"DIG"}],"circlet_count":0,"master_deck":["hexamod:Defend+1","hexamod:Defend+1","hexamod:Defend+1","hexamod:Defend+1","hexamod:Sear+1","hexamod:Float+1","Berserk+1","Barricade+1","Brutality+1","hexamod:TimeWarp+1","Pommel Strike+1","hexamod:Hexaguard+1","J.A.X.+1","Infernal Blade+1","Necronomicurse","Brutality+1","Exhume+1","hexamod:TimeOfNeed+1","Exhume+1","CurseOfTheBell","hexamod:FirstSeal","hexamod:SecondSeal","hexamod:ThirdSeal","hexamod:FourthSeal","Limit Break+1","Double Tap+1","hexamod:FastForward+1","Magnetism+1","hexamod:BurningTouch+1","hexamod:ApocalypseNow+1","hexamod:NightmareStrike+1","expansioncontent:StudyTheSpire+1","Entrench+1","Limit Break+1","Metallicize+1","Berserk+1","hexamod:Toasty+1","Bludgeon+1","hexamod:TimeWarp+1","hexamod:SixthSeal","hexamod:EmpoweredFlame+1","hexamod:HexaLevel+1","hexamod:SixthSeal","hexamod:UnlimitedPower+1","Spot Weakness+1","hexamod:FifthSeal","Cleave+1","hexamod:SecondSeal","Brutality+1","hexamod:SecondSeal","hexamod:TimeOfNeed+1","hexamod:SixthSeal","hexamod:HexaLevel+1","hexamod:ThirdSeal","hexamod:SixthSeal","Exhume+1","Brutality+1","hexamod:ThirdSeal","Inflame+1","Uppercut+1","hexamod:SixthSeal","Shrug It Off+1","Exhume+1","hexamod:TimeWarp+1","hexamod:SixthSeal","hexamod:ApocalypseNow+1","hexamod:SixthSeal","hexamod:SecondSeal","Bludgeon+1"],"relics":["hexamod:SpiritBrand","NeowsBlessing","TungstenRod","Sundial","Singing Bowl","Blood Vial","Orichalcum","CaptainsWheel","Toxic Egg 2","Bottled Lightning","Kunai","Mercury Hourglass","Molten Egg 2","Regal Pillow","SacredBark","downfall:HeartBlessingRed","downfall:HeartBlessingBlue","HornCleat","Incense Burner","Happy Flower","champ:DuelingGlove","MutagenicStrength","Necronomicon","hexamod:CandleOfCauterizing","MealTicket","Potion Belt","Letter Opener","downfall:HeartBlessingGreen","Bag of Preparation","Slimebound:PreparedRelic","StoneCalendar","Calling Bell","hexamod:MatchstickCase","Darkstone Periapt","Shovel","Mummified Hand","Akabeko","Frozen Egg 2","sneckomod:BlankCard","Nunchaku","champ:DeflectingBracers","hexamod:InflammatoryLetter","Sling","Question Card","Frozen Eye","Gremlin Horn","Anchor","Ornamental Fan","hexamod:IceCube","NeowsBlessing","Dream Catcher","Shuriken","StrikeDummy","Pen Nib","Guardian:GemstoneGun","bronze:BronzeIdol","OrangePellets","Slimebound:StickyStick","Black Star","Toy Ornithopter","War Paint","Guardian:BottledAnomaly","Whetstone","HandDrill","Blue Candle","Guardian:PocketSentry","hexamod:SoulConsumer","Eternal Feather","White Beast Statue","Bottled Tornado","Bottled Flame","Fusion Hammer","bronze:DecasWashers","Tiny Chest","Membership Card","Matryoshka","Omamori","InkBottle","Old Coin","hexamod:Sixitude","PreservedInsect","Chemical X","CeramicFish","Vajra","Pantograph","expansioncontent:StudyCardRelic","NeowsBlessing","Pear"],"acts_visited":["Exordium","TheCity","TheBeyond","Exordium","TheCity","TheBeyond","Exordium"],"potions_floor_usage":[],"damage_taken":[{"damage":0.0,"enemies":"2 Louse","floor":2.0,"turns":1.0},{"damage":0.0,"enemies":"Small Slimes","floor":3.0,"turns":1.0},{"damage":0.0,"enemies":"3 Sentries","floor":6.0,"turns":1.0},{"damage":31.0,"enemies":"Lagavulin","floor":8.0,"turns":6.0},{"damage":3.0,"enemies":"downfall:FleeingMerchant","floor":9.0,"turns":4.0},{"damage":5.0,"enemies":"Jaw Worm","floor":10.0,"turns":3.0},{"damage":6.0,"enemies":"Large Slime","floor":11.0,"turns":7.0},{"damage":16.0,"enemies":"3 Sentries","floor":12.0,"turns":11.0},{"damage":0.0,"enemies":"3 Louse","floor":14.0,"turns":2.0},{"damage":0.0,"enemies":"2 Fungi Beasts","floor":15.0,"turns":3.0},{"damage":9.0,"enemies":"IC_STATUS_ARCHETYPE","floor":16.0,"turns":9.0},{"damage":3.0,"enemies":"Shell Parasite","floor":19.0,"turns":5.0},{"damage":2.0,"enemies":"Spheric Guardian","floor":20.0,"turns":4.0},{"damage":0.0,"enemies":"downfall:FleeingMerchant","floor":21.0,"turns":4.0},{"damage":34.0,"enemies":"downfall:Augmenter","floor":22.0,"turns":6.0},{"damage":2.0,"enemies":"Book of Stabbing","floor":25.0,"turns":1.0},{"damage":28.0,"enemies":"Gremlin Leader","floor":26.0,"turns":6.0},{"damage":7.0,"enemies":"Book of Stabbing","floor":29.0,"turns":5.0},{"damage":23.0,"enemies":"Slavers","floor":31.0,"turns":3.0},{"damage":7.0,"enemies":"Snake Plant","floor":32.0,"turns":2.0},{"damage":8.0,"enemies":"DF_ARCHETYPE_CLAW","floor":33.0,"turns":6.0},{"damage":6.0,"enemies":"3 Shapes","floor":36.0,"turns":2.0},{"damage":13.0,"enemies":"Nemesis","floor":40.0,"turns":5.0},{"damage":7.0,"enemies":"Giant Head","floor":42.0,"turns":6.0},{"damage":0.0,"enemies":"downfall:FleeingMerchant","floor":43.0,"turns":4.0},{"damage":0.0,"enemies":"downfall:FleeingMerchant","floor":44.0,"turns":1.0},{"damage":2.0,"enemies":"Reptomancer","floor":45.0,"turns":2.0},{"damage":0.0,"enemies":"3 Darklings","floor":47.0,"turns":3.0},{"damage":2.0,"enemies":"Giant Head","floor":48.0,"turns":5.0},{"damage":2.0,"enemies":"Spire Growth","floor":49.0,"turns":2.0},{"damage":2.0,"enemies":"WA_ARCHETYPE_DIVINITY","floor":50.0,"turns":5.0},{"damage":0.0,"enemies":"Jaw Worm","floor":53.0,"turns":1.0},{"damage":0.0,"enemies":"Cultist","floor":54.0,"turns":1.0},{"damage":0.0,"enemies":"Gremlin Nob","floor":59.0,"turns":1.0},{"damage":0.0,"enemies":"Lagavulin","floor":60.0,"turns":1.0},{"damage":0.0,"enemies":"Gremlin Nob","floor":62.0,"turns":1.0},{"damage":0.0,"enemies":"3 Sentries","floor":63.0,"turns":1.0},{"damage":0.0,"enemies":"Gremlin Nob","floor":64.0,"turns":1.0},{"damage":2.0,"enemies":"3 Sentries","floor":65.0,"turns":1.0},{"damage":0.0,"enemies":"Small Slimes","floor":66.0,"turns":1.0},{"damage":1.0,"enemies":"The Guardian","floor":67.0,"turns":2.0},{"damage":2.0,"enemies":"3 Byrds","floor":70.0,"turns":2.0},{"damage":2.0,"enemies":"Slavers","floor":75.0,"turns":1.0},{"damage":0.0,"enemies":"Book of Stabbing","floor":76.0,"turns":1.0},{"damage":0.0,"enemies":"Colosseum Nobs","floor":77.0,"turns":2.0},{"damage":37.0,"enemies":"Slavers","floor":79.0,"turns":3.0},{"damage":0.0,"enemies":"Gremlin Leader","floor":80.0,"turns":2.0},{"damage":0.0,"enemies":"Slavers","floor":81.0,"turns":1.0},{"damage":0.0,"enemies":"Gremlin Leader","floor":82.0,"turns":1.0},{"damage":0.0,"enemies":"Chosen","floor":83.0,"turns":1.0},{"damage":49.0,"enemies":"Collector","floor":84.0,"turns":3.0},{"damage":0.0,"enemies":"Orb Walker","floor":87.0,"turns":1.0},{"damage":0.0,"enemies":"Orb Walker","floor":91.0,"turns":1.0},{"damage":3.0,"enemies":"Giant Head","floor":92.0,"turns":2.0},{"damage":0.0,"enemies":"Nemesis","floor":94.0,"turns":2.0},{"damage":0.0,"enemies":"Giant Head","floor":97.0,"turns":1.0},{"damage":0.0,"enemies":"Nemesis","floor":98.0,"turns":1.0},{"damage":0.0,"enemies":"3 Darklings","floor":99.0,"turns":1.0},{"damage":2.0,"enemies":"Transient","floor":100.0,"turns":1.0},{"damage":9.0,"enemies":"Time Eater","floor":101.0,"turns":5.0},{"damage":0.0,"enemies":"2 Louse","floor":104.0,"turns":1.0}],"seed_played":"-7751409452406772834","potions_obtained":[{"floor":2.0,"key":"Fire Potion"},{"floor":10.0,"key":"EssenceOfSteel"},{"floor":11.0,"key":"Fire Potion"},{"floor":12.0,"key":"Swift Potion"},{"floor":14.0,"key":"SkillPotion"},{"floor":16.0,"key":"Fruit Juice"},{"floor":20.0,"key":"SteroidPotion"},{"floor":22.0,"key":"hexamod:EctoCoolerPotion"},{"floor":26.0,"key":"Weak Potion"},{"floor":32.0,"key":"Strength Potion"},{"floor":40.0,"key":"FearPotion"},{"floor":42.0,"key":"DistilledChaos"},{"floor":42.0,"key":"Dexterity Potion"},{"floor":43.0,"key":"Guardian:BlockOnCardUsePotion"},{"floor":47.0,"key":"ColorlessPotion"},{"floor":49.0,"key":"Energy Potion"},{"floor":54.0,"key":"DuplicationPotion"},{"floor":60.0,"key":"CultistPotion"},{"floor":81.0,"key":"bronze:BurnAndBuffPotion"},{"floor":82.0,"key":"Strength Potion"},{"floor":83.0,"key":"Weak Potion"},{"floor":100.0,"key":"Fruit Juice"},{"floor":100.0,"key":"Block Potion"},{"floor":101.0,"key":"SteroidPotion"}],"is_trial":true,"path_per_floor":["R","M","M","?","?","E","T","E","$","M","M","E","T","M","M","B",null,"R","M","M","$","?","?","T","E","E","T","R","E","R","E","M","B",null,"R","M","?","?","?","E","T","E","$","$","E","$","M","E","M","B",null,"R","M","M","?","$","?","T","E","E","$","E","E","E","E","M","B",null,"R","M","?","$","$","R","E","E","?","$","E","E","E","E","M","B",null,"R","M","$","?","$","?","E","R","E","$","?","E","E","M","M","B",null,"R","M"],"character_chosen":"THE_SPIRIT","items_purchased":["Toxic Egg 2","Flex+1","Happy Flower","champ:DuelingGlove","SkillPotion","Explosive Potion","Pommel Strike+1","FairyPotion","Magnetism+1","hexamod:InflammatoryLetter","hexamod:ApocalypseNow+1","hexamod:NightmareStrike+1","expansioncontent:StudyTheSpire","Entrench+1","Sling","Metallicize+1","Frozen Eye","LiquidMemories","Fruit Juice","Pen Nib","Guardian:GemstoneGun","Fire Potion","hexamod:EmpoweredFlame+1","OrangePellets","Guardian:BottledAnomaly","Whetstone","HandDrill","Blue Candle","White Beast Statue","Bottled Tornado","Membership Card","Matryoshka","Inflame+1","Omamori","InkBottle","PreservedInsect","Chemical X","CeramicFish"],"campfire_rested":3,"item_purchase_floors":[9,9,21,21,21,21,21,43,43,44,44,44,44,44,44,46,46,46,56,56,56,56,61,61,72,72,73,73,78,78,88,88,90,90,90,95,95,95],"current_hp_per_floor":[70,70,70,70,70,70,70,39,40,37,33,19,19,21,23,21,77,87,84,84,88,55,40,40,40,14,14,55,50,89,68,63,57,91,91,85,79,102,102,98,98,102,108,108,106,108,108,108,106,108,108,108,108,108,114,124,124,124,124,124,124,126,128,128,126,128,127,128,128,128,128,128,128,128,132,132,132,132,102,104,128,136,136,87,136,136,136,136,153,153,153,158,161,165,165,165,167,167,169,181,180,185,195,195,195,195],"gold":1216,"neow_bonus":"","is_daily":false,"chose_seed":false,"campfire_upgraded":0,"win_rate":0.0,"timestamp":1610787491,"path_taken":["R","M","M","?","?","E","T","E","?","M","?","?","?","M","M","BOSS","R","M","M","$","?","?","T","E","E","?","R","?","R","E","M","BOSS","R","M","?","?","?","E","T","E","$","$","?","$","M","E","M","BOSS","R","M","M","?","$","?","T","E","E","$","E","E","?","E","M","BOSS","R","M","?","$","$","R","E","E","?","?","E","?","E","E","M","BOSS","R","M","$","?","$","?","E","R","E","$","?","?","?","M","M","BOSS","R","M"],"items_purchased_type":["Relic","Card","Relic","Relic","Potion","Potion","Card","Potion","Card","Relic","Card","Card","Card","Card","Relic","Card","Relic","Potion","Potion","Relic","Relic","Potion","Card","Relic","Relic","Relic","Relic","Relic","Relic","Relic","Relic","Relic","Card","Relic","Relic","Relic","Relic","Relic"],"build_version":"2020-12-22","purchased_purges":6,"victory":false,"max_hp_per_floor":[70,70,70,70,70,70,70,70,72,72,72,72,72,72,72,77,77,87,87,87,89,89,89,89,89,89,89,89,89,89,91,91,91,91,91,91,91,102,102,104,104,106,108,108,108,108,108,108,108,108,108,108,108,108,114,124,124,124,124,124,124,126,128,128,128,128,128,128,128,128,128,128,128,128,132,132,132,132,132,132,132,136,136,136,136,136,136,136,153,153,153,161,161,165,165,165,167,167,169,181,185,185,195,195,195,195],"card_choices":[{"not_picked":["Double Tap","Fiend Fire"],"picked":"Berserk","floor":6.0},{"not_picked":["hexamod:HexaLevel","Immolate"],"picked":"Barricade","floor":8.0},{"not_picked":["hexamod:FlamesFromBeyond","Clothesline","Pommel Strike"],"picked":"Singing Bowl","floor":9.0},{"not_picked":["Demon Form","Immolate"],"picked":"Brutality","floor":12.0},{"not_picked":["hexamod:GhostflameInferno+1","Juggernaut"],"picked":"hexamod:TimeWarp+1","floor":16.0},{"not_picked":["Wild Strike+1","Power Through+1","Sentinel+1"],"picked":"Singing Bowl","floor":21.0},{"not_picked":["Disarm+1","Dropkick+1"],"picked":"hexamod:Hexaguard+1","floor":22.0},{"not_picked":[],"picked":"J.A.X.+1","floor":22.0},{"not_picked":["Feed+1","hexamod:TurnItUp+1"],"picked":"Brutality","floor":25.0},{"not_picked":["hexamod:ParanormalForm","hexamod:UnleashSpirits+1"],"picked":"Exhume+1","floor":26.0},{"not_picked":["Double Tap+1","hexamod:SearingWound+1"],"picked":"hexamod:TimeOfNeed+1","floor":29.0},{"not_picked":["Feed+1","Brutality","Berserk"],"picked":"Singing Bowl","floor":31.0},{"not_picked":["Reaper+1","hexamod:UnlimitedPower+1"],"picked":"Exhume+1","floor":33.0},{"not_picked":["hexamod:SearingWound+1","hexamod:GhostflameInferno+1"],"picked":"Limit Break+1","floor":40.0},{"not_picked":["Demon Form+1","Brutality+1","hexamod:FlameSwitch+1"],"picked":"Singing Bowl","floor":40.0},{"not_picked":["Limit Break+1","Fiend Fire+1","Immolate+1"],"picked":"Singing Bowl","floor":42.0},{"not_picked":["Feed+1","Exhume+1"],"picked":"Double Tap+1","floor":42.0},{"not_picked":["hexamod:InspiringFlames+1","hexamod:SecondSeal"],"picked":"hexamod:FastForward+1","floor":43.0},{"not_picked":["hexamod:SearingWound+1","Anger+1","Pommel Strike+1"],"picked":"Singing Bowl","floor":43.0},{"not_picked":["Havoc+1","Cleave+1"],"picked":"hexamod:BurningTouch+1","floor":44.0},{"not_picked":["hexamod:ForkedFlame+1","Demon Form+1"],"picked":"Limit Break+1","floor":45.0},{"not_picked":["Demon Form+1","Juggernaut+1","Limit Break+1"],"picked":"Berserk+1","floor":48.0},{"not_picked":["Corruption+1","Immolate+1","Impervious+1"],"picked":"hexamod:Toasty+1","floor":48.0},{"not_picked":["Barricade+1","Corruption+1","hexamod:GhostflameInferno+1"],"picked":"Bludgeon+1","floor":50.0},{"not_picked":["Fiend Fire+1","Immolate+1","hexamod:TurnItUp+1"],"picked":"hexamod:TimeWarp+1","floor":59.0},{"not_picked":["hexamod:ApocalypseNow+1","Barricade+1","Feed+1"],"picked":"hexamod:SixthSeal","floor":60.0},{"not_picked":["Immolate+1","Corruption+1","Brutality+1","hexamod:UnleashSpirits+1"],"picked":"Singing Bowl","floor":62.0},{"not_picked":["hexamod:GiftsFromTheDead+1","Berserk+1","hexamod:ApocalypticArmor+1","Corruption+1"],"picked":"Singing Bowl","floor":63.0},{"not_picked":["Exhume+1","Impervious+1","Fiend Fire+1"],"picked":"hexamod:HexaLevel+1","floor":64.0},{"not_picked":["Reaper+1","hexamod:ParanormalForm+1","hexamod:WildfireWeapon+1"],"picked":"hexamod:SixthSeal","floor":65.0},{"not_picked":["Feed+1","hexamod:FlameSwitch+1","Offering+1"],"picked":"hexamod:UnlimitedPower+1","floor":67.0},{"not_picked":["Corruption+1","hexamod:UnleashSpirits+1","hexamod:ApocalypticArmor+1","hexamod:GhostflameInferno+1"],"picked":"Singing Bowl","floor":75.0},{"not_picked":["Corruption+1","hexamod:ApocalypticArmor+1","hexamod:FlameSwitch+1","hexamod:WildfireWeapon+1"],"picked":"Singing Bowl","floor":75.0},{"not_picked":["Corruption+1","Reaper+1","hexamod:FlameSwitch+1"],"picked":"hexamod:FifthSeal","floor":76.0},{"not_picked":["Power Through+1","True Grit+1","Headbutt+1"],"picked":"Cleave+1","floor":77.0},{"not_picked":["hexamod:ThirdSeal","hexamod:FourthSeal","hexamod:SixthSeal"],"picked":"hexamod:SecondSeal","floor":79.0},{"not_picked":["Feed+1","Demon Form+1","hexamod:Toasty+1"],"picked":"Brutality+1","floor":79.0},{"not_picked":["hexamod:SixthSeal","hexamod:FourthSeal","hexamod:FirstSeal"],"picked":"hexamod:SecondSeal","floor":80.0},{"not_picked":["hexamod:GhostflameInferno+1","Feed+1","hexamod:SixthSeal"],"picked":"hexamod:TimeOfNeed+1","floor":80.0},{"not_picked":["hexamod:SecondSeal","hexamod:FirstSeal","hexamod:FourthSeal"],"picked":"hexamod:SixthSeal","floor":81.0},{"not_picked":["hexamod:WildfireWeapon+1","hexamod:GhostOfSpirePresent+1","Impervious+1"],"picked":"hexamod:HexaLevel+1","floor":81.0},{"not_picked":["hexamod:SecondSeal","hexamod:FourthSeal","hexamod:ThirdSeal","hexamod:FirstSeal"],"picked":"Singing Bowl","floor":82.0},{"not_picked":["Offering+1","Brutality+1","Impervious+1","Fiend Fire+1"],"picked":"Singing Bowl","floor":82.0},{"not_picked":["hexamod:FirstSeal","hexamod:FourthSeal","hexamod:SixthSeal"],"picked":"hexamod:ThirdSeal","floor":83.0},{"not_picked":["hexamod:ThirdSeal","hexamod:SecondSeal","hexamod:FirstSeal"],"picked":"hexamod:SixthSeal","floor":84.0},{"not_picked":["hexamod:SearingWound+1","Reaper+1","hexamod:WildfireWeapon+1"],"picked":"Exhume+1","floor":84.0},{"not_picked":["Corruption+1","Limit Break+1","hexamod:GhostflameInferno+1"],"picked":"Brutality+1","floor":84.0},{"not_picked":["hexamod:FirstSeal","hexamod:SecondSeal","hexamod:FourthSeal"],"picked":"hexamod:ThirdSeal","floor":87.0},{"not_picked":["hexamod:FastForward+1","hexamod:Firestarter+1","Sever Soul+1"],"picked":"Uppercut+1","floor":91.0},{"not_picked":["hexamod:ThirdSeal","hexamod:FirstSeal","hexamod:FourthSeal"],"picked":"hexamod:SixthSeal","floor":91.0},{"not_picked":["hexamod:UnleashSpirits+1","Power Through+1","Anger+1"],"picked":"Shrug It Off+1","floor":91.0},{"not_picked":["hexamod:SixthSeal","hexamod:ThirdSeal","hexamod:SecondSeal","hexamod:FourthSeal"],"picked":"Singing Bowl","floor":92.0},{"not_picked":["Berserk+1","Brutality+1","Impervious+1","Corruption+1"],"picked":"Singing Bowl","floor":92.0},{"not_picked":["Fiend Fire+1","Barricade+1","Impervious+1","hexamod:GhostOfSpirePresent+1"],"picked":"Singing Bowl","floor":92.0},{"not_picked":["hexamod:SixthSeal","hexamod:UnlimitedPower+1","hexamod:SearingWound+1","Reaper+1"],"picked":"Singing Bowl","floor":92.0},{"not_picked":["hexamod:FirstSeal","hexamod:SecondSeal","hexamod:SixthSeal","hexamod:ThirdSeal"],"picked":"Singing Bowl","floor":94.0},{"not_picked":["hexamod:SixthSeal","hexamod:FourthSeal","hexamod:FirstSeal","hexamod:SecondSeal"],"picked":"Singing Bowl","floor":94.0},{"not_picked":["Impervious+1","Immolate+1","Brutality+1"],"picked":"Exhume+1","floor":94.0},{"not_picked":["hexamod:FourthSeal","hexamod:SecondSeal","hexamod:FirstSeal","hexamod:ThirdSeal"],"picked":"Singing Bowl","floor":97.0},{"not_picked":["Juggernaut+1","Demon Form+1","Barricade+1"],"picked":"hexamod:TimeWarp+1","floor":97.0},{"not_picked":["hexamod:FourthSeal","hexamod:ThirdSeal","hexamod:FirstSeal"],"picked":"hexamod:SixthSeal","floor":98.0},{"not_picked":["Limit Break+1","hexamod:Toasty+1","Berserk+1"],"picked":"hexamod:ApocalypseNow+1","floor":98.0},{"not_picked":["hexamod:SecondSeal","hexamod:ThirdSeal","hexamod:FourthSeal","hexamod:FirstSeal"],"picked":"Singing Bowl","floor":99.0},{"not_picked":["hexamod:SecondSeal","hexamod:ThirdSeal","hexamod:FourthSeal"],"picked":"hexamod:SixthSeal","floor":100.0},{"not_picked":["hexamod:HeatMetal+1","hexamod:Again+1","Warcry+1","Infernal Blade+1"],"picked":"Singing Bowl","floor":100.0},{"not_picked":["hexamod:FirstSeal","hexamod:ThirdSeal","hexamod:SixthSeal"],"picked":"hexamod:SecondSeal","floor":101.0},{"not_picked":["Fiend Fire+1","Offering+1","Exhume+1","Immolate+1"],"picked":"Singing Bowl","floor":101.0},{"not_picked":["Fiend Fire+1","Corruption+1","hexamod:FlameSwitch+1","hexamod:WildfireWeapon+1"],"picked":"Singing Bowl","floor":101.0},{"not_picked":["hexamod:VolcanoVisage+1","hexamod:GhostflameInferno+1","hexamod:ApocalypticArmor+1"],"picked":"Bludgeon+1","floor":101.0}],"player_experience":46649,"relics_obtained":[{"floor":2.0,"key":"Sundial"},{"floor":3.0,"key":"Singing Bowl"},{"floor":6.0,"key":"Blood Vial"},{"floor":7.0,"key":"Orichalcum"},{"floor":8.0,"key":"CaptainsWheel"},{"floor":10.0,"key":"Bottled Lightning"},{"floor":11.0,"key":"Kunai"},{"floor":12.0,"key":"Mercury Hourglass"},{"floor":14.0,"key":"Molten Egg 2"},{"floor":15.0,"key":"Regal Pillow"},{"floor":19.0,"key":"HornCleat"},{"floor":20.0,"key":"Incense Burner"},{"floor":22.0,"key":"MutagenicStrength"},{"floor":23.0,"key":"Necronomicon"},{"floor":24.0,"key":"hexamod:CandleOfCauterizing"},{"floor":25.0,"key":"MealTicket"},{"floor":26.0,"key":"Potion Belt"},{"floor":27.0,"key":"Letter Opener"},{"floor":29.0,"key":"Bag of Preparation"},{"floor":31.0,"key":"Slimebound:PreparedRelic"},{"floor":32.0,"key":"StoneCalendar"},{"floor":34.0,"key":"hexamod:MatchstickCase"},{"floor":34.0,"key":"Darkstone Periapt"},{"floor":34.0,"key":"Shovel"},{"floor":35.0,"key":"Mummified Hand"},{"floor":36.0,"key":"Akabeko"},{"floor":39.0,"key":"Frozen Egg 2"},{"floor":40.0,"key":"sneckomod:BlankCard"},{"floor":41.0,"key":"Nunchaku"},{"floor":42.0,"key":"champ:DeflectingBracers"},{"floor":45.0,"key":"Question Card"},{"floor":47.0,"key":"Gremlin Horn"},{"floor":48.0,"key":"Anchor"},{"floor":49.0,"key":"Ornamental Fan"},{"floor":52.0,"key":"Dream Catcher"},{"floor":53.0,"key":"Shuriken"},{"floor":54.0,"key":"StrikeDummy"},{"floor":58.0,"key":"bronze:BronzeIdol"},{"floor":66.0,"key":"Slimebound:StickyStick"},{"floor":69.0,"key":"Toy Ornithopter"},{"floor":70.0,"key":"War Paint"},{"floor":74.0,"key":"Guardian:PocketSentry"},{"floor":77.0,"key":"hexamod:SoulConsumer"},{"floor":77.0,"key":"Eternal Feather"},{"floor":83.0,"key":"Bottled Flame"},{"floor":86.0,"key":"bronze:DecasWashers"},{"floor":87.0,"key":"Tiny Chest"},{"floor":91.0,"key":"Old Coin"},{"floor":93.0,"key":"hexamod:Sixitude"},{"floor":99.0,"key":"Vajra"},{"floor":100.0,"key":"Pantograph"},{"floor":103.0,"key":"Pear"}],"event_choices":[{"damage_healed":0.0,"max_hp_gain":0.0,"max_hp_loss":0.0,"gold_gain":0.0,"event_name":"The Library","player_choice":"Read","floor":71.0,"gold_loss":0.0,"damage_taken":0.0,"cards_obtained":["Spot Weakness"]}],"is_beta":false,"boss_relics":[{"not_picked":["Snecko Eye","Coffee Dripper"],"picked":"SacredBark"},{"not_picked":["Busted Crown","bronze:MakeshiftBattery"],"picked":"Calling Bell"},{"not_picked":["Velvet Choker","Tiny House"],"picked":"hexamod:IceCube"},{"not_picked":["hexamod:UnbrokenSoul","Runic Dome"],"picked":"Black Star"},{"not_picked":["Sozu","Busted Crown"],"picked":"Fusion Hammer"},{"not_picked":["Coffee Dripper","Pandora\u0027s Box"],"picked":"expansioncontent:StudyCardRelic"}],"items_purged_floors":[21,43,44,56,88,95],"is_endless":true,"potions_floor_spawned":[2,10,11,12,14,16,20,22,26,32,42,47,50,54,60,63,67,77,79,80,81,82,83,84,87,91,92,94,97,98,99,100,101,104],"killed_by":"2 Louse","ascension_level":0}}