{"host":"isy2gwbfe91wqj1j","time":1610808059,"event":{"mods":["AchievementEnabler","BaseMod","Better Altar","Better Match","Better Note","Better Sensory Stone","Better Skull","Better Third Choice","BetterRewards","Minty Spire (QoL Compilation)","StSLib"],"gold_per_floor":[113,124,124,224,7,7,27,27,27,50,62,101,213,73,73,173,173,188,205,205,205,80,80,80,80],"floor_reached":24,"language":"ENG","playtime":1033,"items_purged":["Strike_B","Strike_B","Defend_B"],"score":310,"play_id":"8a565663-a293-4207-98fb-5d6c78f20e39","local_time":"20210116074059","is_ascension_mode":true,"campfire_choices":[{"data":"Echo Form","floor":6,"key":"SMITH"},{"data":"White Noise","floor":11,"key":"SMITH"},{"floor":15,"key":"DIG"},{"data":"Self Repair","floor":23,"key":"SMITH"}],"circlet_count":0,"master_deck":["Defend_B","Defend_B","Defend_B","Zap","Dualcast","Echo Form+1","Coolheaded","Cold Snap","Self Repair+1","Cold Snap","White Noise+1","Creative AI"],"relics":["Cracked Core","DataDisk","Shovel","Juzu Bracelet","MawBank","Potion Belt","Tiny Chest","Nunchaku","Empty Cage"],"acts_visited":["Exordium","TheCity"],"potions_floor_usage":[24],"damage_taken":[{"damage":12,"enemies":"Jaw Worm","floor":1,"turns":5},{"damage":0,"enemies":"2 Louse","floor":2,"turns":4},{"damage":0,"enemies":"Cultist","floor":7,"turns":4},{"damage":25,"enemies":"Exordium Thugs","floor":10,"turns":6},{"damage":26,"enemies":"Hexaghost","floor":16,"turns":10},{"damage":25,"enemies":"3 Byrds","floor":18,"turns":7},{"damage":13,"enemies":"Shell Parasite","floor":19,"turns":13},{"damage":72,"enemies":"Slavers","floor":24,"turns":7}],"seed_played":"1657602430816392681","potions_obtained":[{"floor":1,"key":"Dexterity Potion"},{"floor":16,"key":"BlessingOfTheForge"},{"floor":18,"key":"DistilledChaos"},{"floor":20,"key":"PotionOfCapacity"},{"floor":20,"key":"EssenceOfDarkness"}],"is_trial":false,"path_per_floor":["M","M","?","?","$","R","M","?","T","M","R","T","?","$","R","B",null,"M","M","?","?","$","R","E"],"character_chosen":"DEFECT","items_purchased":["DataDisk","Echo Form","Coolheaded","Juzu Bracelet","Cold Snap","Self Repair","Tiny Chest"],"campfire_rested":0,"item_purchase_floors":[0,0,0,0,5,5,14],"current_hp_per_floor":[63,63,63,63,63,63,75,80,80,69,69,69,69,69,69,50,80,69,70,70,70,70,70,0,0],"gold":80,"neow_bonus":"","is_daily":false,"chose_seed":false,"campfire_upgraded":3,"win_rate":0.0,"timestamp":1610808059,"path_taken":["M","M","?","?","$","R","M","?","T","M","R","?","?","?","R","BOSS","M","M","?","?","$","R","E"],"items_purchased_type":["Relic","Card","Card","Relic","Card","Card","Relic"],"build_version":"2020-12-22","purchased_purges":3,"victory":false,"max_hp_per_floor":[75,75,75,75,75,75,75,80,80,80,80,80,80,80,80,80,80,80,80,80,80,80,80,80,80],"card_choices":[{"not_picked":["Reprogram","Chaos","Rip and Tear"],"picked":"SKIP","floor":1},{"not_picked":["Barrage","Aggregate","Skim"],"picked":"SKIP","floor":2},{"not_picked":["Turbo","Beam Cell"],"picked":"Cold Snap","floor":7},{"not_picked":["Recycle","Beam Cell"],"picked":"White Noise","floor":10},{"not_picked":["Seek","Meteor Strike"],"picked":"Creative AI","floor":16},{"not_picked":["Ball Lightning+1","Beam Cell","Double Energy"],"picked":"SKIP","floor":18},{"not_picked":["Sweeping Beam","Go for the Eyes","Turbo+1"],"picked":"SKIP","floor":19}],"player_experience":171935,"relics_obtained":[{"floor":9,"key":"MawBank"},{"floor":12,"key":"Potion Belt"},{"floor":15,"key":"Nunchaku"}],"event_choices":[{"damage_healed":0,"gold_gain":0,"player_choice":"LEAVE","damage_taken":0,"max_hp_gain":0,"max_hp_loss":0,"event_name":"betterThird:BetterScrap","floor":3,"gold_loss":0,"cards_obtained":["Nirvana"]},{"damage_healed":0,"gold_gain":100,"player_choice":"Gold","damage_taken":0,"max_hp_gain":0,"max_hp_loss":0,"event_name":"Wheel of Change","floor":4,"gold_loss":0},{"damage_healed":0,"gold_gain":0,"player_choice":"Donut","damage_taken":0,"max_hp_gain":5,"max_hp_loss":0,"event_name":"Big Fish","floor":8,"gold_loss":0},{"damage_healed":0,"gold_gain":100,"player_choice":"Pray","damage_taken":0,"max_hp_gain":0,"max_hp_loss":0,"event_name":"Golden Shrine","floor":13,"gold_loss":0},{"damage_healed":0,"gold_gain":0,"player_choice":"Got Potions","damage_taken":0,"max_hp_gain":0,"max_hp_loss":0,"event_name":"Lab","floor":20,"gold_loss":0},{"damage_healed":0,"gold_gain":0,"player_choice":"Ignored","damage_taken":0,"max_hp_gain":0,"max_hp_loss":0,"event_name":"Vampires","floor":21,"gold_loss":0}],"is_beta":false,"boss_relics":[{"not_picked":["Tiny House","Cursed Key"],"picked":"Empty Cage"}],"items_purged_floors":[0,5,22],"is_endless":false,"potions_floor_spawned":[1,16,18],"killed_by":"Slavers","ascension_level":2}}