{"host":"lvhfn8l5bvc4nolx","time":1610792796,"event":{"mods":["AchievementEnabler","BaseMod","Colored Map","Keyboard Shortcuts","Minty Spire (QoL Compilation)","Permanent Neow","Quick Restart","SuperFastMode"],"gold_per_floor":[114,114,114,128,144,182,69,69,121,139,218,231,231,231],"floor_reached":13,"language":"KOR","playtime":247,"items_purged":["Strike_P"],"score":119,"play_id":"9f9b815e-2b84-4cad-b853-6d0e1ad76158","local_time":"20210116192636","is_ascension_mode":true,"campfire_choices":[{"data":"Eruption","floor":8,"key":"SMITH"}],"circlet_count":0,"master_deck":["Strike_P","Strike_P","Strike_P","Defend_P","Defend_P","Defend_P+1","Defend_P","Eruption+1","Vigilance","The Bomb+1","DeceiveReality","Prostrate","MentalFortress","SandsOfTime","Adaptation","Halt"],"relics":["PureWater","Golden Idol","Toy Ornithopter","Oddly Smooth Stone"],"acts_visited":["Exordium"],"potions_floor_usage":[],"damage_taken":[{"damage":2,"enemies":"Cultist","floor":1,"turns":3},{"damage":0,"enemies":"Small Slimes","floor":4,"turns":3},{"damage":0,"enemies":"Jaw Worm","floor":5,"turns":3},{"damage":16,"enemies":"Lagavulin","floor":6,"turns":7},{"damage":0,"enemies":"Large Slime","floor":10,"turns":4},{"damage":0,"enemies":"Looter","floor":12,"turns":5},{"damage":16,"enemies":"3 Sentries","floor":13,"turns":2}],"seed_played":"-8786058040527367284","potions_obtained":[{"floor":1,"key":"CultistPotion"},{"floor":5,"key":"ColorlessPotion"},{"floor":12,"key":"FearPotion"}],"is_trial":false,"path_per_floor":["M","?","?","M","M","E","$","R","T","M","?","M","E"],"character_chosen":"WATCHER","items_purchased":["Adaptation"],"campfire_rested":0,"item_purchase_floors":[7],"current_hp_per_floor":[63,50,34,34,34,18,18,18,18,18,18,18,2,2],"gold":231,"neow_bonus":"RANDOM_COLORLESS_2","is_daily":false,"chose_seed":false,"campfire_upgraded":1,"win_rate":0.0,"timestamp":1610792796,"path_taken":["M","?","?","M","M","E","$","R","T","M","?","M","E"],"items_purchased_type":["Card"],"build_version":"2020-12-22","purchased_purges":1,"victory":false,"max_hp_per_floor":[65,65,65,65,65,65,65,65,65,65,65,65,65,65],"card_choices":[{"not_picked":["Mayhem","Violence"],"picked":"The Bomb","floor":0},{"not_picked":["BowlingBash","Crescendo"],"picked":"DeceiveReality","floor":1},{"not_picked":["Meditate","SashWhip"],"picked":"Prostrate","floor":4},{"not_picked":["ClearTheMind","Wireheading"],"picked":"MentalFortress","floor":5},{"not_picked":["DevaForm","ThirdEye"],"picked":"SandsOfTime","floor":6},{"not_picked":["FlyingSleeves","Consecrate"],"picked":"Halt","floor":10},{"not_picked":["Consecrate","ClearTheMind","Protect"],"picked":"SKIP","floor":12}],"player_experience":376151,"relics_obtained":[{"floor":6,"key":"Toy Ornithopter"},{"floor":9,"key":"Oddly Smooth Stone"}],"event_choices":[{"damage_healed":0,"gold_gain":0,"player_choice":"Entered Light","damage_taken":13,"max_hp_gain":0,"max_hp_loss":0,"event_name":"Shining Light","floor":2,"gold_loss":0,"cards_upgraded":["Defend_P","The Bomb"]},{"damage_healed":0,"gold_gain":0,"player_choice":"Take Damage","damage_taken":16,"relics_obtained":["Golden Idol"],"max_hp_gain":0,"max_hp_loss":0,"event_name":"Golden Idol","floor":3,"gold_loss":0},{"damage_healed":0,"gold_gain":79,"player_choice":"Gained Gold","damage_taken":0,"max_hp_gain":0,"max_hp_loss":0,"event_name":"Golden Wing","floor":11,"gold_loss":0}],"is_beta":false,"boss_relics":[],"items_purged_floors":[7],"is_endless":false,"potions_floor_spawned":[1,5,12],"killed_by":"3 Sentries","ascension_level":8}}