{"host":"pnw33a014vs8wril","time":1610803582,"event":{"mods":["BaseMod","Downfall","Highlight Path","Minty Spire (QoL Compilation)","StSLib"],"gold_per_floor":[99,113,113,113,288,288,288,288,306,331,349,377,277,297,317,429,429,429,452,462,472,382,382,382],"floor_reached":23,"language":"ENG","playtime":1774,"items_purged":["bronze:Strike"],"score":201,"play_id":"741f28fa-fed6-46d2-a849-e6a9613e2994","local_time":"20210116142622","is_ascension_mode":false,"campfire_choices":[{"data":"bronze:Replicate","floor":1,"key":"SMITH"},{"data":"bronze:GetLatest","floor":6,"key":"SMITH"},{"data":"bronze:Goto","floor":8,"key":"SMITH"},{"floor":13,"key":"REST"},{"data":"bronze:ChildClass","floor":18,"key":"SMITH"}],"circlet_count":0,"master_deck":["bronze:Strike","bronze:Strike","bronze:Strike","bronze:Defend","bronze:Defend","bronze:Defend","bronze:Defend","bronze:Replicate+1","bronze:Goto+1","bronze:GetLatest+1","Doubt","bronze:ChildClass+1","bronze:Repulsor","bronze:Format","bronze:Return"],"relics":["bronze:BronzeCore","downfall:ShatteredFragment","Turnip","Boot","Omamori","CeramicFish","downfall:HeartBlessingGreen","Philosopher\u0027s Stone"],"acts_visited":["Exordium","TheCity"],"potions_floor_usage":[16,23],"damage_taken":[{"damage":2,"enemies":"Jaw Worm","floor":2,"turns":5},{"damage":5,"enemies":"Small Slimes","floor":9,"turns":2},{"damage":32,"enemies":"Gremlin Nob","floor":10,"turns":4},{"damage":0,"enemies":"2 Louse","floor":11,"turns":2},{"damage":13,"enemies":"3 Sentries","floor":12,"turns":5},{"damage":0,"enemies":"Exordium Wildlife","floor":14,"turns":4},{"damage":0,"enemies":"3 Louse","floor":15,"turns":3},{"damage":19,"enemies":"WA_ARCHETYPE_RETAIN","floor":16,"turns":9},{"damage":8,"enemies":"Spheric Guardian","floor":19,"turns":4},{"damage":8,"enemies":"3 Byrds","floor":20,"turns":3},{"damage":2,"enemies":"Shelled Parasite and Fungi","floor":21,"turns":5},{"damage":0,"enemies":"downfall:FleeingMerchant","floor":22,"turns":4},{"damage":77,"enemies":"Gremlin Leader","floor":23,"turns":8}],"seed_played":"6327002201170231629","potions_obtained":[{"floor":2,"key":"Swift Potion"},{"floor":10,"key":"sneckomod:MuddlingPotion"},{"floor":16,"key":"PowerPotion"},{"floor":21,"key":"Regen Potion"}],"is_trial":false,"path_per_floor":["R","M","?","T","?","R","T","R","M","E","M","E","R","M","M","B",null,"R","M","M","M","$","E"],"character_chosen":"THE_AUTOMATON","items_purchased":[],"campfire_rested":1,"item_purchase_floors":[],"current_hp_per_floor":[77,75,54,54,54,54,54,54,49,17,17,4,27,27,27,8,77,77,69,61,59,59,0,0],"gold":382,"neow_bonus":"TEN_PERCENT_HP_BONUS","is_daily":false,"chose_seed":false,"campfire_upgraded":4,"win_rate":0.0,"timestamp":1610803582,"path_taken":["R","M","?","?","?","R","T","R","M","E","M","E","R","M","M","BOSS","R","M","M","M","$","E"],"items_purchased_type":[],"build_version":"2020-12-22","purchased_purges":1,"victory":false,"max_hp_per_floor":[77,77,77,77,77,77,77,77,77,77,77,77,77,77,77,77,77,77,77,77,77,77,77,77],"card_choices":[{"not_picked":["bronze:Branch","bronze:DelayedGuard"],"picked":"bronze:GetLatest","floor":2},{"not_picked":["bronze:OilSpill","bronze:BuggyMess","bronze:WhirlingStrike"],"picked":"SKIP","floor":9},{"not_picked":["bronze:Virus","bronze:Branch"],"picked":"bronze:ChildClass","floor":10},{"not_picked":["bronze:CutThrough","bronze:DelayedGuard"],"picked":"bronze:Repulsor","floor":11},{"not_picked":["bronze:CutThrough","bronze:BurnOut","bronze:BuggyMess"],"picked":"SKIP","floor":12},{"not_picked":["bronze:FineTuning","bronze:Frontload","bronze:Turbo"],"picked":"SKIP","floor":14},{"not_picked":["bronze:BitShift","bronze:MaxOutput","bronze:Shield"],"picked":"SKIP","floor":15},{"not_picked":["bronze:ShipIt","bronze:SpaghettiCode"],"picked":"bronze:Format","floor":16},{"not_picked":["bronze:MaxOutput","bronze:Iterate+1"],"picked":"bronze:Return","floor":19},{"not_picked":["bronze:CutThrough+1","bronze:FineTuning","bronze:Shield+1"],"picked":"SKIP","floor":20},{"not_picked":["bronze:Deprecate","bronze:Repulsor+1","bronze:BitShift"],"picked":"SKIP","floor":21},{"not_picked":["bronze:Branch","bronze:OilSpill","bronze:FollowUp"],"picked":"SKIP","floor":22}],"player_experience":946120,"relics_obtained":[{"floor":4,"key":"Turnip"},{"floor":7,"key":"Boot"},{"floor":10,"key":"Omamori"},{"floor":12,"key":"CeramicFish"}],"event_choices":[],"is_beta":false,"boss_relics":[{"not_picked":["Snecko Eye","bronze:MakeshiftBattery"],"picked":"Philosopher\u0027s Stone"}],"items_purged_floors":[22],"is_endless":false,"potions_floor_spawned":[2,10,16,21],"killed_by":"Gremlin Leader","ascension_level":0}}