{"host":"oehe2dxjvdgux73m","time":1610796956,"event":{"mods":["AchievementEnabler","BaseMod","Colored Map","Colored Powertips","DeckTracker","Keyboard Shortcuts","Minty Spire (QoL Compilation)","Permanent Neow","Quick Restart","StSLib","SuperFastMode"],"gold_per_floor":[109,34,34,46,59,59,59,59,84,98,125,142,142,172,172,246,246,259,259,259,259,5,5,21,21,76,76,176,186,77,88,88,88,88],"floor_reached":33,"language":"KOR","playtime":980,"items_purged":["Strike_G","Strike_G"],"score":468,"play_id":"48c4dcf5-7943-4a12-84a5-f3841e8bbdcb","local_time":"20210116203556","is_ascension_mode":true,"campfire_choices":[{"data":"Crippling Poison","floor":6.0,"key":"SMITH"},{"floor":8.0,"key":"REST"},{"data":"Neutralize","floor":13.0,"key":"SMITH"},{"floor":15.0,"key":"REST"},{"data":"Bullet Time","floor":23.0,"key":"SMITH"},{"data":"Backflip","floor":25.0,"key":"SMITH"},{"floor":27.0,"key":"REST"},{"floor":32.0,"key":"REST"}],"circlet_count":0,"master_deck":["AscendersBane","Strike_G","Strike_G","Strike_G","Defend_G","Defend_G","Defend_G","Defend_G","Defend_G","Survivor","Neutralize+1","Malaise","Crippling Poison+1","Backflip+1","Poisoned Stab","Poisoned Stab","Deadly Poison","Dash","Bullet Time+1","Dark Shackles","PiercingWail","Noxious Fumes","Bane","Backflip","PiercingWail"],"relics":["Ring of the Snake","HornCleat","Anchor","Bronze Scales","Philosopher\u0027s Stone","Snake Skull","Smiling Mask","TungstenRod","InkBottle"],"acts_visited":["Exordium","TheCity"],"potions_floor_usage":[33,33,33,33],"damage_taken":[{"damage":3.0,"enemies":"2 Louse","floor":1.0,"turns":4.0},{"damage":2.0,"enemies":"Small Slimes","floor":4.0,"turns":4.0},{"damage":1.0,"enemies":"Jaw Worm","floor":5.0,"turns":5.0},{"damage":1.0,"enemies":"2 Fungi Beasts","floor":10.0,"turns":6.0},{"damage":4.0,"enemies":"Gremlin Nob","floor":11.0,"turns":4.0},{"damage":0.0,"enemies":"Blue Slaver","floor":12.0,"turns":3.0},{"damage":18.0,"enemies":"Lagavulin","floor":14.0,"turns":7.0},{"damage":1.0,"enemies":"The Guardian","floor":16.0,"turns":9.0},{"damage":9.0,"enemies":"Spheric Guardian","floor":18.0,"turns":4.0},{"damage":5.0,"enemies":"Chosen","floor":24.0,"turns":4.0},{"damage":0.0,"enemies":"Colosseum Slavers","floor":28.0,"turns":3.0},{"damage":19.0,"enemies":"Colosseum Nobs","floor":28.0,"turns":5.0},{"damage":5.0,"enemies":"Centurion and Healer","floor":29.0,"turns":7.0},{"damage":11.0,"enemies":"Cultist and Chosen","floor":31.0,"turns":6.0},{"damage":23,"enemies":"Automaton","floor":33,"turns":6}],"seed_played":"-4806885205484908097","potions_obtained":[{"floor":1.0,"key":"LiquidMemories"},{"floor":5.0,"key":"Poison Potion"},{"floor":14.0,"key":"Ancient Potion"},{"floor":28.0,"key":"SteroidPotion"},{"floor":29.0,"key":"EntropicBrew"}],"is_trial":false,"path_per_floor":["M","$","?","M","M","R","?","R","T","M","E","M","R","E","R","B",null,"M","?","?","?","$","R","M","R","T","R","?","M","$","M","R","B"],"character_chosen":"THE_SILENT","items_purchased":["Snake Skull","Dark Shackles","Backflip"],"campfire_rested":4,"item_purchase_floors":[22,22,30],"current_hp_per_floor":[56,56,30,28,27,27,27,46,46,45,41,41,41,23,42,41,60,51,33,33,33,33,33,28,28,28,49,30,25,25,14,35,12,12],"gold":88,"neow_bonus":"ONE_RANDOM_RARE_CARD","is_daily":false,"chose_seed":false,"campfire_upgraded":4,"win_rate":0.0,"timestamp":1610796956,"path_taken":["M","$","?","M","M","R","?","R","T","M","E","M","R","E","R","BOSS","M","?","?","?","?","R","M","R","T","R","?","?","$","M","R","BOSS"],"items_purchased_type":["Relic","Card","Card"],"build_version":"2020-12-22","purchased_purges":2,"victory":false,"max_hp_per_floor":[66,66,66,66,66,66,66,66,66,66,66,66,66,66,66,66,66,66,71,71,71,71,71,71,71,71,71,71,71,71,71,71,71,71],"card_choices":[{"not_picked":["Catalyst","Masterful Stab"],"picked":"Crippling Poison","floor":1.0},{"not_picked":["Quick Slash","Dodge and Roll"],"picked":"Backflip","floor":4.0},{"not_picked":["Caltrops","Sucker Punch"],"picked":"Poisoned Stab","floor":5.0},{"not_picked":["Prepared","Backflip"],"picked":"Poisoned Stab","floor":10.0},{"not_picked":["Predator","Malaise"],"picked":"Deadly Poison","floor":11.0},{"not_picked":["Concentrate","Deflect","Sucker Punch"],"picked":"SKIP","floor":12.0},{"not_picked":["Concentrate","Deflect","Sucker Punch"],"picked":"SKIP","floor":12.0},{"not_picked":["Eviscerate","Crippling Poison"],"picked":"Dash","floor":14.0},{"not_picked":["Grand Finale","Envenom"],"picked":"Bullet Time","floor":16.0},{"not_picked":["Dodge and Roll","Quick Slash","Flying Knee"],"picked":"SKIP","floor":18.0},{"not_picked":["Deadly Poison+1","After Image"],"picked":"PiercingWail","floor":24.0},{"not_picked":["Quick Slash","Sucker Punch"],"picked":"Noxious Fumes","floor":28.0},{"not_picked":["Masterful Stab","Poisoned Stab"],"picked":"Bane","floor":29.0},{"not_picked":["Endless Agony","All Out Attack"],"picked":"PiercingWail","floor":31.0}],"player_experience":226853,"relics_obtained":[{"floor":9.0,"key":"Anchor"},{"floor":11.0,"key":"Bronze Scales"},{"floor":26.0,"key":"Smiling Mask"},{"floor":28.0,"key":"TungstenRod"},{"floor":28.0,"key":"InkBottle"}],"event_choices":[{"damage_healed":0.0,"max_hp_gain":0.0,"max_hp_loss":0.0,"gold_gain":0.0,"event_name":"Scrap Ooze","player_choice":"Success","floor":3.0,"gold_loss":0.0,"damage_taken":26.0,"relics_obtained":["HornCleat"]},{"damage_healed":0.0,"max_hp_gain":0.0,"max_hp_loss":0.0,"gold_gain":0.0,"event_name":"Liars Game","player_choice":"Ignored","floor":7.0,"gold_loss":0.0,"damage_taken":0.0},{"damage_healed":0.0,"max_hp_gain":5.0,"max_hp_loss":0.0,"gold_gain":0.0,"event_name":"Forgotten Altar","player_choice":"Shed Blood","floor":19.0,"gold_loss":0.0,"damage_taken":23.0},{"damage_healed":0.0,"max_hp_gain":0.0,"max_hp_loss":0.0,"gold_gain":0.0,"event_name":"Ghosts","player_choice":"Ignored","floor":20.0,"gold_loss":0.0,"damage_taken":0.0},{"damage_healed":0.0,"max_hp_gain":0.0,"max_hp_loss":0.0,"gold_gain":0.0,"event_name":"The Mausoleum","player_choice":"Ignored","floor":21.0,"gold_loss":0.0,"damage_taken":0.0},{"damage_healed":0.0,"max_hp_gain":0.0,"max_hp_loss":0.0,"gold_gain":0.0,"event_name":"Colosseum","player_choice":"Fight","floor":28.0,"gold_loss":0.0,"damage_taken":0.0},{"damage_healed":0.0,"max_hp_gain":0.0,"max_hp_loss":0.0,"gold_gain":0.0,"event_name":"Colosseum","player_choice":"Fought Nobs","floor":28.0,"gold_loss":0.0,"damage_taken":0.0}],"is_beta":false,"boss_relics":[{"not_picked":["Runic Dome","Calling Bell"],"picked":"Philosopher\u0027s Stone"}],"items_purged_floors":[2,30],"is_endless":false,"potions_floor_spawned":[1,5,14,28,29],"killed_by":"Automaton","ascension_level":17}}