{"host":"bplbr8uekuotory4","time":1610805666,"event":{"mods":["Act Like it!","BaseMod","Custom Start","Gensokyo","GungeonMod","Hermit","KinomotoSakuraMod(木之本樱)","Koishi","Marisa（F雨　魔理沙）","Minty Spire (QoL Compilation)","Prisma Mod","Quick Restart","Reimu（博丽灵梦）","SOS（斯巴达之子）","Spicy Shops","StSLib","TestMod","The Alterego","The Blackbeard","The Cursed","The Marked","The Mystic","The Runesmith","The Saiyan","The Servant 0.9.4","Yuri Mod","[IsaacMod]以撒尖塔","vexMod"],"gold_per_floor":[116,116,136,136,136,169,169,169,169],"floor_reached":8,"language":"ZHS","playtime":75,"items_purged":[],"score":83,"play_id":"7b785bd8-85d9-416d-a25e-703ffa1a660a","local_time":"20210116220106","is_ascension_mode":true,"campfire_choices":[{"data":"alterego_mod:RidiculouslyBig","floor":7,"key":"SMITH"}],"circlet_count":0,"master_deck":["alterego_mod:Strike","alterego_mod:Strike","alterego_mod:Strike","alterego_mod:Strike","alterego_mod:Defend","alterego_mod:Defend","alterego_mod:Defend","alterego_mod:Defend","alterego_mod:BigMeatyClaws","alterego_mod:BrynhildrsRune","ChaosCard","alterego_mod:Swimsuit","alterego_mod:RidiculouslyBig+1","Regret","Pain","Bomb"],"relics":["alterego_mod:MasochisticConstitution","testmod-TestBox","HushsDoor","Damocles","testmod-ObsoleteBoomerang","NeowsBlessing","D6","DemoMod:GlassGuonStoneRelic","Art of War","SatanicBible","WarpedTongs","Molten Egg 2","testmod-OneHitWonder"],"acts_visited":["Exordium"],"potions_floor_usage":[],"damage_taken":[{"damage":0,"enemies":"Cultist","floor":1,"turns":1},{"damage":0,"enemies":"Small Slimes","floor":3,"turns":1},{"damage":1,"enemies":"Gremlin Nob","floor":6,"turns":1},{"damage":0,"enemies":"3 Sentries","floor":8,"turns":1}],"seed_played":"-6858729190535679501","potions_obtained":[{"floor":3,"key":"SteroidPotion"}],"is_trial":false,"path_per_floor":["M","?","M","?","?","E","R","E"],"character_chosen":"The_Alterego","items_purchased":[],"campfire_rested":0,"item_purchase_floors":[],"current_hp_per_floor":[70,70,70,70,70,70,70,70,70],"gold":169,"neow_bonus":"THREE_ENEMY_KILL","is_daily":false,"chose_seed":false,"campfire_upgraded":1,"win_rate":0.0,"timestamp":1610805666,"path_taken":["M","?","M","?","?","E","R","E"],"items_purchased_type":[],"build_version":"2020-12-22","purchased_purges":0,"victory":false,"max_hp_per_floor":[70,70,70,70,70,71,71,71,71],"card_choices":[{"not_picked":[],"picked":"ChaosCard","floor":0},{"not_picked":["alterego_mod:DeftHands","alterego_mod:Cycle"],"picked":"alterego_mod:Swimsuit","floor":1},{"not_picked":["alterego_mod:RocketPunch","alterego_mod:PerceptionDisorder"],"picked":"alterego_mod:RidiculouslyBig","floor":3},{"not_picked":["alterego_mod:PerceptionDisorder","alterego_mod:Cooking"],"picked":"Bomb","floor":6}],"player_experience":1213531,"relics_obtained":[{"floor":1,"key":"D6"},{"floor":3,"key":"Art of War"},{"floor":6,"key":"Molten Egg 2"},{"floor":6,"key":"testmod-OneHitWonder"}],"event_choices":[{"damage_healed":0,"gold_gain":0,"player_choice":"Box","damage_taken":0,"relics_obtained":["SatanicBible"],"max_hp_gain":0,"max_hp_loss":0,"event_name":"Big Fish","floor":4,"gold_loss":0,"cards_obtained":["Regret"]},{"damage_healed":0,"gold_gain":0,"player_choice":"Rummage","damage_taken":0,"relics_obtained":["WarpedTongs"],"max_hp_gain":0,"max_hp_loss":0,"event_name":"Accursed Blacksmith","floor":5,"gold_loss":0,"cards_obtained":["Pain"]}],"is_beta":false,"boss_relics":[],"items_purged_floors":[],"is_endless":false,"potions_floor_spawned":[3],"killed_by":"3 Sentries","ascension_level":1}}