{"host":"utcbn1j9ebmpc40m","time":1610827193,"event":{"mods":["BaseMod","Better Altar","Better Match","GifTheSpireLib","Minty Spire (QoL Compilation)","Poor People Problems","StSLib","SuperFastMode","The IronCluck","The Servant 0.9.4"],"gold_per_floor":[113,127,55,65,85,112,122,122,122,154,170,170,180,205,217,332,344,366,303,160,160,160,489,444,444],"floor_reached":24,"language":"ENG","playtime":493,"items_purged":[],"score":294,"play_id":"27443776-9fce-4c36-a9d0-6af013990495","local_time":"20210116145953","is_ascension_mode":true,"campfire_choices":[{"floor":8,"key":"REST"},{"floor":15,"key":"REST"}],"circlet_count":0,"master_deck":["Strike_B","Strike_B","Defend_B","Defend_B","Defend_B","Defend_B","Zap+1","Dualcast","Beam Cell","Self Repair","Biased Cognition","Defragment","Static Discharge","Multi-Cast","Ball Lightning","Coolheaded","Reboot","Echo Form","Cold Snap","Defragment","Melter","White Noise","Necronomicurse","Reprogram+1"],"relics":["Cracked Core","Thread and Needle","Gremlin Horn","CaptainsWheel","MawBank","Black Star","Necronomicon","Mercury Hourglass","Old Coin"],"acts_visited":["Exordium","TheCity"],"potions_floor_usage":[5,13,16,16,23],"damage_taken":[{"damage":0,"enemies":"Cultist","floor":1,"turns":3},{"damage":7,"enemies":"Jaw Worm","floor":2,"turns":2},{"damage":0,"enemies":"2 Louse","floor":4,"turns":2},{"damage":8,"enemies":"Exordium Thugs","floor":5,"turns":3},{"damage":25,"enemies":"Lagavulin","floor":6,"turns":7},{"damage":21,"enemies":"Large Slime","floor":7,"turns":5},{"damage":30,"enemies":"Gremlin Nob","floor":10,"turns":4},{"damage":13,"enemies":"Exordium Wildlife","floor":11,"turns":4},{"damage":0,"enemies":"2 Fungi Beasts","floor":13,"turns":4},{"damage":41,"enemies":"The Guardian","floor":16,"turns":6},{"damage":9,"enemies":"Chosen","floor":18,"turns":5},{"damage":43,"enemies":"Slavers","floor":23,"turns":6},{"damage":16,"enemies":"2 Thieves","floor":24,"turns":2}],"seed_played":"2277530542063492631","potions_obtained":[{"floor":2,"key":"SneckoOil"},{"floor":4,"key":"Energy Potion"},{"floor":5,"key":"LiquidBronze"},{"floor":10,"key":"Fruit Juice"},{"floor":13,"key":"PowerPotion"},{"floor":16,"key":"Weak Potion"}],"is_trial":false,"path_per_floor":["M","M","$","M","M","E","M","R","T","E","M","?","M","T","R","B",null,"M","?","$","?","?","E","M"],"character_chosen":"DEFECT","items_purchased":["Biased Cognition","Defragment","Melter"],"campfire_rested":2,"item_purchase_floors":[3,20,20],"current_hp_per_floor":[68,61,61,68,67,49,35,57,57,34,28,28,40,40,64,30,68,66,66,66,66,50,14,0,0],"gold":444,"neow_bonus":"UPGRADE_CARD","is_daily":false,"chose_seed":false,"campfire_upgraded":0,"win_rate":0.0,"timestamp":1610827193,"path_taken":["M","M","$","M","?","E","?","R","T","E","M","?","?","?","R","BOSS","M","?","$","?","?","E","?"],"items_purchased_type":["Card","Card","Card"],"build_version":"2020-12-22","purchased_purges":0,"victory":false,"max_hp_per_floor":[75,75,75,75,75,75,75,75,75,75,75,75,80,80,80,80,80,80,80,80,80,80,80,80,80],"card_choices":[{"not_picked":["Steam","Compile Driver"],"picked":"Beam Cell","floor":1},{"not_picked":["Hologram","FTL"],"picked":"Self Repair","floor":2},{"not_picked":["Doom and Gloom","Redo"],"picked":"Defragment","floor":4},{"not_picked":["Barrage","Conserve Battery"],"picked":"Static Discharge","floor":5},{"not_picked":["Tempest","Stack"],"picked":"Multi-Cast","floor":6},{"not_picked":["Stack","Recycle","FTL"],"picked":"SKIP","floor":7},{"not_picked":["Blizzard","Coolheaded"],"picked":"Ball Lightning","floor":10},{"not_picked":["Beam Cell","Compile Driver"],"picked":"Coolheaded","floor":11},{"not_picked":["Undo","Go for the Eyes"],"picked":"Reboot","floor":13},{"not_picked":["Machine Learning","Reboot"],"picked":"Echo Form","floor":16},{"not_picked":["Turbo","Go for the Eyes+1"],"picked":"Cold Snap","floor":18},{"not_picked":["Tempest","Steam Power"],"picked":"Reprogram+1","floor":23}],"player_experience":498027,"relics_obtained":[{"floor":6,"key":"Thread and Needle"},{"floor":9,"key":"Gremlin Horn"},{"floor":10,"key":"CaptainsWheel"},{"floor":14,"key":"MawBank"},{"floor":22,"key":"Necronomicon"},{"floor":23,"key":"Mercury Hourglass"},{"floor":23,"key":"Old Coin"}],"event_choices":[{"cards_removed":["Strike_B"],"damage_healed":0,"gold_gain":0,"player_choice":"Offered Basic","damage_taken":0,"max_hp_gain":0,"max_hp_loss":0,"event_name":"Bonfire Elementals","floor":12,"gold_loss":0},{"cards_removed":["Strike_B"],"damage_healed":0,"gold_gain":0,"player_choice":"Gave Gold","damage_taken":0,"max_hp_gain":0,"max_hp_loss":0,"event_name":"Beggar","floor":19,"gold_loss":75},{"damage_healed":0,"gold_gain":0,"player_choice":"Read","damage_taken":0,"max_hp_gain":0,"max_hp_loss":0,"event_name":"The Library","floor":21,"gold_loss":0,"cards_obtained":["White Noise"]},{"damage_healed":0,"gold_gain":0,"player_choice":"Obtained Book","damage_taken":16,"max_hp_gain":0,"max_hp_loss":0,"event_name":"Cursed Tome","floor":22,"gold_loss":0}],"is_beta":false,"boss_relics":[{"not_picked":["Pandora\u0027s Box","Velvet Choker"],"picked":"Black Star"}],"items_purged_floors":[],"is_endless":false,"potions_floor_spawned":[2,4,5,10,13,16],"killed_by":"2 Thieves","ascension_level":6}}