{"host":"6q94iy5iz6612v89","time":1610819725,"event":{"mods":["AchievementEnabler","BaseMod","Colored Map","DeckTracker","Keyboard Shortcuts","Minty Spire (QoL Compilation)","Permanent Neow","StSLib","SuperFastMode"],"gold_per_floor":[119,135,155,80,80,80,115,115,115,115,115,132,144,155,155,234,234,250,9,9,27,27,27,59,79,156,156,169,169,12,12,12,12,12],"floor_reached":33,"language":"KOR","playtime":697,"items_purged":["Strike_R"],"score":530,"play_id":"fa8773ca-9ed2-4300-a033-0d29593d3fa3","local_time":"20210117025525","is_ascension_mode":true,"campfire_choices":[{"data":"Searing Blow","floor":6.0,"key":"SMITH"},{"data":"Searing Blow+1","floor":8.0,"key":"SMITH"},{"data":"Searing Blow+2","floor":10.0,"key":"SMITH"},{"data":"Searing Blow+3","floor":15.0,"key":"SMITH"},{"data":"Searing Blow+4","floor":23.0,"key":"SMITH"},{"data":"Searing Blow+5","floor":27.0,"key":"SMITH"},{"data":"Searing Blow+6","floor":29.0,"key":"SMITH"},{"data":"Searing Blow+7","floor":32,"key":"SMITH"}],"circlet_count":0,"master_deck":["AscendersBane","Defend_R+1","Defend_R+1","Defend_R+1","Defend_R+1","Bash","Searing Blow+8","Carnage","Impervious","Ghostly Armor","Shrug It Off","Master of Strategy","Pommel Strike","Power Through+1","Burning Pact"],"relics":["Burning Blood","Lizard Tail","Charon\u0027s Ashes","SlaversCollar","StrikeDummy","Self Forming Clay","Oddly Smooth Stone"],"acts_visited":["Exordium","TheCity"],"potions_floor_usage":[33,33],"damage_taken":[{"damage":0.0,"enemies":"2 Louse","floor":1.0,"turns":4.0},{"damage":7.0,"enemies":"Small Slimes","floor":2.0,"turns":5.0},{"damage":1.0,"enemies":"Cultist","floor":3.0,"turns":3.0},{"damage":42.0,"enemies":"Lagavulin","floor":7.0,"turns":9.0},{"damage":2.0,"enemies":"3 Louse","floor":12.0,"turns":3.0},{"damage":8.0,"enemies":"Blue Slaver","floor":13.0,"turns":3.0},{"damage":1.0,"enemies":"Exordium Thugs","floor":14.0,"turns":3.0},{"damage":69.0,"enemies":"Slime Boss","floor":16.0,"turns":11.0},{"damage":29.0,"enemies":"Shell Parasite","floor":18.0,"turns":6.0},{"damage":0.0,"enemies":"3 Byrds","floor":21.0,"turns":6.0},{"damage":23.0,"enemies":"Gremlin Leader","floor":24.0,"turns":4.0},{"damage":0.0,"enemies":"Snecko","floor":25.0,"turns":3.0},{"damage":0.0,"enemies":"Snake Plant","floor":28.0,"turns":3.0},{"damage":101,"enemies":"Automaton","floor":33,"turns":12}],"seed_played":"-895723950729784557","potions_obtained":[{"floor":1.0,"key":"CultistPotion"},{"floor":13.0,"key":"HeartOfIron"},{"floor":14.0,"key":"FairyPotion"},{"floor":21.0,"key":"Energy Potion"},{"floor":22.0,"key":"Block Potion"},{"floor":28.0,"key":"BlessingOfTheForge"}],"is_trial":false,"path_per_floor":["M","M","M","$","?","R","E","R","T","R","?","M","M","M","R","B",null,"M","$","?","M","?","R","E","M","T","R","M","R","$","?","R","B"],"character_chosen":"IRONCLAD","items_purchased":["Shrug It Off","Master of Strategy","Oddly Smooth Stone"],"campfire_rested":0,"item_purchase_floors":[19,19,30],"current_hp_per_floor":[56,55,60,60,53,53,17,17,17,17,17,21,19,24,24,29,64,41,41,41,47,47,47,30,36,36,36,42,42,42,42,42,0,0],"gold":12,"neow_bonus":"REMOVE_TWO","is_daily":false,"chose_seed":false,"campfire_upgraded":8,"win_rate":0.0,"timestamp":1610819725,"path_taken":["M","M","M","$","?","R","E","R","T","R","?","M","M","?","R","BOSS","M","$","?","M","?","R","E","?","T","R","M","R","$","?","R","BOSS"],"items_purchased_type":["Card","Card","Relic"],"build_version":"2020-12-22","purchased_purges":1,"victory":false,"max_hp_per_floor":[75,75,75,75,75,75,75,75,75,75,75,75,75,75,75,75,75,75,75,75,75,75,75,75,75,75,75,75,75,75,75,75,75,75],"card_choices":[{"not_picked":["Shrug It Off","Perfected Strike"],"picked":"Searing Blow","floor":1.0},{"not_picked":["True Grit","Iron Wave"],"picked":"Carnage","floor":2.0},{"not_picked":["Clash","Shockwave"],"picked":"Impervious","floor":3.0},{"not_picked":["Infernal Blade","Juggernaut","Thunderclap"],"picked":"SKIP","floor":7.0},{"not_picked":["Iron Wave","Perfected Strike"],"picked":"Ghostly Armor","floor":12.0},{"not_picked":["Flex","Headbutt","Dual Wield"],"picked":"SKIP","floor":13.0},{"not_picked":["Dual Wield","Headbutt","Clothesline"],"picked":"SKIP","floor":14.0},{"not_picked":["Dual Wield","Headbutt","Clothesline"],"picked":"SKIP","floor":14.0},{"not_picked":["Clothesline","Clash","Spot Weakness"],"picked":"SKIP","floor":18.0},{"not_picked":["True Grit","Clothesline","Iron Wave"],"picked":"SKIP","floor":21.0},{"not_picked":["Heavy Blade+1","Impervious"],"picked":"Power Through+1","floor":24.0},{"not_picked":["Clothesline","Shrug It Off"],"picked":"Burning Pact","floor":25.0},{"not_picked":["Reckless Charge","Sentinel","Thunderclap"],"picked":"SKIP","floor":28.0}],"player_experience":1437977,"relics_obtained":[{"floor":7.0,"key":"Lizard Tail"},{"floor":9.0,"key":"Charon\u0027s Ashes"},{"floor":24.0,"key":"StrikeDummy"},{"floor":26.0,"key":"Self Forming Clay"}],"event_choices":[{"cards_removed":["Strike_R"],"damage_healed":0.0,"max_hp_gain":0.0,"max_hp_loss":0.0,"gold_gain":0.0,"event_name":"Golden Wing","player_choice":"Card Removal","floor":5.0,"gold_loss":0.0,"damage_taken":7.0},{"cards_removed":["Strike_R"],"damage_healed":0.0,"max_hp_gain":0.0,"max_hp_loss":0.0,"gold_gain":0.0,"event_name":"Purifier","player_choice":"Purged","floor":11.0,"gold_loss":0.0,"damage_taken":0.0},{"damage_healed":0.0,"max_hp_gain":0.0,"max_hp_loss":0.0,"gold_gain":0.0,"event_name":"The Library","player_choice":"Read","floor":20.0,"gold_loss":0.0,"damage_taken":0.0,"cards_obtained":["Pommel Strike"]},{"damage_healed":0.0,"max_hp_gain":0.0,"max_hp_loss":0.0,"gold_gain":0.0,"event_name":"Lab","player_choice":"Got Potions","floor":22.0,"gold_loss":0.0,"damage_taken":0.0},{"damage_healed":0,"gold_gain":0,"player_choice":"Simplicity","damage_taken":0,"max_hp_gain":0,"max_hp_loss":0,"event_name":"Back to Basics","floor":31,"gold_loss":0,"cards_upgraded":["Defend_R","Defend_R","Defend_R","Defend_R"]}],"is_beta":false,"boss_relics":[{"not_picked":["Cursed Key","Velvet Choker"],"picked":"SlaversCollar"}],"items_purged_floors":[4],"is_endless":false,"potions_floor_spawned":[1,13,14,21,28],"killed_by":"Automaton","ascension_level":20}}