{"host":"yttw759xqm3gosmj","time":1610765939,"event":{"mods":["AchievementEnabler","Bartender","BaseMod","Better Note","Better Third Choice","BetterRewards","Clockwork Mod","Colored Map","Colorless Booster Pack","Conspire","Custom Start","Dio Mod","Energized Spire","GifTheSpireLib","Glutton Mod","Googly Eyes","Hermit","Hubris","Infinite Spire","Mimic Mod","Minty Spire (QoL Compilation)","Rare Cards Sparkle","Replay The Spire","Shade Mod","Shop Mod","Spicy Shops","Spikes Relics","Spire Birthday Party","StSLib","Stuff the Spire","The Alterego","The Animator","The Bladedancer","The Cursed","The Edgeheg","The Forsaken","The Hierophant","The Judge","The Jungle","The Kombatant","The Marked","The Necromancer","The Poker Player","The Servant 0.9.4","The Trickster","TheSwordswoman","TheVacant","Trackpad","Unceasing Turn Reminder","Useless Jewels Mod","Waifu the Spire","WarShipGirlsR/????R mod","egg","slay the spire mod where everything is the same but ironclad has a cowboy hat","thorton","??????REMEMod"],"gold_per_floor":[416,416,428,440,23,23,0,0,0,0,12,30,45,80,80,183,183,197,210,227,227,246,246,6,6,6,6,16,16,16,36,36,133,133,133],"floor_reached":34,"language":"ENG","playtime":2471,"items_purged":[],"score":354,"play_id":"6e13412e-87f0-4cba-b7a1-a7259ce491b9","local_time":"20210115215859","is_ascension_mode":false,"campfire_choices":[{"floor":6.0,"key":"REST"},{"floor":10.0,"key":"RECALL"},{"floor":15.0,"key":"REST"},{"floor":23.0,"key":"REST"},{"floor":25.0,"key":"REST"},{"data":"Shade:LichForm","floor":27.0,"key":"SMITH"},{"data":"Shade:Putrefaction","floor":30.0,"key":"SMITH"},{"floor":32.0,"key":"REST"}],"circlet_count":1,"master_deck":["Shade:Strike_Shade","Shade:Strike_Shade","Shade:Strike_Shade","Shade:Strike_Shade","Shade:Defend_Shade","Shade:Defend_Shade","Shade:Defend_Shade","Shade:Defend_Shade+1","Shade:AnimateDead","Shade:CarefulCut","TheKombatant:attCertainDeath","Madness","Shade:GraveStillness","Shade:AncientSpear","Shade:RavenousHorde","REME_BattleFury","Shade:Bite_Shade","Shade:FleshOffering","Enlightenment","Shade:OpenGraves","Shade:Bonestorm","Shade:SoulPierce","Shade:FreshBones","Shade:LichForm+1","Shade:Frenzy","Shade:WallOfFlesh","Shade:PoundOfFlesh","thethorton:TrueForm","Shade:CoffinDance","Shade:Putrefaction+1","infinitespire:Starlight","Shade:FuneraryJewels","Shade:Coordination"],"relics":["Shade:YorickSkull","Circlet","REME_ComplimentaryCards","SnailShell","Chameleon Ring","StuffTheSpire:Experiment12","conspire:TreasureMap","MerchantsRug","infinitespire:PuzzleCube","CultistMask","trackpad:CultistFigurine","Philosopher\u0027s Stone","Meat on the Bone","Ancient Tea Set","hubris:RunicObelisk"],"acts_visited":["Exordium","TheCity"],"potions_floor_usage":[],"damage_taken":[{"damage":0.0,"enemies":"Jaw Worm","floor":1.0,"turns":3.0},{"damage":0.0,"enemies":"Small Slimes","floor":3.0,"turns":3.0},{"damage":0.0,"enemies":"infinitespire:Voidling","floor":4.0,"turns":3.0},{"damage":0.0,"enemies":"Exordium Wildlife","floor":11.0,"turns":3.0},{"damage":2.0,"enemies":"Gremlin Gang","floor":12.0,"turns":3.0},{"damage":0.0,"enemies":"2 Fungi Beasts","floor":13.0,"turns":2.0},{"damage":14.0,"enemies":"Replay:BlueRogue","floor":14.0,"turns":9.0},{"damage":33.0,"enemies":"The Guardian","floor":16.0,"turns":11.0},{"damage":21.0,"enemies":"conspire:FuzzyDice","floor":18.0,"turns":5.0},{"damage":21.0,"enemies":"3 Byrds","floor":19.0,"turns":4.0},{"damage":21.0,"enemies":"Shelled Parasite and Fungi","floor":20.0,"turns":6.0},{"damage":6.0,"enemies":"Sentry and Sphere","floor":22.0,"turns":4.0},{"damage":9.0,"enemies":"conspire:HollyBat","floor":28.0,"turns":10.0},{"damage":26.0,"enemies":"Centurion and Healer","floor":31.0,"turns":5.0},{"damage":1.0,"enemies":"Automaton","floor":33.0,"turns":10.0}],"seed_played":"134932920912412259","potions_obtained":[{"floor":3.0,"key":"Cursed Concoction"},{"floor":12.0,"key":"Regen Potion"},{"floor":13.0,"key":"DistilledChaos"},{"floor":14.0,"key":"Dexterity Potion"},{"floor":22.0,"key":"champ:CounterPotion"}],"is_trial":false,"path_per_floor":["M","?","M","M","$","R","?","?","T","R","M","M","M","E","R","B",null,"M","M","M","?","M","R","?","R","T","R","M","AVR","R","M","R_BF","B",null],"character_chosen":"SHADE","items_purchased":["SnailShell","Chameleon Ring","StuffTheSpire:Experiment12","conspire:TreasureMap","MerchantsRug","expansioncontent:AwakenDeath","REME_BattleFury","Shade:Bite_Shade","Shade:FleshOffering","infinitespire:PuzzleCube"],"campfire_rested":5,"item_purchase_floors":[0,0,0,0,0,0,5,5,5,5],"current_hp_per_floor":[34,34,34,34,34,53,59,59,59,59,59,57,59,47,68,37,71,50,31,37,37,31,52,52,71,71,71,64,64,64,40,61,64,64,64],"gold":133,"neow_bonus":"","is_daily":false,"chose_seed":false,"campfire_upgraded":2,"win_rate":0.0,"timestamp":1610765939,"path_taken":["M","?","M","M","$","R","?","?","T","R","M","?","M","E","R","BOSS","M","M","M","?","M","R","?","R","T","R","M","AVR","R","M","R_BF","BOSS"],"items_purchased_type":["Relic","Relic","Relic","Relic","Relic","Undefined","Card","Card","Card","Relic"],"build_version":"2020-12-22","purchased_purges":0,"victory":false,"max_hp_per_floor":[65,65,65,65,65,65,71,71,71,71,71,71,71,71,71,71,71,71,71,71,71,71,71,71,71,71,71,71,71,71,71,71,71,71,71],"card_choices":[{"not_picked":["Shade:GreyBargain","Shade:Asphyxiate"],"picked":"Shade:GraveStillness","floor":1.0},{"not_picked":["Shade:Bonestorm","Shade:Premonition","Shade:MadHubris","Shade:LyeBath"],"picked":"Shade:AncientSpear","floor":3.0},{"not_picked":["Shade:GraveStillness","Shade:FuneraryArmor","Shade:Patience","Shade:Trample"],"picked":"Shade:RavenousHorde","floor":4.0},{"not_picked":["Shade:Excise","Shade:Bite_Shade","Shade:FleshLikeOak","Shade:Trample"],"picked":"Shade:OpenGraves","floor":11.0},{"not_picked":["Shade:FreshBones","Shade:BoneShards","Shade:AncientSpear","Shade:Bite_Shade"],"picked":"Shade:Bonestorm","floor":12.0},{"not_picked":["Shade:AncientSpear","Shade:Patience","Shade:Frenzy","Shade:OpenGraves"],"picked":"Shade:SoulPierce","floor":13.0},{"not_picked":["Shade:Trample","Shade:Brains","Shade:AncientSpear","Shade:FuneraryArmor"],"picked":"Shade:FreshBones","floor":14.0},{"not_picked":["Shade:LoseControl","Shade:OminousRitual","Shade:LastGasp","Shade:OneIsEnough"],"picked":"Shade:LichForm","floor":16.0},{"not_picked":["Shade:Doomsay","Shade:DangerousRitual+1","Shade:LyeBath","Shade:ClawBack"],"picked":"Shade:Frenzy","floor":18.0},{"not_picked":["Shade:FreshBones","Shade:FleshToFlesh","Shade:OfferingToTheBeyond","Shade:AncientSpear"],"picked":"Shade:WallOfFlesh","floor":19.0},{"not_picked":["Shade:Frenzy+1","Shade:FingerOfDeath","Shade:ClawBack","Shade:FreshBones+1"],"picked":"Shade:PoundOfFlesh","floor":20.0},{"not_picked":["Shade:SkeletonArmy","Shade:GreyBargain","Shade:TouchOfTheGrave","Shade:FreshBones"],"picked":"Shade:CoffinDance","floor":22.0},{"not_picked":["Shade:Trample","Shade:FuneraryArmor","Shade:SensePrey","Shade:Premonition+1"],"picked":"Shade:Putrefaction","floor":28.0},{"not_picked":["Shade:FreshBones+1","Shade:Bite_Shade","Shade:AblativeArmor","Shade:Frenzy"],"picked":"Shade:FuneraryJewels","floor":31.0},{"not_picked":["Shade:UnbarTheGrave","Shade:Putrefaction","Shade:OneIsEnough","Shade:MadHubris"],"picked":"Shade:Coordination","floor":33.0}],"player_experience":100603,"relics_obtained":[{"floor":1.0,"key":"SynthV:TestCard"},{"floor":14.0,"key":"trackpad:CultistFigurine"},{"floor":26.0,"key":"Meat on the Bone"}],"event_choices":[{"damage_healed":0.0,"max_hp_gain":0.0,"max_hp_loss":0.0,"gold_gain":0.0,"event_name":"betterThird:BetterSerpent","player_choice":"RENOUNCE","floor":7.0,"gold_loss":23.0,"damage_taken":23.0,"cards_obtained":["Enlightenment"]},{"damage_healed":0.0,"max_hp_gain":0.0,"max_hp_loss":0.0,"gold_gain":0.0,"event_name":"FaceTrader","player_choice":"Trade","floor":8.0,"gold_loss":0.0,"damage_taken":0.0,"relics_obtained":["CultistMask"]},{"cards_removed":["REME_BattleFury"],"damage_healed":0.0,"max_hp_gain":0.0,"max_hp_loss":0.0,"gold_gain":0.0,"event_name":"betterNote:BetterNote","player_choice":"Take \u0026 Give","floor":21.0,"gold_loss":0.0,"damage_taken":0.0,"cards_obtained":["thethorton:TrueForm"]}],"is_beta":false,"boss_relics":[{"not_picked":["Replay:Drink Me","Honey Jar"],"picked":"Philosopher\u0027s Stone"},{"not_picked":["Circlet","Replay:Wanted Poster"],"picked":"hubris:RunicObelisk"}],"items_purged_floors":[],"is_endless":false,"potions_floor_spawned":[3,12,13,14,18,22,31],"ascension_level":0}}