{"host":"xsfbp1yx1f2ea5z7","time":1610800253,"event":{"mods":["AchievementEnabler","Act Like it!","Aspiration","Bard","BaseMod","Beaked The Cultist","Better Altar","Better Match","Better Note","Better Sensory Stone","Better Skull","Better Third Choice","BetterRewards","Block Reminder","ChefMod","Colored Map","Colored Powertips","Conspire","DeckTracker","Downfall","GifTheSpireLib","GungeonMod","Halation","Hermit","Hubris","Infinite Spire","Jedi Mod","Jorbs\u0027s Wanderer Trilogy","Marked Mod","Mimic Mod","Minty Spire (QoL Compilation)","Shade Mod","Spicy Shops","StSLib","Stuff the Spire","The Blackbeard","The Cursed","The Hierophant","The Judge","The Jungle","The Mystic","The Runesmith","TheBandit","Unceasing Turn Reminder","Wandering Minibosses","everything is the same but u backflip on backflip","vexMod"],"gold_per_floor":[99,99,99,99,99,99,99,199,199,36,36,55,70,86,102,102,102,102],"floor_reached":16,"language":"ENG","playtime":580,"items_purged":["Slimebound:Defend_Slimebound"],"score":123,"play_id":"ba24fa0a-4b30-40a8-865d-1eb9a55f6e5e","local_time":"20210116203053","is_ascension_mode":false,"campfire_choices":[{"data":"Slimebound:Split","floor":1,"key":"SMITH"}],"circlet_count":0,"master_deck":["Slimebound:Strike_Slimebound","Slimebound:Strike_Slimebound","Slimebound:Tackle","Slimebound:Defend_Slimebound","Slimebound:Defend_Slimebound","Slimebound:Defend_Slimebound","Slimebound:Split+1","Slimebound:CorrosiveSpit","Slimebound:SplitAcid","Slimebound:Schlurp","Slimebound:SamplingLick","Slimebound:GrowthPunch","Slimebound:LevelUp","conspire:Banana","Slimebound:LevelUp","Slimebound:Prepare","Slimebound:ServeAndProtect","Slimebound:ItLooksTasty"],"relics":["Slimebound:AbsorbEndCombat","downfall:HeartsMalice","halation:PinkSoulGem","jedi:purplefairy","StuffTheSpire:TintedRock","StuffTheSpire:EmeraldSignet"],"acts_visited":["Exordium"],"potions_floor_usage":[10,14],"damage_taken":[{"damage":0,"enemies":"Small Slimes","floor":2,"turns":1},{"damage":0,"enemies":"3 Sentries","floor":8,"turns":1},{"damage":0,"enemies":"Jaw Worm","floor":9,"turns":1},{"damage":7,"enemies":"downfall:FleeingMerchant","floor":10,"turns":4},{"damage":5,"enemies":"2 Louse","floor":12,"turns":2},{"damage":18,"enemies":"Lots of Slimes","floor":13,"turns":3},{"damage":7,"enemies":"Large Slime","floor":14,"turns":5},{"damage":10,"enemies":"Exordium Wildlife","floor":15,"turns":5},{"damage":53,"enemies":"SI_SHIV_ARCHETYPE","floor":16,"turns":7}],"seed_played":"-5133693637006126575","potions_obtained":[{"floor":8,"key":"ColorlessPotion"},{"floor":12,"key":"Strength Potion"},{"floor":13,"key":"Slimebound:SlimedPotion"},{"floor":14,"key":"Fire Potion"}],"is_trial":false,"path_per_floor":["R","M","?","?","?","?","T","E","M","$","?","M","M","M","M","B"],"character_chosen":"SLIMEBOUND","items_purchased":["Slimebound:LevelUp"],"campfire_rested":0,"item_purchase_floors":[10],"current_hp_per_floor":[65,65,65,65,65,62,62,62,62,58,58,56,40,41,37,0,0,0],"gold":102,"neow_bonus":"THREE_ENEMY_KILL","is_daily":false,"chose_seed":false,"campfire_upgraded":1,"win_rate":0.0,"timestamp":1610800253,"path_taken":["R","M","?","?","?","?","T","E","?","$","?","M","M","M","M","BOSS"],"items_purchased_type":["Card"],"build_version":"2020-12-22","purchased_purges":1,"victory":false,"max_hp_per_floor":[65,65,65,65,65,65,65,65,65,65,65,66,66,67,68,69,69,69],"card_choices":[{"not_picked":["Slimebound:LeechingTouch","Slimebound:ComboTackle"],"picked":"Slimebound:SplitAcid","floor":2},{"not_picked":["Slimebound:BestDefense","Slimebound:FormOfPuddle"],"picked":"Slimebound:Schlurp","floor":8},{"not_picked":["Slimebound:BestDefense","Slimebound:GoopTackle"],"picked":"Slimebound:SamplingLick","floor":9},{"not_picked":["Slimebound:LeechingTouch","Slimebound:FlameTackle"],"picked":"Slimebound:GrowthPunch","floor":10},{"not_picked":["Dark Shackles","Madness"],"picked":"conspire:Banana","floor":11},{"not_picked":["Slimebound:Schlurp","Slimebound:DouseInSlime"],"picked":"Slimebound:LevelUp","floor":12},{"not_picked":["Slimebound:ComboTackle","Slimebound:Chomp"],"picked":"Slimebound:Prepare","floor":13},{"not_picked":["Slimebound:Replication","Slimebound:ProtectTheBoss"],"picked":"Slimebound:ServeAndProtect","floor":14},{"not_picked":["Slimebound:AcidTongue","Slimebound:LeechingTouch"],"picked":"Slimebound:ItLooksTasty","floor":15}],"player_experience":97464,"relics_obtained":[{"floor":7,"key":"StuffTheSpire:TintedRock"},{"floor":8,"key":"StuffTheSpire:EmeraldSignet"}],"event_choices":[{"damage_healed":0,"gold_gain":0,"player_choice":"Success","damage_taken":3,"relics_obtained":["jedi:purplefairy"],"max_hp_gain":0,"max_hp_loss":0,"event_name":"Scrap Ooze","floor":6,"gold_loss":0},{"damage_healed":0,"gold_gain":1,"player_choice":"1","damage_taken":0,"max_hp_gain":0,"max_hp_loss":0,"event_name":"betterStone:BetterStone","floor":11,"gold_loss":0}],"is_beta":false,"boss_relics":[],"items_purged_floors":[10],"is_endless":false,"potions_floor_spawned":[8,12,13,14],"killed_by":"SI_SHIV_ARCHETYPE","ascension_level":0}}