{"host":"627up2rvtmm0cf0r","time":1610799700,"event":{"mods":["100% Spire Juice","ATMod(阿瑾Mod)","Act Like it!","BaseMod","Better Vampires","CapriCore","Card Filter","Card Forge","Colored Powertips","DeckTracker","Dota2Spire","Energized Spire","Friendly Minions","Highlight Path","Infinite Spire","Jedi Mod","Marked Mod","Mimic Mod","Minty Spire (QoL Compilation)","MostiFishMod","Permanent Neow","Practice Mode","Quick Restart","Relic Stats","Shop Mod","Spicy Shops","StSLib","SuperFastMode","TestMod","The Blackbeard","The Marked","【遗物卡牌】REMEMod","残留之物","篝火指南"],"gold_per_floor":[218,218,298,473,488,115,147,547,582,611,629,658,671,686,686,791,791,809,809,809,809,819,1450,1450,1465,1500,1512,99,135,247,285,285,415,415,560,646,546,546,638,695,1336,1395,1395,1395,1515,1654,1698,1698,1698],"floor_reached":48,"language":"ZHS","playtime":1911,"items_purged":["Doubt","Strike_B","Strike_B"],"score":1062,"play_id":"fe6a5805-2b43-493b-999b-825ceaa79c94","local_time":"20210116202140","is_ascension_mode":true,"campfire_choices":[{"data":"White Noise","floor":15,"key":"SMITH"},{"data":"MostiFishMod:Hijack","floor":24,"key":"SMITH"},{"data":"MostiFishMod:StrandedSiren","floor":32,"key":"SMITH"},{"floor":44,"key":"RECALL"}],"circlet_count":0,"master_deck":["Strike_B","Defend_B","Defend_B","Defend_B","Zap+1","Dualcast","testmod-EternalityOfKhronos+1","Coolheaded","Skim","White Noise+1","Hologram+1","MostiFishMod:Hijack+1","AT_DarkMatter+1","BootSequence","Go for the Eyes","Turbo+1","MostiFishMod:StrandedSiren+1","MostiFishMod:Hijack+1","Recycle+1","Heatsinks"],"relics":["Cracked Core","Hammer of Thor","Seething Fire","Anvil of the Gods","testmod-TestBox","REME_ComplimentaryCards","AT_ATBox","testmod-ObsoleteBoomerang","The Courier","SynthV:TestCard","Matryoshka","testmod-AssaultLearning","Mummified Hand","Technique","Dota2Spire:AssaultCuirass","Meat on the Bone","Dota2Spire:PhaseBoots","Dota2Spire:DrumOfEndurance","Art of War","AT_GuinsooRageblade","Philosopher\u0027s Stone","jedi:laserpointer","AT_SilvercatRing","SynthV:C4","infinitespire:ShieldingShard","Gremlin Horn","Civilization","infinitespire:Freezer","AT_MibuBalloonWealth","jedi:HeartOfTheCards","TungstenRod","Dota2Spire:CrimsonGuard","REME_LowDesire","Dota2Spire:ArmletOfMordiggian","Ancient Tea Set","jedi:bottledfury","AT_BladeRuinedKing"],"acts_visited":["Exordium","TheCity","TheBeyond"],"potions_floor_usage":[14],"damage_taken":[{"damage":12.0,"enemies":"Small Slimes","floor":1.0,"turns":3.0},{"damage":2.0,"enemies":"Jaw Worm","floor":5.0,"turns":2.0},{"damage":0.0,"enemies":"Gremlin Nob","floor":7.0,"turns":4.0},{"damage":0,"enemies":"2 Louse","floor":9,"turns":4},{"damage":0,"enemies":"Lagavulin","floor":10,"turns":7},{"damage":0,"enemies":"2 Louse","floor":11,"turns":2},{"damage":2,"enemies":"3 Sentries","floor":12,"turns":6},{"damage":0,"enemies":"Blue Slaver","floor":13,"turns":3},{"damage":2,"enemies":"Gremlin Gang","floor":14,"turns":2},{"damage":7,"enemies":"Hexaghost","floor":16,"turns":8},{"damage":6,"enemies":"Chosen","floor":18,"turns":3},{"damage":0,"enemies":"3 Byrds","floor":22,"turns":2},{"damage":0,"enemies":"Book of Stabbing","floor":23,"turns":4},{"damage":0,"enemies":"Centurion and Healer","floor":25,"turns":2},{"damage":0,"enemies":"Shelled Parasite and Fungi","floor":26,"turns":4},{"damage":0,"enemies":"Shelled Parasite and Fungi","floor":27,"turns":1},{"damage":0,"enemies":"Snecko","floor":29,"turns":2},{"damage":0,"enemies":"Gremlin Leader","floor":30,"turns":2},{"damage":0,"enemies":"Snake Plant","floor":31,"turns":1},{"damage":0,"enemies":"Collector","floor":33,"turns":1},{"damage":0,"enemies":"3 Darklings","floor":35,"turns":1},{"damage":0,"enemies":"3 Shapes","floor":36,"turns":1},{"damage":0,"enemies":"Sphere and 2 Shapes","floor":39,"turns":1},{"damage":0,"enemies":"Nemesis","floor":40,"turns":1},{"damage":23,"enemies":"Transient","floor":41,"turns":3},{"damage":0,"enemies":"Giant Head","floor":42,"turns":3},{"damage":0,"enemies":"4 Shapes","floor":45,"turns":1},{"damage":0,"enemies":"3 Darklings","floor":46,"turns":1},{"damage":0,"enemies":"Transient","floor":47,"turns":2},{"damage":992,"enemies":"Reptomancer","floor":48,"turns":1}],"seed_played":"-5085701026901918234","potions_obtained":[{"floor":10,"key":"LiquidBronze"},{"floor":12,"key":"Fire Potion"},{"floor":13,"key":"FocusPotion"},{"floor":14,"key":"Explosive Potion"},{"floor":39,"key":"testmod-TestPotion"}],"is_trial":false,"path_per_floor":["M","?","T","?","M","R","E","?","MIM","E","M","E","M","M","R","B",null,"M","?","?","?","M","E","R","M","MIM","M","$","M","E","M","R","B",null,"M","M","$","?","M","E","M","E","T","R","M","M","M","E"],"character_chosen":"DEFECT","items_purchased":["Technique","Dota2Spire:AssaultCuirass","SynthV:C4","infinitespire:ShieldingShard","Gremlin Horn","Civilization","infinitespire:Freezer","AT_MibuBalloonWealth","jedi:HeartOfTheCards","TungstenRod"],"campfire_rested":0,"item_purchase_floors":[6,6,28,28,28,28,28,28,28,28],"current_hp_per_floor":[63,51,51,51,49,49,49,49,49,49,49,47,47,45,45,38,75,69,69,69,69,69,69,69,69,69,69,69,74,78,81,81,85,85,90,95,95,95,100,105,94,99,99,99,108,113,118,0,0],"gold":1698,"neow_bonus":"HUNDRED_GOLD","is_daily":false,"chose_seed":false,"campfire_upgraded":3,"win_rate":0.0,"timestamp":1610799700,"path_taken":["M","?","?","?","M","R","E","?","MIM","E","?","E","?","M","R","BOSS","M","?","?","?","M","E","R","M","MIM","M","?","M","E","M","R","BOSS","M","M","$","?","M","E","M","E","T","R","M","M","?","E"],"items_purchased_type":["Relic","Relic","Relic","Relic","Relic","Relic","Relic","Relic","Relic","Relic"],"build_version":"2020-12-22","purchased_purges":3,"victory":false,"max_hp_per_floor":[75,75,75,75,75,75,75,75,75,75,75,75,75,75,75,75,75,75,75,75,75,75,75,75,75,75,75,75,76,78,81,81,85,85,90,95,95,95,100,105,110,115,115,115,120,125,130,130,130],"relic_stats":{"Gremlin Horn":[13,13],"counters":[30,78],"Mummified Hand":[26],"Art of War":[6],"obtain_stats":[{"AT_ATBox":0,"DaveBox":0,"Gremlin Horn":28,"AT_MibuBalloonWealth":28,"Dota2Spire:ArmletOfMordiggian":34,"Dota2Spire:DrumOfEndurance":9,"Hammer of Thor":0,"jedi:bottledfury":40,"Ancient Tea Set":34,"SynthV:C4":28,"Civilization":28,"Matryoshka":2,"infinitespire:ShieldingShard":28,"Dota2Spire:CrimsonGuard":30,"Mummified Hand":3,"testmod-ObsoleteBoomerang":0,"Philosopher\u0027s Stone":17,"Dota2Spire:AssaultCuirass":6,"REME_LowDesire":34,"Cracked Core":0,"AT_GuinsooRageblade":12,"testmod-TestBox":0,"The Courier":0,"AT_BladeRuinedKing":42,"Seething Fire":0,"AT_SilvercatRing":26,"jedi:HeartOfTheCards":28,"SynthV:TestCard":1,"Anvil of the Gods":0,"testmod-AssaultLearning":3,"jedi:laserpointer":23,"Art of War":10,"Technique":6,"TungstenRod":28,"REME_ComplimentaryCards":0,"Meat on the Bone":7,"Dota2Spire:PhaseBoots":9,"infinitespire:Freezer":28},{"AT_ATBox":0,"DaveBox":0,"Gremlin Horn":16,"AT_MibuBalloonWealth":16,"Dota2Spire:ArmletOfMordiggian":20,"Dota2Spire:DrumOfEndurance":4,"Hammer of Thor":0,"jedi:bottledfury":24,"Ancient Tea Set":20,"SynthV:C4":16,"Civilization":16,"Matryoshka":1,"infinitespire:ShieldingShard":16,"Dota2Spire:CrimsonGuard":18,"Mummified Hand":1,"testmod-ObsoleteBoomerang":0,"Philosopher\u0027s Stone":10,"Dota2Spire:AssaultCuirass":2,"REME_LowDesire":20,"Cracked Core":0,"AT_GuinsooRageblade":7,"testmod-TestBox":0,"The Courier":0,"AT_BladeRuinedKing":26,"Seething Fire":0,"AT_SilvercatRing":15,"jedi:HeartOfTheCards":16,"SynthV:TestCard":1,"Anvil of the Gods":0,"testmod-AssaultLearning":1,"jedi:laserpointer":13,"Art of War":5,"Technique":2,"TungstenRod":16,"REME_ComplimentaryCards":0,"Meat on the Bone":3,"Dota2Spire:PhaseBoots":4,"infinitespire:Freezer":16},{"AT_ATBox":0,"DaveBox":0,"Gremlin Horn":57,"AT_MibuBalloonWealth":57,"Dota2Spire:ArmletOfMordiggian":63,"Dota2Spire:DrumOfEndurance":13,"Hammer of Thor":0,"jedi:bottledfury":67,"Ancient Tea Set":63,"SynthV:C4":57,"Civilization":57,"Matryoshka":3,"infinitespire:ShieldingShard":57,"Dota2Spire:CrimsonGuard":61,"Mummified Hand":3,"testmod-ObsoleteBoomerang":0,"Philosopher\u0027s Stone":41,"Dota2Spire:AssaultCuirass":5,"REME_LowDesire":63,"Cracked Core":0,"AT_GuinsooRageblade":28,"testmod-TestBox":0,"The Courier":0,"AT_BladeRuinedKing":73,"Seething Fire":0,"AT_SilvercatRing":56,"jedi:HeartOfTheCards":57,"SynthV:TestCard":3,"Anvil of the Gods":0,"testmod-AssaultLearning":3,"jedi:laserpointer":50,"Art of War":20,"Technique":5,"TungstenRod":57,"REME_ComplimentaryCards":0,"Meat on the Bone":9,"Dota2Spire:PhaseBoots":13,"infinitespire:Freezer":57}],"TungstenRod":2,"Meat on the Bone":0},"card_choices":[{"not_picked":["jedi:blockon","jedi:reiji","jedi:BurstFrost"],"picked":"SKIP","floor":1.0},{"not_picked":["Rip and Tear","Go for the Eyes","AT_ThreeBodyProblem","jedi:spotbugs","jedi:BurstFrost"],"picked":"SKIP","floor":5.0},{"not_picked":["Steam","jedi:spotbugs","Compile Driver","Barrage","Go for the Eyes"],"picked":"SKIP","floor":7.0},{"not_picked":["jedi:BurstFrost","Lockon","Steam","Ball Lightning"],"picked":"Coolheaded","floor":9},{"not_picked":["Beam Cell","Compile Driver","Sweeping Beam","jedi:BurstLightning","AT_HeatAcrobatics"],"picked":"SKIP","floor":10},{"not_picked":["Beam Cell","Compile Driver","Sweeping Beam","jedi:BurstLightning","AT_HeatAcrobatics"],"picked":"SKIP","floor":10},{"not_picked":["jedi:BurstLightning","MostiFishMod:IntelligentEquipment","Coolheaded","Cold Snap"],"picked":"Skim","floor":11},{"not_picked":["Coolheaded","jedi:overflow","MostiFishMod:Impulse","Reinforced Body"],"picked":"White Noise","floor":12},{"not_picked":["Compile Driver","Coolheaded","Barrage","Ball Lightning"],"picked":"Hologram","floor":13},{"not_picked":["BootSequence","Rebound","Sweeping Beam","jedi:locknload","Gash"],"picked":"SKIP","floor":14},{"not_picked":["MostiFishMod:Culaccino","MostiFishMod:TalkingToTheRain","REME_ForAll","jedi:bruteforce"],"picked":"MostiFishMod:Hijack","floor":16},{"not_picked":["MostiFishMod:PushDownKick","Ball Lightning","Redo+1","Loop"],"picked":"AT_DarkMatter","floor":18},{"not_picked":["Barrage+1","Coolheaded+1","jedi:BurstLightning","Ball Lightning"],"picked":"Turbo+1","floor":22},{"not_picked":["MostiFishMod:PushDownKick","MostiFishMod:DeathFromBelow","BootSequence","Double Energy+1","Compile Driver+1"],"picked":"SKIP","floor":23},{"not_picked":["Sweeping Beam","AT_HeatAcrobatics","Reprogram","Capacitor","MostiFishMod:Exploitation"],"picked":"SKIP","floor":25},{"not_picked":["Steam","Aggregate","Turbo","MostiFishMod:PushDownKick","Sweeping Beam"],"picked":"SKIP","floor":27},{"not_picked":["jedi:BurstFrost","Conserve Battery","AT_EMC2","Steam","jedi:hex"],"picked":"SKIP","floor":29},{"not_picked":["MostiFishMod:ReprogramOld","MostiFishMod:Hijack","jedi:hex","Auto Shields"],"picked":"MostiFishMod:StrandedSiren","floor":30},{"not_picked":["jedi:BurstFrost+1","Turbo+1","Consume","Beam Cell","Compile Driver"],"picked":"SKIP","floor":31},{"not_picked":["Loop+1","Hologram","jedi:BurstFrost","Doom and Gloom","BootSequence+1","Enlightenment"],"picked":"SKIP","floor":35},{"not_picked":["Stack+1","Redo","Hologram","Sweeping Beam+1","Rebound","Metamorphosis"],"picked":"SKIP","floor":36},{"not_picked":["jedi:spotbugs","Redo+1","Compile Driver+1","Coolheaded+1","Streamline+1","Transmutation"],"picked":"SKIP","floor":39},{"not_picked":["Conserve Battery","MostiFishMod:PushDownKick+1","jedi:locknload+1","Rebound+1","Cold Snap","AT_TearsDenial"],"picked":"SKIP","floor":40},{"not_picked":["FTL+1","Machine Learning","jedi:BurstLightning+1","Rebound","Go for the Eyes+1","testmod-EternalityOfKhronos"],"picked":"SKIP","floor":41},{"not_picked":["All For One","AT_WarpDrive+1","MostiFishMod:IceShield","Rebound+1","testmod-EternalityOfKhronos"],"picked":"Recycle+1","floor":42},{"not_picked":["Gash","MostiFishMod:PushDownKick","Streamline","Redo","Loop","Impatience"],"picked":"SKIP","floor":45},{"not_picked":["Streamline+1","Leap+1","Redo","jedi:BurstFrost","Consume+1","Panacea"],"picked":"SKIP","floor":46},{"not_picked":["Static Discharge","Barrage","jedi:BurstLightning+1","REME_SelfUpgrade+1","testmod-TreasureHunter"],"picked":"Heatsinks","floor":47}],"player_experience":97166,"relics_obtained":[{"floor":1.0,"key":"SynthV:TestCard"},{"floor":3.0,"key":"testmod-AssaultLearning"},{"floor":3.0,"key":"Mummified Hand"},{"floor":7.0,"key":"Meat on the Bone"},{"floor":9,"key":"Dota2Spire:PhaseBoots"},{"floor":9,"key":"Dota2Spire:DrumOfEndurance"},{"floor":10,"key":"Art of War"},{"floor":12,"key":"AT_GuinsooRageblade"},{"floor":23,"key":"jedi:laserpointer"},{"floor":26,"key":"AT_SilvercatRing"},{"floor":30,"key":"Dota2Spire:CrimsonGuard"},{"floor":34,"key":"Dota2Spire:ArmletOfMordiggian"},{"floor":34,"key":"Ancient Tea Set"},{"floor":40,"key":"jedi:bottledfury"},{"floor":42,"key":"AT_BladeRuinedKing"}],"event_choices":[{"damage_healed":0.0,"max_hp_gain":0.0,"max_hp_loss":0.0,"gold_gain":0.0,"event_name":"Scrap Ooze","player_choice":"Success","floor":2.0,"gold_loss":0.0,"damage_taken":12.0,"relics_obtained":["Matryoshka"]},{"damage_healed":0.0,"max_hp_gain":0.0,"max_hp_loss":0.0,"gold_gain":175.0,"event_name":"Liars Game","player_choice":"AGREE","floor":4.0,"gold_loss":0.0,"damage_taken":0.0,"cards_obtained":["Doubt"]},{"damage_healed":0.0,"max_hp_gain":0.0,"max_hp_loss":0.0,"gold_gain":400.0,"event_name":"恩洛斯的盘子","player_choice":"Sell","floor":8.0,"relics_lost":["DaveBox"],"gold_loss":0.0,"damage_taken":0.0},{"damage_healed":0,"gold_gain":0,"player_choice":"Ignored","damage_taken":0,"max_hp_gain":0,"max_hp_loss":0,"event_name":"Ghosts","floor":19,"gold_loss":0},{"damage_healed":0,"gold_gain":0,"player_choice":"Ignored","damage_taken":0,"max_hp_gain":0,"max_hp_loss":0,"event_name":"Vampires","floor":20,"gold_loss":0},{"damage_healed":0,"gold_gain":0,"cards_transformed":["Strike_B","Defend_B"],"player_choice":"Became Test Subject","damage_taken":0,"max_hp_gain":0,"max_hp_loss":0,"event_name":"Drug Dealer","floor":21,"gold_loss":0,"cards_obtained":["BootSequence","Go for the Eyes"]},{"damage_healed":0,"gold_gain":0,"player_choice":"Copied","damage_taken":0,"max_hp_gain":0,"max_hp_loss":0,"event_name":"Duplicator","floor":38,"gold_loss":0,"cards_obtained":["MostiFishMod:Hijack"]}],"is_beta":false,"boss_relics":[{"not_picked":["PlaceholderMod:LiveLive","Runic Pyramid"],"picked":"Philosopher\u0027s Stone"},{"not_picked":["testmod-TimeTraveler","Velvet Choker"],"picked":"REME_LowDesire"}],"items_purged_floors":[6,28,37],"is_endless":false,"potions_floor_spawned":[10,12,13,14,16,22,25,29,30,33,39,40,42,46],"killed_by":"Reptomancer","ascension_level":2}}