{"host":"h1qktzcccqnez8tx","time":1610759290,"event":{"mods":["BaseMod","Block Reminder","Colored Map","Colored Powertips","Curses Come First","Downfall","Highlight Path","Jorbs\u0027s Wanderer Trilogy","Minty Spire (QoL Compilation)","Permanent Neow","Quick Restart","Relic Stats","Replay The Spire","Say the Spire","StSLib","The Cursed","The Disciple","The Hierophant","The Necromancer","The Servant 0.9.4"],"gold_per_floor":[119,130,145,145,160,160,194,208,233,266,266,281,281,238,238,340,340,357,371,384,399,399,399,399],"floor_reached":23,"language":"ENG","playtime":1070,"items_purged":[],"score":242,"play_id":"e1a595f5-8262-4145-86b6-62b741733bdc","local_time":"20210116020810","is_ascension_mode":true,"campfire_choices":[{"data":"Conserve Battery","floor":6,"key":"SMITH"},{"data":"Sunder","floor":11,"key":"SMITH"},{"data":"Ball Lightning","floor":13,"key":"SMITH"},{"floor":15,"key":"DIG"}],"circlet_count":0,"master_deck":["Strike_B","Strike_B","Strike_B","Strike_B","Defend_B+1","Defend_B","Defend_B","Defend_B","Zap","Dualcast","Sweeping Beam","Hologram","Chill","Conserve Battery+1","FTL","Sunder+1","Ball Lightning+1","Echo Form","Self Repair","Streamline","Redo","Leap","Overencumbered"],"relics":["Cracked Core","Lantern","ReplayTheSpireMod:Lightbulb","MealTicket","Nunchaku","Gremlin Food","Black Star","Happy Flower"],"acts_visited":["Exordium","TheCity"],"potions_floor_usage":[16,19,23,23],"damage_taken":[{"damage":0,"enemies":"Small Slimes","floor":1,"turns":3},{"damage":0,"enemies":"2 Louse","floor":2,"turns":1},{"damage":1,"enemies":"Jaw Worm","floor":3,"turns":3},{"damage":5,"enemies":"Looter","floor":5,"turns":2},{"damage":0,"enemies":"3 Sentries","floor":7,"turns":10},{"damage":0,"enemies":"Blue Slaver","floor":8,"turns":3},{"damage":21,"enemies":"Lagavulin","floor":10,"turns":7},{"damage":0,"enemies":"Gremlin Gang","floor":12,"turns":4},{"damage":42,"enemies":"Hexaghost","floor":16,"turns":10},{"damage":18,"enemies":"Shell Parasite","floor":18,"turns":3},{"damage":16,"enemies":"3 Byrds","floor":19,"turns":5},{"damage":20,"enemies":"Sentry and Sphere","floor":20,"turns":7},{"damage":40,"enemies":"3 Cultists","floor":21,"turns":5},{"damage":26,"enemies":"Gremlin Leader","floor":23,"turns":6}],"seed_played":"-4174566692565656703","potions_obtained":[{"floor":1,"key":"SkillPotion"},{"floor":3,"key":"Adrenaline Potion"},{"floor":5,"key":"sneckomod:MuddlingPotion"},{"floor":10,"key":"Explosive Potion"},{"floor":16,"key":"ColorlessPotion"}],"is_trial":false,"path_per_floor":["M","M","M","?","M","R","E","M","T","E","R","M","R","?","R_BF","B",null,"M","M","M","M","?","E"],"character_chosen":"DEFECT","items_purchased":[],"campfire_rested":0,"item_purchase_floors":[],"current_hp_per_floor":[75,75,74,74,69,69,69,69,69,48,48,48,48,48,48,6,75,57,48,42,16,16,0,0],"gold":399,"neow_bonus":"RANDOM_COMMON_RELIC","is_daily":false,"chose_seed":false,"campfire_upgraded":3,"win_rate":0.0,"timestamp":1610759290,"path_taken":["M","M","M","?","M","R","E","M","T","E","R","M","R","?","R_BF","BOSS","M","M","M","M","?","E"],"items_purchased_type":[],"build_version":"2020-12-22","purchased_purges":0,"victory":false,"max_hp_per_floor":[75,75,75,75,75,75,75,75,75,75,75,75,75,75,75,75,75,75,75,75,75,75,75,75],"relic_stats":{"Nunchaku":[8],"Happy Flower":[2],"counters":[14,69],"MealTicket":0,"Black Star":0,"obtain_stats":[{"Gremlin Food":15,"Lantern":0,"Nunchaku":10,"Happy Flower":22,"MealTicket":9,"Black Star":17,"Cracked Core":0,"ReplayTheSpireMod:Lightbulb":7},{"Gremlin Food":8,"Lantern":0,"Nunchaku":7,"Happy Flower":13,"MealTicket":6,"Black Star":9,"Cracked Core":0,"ReplayTheSpireMod:Lightbulb":5},{"Gremlin Food":33,"Lantern":0,"Nunchaku":29,"Happy Flower":63,"MealTicket":22,"Black Star":43,"Cracked Core":0,"ReplayTheSpireMod:Lightbulb":19}]},"card_choices":[{"not_picked":["Consume","FTL"],"picked":"Sweeping Beam","floor":1},{"not_picked":["Barrage","Rip and Tear"],"picked":"Hologram","floor":2},{"not_picked":["Storm","Compile Driver"],"picked":"Chill","floor":3},{"not_picked":["Streamline","Barrage"],"picked":"Conserve Battery","floor":5},{"not_picked":["White Noise","Beam Cell"],"picked":"FTL","floor":7},{"not_picked":["Steam","Beam Cell","White Noise"],"picked":"SKIP","floor":8},{"not_picked":["Redo","ReplayTheSpireMod:Repulse"],"picked":"Sunder","floor":10},{"not_picked":["Steam","Sweeping Beam"],"picked":"Ball Lightning","floor":12},{"not_picked":["Electrodynamics","Seek"],"picked":"Echo Form","floor":16},{"not_picked":["Streamline+1","Melter"],"picked":"Self Repair","floor":18},{"not_picked":["Turbo","Melter"],"picked":"Streamline","floor":19},{"not_picked":["Hologram","Panic Button"],"picked":"Redo","floor":20},{"not_picked":["Rebound+1","Lockon"],"picked":"Leap","floor":21}],"player_experience":102677,"relics_obtained":[{"floor":7,"key":"ReplayTheSpireMod:Lightbulb"},{"floor":9,"key":"MealTicket"},{"floor":10,"key":"Nunchaku"},{"floor":15,"key":"Gremlin Food"}],"event_choices":[{"damage_healed":0,"gold_gain":0,"player_choice":"Left Gold","damage_taken":0,"max_hp_gain":0,"max_hp_loss":0,"event_name":"World of Goop","floor":14,"gold_loss":43}],"is_beta":false,"boss_relics":[{"not_picked":["SacredBark","SlaversCollar"],"picked":"Black Star"}],"items_purged_floors":[],"is_endless":false,"potions_floor_spawned":[1,3,5,10,12,16,18],"killed_by":"Gremlin Leader","ascension_level":1}}