{"host":"jpcy2bclvs7juczu","time":1610787300,"event":{"mods":["AchievementEnabler","BaseMod","Block Reminder","Colored Map","Colored Powertips","Curses Come First","Dark Map","Minty Spire (QoL Compilation)","Quick Restart","Relic Stats","StSLib","ojb\u0027s Better Paths Mod","ojb\u0027s Info Mod","slay the spire mod where everything is the same but ironclad has a cowboy hat"],"gold_per_floor":[218,236,252,9,9,9,9,9],"floor_reached":7,"language":"ENG","playtime":194,"items_purged":[],"score":82,"play_id":"0cb73fea-657e-423b-8dac-7ff5144d7272","local_time":"20210116085500","is_ascension_mode":true,"campfire_choices":[{"data":"Pommel Strike","floor":6,"key":"SMITH"}],"circlet_count":0,"master_deck":["AscendersBane","Strike_R","Strike_R","Strike_R","Strike_R","Strike_R","Defend_R","Defend_R","Defend_R","Defend_R","Bash","Second Wind","Wild Strike","Pommel Strike+1","Inflame"],"relics":["Burning Blood","Frozen Eye"],"acts_visited":["Exordium"],"potions_floor_usage":[2],"damage_taken":[{"damage":15,"enemies":"2 Louse","floor":1,"turns":4},{"damage":7,"enemies":"Small Slimes","floor":2,"turns":2},{"damage":9,"enemies":"Jaw Worm","floor":3,"turns":3},{"damage":60,"enemies":"3 Sentries","floor":7,"turns":8}],"seed_played":"-8773693479456936412","potions_obtained":[{"floor":1,"key":"Explosive Potion"}],"is_trial":false,"path_per_floor":["M","M","M","$","?","R","E"],"character_chosen":"IRONCLAD","items_purchased":["Frozen Eye","Inflame"],"campfire_rested":0,"item_purchase_floors":[4,4],"current_hp_per_floor":[59,58,55,55,55,55,0,0],"gold":9,"neow_bonus":"HUNDRED_GOLD","is_daily":false,"chose_seed":false,"campfire_upgraded":1,"win_rate":0.0,"timestamp":1610787300,"path_taken":["M","M","M","$","?","R","E"],"items_purchased_type":["Relic","Card"],"build_version":"2020-12-22","purchased_purges":0,"victory":false,"max_hp_per_floor":[75,75,75,75,75,75,75,75],"relic_stats":{"counters":[4,17],"obtain_stats":[{"Frozen Eye":4,"Burning Blood":0},{"Frozen Eye":3,"Burning Blood":0},{"Frozen Eye":9,"Burning Blood":0}],"Burning Blood":18},"card_choices":[{"not_picked":["Sword Boomerang","Wild Strike"],"picked":"Second Wind","floor":1},{"not_picked":["Thunderclap","Pommel Strike"],"picked":"Wild Strike","floor":2},{"not_picked":["Infernal Blade","Flex"],"picked":"Pommel Strike","floor":3}],"player_experience":407746,"relics_obtained":[],"event_choices":[{"damage_healed":0,"gold_gain":0,"player_choice":"Ignored","damage_taken":0,"max_hp_gain":0,"max_hp_loss":0,"event_name":"Liars Game","floor":5,"gold_loss":0}],"is_beta":false,"boss_relics":[],"items_purged_floors":[],"is_endless":false,"potions_floor_spawned":[1],"killed_by":"3 Sentries","ascension_level":20}}