{"host":"aj9p0yny40csfibi","time":1610767860,"event":{"mods":["AchievementEnabler","BaseMod","Colored Map","DeckTracker","Keyboard Shortcuts","Minty Spire (QoL Compilation)","Permanent Neow","Quick Restart","StSLib","SuperFastMode","everything is the same but u backflip on backflip"],"gold_per_floor":[14,14,31,41,12,12,24,24,50,50,90,90,115,143,143,228,228,250,250,250],"floor_reached":19,"language":"KOR","playtime":607,"items_purged":[],"score":338,"play_id":"ff7ad608-5261-46a2-a1f0-6df96070bda0","local_time":"20210116123100","is_ascension_mode":true,"campfire_choices":[{"data":"Offering","floor":6.0,"key":"SMITH"},{"data":"Demon Form","floor":8.0,"key":"SMITH"},{"data":"Body Slam","floor":15.0,"key":"SMITH"}],"circlet_count":0,"master_deck":["AscendersBane","Strike_R","Strike_R","Strike_R","Strike_R","Strike_R","Defend_R","Defend_R","Defend_R","Defend_R","Bash","Offering+1","Cleave","Flame Barrier","True Grit","Demon Form+1","Shrug It Off","Ghostly Armor","Reaper","Body Slam+1","Inflame","Barricade","Armaments+1"],"relics":["Black Blood","Strawberry","CeramicFish"],"acts_visited":["Exordium","TheCity"],"potions_floor_usage":[19],"damage_taken":[{"damage":15.0,"enemies":"Jaw Worm","floor":1.0,"turns":3.0},{"damage":6.0,"enemies":"Cultist","floor":3.0,"turns":2.0},{"damage":14.0,"enemies":"Small Slimes","floor":4.0,"turns":5.0},{"damage":7.0,"enemies":"3 Louse","floor":7.0,"turns":6.0},{"damage":35.0,"enemies":"3 Sentries","floor":11.0,"turns":12.0},{"damage":7.0,"enemies":"Looter","floor":13.0,"turns":5.0},{"damage":11.0,"enemies":"Exordium Wildlife","floor":14.0,"turns":6.0},{"damage":32.0,"enemies":"Hexaghost","floor":16.0,"turns":8.0},{"damage":62.0,"enemies":"Spheric Guardian","floor":18.0,"turns":10.0},{"damage":65,"enemies":"Masked Bandits","floor":19,"turns":3}],"seed_played":"-8722194504154913381","potions_obtained":[{"floor":7.0,"key":"Swift Potion"},{"floor":13.0,"key":"SkillPotion"},{"floor":16.0,"key":"Regen Potion"}],"is_trial":false,"path_per_floor":["M","?","M","M","$","R","M","R","T","?","E","?","M","M","R","B",null,"M","?"],"character_chosen":"IRONCLAD","items_purchased":["Shrug It Off"],"campfire_rested":0,"item_purchase_floors":[5],"current_hp_per_floor":[59,59,59,51,51,51,50,50,57,62,33,33,34,33,33,25,72,37,0,0],"gold":250,"neow_bonus":"THREE_RARE_CARDS","is_daily":false,"chose_seed":false,"campfire_upgraded":3,"win_rate":0.0,"timestamp":1610767860,"path_taken":["M","?","M","M","?","R","M","R","T","?","E","?","M","M","R","BOSS","M","?"],"items_purchased_type":["Card"],"build_version":"2020-12-22","purchased_purges":0,"victory":false,"max_hp_per_floor":[75,75,75,75,75,75,75,75,82,87,87,87,87,87,87,87,87,87,87,87],"card_choices":[{"not_picked":["Reaper","Bludgeon"],"picked":"Offering","floor":0.0},{"not_picked":["Armaments","Headbutt"],"picked":"Cleave","floor":1.0},{"not_picked":["Sentinel","Havoc"],"picked":"True Grit","floor":3.0},{"not_picked":["Combust","Twin Strike"],"picked":"Demon Form","floor":4.0},{"not_picked":["Infernal Blade","Sword Boomerang"],"picked":"Ghostly Armor","floor":7.0},{"not_picked":["Perfected Strike","Warcry"],"picked":"Reaper","floor":11.0},{"not_picked":["Pommel Strike","Wild Strike"],"picked":"Body Slam","floor":13.0},{"not_picked":["Perfected Strike","Twin Strike"],"picked":"Inflame","floor":14.0},{"not_picked":["Reaper","Fiend Fire"],"picked":"Barricade","floor":16.0},{"not_picked":["Whirlwind","Havoc"],"picked":"Armaments+1","floor":18.0}],"player_experience":386180,"relics_obtained":[{"floor":9.0,"key":"Strawberry"},{"floor":11.0,"key":"CeramicFish"}],"event_choices":[{"damage_healed":0.0,"max_hp_gain":0.0,"max_hp_loss":0.0,"gold_gain":0.0,"event_name":"Match and Keep!","player_choice":"1 cards matched","floor":2.0,"gold_loss":0.0,"damage_taken":0.0,"cards_obtained":["Flame Barrier"]},{"damage_healed":0.0,"max_hp_gain":5.0,"max_hp_loss":0.0,"gold_gain":0.0,"event_name":"Big Fish","player_choice":"Donut","floor":10.0,"gold_loss":0.0,"damage_taken":0.0},{"damage_healed":0.0,"max_hp_gain":0.0,"max_hp_loss":0.0,"gold_gain":0.0,"event_name":"Dead Adventurer","player_choice":"Searched \u00270\u0027 times","floor":12.0,"gold_loss":0.0,"damage_taken":0.0},{"damage_healed":0,"gold_gain":0,"player_choice":"Fought Bandits","damage_taken":0,"max_hp_gain":0,"max_hp_loss":0,"event_name":"Masked Bandits","floor":19,"gold_loss":0}],"is_beta":false,"boss_relics":[{"not_picked":["Runic Dome","Busted Crown"],"picked":"Black Blood"}],"items_purged_floors":[],"is_endless":false,"potions_floor_spawned":[7,13,16],"killed_by":"Masked Bandits","ascension_level":20}}