{"host":"iak1zw6udsaqx1iy","time":1610819508,"event":{"mods":["Act Like it!","BaseMod","Gensokyo","Minty Spire (QoL Compilation)","Remilia（蕾米莉亚）","Replay The Spire","StSLib","The Alterego","The Cursed","The Servant 0.9.4","WarShipGirlsR/战舰少女R mod","Youmu（魂魄妖梦）"],"gold_per_floor":[113,123,123,136,149,162,172,199,199,209,209,235,235,262,262,358,358,378,378,446,458,92,92,126,142,195,195,239,251,285,296,296,392,392,406,263,278,295,295,295,295,321,321,347,347,347,347,362,362,380,380,400,400,400,18,71,71],"floor_reached":58,"language":"ZHS","playtime":3535,"items_purged":["Pain"],"score":1729,"play_id":"947c086d-7ad2-4eb5-a76b-236a30ab6c9c","local_time":"20210117015148","is_ascension_mode":true,"campfire_choices":[{"data":"QueenOfMidnight","floor":15.0,"key":"SMITH"},{"data":"DemonKingCradle","floor":23.0,"key":"SMITH"},{"data":"MastersStateliness","floor":43.0,"key":"SMITH"},{"data":"TricksterDevil","floor":46.0,"key":"SMITH"},{"floor":49.0,"key":"RECALL"},{"data":"KillingBlow","floor":51.0,"key":"SMITH"},{"data":"DiffusionOfMisfortune","floor":54.0,"key":"SMITH"}],"circlet_count":0,"master_deck":["Strike_RM","Defend_RM","Defend_RM","Defend_RM","RedMoon","ScarletShoot+1","ScarletDevilSign","VampireClaw","VampireKiss+1","StarOfDavid","QueenOfMidnight+1","NightDance","DiffusionOfMisfortune+1","ScarletImprint","SuperhumanBloodyKnife","Clumsy","UltimateOffering","DemonKingCradle+1","Clumsy","Gensokyo:AllTheWorldsEvil","Hallucinations","FavorOfDestiny+1","EndlessAdversity","BloodHunter","ScarletSymphony","StarOfDavid","ReplayTheSpireMod:Splinters","AfternoonTea","BloodAndWine+1","MastersStateliness+1","BloodRain","KillingBlow+1","UnderTheZenith+1","ReincarnationDial","NightDance+1","BloodRain","BloodAndWine+1","TricksterDevil+1","GlobalNightmare+1","TwelveNightmare+1","UnstableMagic","BombardNight+1"],"relics":["ScarletHat","ScarletDevilRocket","Gensokyo:LunaticRedEyes","FossilizedHelix","Gensokyo:NagashiBinaDoll","Question Card","Replay:Ancient Bell","Juzu Bracelet","Mirror","Du-Vu Doll","Gremlin Horn","ClockworkSouvenir","Bag of Preparation","Replay:Ringing Soul","Bag of Marbles","Gensokyo:ConquerorOfFear","Orichalcum","Singing Bowl","Busted Crown","Art of War","Strawberry","Toy Ornithopter","Ancient Tea Set","Gensokyo:DualWield","Nunchaku","Ginger"],"acts_visited":["Exordium","Gensokyo:Gensokyo","Gensokyo:Gensokyoer","TheEnding"],"potions_floor_usage":[56,57,57],"damage_taken":[{"damage":0.0,"enemies":"Gensokyo:2_Kodama","floor":1.0,"turns":3.0},{"damage":0.0,"enemies":"Gensokyo:Gryphon","floor":2.0,"turns":3.0},{"damage":5.0,"enemies":"Gensokyo:3_Fairies","floor":4.0,"turns":5.0},{"damage":0.0,"enemies":"Gensokyo:Gryphon_and_Rabbit","floor":5.0,"turns":4.0},{"damage":3.0,"enemies":"Gensokyo:2_Rabbits","floor":6.0,"turns":6.0},{"damage":0.0,"enemies":"Gensokyo:LivingMonolith","floor":7.0,"turns":3.0},{"damage":28.0,"enemies":"Gensokyo:Aya","floor":8.0,"turns":9.0},{"damage":0.0,"enemies":"Gensokyo:VengefulSpirit","floor":10.0,"turns":4.0},{"damage":14.0,"enemies":"Gensokyo:Mamizou","floor":12.0,"turns":5.0},{"damage":3.0,"enemies":"Gensokyo:Cirno","floor":14.0,"turns":5.0},{"damage":25.0,"enemies":"Gensokyo:Kokoro","floor":16.0,"turns":12.0},{"damage":0.0,"enemies":"Gensokyo:AngelMirror","floor":18.0,"turns":2.0},{"damage":0.0,"enemies":"Gensokyo:Chomper","floor":21.0,"turns":3.0},{"damage":3.0,"enemies":"Gensokyo:Tenshi","floor":24.0,"turns":1.0},{"damage":0.0,"enemies":"Gensokyo:3_Gloops","floor":25.0,"turns":2.0},{"damage":2.0,"enemies":"Gensokyo:Mirror_and_Dog","floor":29.0,"turns":2.0},{"damage":0.0,"enemies":"Gensokyo:Koishi","floor":30.0,"turns":3.0},{"damage":10.0,"enemies":"Gensokyo:Slime_Group","floor":31.0,"turns":1.0},{"damage":53.0,"enemies":"Gensokyo:Eiki","floor":33.0,"turns":5.0},{"damage":0.0,"enemies":"Gensokyo:3_Boulders","floor":35.0,"turns":3.0},{"damage":4.0,"enemies":"Gensokyo:3_Bats","floor":37.0,"turns":2.0},{"damage":0.0,"enemies":"Gensokyo:Dusk_and_Dawn","floor":38.0,"turns":2.0},{"damage":0.0,"enemies":"Gensokyo:Marisa","floor":42.0,"turns":2.0},{"damage":81.0,"enemies":"Gensokyo:Doremy","floor":44.0,"turns":4.0},{"damage":0.0,"enemies":"Gensokyo:AtlasGolem","floor":48.0,"turns":3.0},{"damage":0.0,"enemies":"Gensokyo:3_Boulders","floor":50.0,"turns":1.0},{"damage":0.0,"enemies":"Gensokyo:Yuyuko","floor":52.0,"turns":2.0},{"damage":11,"enemies":"Shield and Spear","floor":56,"turns":3},{"damage":111,"enemies":"The Heart","floor":57,"turns":4}],"seed_played":"-6155471944542662743","potions_obtained":[{"floor":1.0,"key":"EssenceOfSteel"},{"floor":5.0,"key":"Dexterity Potion"},{"floor":6.0,"key":"SteroidPotion"},{"floor":12.0,"key":"Adrenaline Potion"},{"floor":21.0,"key":"Strength Potion"},{"floor":33.0,"key":"SteroidPotion"},{"floor":38.0,"key":"LifebloodPotion"}],"is_trial":false,"path_per_floor":["M","M","?","M","M","M","M","E","T","M","?","E","?","E","R","B",null,"M","?","T","M","$","R","E","M","T","?","?","M","E","M","R","B",null,"M","$","M","M","?","PTL","PTL","E","R","E","T","R","?","M","R","M","R","B",null,"R","$","E","B",null],"character_chosen":"REMILIA","items_purchased":["ClockworkSouvenir","EndlessAdversity","BloodHunter","Bag of Preparation","Art of War","Nunchaku","Energy Potion","TwelveNightmare+1","UnstableMagic"],"campfire_rested":0,"item_purchase_floors":[22,22,22,22,36,55,55,55,55],"current_hp_per_floor":[75,75,45,40,45,48,49,24,24,32,32,32,32,32,32,27,84,84,84,84,84,84,84,90,93,93,93,96,99,102,102,104,109,110,113,113,116,119,122,122,122,132,132,135,135,135,135,140,140,143,143,143,143,143,146,138,148],"gold":71,"neow_bonus":"UPGRADE_CARD","is_daily":false,"chose_seed":false,"campfire_upgraded":6,"win_rate":0.0,"timestamp":1610819508,"path_taken":["M","M","?","M","M","?","M","E","T","M","?","E","?","E","R","BOSS","M","?","?","M","$","R","E","M","T","?","?","M","E","M","R","BOSS","M","$","M","M","?","PTL","PTL","E","R","E","T","R","?","M","R","M","R","BOSS","R","$","E","BOSS"],"items_purchased_type":["Relic","Card","Card","Relic","Relic","Relic","Potion","Card","Card"],"build_version":"2020-12-22","purchased_purges":1,"victory":true,"max_hp_per_floor":[75,75,75,75,78,78,78,78,78,81,81,81,81,81,81,84,84,84,84,84,84,84,84,90,93,93,93,96,99,102,104,104,110,110,113,113,116,119,122,122,122,132,132,135,135,135,135,140,140,143,143,143,143,143,146,149,149],"card_choices":[{"not_picked":["NightLord","BloodHunter"],"picked":"ScarletDevilSign","floor":1.0},{"not_picked":["BlasphemousPunishment","FavorOfDestiny"],"picked":"VampireClaw","floor":2.0},{"not_picked":["EternalNight","BloodAndWine"],"picked":"VampireKiss","floor":4.0},{"not_picked":["UnstableMagic","NightDance"],"picked":"StarOfDavid","floor":5.0},{"not_picked":["FavorOfDestiny","FitfulNightmare"],"picked":"QueenOfMidnight","floor":6.0},{"not_picked":["MastersStateliness","VampireKiss"],"picked":"NightDance","floor":7.0},{"not_picked":["UnderTheZenith","ScarletGensokyo"],"picked":"DiffusionOfMisfortune","floor":8.0},{"not_picked":["UnstableMagic","RedRainbow"],"picked":"ScarletImprint","floor":10.0},{"not_picked":["ScarletDevil","BlasphemousPunishment"],"picked":"SuperhumanBloodyKnife","floor":12.0},{"not_picked":["Septette","StarOfDavid"],"picked":"UltimateOffering","floor":14.0},{"not_picked":["ChaoticDestiny","BloodySeventeenLaser","EquivalentExchange"],"picked":"DemonKingCradle","floor":16.0},{"not_picked":["Normality","Doubt","ReplayTheSpireMod:IOU"],"picked":"Clumsy","floor":17.0},{"not_picked":["Replay:Hysterical Blindness","Amnesia","Greed_TH"],"picked":"Gensokyo:AllTheWorldsEvil","floor":17.0},{"not_picked":["Languid","Gensokyo:AllTheWorldsEvil","Envy_TH"],"picked":"Hallucinations","floor":17.0},{"not_picked":["AfternoonTea","GlobalNightmare","EndlessAdversity"],"picked":"FavorOfDestiny+1","floor":18.0},{"not_picked":["StarOfDavid","ScarletGensokyo+1","BombardNight","UnderTheZenith"],"picked":"SKIP","floor":21.0},{"not_picked":["VampirishNight","RedMagic","BloodySeventeenLaser"],"picked":"ScarletSymphony","floor":24.0},{"not_picked":["MastersStateliness","GlobalNightmare","ScarletImprint"],"picked":"StarOfDavid","floor":25.0},{"not_picked":["BloodHunter","FavorOfDestiny","NightDance"],"picked":"AfternoonTea","floor":28.0},{"not_picked":["BloodHunter","CharismaGuard","HunterOfTheNight"],"picked":"BloodAndWine+1","floor":28.0},{"not_picked":["Septette","UnstableMagic","ScarletImprint"],"picked":"MastersStateliness","floor":29.0},{"not_picked":["ReincarnationDial","VampireKiss","NightDance+1"],"picked":"BloodRain","floor":30.0},{"not_picked":["EternalNight","ChainGang","FavorOfDestiny","BloodyMagicSquare"],"picked":"Singing Bowl","floor":31.0},{"not_picked":["TricksterDevil","BloodRain","CeilingFear"],"picked":"KillingBlow","floor":33.0},{"not_picked":["Stigmanizer"],"picked":"UnderTheZenith+1","floor":35.0},{"not_picked":["UltimateOffering+1"],"picked":"ReincarnationDial","floor":37.0},{"not_picked":["MastersStateliness"],"picked":"NightDance+1","floor":38.0},{"not_picked":[],"picked":"BloodRain","floor":39.0},{"not_picked":["DiffusionOfMisfortune+1"],"picked":"BloodAndWine+1","floor":42.0},{"not_picked":["VampireFantasy+1"],"picked":"TricksterDevil","floor":44.0},{"not_picked":["NightDance","ScarletGensokyo"],"picked":"Singing Bowl","floor":48.0},{"not_picked":["EmergencyRegeneration"],"picked":"GlobalNightmare+1","floor":50.0},{"not_picked":["AfternoonTea"],"picked":"BombardNight+1","floor":56}],"player_experience":337970,"relics_obtained":[{"floor":8.0,"key":"ScarletDevilRocket"},{"floor":12.0,"key":"FossilizedHelix"},{"floor":14.0,"key":"Question Card"},{"floor":20.0,"key":"Gremlin Horn"},{"floor":24.0,"key":"Replay:Ringing Soul"},{"floor":26.0,"key":"Bag of Marbles"},{"floor":28.0,"key":"Orichalcum"},{"floor":29.0,"key":"Gensokyo:ConquerorOfFear"},{"floor":30.0,"key":"Singing Bowl"},{"floor":42.0,"key":"Strawberry"},{"floor":44.0,"key":"Toy Ornithopter"},{"floor":45.0,"key":"Ancient Tea Set"},{"floor":56,"key":"Ginger"}],"event_choices":[],"is_beta":false,"boss_relics":[{"not_picked":["Tiny House","Abe\u0027s Treasure"],"picked":"Replay:Ancient Bell"},{"not_picked":["Smiling Mask","Replay:Mystery Machine"],"picked":"Juzu Bracelet"},{"not_picked":["Pear","Mummified Hand"],"picked":"Mirror"},{"not_picked":["Replay:PocketPolymizer","Prayer Wheel"],"picked":"Du-Vu Doll"},{"not_picked":["Sozu","Replay:Bronze Core"],"picked":"Busted Crown"}],"items_purged_floors":[55],"is_endless":false,"potions_floor_spawned":[1,5,6,12,21,30,33,38,48,50],"ascension_level":2}}