{"host":"h3vysik1bw5w0dm6","time":1610838482,"event":{"mods":["AchievementEnabler","Aspiration","BaseMod","Better Note","Better Sensory Stone","Better Vampires","BetterRewards","Colored Powertips","Conspire","Friendly Minions","Googly Eyes","Gremlin Skip","Halation","Infinite Spire","Minty Spire (QoL Compilation)","Quick Restart","Shop Mod","StSLib"],"gold_per_floor":[113,127,127,137,137,169,182,213,264,279,279,279,2,22,22,127,127,142,158,158,158,257,289,289,289,289,289,289,306,306,318,318,415,715,731,377,397,437,448,448,475,475,501,517,0,29,29,29,29,29],"floor_reached":51,"language":"ENG","playtime":3010,"items_purged":["Parasite","Bash","Strike_R"],"score":879,"play_id":"597c0ce0-e2bc-4444-9133-6b23459e8581","local_time":"20210117000802","is_ascension_mode":true,"campfire_choices":[{"data":"infinitespire:Collect","floor":12,"key":"SMITH"},{"data":"Body Slam","floor":15,"key":"SMITH"},{"floor":27,"key":"REST"},{"floor":30,"key":"REST"},{"data":"Armaments","floor":32,"key":"SMITH"},{"floor":40,"key":"REST"},{"floor":49,"key":"REST"}],"circlet_count":0,"master_deck":["Strike_R","Strike_R","Strike_R","Defend_R","Defend_R","Defend_R","Defend_R","Flex+1","Shrug It Off+1","Brutality","infinitespire:Collect+1","Body Slam+1","Offering+1","Rupture","Armaments+1","Ghostly Armor+1","Warcry","Body Slam+1","Shrug It Off","Mayhem","Clash+1"],"relics":["Burning Blood","NeowsBlessing","NlothsMask","Singing Bowl","WingedGreaves","Omamori","aspiration:FutureDiary","halation:AfternoonTea","Mercury Hourglass","War Paint","halation:EternalFortune","Potion Belt","Calling Bell","Red Skull","Molten Egg 2","Old Coin","Sling","infinitespire:Satchel","Gambling Chip","PreservedInsect","halation:PromiseList","infinitespire:Bottled Soul","Regal Pillow","halation:PapillonHeart"],"acts_visited":["Exordium","TheCity","TheBeyond"],"potions_floor_usage":[7,14,19,23,29,33,37,38,41,41,50],"damage_taken":[{"damage":0,"enemies":"Cultist","floor":1,"turns":1},{"damage":0,"enemies":"Small Slimes","floor":2,"turns":1},{"damage":0,"enemies":"2 Louse","floor":4,"turns":1},{"damage":37,"enemies":"3 Sentries","floor":6,"turns":9},{"damage":3,"enemies":"2 Fungi Beasts","floor":7,"turns":3},{"damage":19,"enemies":"Lagavulin","floor":8,"turns":7},{"damage":7,"enemies":"Looter","floor":10,"turns":3},{"damage":0,"enemies":"3 Louse","floor":14,"turns":3},{"damage":25,"enemies":"The Guardian","floor":16,"turns":11},{"damage":7,"enemies":"Spheric Guardian","floor":18,"turns":4},{"damage":12,"enemies":"3 Byrds","floor":19,"turns":6},{"damage":85,"enemies":"Gremlin Leader","floor":23,"turns":10},{"damage":9,"enemies":"Centurion and Healer","floor":29,"turns":3},{"damage":8,"enemies":"Snecko","floor":31,"turns":3},{"damage":40,"enemies":"Automaton","floor":33,"turns":8},{"damage":8,"enemies":"3 Shapes","floor":35,"turns":4},{"damage":16,"enemies":"3 Darklings","floor":37,"turns":6},{"damage":36,"enemies":"conspire:MimicChest","floor":38,"turns":8},{"damage":17,"enemies":"Sphere and 2 Shapes","floor":39,"turns":3},{"damage":10,"enemies":"Giant Head","floor":41,"turns":5},{"damage":6,"enemies":"Jaw Worm Horde","floor":44,"turns":4},{"damage":36,"enemies":"Nemesis","floor":46,"turns":5},{"damage":27,"enemies":"Donu and Deca","floor":50,"turns":6}],"seed_played":"1482168435818092892","potions_obtained":[{"floor":1,"key":"Swift Potion"},{"floor":8,"key":"Explosive Potion"},{"floor":14,"key":"Energy Potion"},{"floor":16,"key":"Block Potion"},{"floor":23,"key":"EssenceOfSteel"},{"floor":29,"key":"ColorlessPotion"},{"floor":33,"key":"ColorlessPotion"},{"floor":38,"key":"FearPotion"},{"floor":39,"key":"DuplicationPotion"},{"floor":46,"key":"Strength Potion"}],"is_trial":false,"path_per_floor":["M","M","?","M","?","E","M","E","T","M","?","R","$","M","R","B",null,"M","M","?","?","?","E","AVR","?","T","R","?","M","R","M","R","B",null,"M","$","M","?","M","R","E","R","T","M","$","E","?","?","R","B",null],"character_chosen":"IRONCLAD","items_purchased":["Omamori","Body Slam","Sling","infinitespire:Satchel","Strength Potion","Mayhem","infinitespire:Bottled Soul"],"campfire_rested":4,"item_purchase_floors":[13,13,36,36,36,45,45],"current_hp_per_floor":[80,80,80,80,59,30,35,24,24,25,47,47,47,55,55,38,89,90,86,93,93,93,14,14,17,17,45,45,51,79,86,86,54,98,96,96,86,56,47,77,89,89,89,89,89,59,59,59,97,88],"gold":29,"neow_bonus":"THREE_ENEMY_KILL","is_daily":false,"chose_seed":false,"campfire_upgraded":3,"win_rate":0.0,"timestamp":1610838482,"path_taken":["M","?","?","?","?","E","M","E","T","M","?","R","$","M","R","BOSS","M","M","?","?","?","E","AVR","?","T","R","?","M","R","?","R","BOSS","M","$","?","?","M","R","E","R","T","?","$","E","?","?","R","BOSS"],"items_purchased_type":["Relic","Card","Relic","Relic","Potion","Card","Relic"],"build_version":"2020-12-22","purchased_purges":3,"victory":true,"max_hp_per_floor":[80,80,80,80,80,82,84,86,86,88,88,88,85,87,87,89,89,91,93,93,93,93,93,93,96,96,96,96,96,96,96,96,98,98,98,98,98,98,100,100,102,102,102,102,102,102,97,97,97,97],"card_choices":[{"not_picked":["Heavy Blade","Headbutt"],"picked":"Flex","floor":1},{"not_picked":["Perfected Strike","Rampage"],"picked":"Shrug It Off","floor":2},{"not_picked":["Heavy Blade","Thunderclap"],"picked":"Brutality","floor":4},{"not_picked":["infinitespire:Menacing","infinitespire:Execution"],"picked":"infinitespire:Collect","floor":5},{"not_picked":["Burning Pact","Cleave","Twin Strike"],"picked":"Singing Bowl","floor":6},{"not_picked":["Clothesline","Cleave","Pummel"],"picked":"Singing Bowl","floor":7},{"not_picked":["Sword Boomerang","Blood for Blood","Anger"],"picked":"Singing Bowl","floor":8},{"not_picked":["Anger","Clash","Infernal Blade"],"picked":"Singing Bowl","floor":10},{"not_picked":["Havoc","Shockwave","Cleave"],"picked":"Singing Bowl","floor":14},{"not_picked":["Impervious","conspire:HitWhereItHurts","Fiend Fire"],"picked":"Singing Bowl","floor":16},{"not_picked":["Perfected Strike","Flex","Fire Breathing+1"],"picked":"Singing Bowl","floor":18},{"not_picked":["Heavy Blade","True Grit","Intimidate+1"],"picked":"Singing Bowl","floor":19},{"not_picked":["Thunderclap","Iron Wave"],"picked":"Offering","floor":23},{"not_picked":["Infernal Blade","Sword Boomerang"],"picked":"Rupture","floor":29},{"not_picked":["Flex","Sword Boomerang"],"picked":"Armaments","floor":31},{"not_picked":["Demon Form","Brutality","conspire:Purge"],"picked":"Singing Bowl","floor":33},{"not_picked":["Metallicize+1","Thunderclap+1"],"picked":"Ghostly Armor+1","floor":35},{"not_picked":["Burning Pact","Power Through"],"picked":"Warcry","floor":37},{"not_picked":["Heavy Blade+1","Disarm+1"],"picked":"Body Slam+1","floor":38},{"not_picked":["Reckless Charge+1","Havoc","Anger+1"],"picked":"Singing Bowl","floor":39},{"not_picked":["Armaments+1","Pommel Strike+1","Havoc"],"picked":"Singing Bowl","floor":41},{"not_picked":["Headbutt+1","conspire:Purge"],"picked":"Shrug It Off","floor":44},{"not_picked":["conspire:Purge","Cleave+1"],"picked":"Clash+1","floor":46}],"player_experience":354768,"relics_obtained":[{"floor":6,"key":"Singing Bowl"},{"floor":8,"key":"WingedGreaves"},{"floor":23,"key":"Mercury Hourglass"},{"floor":26,"key":"Potion Belt"},{"floor":34,"key":"Red Skull"},{"floor":34,"key":"Molten Egg 2"},{"floor":34,"key":"Old Coin"},{"floor":38,"key":"Gambling Chip"},{"floor":41,"key":"PreservedInsect"},{"floor":43,"key":"halation:PromiseList"},{"floor":46,"key":"Regal Pillow"}],"event_choices":[{"damage_healed":0,"gold_gain":0,"player_choice":"Trade","damage_taken":0,"relics_obtained":["NlothsMask"],"max_hp_gain":0,"max_hp_loss":0,"event_name":"FaceTrader","floor":3,"gold_loss":0},{"damage_healed":22,"gold_gain":0,"player_choice":"Healed and dodged fight","damage_taken":0,"max_hp_gain":0,"max_hp_loss":0,"event_name":"Mushrooms","floor":11,"gold_loss":0,"cards_obtained":["Parasite"]},{"damage_healed":0,"gold_gain":0,"player_choice":"Stole Relic","damage_taken":0,"relics_obtained":["halation:AfternoonTea"],"max_hp_gain":0,"max_hp_loss":0,"event_name":"Addict","floor":21,"gold_loss":0,"cards_obtained":["Shame"]},{"damage_healed":0,"gold_gain":99,"player_choice":"Stole From Cult","damage_taken":0,"max_hp_gain":0,"max_hp_loss":0,"event_name":"Nest","floor":22,"gold_loss":0},{"damage_healed":0,"gold_gain":0,"player_choice":"Upgraded","damage_taken":0,"max_hp_gain":0,"max_hp_loss":0,"event_name":"Upgrade Shrine","floor":28,"gold_loss":0,"cards_upgraded":["Flex"]},{"cards_removed":["Strike_R"],"damage_healed":0,"gold_gain":0,"player_choice":"Removed Attack","damage_taken":0,"max_hp_gain":0,"max_hp_loss":0,"event_name":"Falling","floor":48,"gold_loss":0}],"is_beta":false,"boss_relics":[{"not_picked":["Fusion Hammer","halation:Prosthetics"],"picked":"aspiration:FutureDiary"},{"not_picked":["halation:PinkAlligatorPlush","aspiration:SecretTechniqueScroll"],"picked":"Calling Bell"}],"items_purged_floors":[13,24,45],"is_endless":false,"potions_floor_spawned":[1,8,14,16,23,29,33,38,39,46],"ascension_level":2}}