{"host":"Qube","time":1610764222,"event":{"mods":["AchievementEnabler","BaseMod","Colored Map","Colored Powertips","Minty Spire (QoL Compilation)","Quick Restart","Random Character Button","StSLib"],"gold_per_floor":[19,34,34,54,64,64,89,89,89,89,111,133,160,200,200,283,337,358,383,383,406,417,417,455,455,478,518,530,553,583,116,116,199,199,210,210,221,247,165,165,190,190,190,204,223,223,22,44,44,44,44],"floor_reached":52,"language":"ENG","playtime":2541,"items_purged":["Dualcast"],"score":1901,"play_id":"5853843a-104c-4e4a-aa9d-e5db257e8e2c","local_time":"20210115183022","is_ascension_mode":true,"campfire_choices":[{"floor":6.0,"key":"REST"},{"floor":8.0,"key":"REST"},{"data":"Double Energy","floor":10.0,"key":"SMITH"},{"data":"Hologram","floor":15.0,"key":"SMITH"},{"floor":23.0,"key":"REST"},{"floor":25.0,"key":"REST"},{"data":"Buffer","floor":28.0,"key":"SMITH"},{"data":"Storm","floor":32.0,"key":"SMITH"},{"floor":40.0,"key":"REST"},{"floor":42.0,"key":"REST"},{"floor":46.0,"key":"RECALL"},{"floor":49,"key":"REST"}],"circlet_count":0,"master_deck":["AscendersBane","Seek","Echo Form","Double Energy+1","Leap","Cold Snap","Hologram+1","Ball Lightning","Machine Learning","Cold Snap+1","Electrodynamics","Seek","Buffer+1","Defragment+1","Gash+1","Leap","Electrodynamics","Go for the Eyes+1","Heatsinks","Reinforced Body","Force Field+1","Gash+1","Storm+1","Creative AI","Gash+1","Enlightenment","Loop+1","Gash+1","Parasite"],"relics":["Cracked Core","Matryoshka","HornCleat","CeramicFish","Letter Opener","Molten Egg 2","Pandora\u0027s Box","Strawberry","Ancient Tea Set","MawBank","Bag of Preparation","Pantograph","Fusion Hammer","TungstenRod","Kunai","HandDrill"],"acts_visited":["Exordium","TheCity","TheBeyond"],"potions_floor_usage":[50],"damage_taken":[{"damage":10.0,"enemies":"Small Slimes","floor":1.0,"turns":5.0},{"damage":1.0,"enemies":"Cultist","floor":2.0,"turns":3.0},{"damage":0.0,"enemies":"2 Louse","floor":4.0,"turns":2.0},{"damage":18.0,"enemies":"Gremlin Gang","floor":5.0,"turns":6.0},{"damage":25.0,"enemies":"Gremlin Nob","floor":7.0,"turns":4.0},{"damage":0.0,"enemies":"Looter","floor":11.0,"turns":3.0},{"damage":0.0,"enemies":"Red Slaver","floor":12.0,"turns":3.0},{"damage":10.0,"enemies":"Lots of Slimes","floor":13.0,"turns":2.0},{"damage":6.0,"enemies":"Lagavulin","floor":14.0,"turns":7.0},{"damage":16.0,"enemies":"Hexaghost","floor":16.0,"turns":11.0},{"damage":14.0,"enemies":"2 Thieves","floor":18.0,"turns":3.0},{"damage":4.0,"enemies":"Shell Parasite","floor":19.0,"turns":5.0},{"damage":0.0,"enemies":"Snecko","floor":21.0,"turns":5.0},{"damage":20.0,"enemies":"Cultist and Chosen","floor":22.0,"turns":6.0},{"damage":12.0,"enemies":"Gremlin Leader","floor":24.0,"turns":6.0},{"damage":22.0,"enemies":"Slavers","floor":27.0,"turns":3.0},{"damage":0.0,"enemies":"Chosen and Byrds","floor":29.0,"turns":4.0},{"damage":3.0,"enemies":"Snake Plant","floor":30.0,"turns":3.0},{"damage":9.0,"enemies":"Champ","floor":33.0,"turns":10.0},{"damage":9.0,"enemies":"3 Shapes","floor":35.0,"turns":2.0},{"damage":0.0,"enemies":"Orb Walker","floor":37.0,"turns":3.0},{"damage":17.0,"enemies":"3 Darklings","floor":38.0,"turns":4.0},{"damage":0.0,"enemies":"Nemesis","floor":41.0,"turns":5.0},{"damage":0.0,"enemies":"Sphere and 2 Shapes","floor":44.0,"turns":3.0},{"damage":0.0,"enemies":"4 Shapes","floor":45.0,"turns":2.0},{"damage":15,"enemies":"Writhing Mass","floor":48,"turns":5},{"damage":21,"enemies":"Time Eater","floor":50,"turns":7},{"damage":22,"enemies":"Donu and Deca","floor":51,"turns":6}],"seed_played":"1382529539692666486","potions_obtained":[{"floor":1.0,"key":"FearPotion"},{"floor":11.0,"key":"SkillPotion"},{"floor":13.0,"key":"ColorlessPotion"},{"floor":14.0,"key":"Block Potion"},{"floor":16.0,"key":"PotionOfCapacity"},{"floor":18.0,"key":"FocusPotion"},{"floor":22.0,"key":"Block Potion"},{"floor":24.0,"key":"Block Potion"},{"floor":30.0,"key":"AttackPotion"},{"floor":33.0,"key":"FairyPotion"},{"floor":35.0,"key":"FocusPotion"}],"is_trial":false,"path_per_floor":["M","M","?","M","M","R","E","R","T","R","M","M","M","E","R","B",null,"M","M","?","M","M","R","E","R","T","E","R","M","M","$","R","B",null,"M","?","M","M","$","R","E","R","T","M","M","R","$","M","R","B","B",null],"character_chosen":"DEFECT","items_purchased":["Pantograph","Gash+1","Storm","Enlightenment","HandDrill","Gash+1"],"campfire_rested":7,"item_purchase_floors":[31,31,31,39,47,47],"current_hp_per_floor":[54,53,53,53,35,56,31,52,52,52,52,52,42,36,36,20,58,44,40,40,40,20,41,36,59,59,37,37,37,34,34,34,50,71,62,62,62,45,45,68,68,78,78,78,78,78,78,63,78,57,56],"gold":44,"neow_bonus":"TRANSFORM_TWO_CARDS","is_daily":false,"chose_seed":false,"campfire_upgraded":4,"win_rate":0.0,"timestamp":1610764222,"path_taken":["M","M","?","M","M","R","E","R","T","R","M","M","?","E","R","BOSS","M","M","?","?","M","R","E","R","T","E","R","M","M","$","R","BOSS","M","?","?","M","?","R","E","R","T","M","M","R","$","M","R","BOSS","BOSS"],"items_purchased_type":["Relic","Card","Card","Card","Relic","Card"],"build_version":"2020-12-18","purchased_purges":1,"victory":true,"max_hp_per_floor":[71,71,71,71,71,71,71,71,71,71,71,71,71,71,71,71,71,71,71,71,71,71,71,78,78,78,78,78,78,78,78,78,78,78,78,78,78,78,78,78,78,78,78,78,78,78,78,78,78,78,78],"card_choices":[{"not_picked":["Recycle","Turbo"],"picked":"Double Energy","floor":1.0},{"not_picked":["Melter","Skim"],"picked":"Heatsinks","floor":2.0},{"not_picked":["Coolheaded","Blizzard"],"picked":"Leap","floor":4.0},{"not_picked":["Rainbow","Undo"],"picked":"Cold Snap","floor":5.0},{"not_picked":["Compile Driver","Stack","Redo"],"picked":"SKIP","floor":7.0},{"not_picked":["Beam Cell","Conserve Battery"],"picked":"Hologram","floor":11.0},{"not_picked":["Stack","Scrape"],"picked":"Ball Lightning","floor":12.0},{"not_picked":["Rebound","Hologram"],"picked":"Machine Learning","floor":13.0},{"not_picked":["Gash+1","Steam"],"picked":"Cold Snap+1","floor":14.0},{"not_picked":["All For One+1","Meteor Strike+1"],"picked":"Electrodynamics","floor":16.0},{"not_picked":["Beam Cell+1","Self Repair"],"picked":"Go for the Eyes+1","floor":18.0},{"not_picked":["Turbo","Compile Driver+1"],"picked":"Heatsinks","floor":19.0},{"not_picked":["Scrape+1","Turbo"],"picked":"Reinforced Body","floor":21.0},{"not_picked":["Conserve Battery","Stack","Coolheaded"],"picked":"SKIP","floor":22.0},{"not_picked":["Double Energy","Coolheaded"],"picked":"Force Field+1","floor":24.0},{"not_picked":["Rip and Tear+1","Rebound+1","Coolheaded+1"],"picked":"SKIP","floor":27.0},{"not_picked":["Undo","Hologram","Cold Snap+1"],"picked":"SKIP","floor":29.0},{"not_picked":["Sweeping Beam+1","Reprogram","Blizzard+1"],"picked":"SKIP","floor":30.0},{"not_picked":["Reboot","Multi-Cast"],"picked":"Creative AI","floor":33.0},{"not_picked":["Steam+1","Barrage+1","Ball Lightning+1"],"picked":"SKIP","floor":35.0},{"not_picked":["Go for the Eyes+1","Genetic Algorithm","Hello World+1"],"picked":"SKIP","floor":37.0},{"not_picked":["Conserve Battery+1","Sweeping Beam+1"],"picked":"Gash+1","floor":38.0},{"not_picked":["Beam Cell+1","FTL+1","Darkness"],"picked":"SKIP","floor":41.0},{"not_picked":["All For One+1","Genetic Algorithm","Go for the Eyes+1"],"picked":"SKIP","floor":44.0},{"not_picked":["Tempest","Auto Shields+1"],"picked":"Loop+1","floor":45.0},{"not_picked":["BootSequence+1","Go for the Eyes+1","Scrape+1"],"picked":"SKIP","floor":48}],"player_experience":904090,"relics_obtained":[{"floor":7.0,"key":"HornCleat"},{"floor":9.0,"key":"CeramicFish"},{"floor":9.0,"key":"Letter Opener"},{"floor":14.0,"key":"Molten Egg 2"},{"floor":24.0,"key":"Strawberry"},{"floor":26.0,"key":"Ancient Tea Set"},{"floor":26.0,"key":"MawBank"},{"floor":27.0,"key":"Bag of Preparation"},{"floor":41.0,"key":"TungstenRod"},{"floor":43.0,"key":"Kunai"}],"event_choices":[{"cards_removed":["Heatsinks"],"damage_healed":0.0,"max_hp_gain":0.0,"max_hp_loss":0.0,"gold_gain":0.0,"event_name":"WeMeetAgain","player_choice":"Gave Card","floor":3.0,"gold_loss":0.0,"damage_taken":0.0,"relics_obtained":["Matryoshka"]},{"damage_healed":0.0,"max_hp_gain":0.0,"max_hp_loss":0.0,"gold_gain":0.0,"event_name":"Upgrade Shrine","player_choice":"Upgraded","floor":20.0,"gold_loss":0.0,"damage_taken":0.0,"cards_upgraded":["Defragment"]},{"cards_removed":["Zap"],"damage_healed":0.0,"max_hp_gain":0.0,"max_hp_loss":0.0,"gold_gain":0.0,"event_name":"Purifier","player_choice":"Purged","floor":36.0,"gold_loss":0.0,"damage_taken":0.0}],"is_beta":true,"boss_relics":[{"not_picked":["Cursed Key","Snecko Eye"],"picked":"Pandora\u0027s Box"},{"not_picked":["Tiny House","Sozu"],"picked":"Fusion Hammer"}],"items_purged_floors":[31],"is_endless":false,"potions_floor_spawned":[1,11,13,14,16,18,22,24,30,33,35,38,45,48],"ascension_level":20}}