{"host":"36mulxq349byzoa2","time":1610838140,"event":{"mods":["AchievementEnabler","BaseMod","Better Match","Block Reminder","Colored Map","Colored Powertips","Minty Spire (QoL Compilation)","Rare Cards Sparkle","StSLib","SuperFastMode"],"gold_per_floor":[116,130,73,85,50,78,98,98,98,98,98,23,57,74,74,148,148,163,173,63,10,10,42,42,92,92,92,117,117,136,148,148,148,148],"floor_reached":33,"language":"ENG","playtime":918,"items_purged":["Strike_B"],"score":542,"play_id":"97f43e71-916a-49e7-b4c6-6b676f142b84","local_time":"20210116180220","is_ascension_mode":true,"campfire_choices":[{"data":"Zap","floor":8,"key":"SMITH"},{"floor":11,"key":"REST"},{"floor":15,"key":"REST"},{"data":"Static Discharge","floor":24,"key":"SMITH"},{"floor":27,"key":"REST"},{"data":"Barrage","floor":29,"key":"SMITH"},{"floor":32,"key":"REST"}],"circlet_count":0,"master_deck":["AscendersBane","Strike_B","Strike_B","Defend_B","Defend_B","Defend_B","Defend_B","Zap+1","Dualcast","Glacier","Ball Lightning","Compile Driver+1","Barrage","Melter","Leap","Undo","Static Discharge+1","Thunder Strike","Cold Snap","Barrage+1","Rainbow+1"],"relics":["Cracked Core","Emotion Chip","Nunchaku","Akabeko","Gremlin Horn","Velvet Choker","Letter Opener","Shuriken","Toxic Egg 2","Art of War"],"acts_visited":["Exordium","TheCity"],"potions_floor_usage":[6,16,23,28,28,31,33],"damage_taken":[{"damage":9,"enemies":"Small Slimes","floor":1,"turns":4},{"damage":1,"enemies":"Jaw Worm","floor":2,"turns":4},{"damage":0,"enemies":"Cultist","floor":4,"turns":3},{"damage":30,"enemies":"Lagavulin","floor":6,"turns":6},{"damage":1,"enemies":"Blue Slaver","floor":7,"turns":4},{"damage":12,"enemies":"3 Sentries","floor":13,"turns":6},{"damage":8,"enemies":"Exordium Thugs","floor":14,"turns":4},{"damage":14,"enemies":"Slime Boss","floor":16,"turns":6},{"damage":1,"enemies":"Chosen","floor":18,"turns":4},{"damage":5,"enemies":"3 Byrds","floor":19,"turns":5},{"damage":28,"enemies":"Book of Stabbing","floor":23,"turns":7},{"damage":8,"enemies":"Slavers","floor":28,"turns":6},{"damage":11,"enemies":"Centurion and Healer","floor":30,"turns":6},{"damage":19,"enemies":"Snake Plant","floor":31,"turns":3},{"damage":75,"enemies":"Automaton","floor":33,"turns":6}],"seed_played":"7770621100386505469","potions_obtained":[{"floor":1,"key":"SkillPotion"},{"floor":2,"key":"GamblersBrew"},{"floor":14,"key":"PowerPotion"},{"floor":16,"key":"Strength Potion"},{"floor":23,"key":"BlessingOfTheForge"},{"floor":30,"key":"FearPotion"},{"floor":31,"key":"ColorlessPotion"}],"is_trial":false,"path_per_floor":["M","M","$","M","?","E","M","R","T","?","R","$","E","M","R","B",null,"M","M","?","$","T","E","R","?","T","R","E","R","M","M","R","B"],"character_chosen":"DEFECT","items_purchased":["Compile Driver","Barrage"],"campfire_rested":4,"item_purchase_floors":[3,21],"current_hp_per_floor":[37,36,36,36,53,23,22,22,22,22,43,43,31,23,44,30,61,60,55,55,55,55,27,27,27,27,48,40,40,29,10,31,0,0],"gold":148,"neow_bonus":"ONE_RARE_RELIC","is_daily":false,"chose_seed":false,"campfire_upgraded":3,"win_rate":0.0,"timestamp":1610838140,"path_taken":["M","M","$","M","?","E","M","R","T","?","R","?","E","M","R","BOSS","M","M","?","$","?","E","R","?","T","R","E","R","M","M","R","BOSS"],"items_purchased_type":["Card","Card"],"build_version":"2020-12-22","purchased_purges":1,"victory":false,"max_hp_per_floor":[71,71,71,71,71,71,71,71,71,71,71,71,71,71,71,71,71,71,71,71,71,71,71,71,71,71,71,71,71,71,71,71,71,71],"card_choices":[{"not_picked":["Reprogram","Coolheaded"],"picked":"Glacier","floor":1},{"not_picked":["Reinforced Body","Leap"],"picked":"Ball Lightning","floor":2},{"not_picked":["Force Field","Reprogram"],"picked":"Barrage","floor":4},{"not_picked":["Lockon","Beam Cell"],"picked":"Melter","floor":6},{"not_picked":["Steam","Stack"],"picked":"Leap","floor":7},{"not_picked":["Loop","Double Energy"],"picked":"Undo","floor":13},{"not_picked":["Double Energy","Compile Driver"],"picked":"Static Discharge","floor":14},{"not_picked":["Seek","Multi-Cast"],"picked":"Thunder Strike","floor":16},{"not_picked":["Gash","Redo","Streamline"],"picked":"SKIP","floor":18},{"not_picked":["Coolheaded","Steam"],"picked":"Cold Snap","floor":19},{"not_picked":["Melter","Turbo","Hologram"],"picked":"SKIP","floor":23},{"not_picked":["White Noise+1","Steam+1","Hello World"],"picked":"SKIP","floor":28},{"not_picked":["Rebound","Storm","Recycle+1"],"picked":"SKIP","floor":30},{"not_picked":["Steam Power+1","Double Energy+1"],"picked":"Rainbow+1","floor":31}],"player_experience":1031816,"relics_obtained":[{"floor":6,"key":"Nunchaku"},{"floor":9,"key":"Akabeko"},{"floor":13,"key":"Gremlin Horn"},{"floor":22,"key":"Letter Opener"},{"floor":23,"key":"Shuriken"},{"floor":26,"key":"Toxic Egg 2"},{"floor":28,"key":"Art of War"}],"event_choices":[{"damage_healed":17,"gold_gain":0,"player_choice":"Healed","damage_taken":0,"max_hp_gain":0,"max_hp_loss":0,"event_name":"The Cleric","floor":5,"gold_loss":35},{"damage_healed":0,"gold_gain":0,"player_choice":"Ignored","damage_taken":0,"max_hp_gain":0,"max_hp_loss":0,"event_name":"Shining Light","floor":10,"gold_loss":0},{"cards_removed":["Strike_B"],"damage_healed":0,"gold_gain":0,"player_choice":"Upgrade and Remove","damage_taken":0,"max_hp_gain":0,"max_hp_loss":0,"event_name":"Designer","floor":20,"gold_loss":110,"cards_upgraded":["Compile Driver"]},{"damage_healed":0,"gold_gain":50,"player_choice":"Pray","damage_taken":0,"max_hp_gain":0,"max_hp_loss":0,"event_name":"Golden Shrine","floor":25,"gold_loss":0}],"is_beta":false,"boss_relics":[{"not_picked":["Ectoplasm","Runic Dome"],"picked":"Velvet Choker"}],"items_purged_floors":[12],"is_endless":false,"potions_floor_spawned":[1,2,14,16,18,23,30,31],"killed_by":"Automaton","ascension_level":17}}