{"host":"gmh2c2g66mxmprnw","time":1610807423,"event":{"mods":["BaseMod","Better Match","Colored Powertips","Friendly Minions","Highlight Path","Infinite Spire","Minty Spire (QoL Compilation)","Quick Restart","Relic Sorter","Replay The Spire","Shop Mod","StSLib"],"gold_per_floor":[116,41,52,52,64,64,80,111,137,137,150,165,22,56,56,168,168,186,208,136,158,158,197,197,237,237,237,262,45,45,45,45,156,156,156,51,79,79,79],"floor_reached":38,"language":"ENG","playtime":2929,"items_purged":["Regret","Strike_R"],"score":618,"play_id":"7c873946-a73f-4d6f-88e8-6ce281d3d0e7","local_time":"20210116053023","is_ascension_mode":true,"campfire_choices":[{"data":"infinitespire:NeuralNetwork","floor":6.0,"key":"SMITH"},{"data":"Armaments","floor":15.0,"key":"SMITH"},{"floor":24,"key":"REST"},{"data":"ReplayReversal","floor":30,"key":"SMITH"},{"data":"Demon Form","floor":32,"key":"SMITH"},{"data":"Rampage","floor":35,"key":"SMITH"}],"circlet_count":0,"master_deck":["Strike_R","Strike_R","Strike_R","Defend_R","Defend_R","Defend_R","Defend_R","Bash","Rampage+1","Fire Breathing","infinitespire:NeuralNetwork+1","Heavy Blade","Armaments+1","Sword Boomerang","ReplayTheSpireMod:Stacked","Battle Trance","Rage","ReplayTheSpireMod:IOU","ReplayTheSpireMod:IOU","ReplayTheSpireMod:IOU","Shrug It Off","Juggernaut","Juggernaut","Dark Embrace+1","Pommel Strike","Power Through+1","ReplayReversal+1","Intimidate+1","Anger","Demon Form+1","Panacea","Reaper","ReplayTheSpireMod:IOU","ReplayTheSpireMod:IOU","ReplayTheSpireMod:IOU","ReplayTheSpireMod:IOU","Warcry","ReplayTheSpireMod:IOU","ReplayTheSpireMod:IOU","Specialist"],"relics":["Burning Blood","Replay:Wax Seal","King of Hearts","ReplayTheSpireMod:Lightbulb","MerchantsRug","CeramicFish","Mark of Pain","Pet Ghost","Onion Ring","Bronze Scales","MutagenicStrength","Busted Crown","Ice Cream","Toolbox","Kunai"],"acts_visited":["Exordium","TheCity","TheEnding"],"potions_floor_usage":[21,25,38,38],"damage_taken":[{"damage":2.0,"enemies":"2 Louse","floor":1.0,"turns":3.0},{"damage":13.0,"enemies":"Jaw Worm","floor":3.0,"turns":3.0},{"damage":1.0,"enemies":"Cultist","floor":5.0,"turns":4.0},{"damage":19.0,"enemies":"Gremlin Gang","floor":7.0,"turns":5.0},{"damage":28.0,"enemies":"Gremlin Nob","floor":8.0,"turns":4.0},{"damage":2.0,"enemies":"Exordium Wildlife","floor":11.0,"turns":5.0},{"damage":4.0,"enemies":"Blue Slaver","floor":12.0,"turns":4.0},{"damage":14.0,"enemies":"3 Sentries","floor":14.0,"turns":5.0},{"damage":6.0,"enemies":"Slime Boss","floor":16.0,"turns":8.0},{"damage":21.0,"enemies":"2 Thieves","floor":18.0,"turns":3.0},{"damage":21.0,"enemies":"Spheric Guardian","floor":19.0,"turns":5.0},{"damage":15.0,"enemies":"Snecko","floor":20.0,"turns":4.0},{"damage":33,"enemies":"Cultist and Chosen","floor":21,"turns":5},{"damage":29,"enemies":"Book of Stabbing","floor":23,"turns":6},{"damage":12,"enemies":"Nightmare","floor":25,"turns":7},{"damage":1,"enemies":"Centurion and Healer","floor":28,"turns":5},{"damage":25,"enemies":"Automaton","floor":33,"turns":8},{"damage":55,"enemies":"Shield and Spear","floor":37,"turns":6},{"damage":66,"enemies":"The Heart","floor":38,"turns":2}],"seed_played":"-2633826120149399973","potions_obtained":[{"floor":1.0,"key":"AttackPotion"},{"floor":8.0,"key":"PowerPotion"},{"floor":11.0,"key":"LifebloodPotion"},{"floor":19.0,"key":"SkillPotion"},{"floor":21,"key":"Strength Potion"},{"floor":25,"key":"BloodPotion"}],"is_trial":false,"path_per_floor":["M","$","M","?","M","R","M","E","T","?","M","M","$","E","R","B",null,"M","M","M","M","?","E","R","NM","T","?","M","$","R","?","R","B",null,"R","$","E","B"],"character_chosen":"IRONCLAD","items_purchased":["BloodPotion","ReplayTheSpireMod:Lightbulb","MerchantsRug","Shrug It Off","Explosive Potion","Block Potion","Demon Form","Panacea","Ice Cream","SkillPotion","Warcry","Toolbox","Specialist","Explosive Potion"],"campfire_rested":1,"item_purchase_floors":[13,13,13,13,13,13,29,29,36,36,36,36,36,36],"current_hp_per_floor":[80,80,73,53,58,58,45,23,23,23,27,29,29,37,37,37,80,65,50,41,14,40,17,41,35,35,80,80,80,80,80,80,61,80,80,80,43,0,0],"gold":79,"neow_bonus":"RANDOM_EVENT","is_daily":false,"chose_seed":false,"campfire_upgraded":5,"win_rate":0.0,"timestamp":1610807423,"path_taken":["M","$","M","?","M","R","M","E","T","?","?","M","$","E","R","BOSS","M","M","M","?","?","E","R","NM","T","?","?","$","R","?","R","BOSS","R","$","E","BOSS"],"items_purchased_type":["Potion","Relic","Relic","Card","Potion","Potion","Card","Card","Relic","Potion","Card","Relic","Card","Potion"],"build_version":"2020-12-22","purchased_purges":2,"victory":false,"max_hp_per_floor":[80,80,80,80,80,80,80,80,80,80,80,80,80,80,80,80,80,80,80,80,80,80,80,80,80,80,80,80,80,80,80,80,80,80,80,80,80,80,80],"card_choices":[{"not_picked":["Warcry","Headbutt"],"picked":"Rampage","floor":1.0},{"not_picked":["Havoc","Replay:Undeath\u0027s Touch"],"picked":"Fire Breathing","floor":3.0},{"not_picked":["infinitespire:Starlight","infinitespire:FutureSight"],"picked":"infinitespire:NeuralNetwork","floor":4.0},{"not_picked":["ReplayTheSpireMod:Stacked","Brutality"],"picked":"Heavy Blade","floor":5.0},{"not_picked":["Headbutt","ReplayTheSpireMod:Stacked"],"picked":"Armaments","floor":7.0},{"not_picked":["ReplayTheSpireMod:Strike From Hell","Ghostly Armor"],"picked":"Sword Boomerang","floor":8.0},{"not_picked":["Run Through","Warcry"],"picked":"Battle Trance","floor":11.0},{"not_picked":["Searing Blow","True Grit"],"picked":"Rage","floor":12.0},{"not_picked":["Run Through","Flex"],"picked":"Juggernaut","floor":14.0},{"not_picked":["Berserk","Impervious"],"picked":"Juggernaut","floor":16.0},{"not_picked":["Ghostly Armor","Iron Wave","Rage"],"picked":"SKIP","floor":18.0},{"not_picked":["Headbutt+1","True Grit+1"],"picked":"Dark Embrace+1","floor":19.0},{"not_picked":["Rage+1","Replay:Many Hands"],"picked":"Pommel Strike","floor":20.0},{"not_picked":["Blood for Blood+1","ReplayTheSpireMod:LeadingStrike"],"picked":"Power Through+1","floor":21},{"not_picked":["Run Through","Bloodletting"],"picked":"ReplayReversal","floor":23},{"not_picked":["Armaments","Disarm+1"],"picked":"Intimidate+1","floor":25},{"not_picked":["Dropkick","Bloodletting+1"],"picked":"Anger","floor":28},{"not_picked":["Offering","Bludgeon"],"picked":"Reaper","floor":33},{"not_picked":["Replay:Undeath\u0027s Touch"],"picked":"SKIP","floor":37}],"player_experience":2221804,"relics_obtained":[{"floor":8.0,"key":"King of Hearts"},{"floor":9.0,"key":"Replay:Wax Seal"},{"floor":14.0,"key":"CeramicFish"},{"floor":23,"key":"Pet Ghost"},{"floor":25,"key":"Onion Ring"},{"floor":26,"key":"Bronze Scales"},{"floor":37,"key":"Kunai"}],"event_choices":[{"damage_healed":0.0,"max_hp_gain":0.0,"max_hp_loss":0.0,"gold_gain":0.0,"event_name":"Big Fish","player_choice":"Box","floor":0.0,"gold_loss":0.0,"damage_taken":0.0,"relics_obtained":["Potion Belt"],"cards_obtained":["Regret"]},{"damage_healed":0.0,"max_hp_gain":0.0,"max_hp_loss":0.0,"gold_gain":0.0,"cards_transformed":["Strike_R"],"event_name":"Transmorgrifier","player_choice":"Transformed","floor":10.0,"gold_loss":0.0,"damage_taken":0.0,"cards_obtained":["ReplayTheSpireMod:Stacked"]},{"damage_healed":26,"gold_gain":0,"player_choice":"Heal","damage_taken":0,"max_hp_gain":0,"max_hp_loss":0,"event_name":"The Library","floor":22,"gold_loss":0},{"damage_healed":45,"gold_gain":0,"player_choice":"Full Heal","damage_taken":0,"max_hp_gain":0,"max_hp_loss":0,"event_name":"Wheel of Change","floor":27,"gold_loss":0},{"damage_healed":0,"gold_gain":0,"player_choice":"Inject Mutagens","damage_taken":0,"relics_obtained":["MutagenicStrength"],"max_hp_gain":0,"max_hp_loss":0,"event_name":"Drug Dealer","floor":31,"gold_loss":0}],"is_beta":false,"boss_relics":[{"not_picked":["Kintsugi","Astrolabe"],"picked":"Mark of Pain"},{"not_picked":["Runic Cube","Replay:Wanted Poster"],"picked":"Busted Crown"}],"items_purged_floors":[2,36],"is_endless":true,"potions_floor_spawned":[1,8,11,19,21,25],"killed_by":"The Heart","ascension_level":1}}