{"host":"9j9ju8r45kuhshxi","time":1610814369,"event":{"mods":["BaseMod","Colored Map","Colored Powertips","Highlight Path","Marisa（F雨　魔理沙）","Minty Spire (QoL Compilation)","Replay The Spire","Ryuuou龙王","StSLib","[功能]功能增强和修复MOD"],"gold_per_floor":[117,192,207,167,167,167,200,200,200,200,200,235,235,260,260,273,273,377,377,397,387,387,414,414,414,445,460,541,541,571,571,603,593,593,691,691,709,725,705,705,705,737,749,774,774,774,800,800,815,810,810,810,810,810,819,848,848],"floor_reached":58,"language":"ZHS","playtime":2749,"items_purged":["Strike_R","Strike_R","Defend_R","Defend_R","Strike_R","Strike_R","Defend_R","Defend_R","Whirlwind","Replay:Many Hands+1","Sword Boomerang","Dual Wield","Flash of Steel","Combust","Strike_R+1","Shrug It Off","ReplayTheSpireMod:Limb From Limb+1"],"score":2284,"play_id":"11032920-d454-4743-a845-227c76f785f8","local_time":"20210117002609","is_ascension_mode":true,"campfire_choices":[{"floor":6.0,"key":"RECALL"},{"data":"Inflame","floor":13.0,"key":"SMITH"},{"data":"Heavy Blade","floor":17.0,"key":"SMITH"},{"data":"Offering","floor":25.0,"key":"SMITH"},{"data":"Dual Wield","floor":29.0,"key":"SMITH"},{"data":"Rupture","floor":34,"key":"SMITH"},{"data":"Bludgeon","floor":46,"key":"SMITH"},{"data":"Pommel Strike","floor":48,"key":"SMITH"},{"floor":54,"key":"REST"}],"circlet_count":0,"master_deck":["Bash+1","Immolate+1","Inflame+1","Bludgeon+1","Double Tap+1","Heavy Blade+1","Offering+1","Feed+1","Whirlwind+1","Rupture+1","Dual Wield+1","Pommel Strike+1","Rampage+1","Sword Boomerang+1","Pummel+1","Impervious+1","Shrug It Off+1","Metallicize+1","Ghostly Armor+1","Combust+1","Uppercut+1","ReplayTheSpireMod:Limb From Limb+1","Replay:Sssssssssstrike+1","Life Link+1","Bloodletting+1"],"relics":["Burning Blood","Blue Doll","Replay:Ringing Soul","Frozen Eye","Vajra","TheAbacus","Unceasing Top","Toy Ornithopter","ReplayTheSpireMod:Lightbulb","Bag of Preparation","Astrolabe","Cauldron","Champion Belt","Nunchaku","MutagenicStrength","OrangePellets","Letter Opener","Pen Nib","Quantum Egg","Pear","Lantern","Blue Candle","Sling","Regal Pillow","Omamori","Runic Cube","Medical Kit","Golden Egg","Replay:WaspNest","Darkstone Periapt","Blood Vial","Pondfish Scales","Peace Pipe","Replay:Bottled Steam","CeramicFish","Toolbox","Du-Vu Doll","War Paint","ClockworkSouvenir","Strawberry","Mercury Hourglass","Replay:Baseball"],"acts_visited":["TheCity","TheBeyond","TheEnding"],"potions_floor_usage":[37,38,43,43,52,52,57,57,57],"damage_taken":[{"damage":6.0,"enemies":"2 Louse","floor":1.0,"turns":2.0},{"damage":0.0,"enemies":"Jaw Worm","floor":3.0,"turns":2.0},{"damage":0.0,"enemies":"Replay:BlueRogue","floor":7.0,"turns":1.0},{"damage":0.0,"enemies":"3 Sentries","floor":12.0,"turns":1.0},{"damage":0.0,"enemies":"Lagavulin","floor":14.0,"turns":1.0},{"damage":0.0,"enemies":"Small Slimes","floor":16.0,"turns":1.0},{"damage":0.0,"enemies":"Slime Boss","floor":18.0,"turns":1.0},{"damage":0.0,"enemies":"2 Thieves","floor":20.0,"turns":1.0},{"damage":6.0,"enemies":"Gremlin Leader","floor":26.0,"turns":1.0},{"damage":0.0,"enemies":"Spheric Guardian","floor":27.0,"turns":1.0},{"damage":6.0,"enemies":"Book of Stabbing","floor":30.0,"turns":1.0},{"damage":6,"enemies":"Centurion and Healer","floor":31,"turns":1},{"damage":0,"enemies":"Gremlin Leader","floor":32,"turns":1},{"damage":15,"enemies":"Pondfish","floor":35,"turns":2},{"damage":26,"enemies":"3 Shapes","floor":37,"turns":1},{"damage":0,"enemies":"3 Darklings","floor":38,"turns":2},{"damage":0,"enemies":"R_Hoarder","floor":42,"turns":2},{"damage":6,"enemies":"Spire Growth","floor":43,"turns":2},{"damage":6,"enemies":"Giant Head","floor":44,"turns":1},{"damage":0,"enemies":"R_Hoarder","floor":47,"turns":1},{"damage":36,"enemies":"4 Shapes","floor":49,"turns":2},{"damage":25,"enemies":"Donu and Deca","floor":52,"turns":2},{"damage":3,"enemies":"Shield and Spear","floor":56,"turns":1},{"damage":54,"enemies":"The Heart","floor":57,"turns":3}],"seed_played":"-4905455113418005035","potions_obtained":[{"floor":1.0,"key":"SpeedPotion"},{"floor":3.0,"key":"CultistPotion"},{"floor":3.0,"key":"BlessingOfTheForge"},{"floor":14.0,"key":"Swift Potion"},{"floor":14.0,"key":"Adrenaline Potion"},{"floor":21.0,"key":"HeartOfIron"},{"floor":21.0,"key":"FearPotion"},{"floor":21.0,"key":"Reflective Coating"},{"floor":21.0,"key":"SteroidPotion"},{"floor":21.0,"key":"FearPotion"},{"floor":38,"key":"BlessingOfTheForge"},{"floor":38,"key":"Strength Potion"},{"floor":49,"key":"PowerPotion"},{"floor":49,"key":"Ancient Potion"},{"floor":56,"key":"Doom Potion"},{"floor":56,"key":"BlessingOfTheForge"}],"is_trial":false,"path_per_floor":["M","?","M","$","?","R","E","PTL","PTL","$","T","E","R","E","?","M","R","B",null,"M","$","?","T","$","R","E","M","T","R","E","M","E","$","R","B",null,"M","M","$","?","$","E","M","E","T","R","E","R","M","$","R_BF","B",null,"R","$","E","B",null],"character_chosen":"IRONCLAD","items_purchased":["Blue Doll","Replay:Ringing Soul","Frozen Eye","Swift Potion","Immolate","Whirlwind","Inflame","Flash of Steel","Shrug It Off","TheAbacus","Unceasing Top","Toy Ornithopter","Bludgeon","Cauldron","Champion Belt","Nunchaku","Fruit Juice","Fire Potion","Dual Wield","Pommel Strike","OrangePellets","Letter Opener","Pen Nib","Sling","Regal Pillow","Omamori","Pummel+1","Medical Kit","Golden Egg","Replay:WaspNest","Ghostly Armor+1","Combust","Uppercut","ReplayTheSpireMod:Limb From Limb","Darkstone Periapt","Blood Vial","Replay:Sssssssssstrike+1","Toolbox","Du-Vu Doll","War Paint","ClockworkSouvenir","Strawberry","Mercury Hourglass","Bloodletting"],"campfire_rested":1,"item_purchase_floors":[4,4,4,4,4,4,4,4,4,10,10,10,10,21,21,21,21,21,21,21,24,24,24,33,33,33,33,39,39,39,39,39,39,39,41,41,41,50,50,50,55,55,55,55],"current_hp_per_floor":[72,61,67,70,53,53,62,62,62,65,65,74,74,83,83,92,92,101,104,107,115,115,115,115,115,122,129,139,139,139,142,145,148,148,142,149,149,163,166,172,175,175,178,178,178,178,178,178,148,148,178,159,173,178,188,188,140],"gold":848,"neow_bonus":"RANDOM_EVENT","is_daily":false,"chose_seed":false,"campfire_upgraded":7,"win_rate":0.0,"timestamp":1610814369,"path_taken":["M","?","M","$","?","R","E","PTL","PTL","?","T","E","R","E","?","M","R","BOSS","M","$","?","?","$","R","E","M","T","R","E","M","E","?","R","BOSS","M","M","$","?","?","E","M","E","T","R","E","R","?","$","R_BF","BOSS","R","$","E","BOSS"],"items_purchased_type":["Relic","Relic","Relic","Potion","Card","Card","Card","Card","Card","Relic","Relic","Relic","Card","Relic","Relic","Relic","Potion","Potion","Card","Card","Relic","Relic","Relic","Relic","Relic","Relic","Card","Relic","Relic","Relic","Card","Card","Card","Card","Relic","Relic","Card","Relic","Relic","Relic","Relic","Relic","Relic","Card"],"build_version":"2020-12-22","purchased_purges":17,"victory":true,"max_hp_per_floor":[80,80,80,83,83,83,86,86,86,89,89,92,92,95,95,98,98,101,104,107,115,115,115,115,115,122,129,139,139,139,142,145,148,148,151,151,166,169,172,172,175,175,178,178,178,178,178,178,178,178,178,178,178,178,188,188,188],"card_choices":[{"not_picked":["ReplayReversal","Twin Strike"],"picked":"Shrug It Off","floor":1.0},{"not_picked":["True Grit","Shrug It Off"],"picked":"Sever Soul","floor":3.0},{"not_picked":["Uppercut","ReplayTheSpireMod:Corrosion Curse"],"picked":"Sword Boomerang","floor":7.0},{"not_picked":["Sever Soul","ReplayTheSpireMod:Limb From Limb"],"picked":"Double Tap","floor":12.0},{"not_picked":["Immolate","Power Through"],"picked":"Life Link","floor":14.0},{"not_picked":["Inflame","True Grit"],"picked":"Heavy Blade","floor":16.0},{"not_picked":["Corruption","Exhume"],"picked":"Offering","floor":18.0},{"not_picked":["Armaments","Replay:Undeath\u0027s Touch"],"picked":"Rupture","floor":20.0},{"not_picked":["Clash","Reaper"],"picked":"Carnage","floor":26.0},{"not_picked":["Armaments","True Grit"],"picked":"Rampage+1","floor":27.0},{"not_picked":["Burning Pact","Havoc","Iron Wave"],"picked":"SKIP","floor":30.0},{"not_picked":["ReplayTheSpireMod:LeadingStrike+1","Havoc+1"],"picked":"Combust","floor":31},{"not_picked":["Wild Strike+1","Thunderclap"],"picked":"Sword Boomerang+1","floor":32},{"not_picked":["Juggernaut","Replay:Many Hands"],"picked":"Impervious","floor":35},{"not_picked":["Twin Strike+1","Armaments"],"picked":"Shrug It Off+1","floor":37},{"not_picked":["Run Through+1","Rupture+1"],"picked":"Metallicize+1","floor":38},{"not_picked":["Sword Boomerang+1","Iron Wave","Power Through+1"],"picked":"SKIP","floor":42},{"not_picked":["Pummel+1","Heavy Blade"],"picked":"Life Link","floor":43},{"not_picked":["Sentinel+1","Inflame","Clash"],"picked":"SKIP","floor":44},{"not_picked":["Shrug It Off","Warcry+1","Blood for Blood"],"picked":"SKIP","floor":47},{"not_picked":["Second Wind","True Grit+1","ReplayTheSpireMod:LeadingStrike+1"],"picked":"SKIP","floor":49},{"not_picked":["Cleave","ReplayTheSpireMod:Strike From Hell+1","Anger+1"],"picked":"SKIP","floor":56}],"player_experience":142098,"relics_obtained":[{"floor":7.0,"key":"Vajra"},{"floor":12.0,"key":"ReplayTheSpireMod:Lightbulb"},{"floor":14.0,"key":"Bag of Preparation"},{"floor":26.0,"key":"Quantum Egg"},{"floor":28.0,"key":"Pear"},{"floor":30.0,"key":"Lantern"},{"floor":32,"key":"Blue Candle"},{"floor":42,"key":"Pondfish Scales"},{"floor":44,"key":"Peace Pipe"},{"floor":45,"key":"Replay:Bottled Steam"},{"floor":47,"key":"CeramicFish"},{"floor":56,"key":"Replay:Baseball"}],"event_choices":[{"damage_healed":0.0,"max_hp_gain":0.0,"max_hp_loss":0.0,"gold_gain":75.0,"event_name":"World of Goop","player_choice":"Gather Gold","floor":2.0,"gold_loss":0.0,"damage_taken":11.0},{"damage_healed":0.0,"max_hp_gain":0.0,"max_hp_loss":0.0,"gold_gain":0.0,"event_name":"Shining Light","player_choice":"Entered Light","floor":5.0,"gold_loss":0.0,"damage_taken":17.0,"cards_upgraded":["Immolate","Bash"]},{"damage_healed":0.0,"max_hp_gain":0.0,"max_hp_loss":0.0,"gold_gain":0.0,"event_name":"Living Wall","player_choice":"Grow","floor":15.0,"gold_loss":0.0,"damage_taken":0.0,"cards_upgraded":["Double Tap"]},{"damage_healed":0.0,"max_hp_gain":0.0,"max_hp_loss":0.0,"gold_gain":0.0,"event_name":"Drug Dealer","player_choice":"Inject Mutagens","floor":22.0,"gold_loss":0.0,"damage_taken":0.0,"relics_obtained":["MutagenicStrength"]},{"cards_removed":["Carnage"],"damage_healed":6,"gold_gain":0,"player_choice":"Offered Uncommon","damage_taken":0,"max_hp_gain":0,"max_hp_loss":0,"event_name":"Bonfire Elementals","floor":40,"gold_loss":0}],"is_beta":false,"boss_relics":[{"not_picked":["Kintsugi","Replay:Drink Me"],"picked":"Astrolabe"},{"not_picked":["Pandora\u0027s Box","Runic Pyramid"],"picked":"Runic Cube"}],"items_purged_floors":[4,4,4,4,4,4,4,4,21,21,33,33,39,39,39,39,50],"is_endless":false,"potions_floor_spawned":[1,3,3,12,14,14,14,16,18,20,20,26,27,27,30,32,32,38,38,42,43,44,44,44,49,49,49,56,56],"ascension_level":7}}