{"host":"ss2ocoam53r2lno0","time":1610801378,"event":{"mods":["Act Like it!","BaseMod","ChefMod","Clockwork Mod","Colored Powertips","Curses Come First","Displayed Cursed Tome","Downfall","Evolution","Googly Eyes","Hallownest","Highlight Path","Minty Spire (QoL Compilation)","Poor People Problems","Rare Cards Sparkle","Robot Space Explorer","Shade Mod","Shop Mod","Spicy Shops","StSLib","The Marked"],"gold_per_floor":[109,123,134,144,164,164,197,211,211,211,211,211,225,50,50,147,147,161,161,180,180,195,195,195,207,207,207,220,238,252,252,252],"floor_reached":31,"language":"ENG","playtime":2667,"items_purged":["Clockwork:Shield","Clockwork:Strike"],"score":340,"play_id":"adcd7560-7a53-48af-a6f5-797dd9486e48","local_time":"20210116134938","is_ascension_mode":true,"campfire_choices":[{"data":"Clockwork:ChargingShield","floor":6,"key":"SMITH"},{"data":"Clockwork:ChargingBlade","floor":12,"key":"SMITH"},{"floor":15,"key":"REST"},{"data":"Clockwork:ElasticNanites","floor":23,"key":"SMITH"}],"circlet_count":0,"master_deck":["Clockwork:Strike","Clockwork:Strike","Clockwork:Shield","Clockwork:Shield","Clockwork:Shield","Clockwork:Tinker+1","Clockwork:WarmUp","Clockwork:ChargingShield+1","Clockwork:Clone","Clockwork:ChargingBlade+1","Clockwork:DefectiveParts","Writhe","Clockwork:ElasticNanites+1","Clockwork:RevUp"],"relics":["Clockwork:MomentumEngine","EVO:Axolotl","NeowsBlessing","Ice Cream","Darkstone Periapt","Philosopher\u0027s Stone","Vajra","Guardian:PocketSentry"],"acts_visited":["Exordium","TheCity"],"potions_floor_usage":[13,13,25,25,25,31,31,31],"damage_taken":[{"damage":0,"enemies":"Cultist","floor":1,"turns":2},{"damage":0,"enemies":"2 Louse","floor":2,"turns":6},{"damage":0,"enemies":"Small Slimes","floor":3,"turns":3},{"damage":9,"enemies":"Blue Slaver","floor":4,"turns":12},{"damage":2,"enemies":"3 Louse","floor":5,"turns":8},{"damage":5,"enemies":"Lagavulin","floor":7,"turns":21},{"damage":4,"enemies":"2 Fungi Beasts","floor":8,"turns":10},{"damage":0,"enemies":"Gremlin Gang","floor":13,"turns":8},{"damage":35,"enemies":"The Guardian","floor":16,"turns":14},{"damage":42,"enemies":"3 Byrds","floor":18,"turns":7},{"damage":0,"enemies":"Shell Parasite","floor":20,"turns":9},{"damage":18,"enemies":"Shelled Parasite and Fungi","floor":22,"turns":11},{"damage":33,"enemies":"Sentry and Sphere","floor":25,"turns":12},{"damage":0,"enemies":"Centurion and Healer","floor":28,"turns":8},{"damage":0,"enemies":"Chosen and Byrds","floor":29,"turns":10},{"damage":9,"enemies":"Snake Plant","floor":30,"turns":6},{"damage":18,"enemies":"Slavers","floor":31,"turns":2}],"seed_played":"125829541090879834","potions_obtained":[{"floor":2,"key":"Dexterity Potion"},{"floor":3,"key":"SteroidPotion"},{"floor":4,"key":"DistilledChaos"},{"floor":16,"key":"SpeedPotion"},{"floor":20,"key":"EssenceOfSteel"},{"floor":24,"key":"Explosive Potion"},{"floor":24,"key":"EntropicBrew"},{"floor":24,"key":"Explosive Potion"},{"floor":28,"key":"FearPotion"},{"floor":30,"key":"Slimebound:ThreeZeroPotion"}],"is_trial":false,"path_per_floor":["M","M","M","M","M","R","E","M","T","?","?","R","M","$","R","B",null,"M","?","M","?","M","R","?","M","T","?","M","M","M","E"],"character_chosen":"CLOCKWORK","items_purchased":[],"campfire_rested":1,"item_purchase_floors":[],"current_hp_per_floor":[77,77,77,68,66,66,61,57,57,40,33,33,33,33,58,23,70,28,34,34,34,16,16,16,20,20,20,20,20,11,0,0],"gold":252,"neow_bonus":"THREE_ENEMY_KILL","is_daily":false,"chose_seed":false,"campfire_upgraded":3,"win_rate":0.0,"timestamp":1610801378,"path_taken":["M","M","M","?","M","R","E","M","T","?","?","R","M","?","R","BOSS","M","?","M","?","M","R","?","?","T","?","M","M","M","E"],"items_purchased_type":[],"build_version":"2020-12-22","purchased_purges":2,"victory":false,"max_hp_per_floor":[85,85,85,85,85,85,85,85,85,85,85,85,85,85,85,85,85,85,91,91,91,91,91,91,91,91,91,91,91,91,91,91],"card_choices":[{"not_picked":["Clockwork:Improve","Clockwork:InertialShield"],"picked":"Clockwork:ChargingShield","floor":1},{"not_picked":["Clockwork:TestingEnvironment","Clockwork:Enhance","Clockwork:CogBarrier"],"picked":"SKIP","floor":2},{"not_picked":["Clockwork:SpringShield","Clockwork:SnapKeep"],"picked":"Clockwork:Clone","floor":3},{"not_picked":["Clockwork:SearchingStrike","Clockwork:Minimalism","Clockwork:SystemHardening"],"picked":"SKIP","floor":4},{"not_picked":["Clockwork:SystemScan","Clockwork:ForgeStrike","Clockwork:PerfectedStrike"],"picked":"SKIP","floor":5},{"not_picked":["Clockwork:Minimalism","Clockwork:MechanicalBulk","Clockwork:FalseStart"],"picked":"SKIP","floor":7},{"not_picked":["Clockwork:ReserveSystems","Clockwork:TimeWalk"],"picked":"Clockwork:ChargingBlade","floor":8},{"not_picked":["Clockwork:Scour","Clockwork:CogBarrier","Clockwork:Redundancy"],"picked":"SKIP","floor":13},{"not_picked":["Clockwork:KaliMa","Clockwork:WindupStrike"],"picked":"Clockwork:DefectiveParts","floor":16},{"not_picked":["Clockwork:CogShield","Clockwork:Clone","Clockwork:StasisBreak"],"picked":"SKIP","floor":18},{"not_picked":["Clockwork:SearchingStrike","Clockwork:Scour"],"picked":"Clockwork:ElasticNanites","floor":20},{"not_picked":["Clockwork:AdaptiveCannon","Clockwork:PerfectedShield+1"],"picked":"Clockwork:RevUp","floor":22},{"not_picked":["Clockwork:OccamsRazor","Clockwork:SystemHardening","Clockwork:AdaptiveShield+1"],"picked":"SKIP","floor":25},{"not_picked":["Clockwork:PerfectedStrike","Clockwork:RitualDaggerMk0","Clockwork:Pluck"],"picked":"SKIP","floor":28},{"not_picked":["Clockwork:Pluck","Clockwork:CogBarrier","Clockwork:WindupStrike"],"picked":"SKIP","floor":29},{"not_picked":["Clockwork:ForgeStrike","Clockwork:Roundhouse","Clockwork:TiltAWhirl"],"picked":"SKIP","floor":30}],"player_experience":743614,"relics_obtained":[{"floor":7,"key":"Ice Cream"},{"floor":9,"key":"Darkstone Periapt"},{"floor":26,"key":"Guardian:PocketSentry"}],"event_choices":[{"damage_healed":0,"gold_gain":0,"player_choice":"Entered Light","damage_taken":17,"max_hp_gain":0,"max_hp_loss":0,"event_name":"Shining Light","floor":10,"gold_loss":0,"cards_upgraded":["Clockwork:Tinker","Clockwork:Handicap"]},{"cards_removed":["Clockwork:Strike"],"damage_healed":0,"gold_gain":0,"player_choice":"Card Removal","damage_taken":7,"max_hp_gain":0,"max_hp_loss":0,"event_name":"Golden Wing","floor":11,"gold_loss":0},{"damage_healed":0,"gold_gain":0,"player_choice":"Opened","damage_taken":0,"relics_obtained":["Vajra"],"max_hp_gain":0,"max_hp_loss":0,"event_name":"The Mausoleum","floor":19,"gold_loss":0,"cards_obtained":["Writhe"]},{"damage_healed":0,"gold_gain":0,"player_choice":"Got Potions","damage_taken":0,"max_hp_gain":0,"max_hp_loss":0,"event_name":"Lab","floor":24,"gold_loss":0},{"damage_healed":0,"gold_gain":0,"player_choice":"Ignored","damage_taken":0,"max_hp_gain":0,"max_hp_loss":0,"event_name":"N\u0027loth","floor":27,"gold_loss":0}],"is_beta":false,"boss_relics":[{"not_picked":["Ectoplasm","Fusion Hammer"],"picked":"Philosopher\u0027s Stone"}],"items_purged_floors":[14,14],"is_endless":false,"potions_floor_spawned":[2,3,4,7,16,20,28,30],"killed_by":"Slavers","ascension_level":8}}