{"host":"vyjryxuuuxkt43k4","time":1610816810,"event":{"mods":["AchievementEnabler","BaseMod","Colored Map","DeckTracker","Minty Spire (QoL Compilation)","Permanent Neow","Quick Restart","StSLib","SuperFastMode","everything is the same but u backflip on backflip"],"gold_per_floor":[16,30,41,61,80,105,105,124,124,124,124,135,135,167,167,269,269,269,285,285,296,315,344,344,370,370,370,370],"floor_reached":27,"language":"KOR","playtime":1044,"items_purged":[],"score":409,"play_id":"424386a0-26bf-42bd-b5e1-dde5231dcb9d","local_time":"20210117020650","is_ascension_mode":true,"campfire_choices":[{"data":"Immolate","floor":7,"key":"SMITH"},{"data":"Decay","floor":11,"key":"PURGE"},{"data":"Armaments","floor":13,"key":"SMITH"},{"data":"Strike_R","floor":15,"key":"PURGE"},{"floor":24,"key":"REST"}],"circlet_count":0,"master_deck":["Strike_R","Strike_R","Strike_R","Strike_R","Defend_R","Defend_R","Defend_R","Defend_R","Bash","Impervious","Shrug It Off","Pommel Strike","Immolate+1","Headbutt","Armaments+1","Intimidate","Bludgeon","Feel No Pain","Shrug It Off+1"],"relics":["Burning Blood","Peace Pipe","HornCleat","Happy Flower","Runic Pyramid","Nilry\u0027s Codex","Ancient Tea Set","Ice Cream"],"acts_visited":["Exordium","TheCity"],"potions_floor_usage":[6,6,16,18,25,25,27],"damage_taken":[{"damage":10,"enemies":"Jaw Worm","floor":1,"turns":5},{"damage":1,"enemies":"Cultist","floor":2,"turns":5},{"damage":7,"enemies":"Small Slimes","floor":3,"turns":4},{"damage":5,"enemies":"3 Louse","floor":4,"turns":6},{"damage":18,"enemies":"Looter","floor":5,"turns":4},{"damage":0,"enemies":"Gremlin Nob","floor":6,"turns":2},{"damage":0,"enemies":"Lots of Slimes","floor":8,"turns":2},{"damage":3,"enemies":"Blue Slaver","floor":12,"turns":3},{"damage":12,"enemies":"3 Sentries","floor":14,"turns":6},{"damage":53,"enemies":"Slime Boss","floor":16,"turns":10},{"damage":0,"enemies":"3 Byrds","floor":18,"turns":1},{"damage":4,"enemies":"Chosen","floor":19,"turns":4},{"damage":25,"enemies":"Sentry and Sphere","floor":21,"turns":6},{"damage":4,"enemies":"Snake Plant","floor":22,"turns":4},{"damage":31,"enemies":"Slavers","floor":23,"turns":5},{"damage":28,"enemies":"Book of Stabbing","floor":25,"turns":8},{"damage":24,"enemies":"Slavers","floor":27,"turns":1}],"seed_played":"-5259930238757406908","potions_obtained":[{"floor":1,"key":"SmokeBomb"},{"floor":2,"key":"EssenceOfSteel"},{"floor":4,"key":"AttackPotion"},{"floor":6,"key":"SpeedPotion"},{"floor":21,"key":"Ancient Potion"},{"floor":22,"key":"ElixirPotion"},{"floor":23,"key":"LiquidMemories"}],"is_trial":false,"path_per_floor":["M","M","M","M","M","E","R","M","T","?","R","M","R","E","R","B",null,"M","M","?","M","M","E","R","E","T","E"],"character_chosen":"IRONCLAD","items_purchased":[],"campfire_rested":1,"item_purchase_floors":[],"current_hp_per_floor":[68,73,72,73,61,67,67,73,73,73,73,76,76,70,70,23,66,72,74,58,39,41,16,40,18,18,0,0],"gold":370,"neow_bonus":"THREE_RARE_CARDS","is_daily":false,"chose_seed":false,"campfire_upgraded":2,"win_rate":0.0,"timestamp":1610816810,"path_taken":["M","M","M","M","M","E","R","M","T","?","R","M","R","E","R","BOSS","M","M","?","M","M","E","R","E","T","E"],"items_purchased_type":[],"build_version":"2020-12-22","purchased_purges":0,"victory":false,"max_hp_per_floor":[80,80,80,80,80,80,80,80,80,80,80,80,80,80,80,80,80,80,80,80,80,80,80,80,80,80,80,80],"card_choices":[{"not_picked":["Offering","Limit Break"],"picked":"Impervious","floor":0},{"not_picked":["Intimidate","Sentinel"],"picked":"Shrug It Off","floor":1},{"not_picked":["Heavy Blade","Fire Breathing","Sever Soul"],"picked":"SKIP","floor":2},{"not_picked":["Havoc","True Grit"],"picked":"Pommel Strike","floor":3},{"not_picked":["Anger","Sentinel","Flex"],"picked":"SKIP","floor":4},{"not_picked":["Dual Wield","Warcry"],"picked":"Immolate","floor":5},{"not_picked":["Infernal Blade","Iron Wave","Heavy Blade"],"picked":"SKIP","floor":6},{"not_picked":["Rupture","True Grit"],"picked":"Headbutt","floor":8},{"not_picked":["Heavy Blade","Intimidate"],"picked":"Armaments","floor":12},{"not_picked":["Power Through","Armaments"],"picked":"Intimidate","floor":14},{"not_picked":["Limit Break","Brutality"],"picked":"Bludgeon","floor":16},{"not_picked":["Flex","Pummel","Warcry"],"picked":"SKIP","floor":19},{"not_picked":["Perfected Strike","True Grit","Heavy Blade+1"],"picked":"SKIP","floor":21},{"not_picked":["Perfected Strike","Shockwave"],"picked":"Feel No Pain","floor":22},{"not_picked":["Thunderclap+1","Juggernaut"],"picked":"Shrug It Off+1","floor":23},{"not_picked":["Armaments","Twin Strike+1","Blood for Blood"],"picked":"SKIP","floor":25}],"player_experience":373450,"relics_obtained":[{"floor":6,"key":"Peace Pipe"},{"floor":9,"key":"HornCleat"},{"floor":14,"key":"Happy Flower"},{"floor":20,"key":"Nilry\u0027s Codex"},{"floor":23,"key":"Ancient Tea Set"},{"floor":25,"key":"Ice Cream"}],"event_choices":[{"damage_healed":0,"gold_gain":0,"player_choice":"Cursed","damage_taken":0,"max_hp_gain":0,"max_hp_loss":0,"event_name":"Wheel of Change","floor":10,"gold_loss":0,"cards_obtained":["Decay"]},{"damage_healed":0,"gold_gain":0,"player_choice":"Obtained Book","damage_taken":16,"max_hp_gain":0,"max_hp_loss":0,"event_name":"Cursed Tome","floor":20,"gold_loss":0}],"is_beta":false,"boss_relics":[{"not_picked":["Runic Cube","Busted Crown"],"picked":"Runic Pyramid"}],"items_purged_floors":[],"is_endless":false,"potions_floor_spawned":[1,2,4,6,21,22,23],"killed_by":"Slavers","ascension_level":8}}