{"host":"fdzt26oh6i4vaxrk","time":1610833425,"event":{"mods":["BaseMod","Colored Map","Minty Spire (QoL Compilation)"],"gold_per_floor":[115,115,182,199,31,31,63,63,87,201,201,401,415,430,430,430,430],"floor_reached":16,"language":"ITA","playtime":846,"items_purged":[],"score":195,"play_id":"5b0f9f86-25c0-4048-ac59-55749b92cd76","local_time":"20210116224345","is_ascension_mode":true,"campfire_choices":[{"data":"Chaos","floor":6.0,"key":"SMITH"},{"data":"Static Discharge","floor":8.0,"key":"SMITH"},{"data":"Streamline","floor":11.0,"key":"SMITH"},{"floor":15.0,"key":"REST"}],"circlet_count":0,"master_deck":["AscendersBane","Strike_B","Strike_B","Strike_B","Strike_B","Defend_B+1","Defend_B","Defend_B","Defend_B","Zap+1","Dualcast","Chaos+1","Steam","Streamline+1","Loop","Static Discharge+1","Doubt","Go for the Eyes","Self Repair"],"relics":["Cracked Core","SsserpentHead","Vajra","War Paint","Pen Nib"],"acts_visited":["Exordium"],"potions_floor_usage":[16],"damage_taken":[{"damage":2.0,"enemies":"Jaw Worm","floor":1.0,"turns":3.0},{"damage":1.0,"enemies":"Cultist","floor":3.0,"turns":3.0},{"damage":2.0,"enemies":"Small Slimes","floor":4.0,"turns":4.0},{"damage":26.0,"enemies":"Lagavulin","floor":7.0,"turns":7.0},{"damage":10.0,"enemies":"2 Fungi Beasts","floor":13.0,"turns":3.0},{"damage":18.0,"enemies":"Large Slime","floor":14.0,"turns":4.0},{"damage":35,"enemies":"Hexaghost","floor":16,"turns":7}],"seed_played":"8251555153895740910","potions_obtained":[{"floor":1.0,"key":"Dexterity Potion"},{"floor":3.0,"key":"LiquidBronze"}],"is_trial":false,"path_per_floor":["M","?","M","M","$","R","E","R","T","?","R","?","M","M","R","B"],"character_chosen":"DEFECT","items_purchased":["Vajra","Loop"],"campfire_rested":1,"item_purchase_floors":[5,5],"current_hp_per_floor":[69,69,68,66,66,66,40,40,40,40,40,40,30,12,35,0,0],"gold":430,"neow_bonus":"TEN_PERCENT_HP_BONUS","is_daily":false,"chose_seed":false,"campfire_upgraded":3,"win_rate":0.0,"timestamp":1610833425,"path_taken":["M","?","?","M","?","R","E","R","T","?","R","?","M","M","R","BOSS"],"items_purchased_type":["Relic","Card"],"build_version":"2020-12-22","purchased_purges":0,"victory":false,"max_hp_per_floor":[78,78,78,78,78,78,78,78,78,78,78,78,78,78,78,78,78],"card_choices":[{"not_picked":["Hello World","Darkness"],"picked":"Chaos","floor":1.0},{"not_picked":["Coolheaded","Gash"],"picked":"Steam","floor":3.0},{"not_picked":["Rebound","Cold Snap"],"picked":"Streamline","floor":4.0},{"not_picked":["Sweeping Beam","Machine Learning"],"picked":"Static Discharge","floor":7.0},{"not_picked":["Beam Cell","Streamline"],"picked":"Go for the Eyes","floor":13.0},{"not_picked":["Melter","Steam"],"picked":"Self Repair","floor":14.0}],"player_experience":584633,"relics_obtained":[{"floor":7.0,"key":"War Paint"},{"floor":9.0,"key":"Pen Nib"}],"event_choices":[{"damage_healed":0.0,"max_hp_gain":0.0,"max_hp_loss":0.0,"gold_gain":0.0,"event_name":"FaceTrader","player_choice":"Trade","floor":2.0,"gold_loss":0.0,"damage_taken":0.0,"relics_obtained":["SsserpentHead"]},{"damage_healed":0.0,"max_hp_gain":0.0,"max_hp_loss":0.0,"gold_gain":64.0,"event_name":"Golden Wing","player_choice":"Gained Gold","floor":10.0,"gold_loss":0.0,"damage_taken":0.0},{"damage_healed":0.0,"max_hp_gain":0.0,"max_hp_loss":0.0,"gold_gain":150.0,"event_name":"Liars Game","player_choice":"AGREE","floor":12.0,"gold_loss":0.0,"damage_taken":0.0,"cards_obtained":["Doubt"]}],"is_beta":false,"boss_relics":[],"items_purged_floors":[],"is_endless":false,"potions_floor_spawned":[1,3],"killed_by":"Hexaghost","ascension_level":19}}