{"host":"bplbr8uekuotory4","time":1610770333,"event":{"mods":["Act Like it!","BaseMod","Custom Start","Gensokyo","GungeonMod","Hermit","KinomotoSakuraMod(木之本樱)","Koishi","Marisa（F雨　魔理沙）","Minty Spire (QoL Compilation)","Prisma Mod","Quick Restart","Reimu（博丽灵梦）","SOS（斯巴达之子）","Spicy Shops","StSLib","TestMod","The Alterego","The Blackbeard","The Cursed","The Marked","The Mystic","The Runesmith","The Saiyan","The Servant 0.9.4","Yuri Mod","[IsaacMod]以撒尖塔","vexMod"],"gold_per_floor":[214,132,132,132,132,165,181,208,260,274,288,288,288,308,308,387,387,404,425,425,456,467,509,534,534,615,615,630,630,630,646,646,732,732,752,752,774,787,826,826,826,866,939,996,996,996,996,1029,1029,1040,1040,1049,1150,1159,1196,1196,1242,1242,1276,1276,1301,1301,1301,1301,1311,1323,1323,1323,1332,1369,1374],"floor_reached":57,"language":"ZHS","playtime":2318,"items_purged":["DemoMod:Defend_Huntress","DemoMod:Strike_Huntress","DemoMod:Defend_Huntress","DemoMod:Strike_Huntress","DemoMod:RustySidearm","DemoMod:TripleGun","DemoMod:Defend_Huntress+1","DemoMod:CrossBow","Clumsy","DemoMod:Defend_Huntress+1","Decay","DemoMod:FinishedGun+1","Shame"],"score":3683,"play_id":"5940d996-e6f4-4110-b004-9a8be8e0940a","local_time":"20210116121213","is_ascension_mode":true,"campfire_choices":[{"data":"DemoMod:FeignSurrender","floor":12.0,"key":"SMITH"},{"data":"DemoMod:Roll","floor":15.0,"key":"SMITH"},{"data":"DemoMod:FinishedGun","floor":32.0,"key":"SMITH"},{"data":"DemoMod:HungryBullets","floor":40.0,"key":"SMITH"},{"data":"DemoMod:Behold!","floor":47.0,"key":"SMITH"},{"floor":49.0,"key":"RECALL"},{"floor":41.0,"key":"REST"},{"floor":47,"key":"REST"},{"floor":49,"key":"REST"},{"floor":53,"key":"REST"}],"circlet_count":0,"master_deck":["AscendersBane","DemoMod:Roll+1","DemoMod:ManualReload+1","DemoMod:Evolver","DemoMod:FeignSurrender+1","DemoMod:ConditionalReflex+1","DemoMod:HungryBullets+1","CurseOfTheBell","DemoMod:Behold!+1","DemoMod:FinishedGun+1","DemoMod:ShadowBullets+1","testmod-FightingIntention"],"relics":["DemoMod:Dog","testmod-TestBox","HushsDoor","SteamSale","testmod-Alchemist","Membership Card","Toy Ornithopter","testmod-BouquetWithThorns","vexMod:Cooldron","DemoMod:Bottle","DemoMod:DecoyRelic","Centennial Puzzle","Strange Spoon","testmod-Motorcycle","DemoMod:PoisonVial","testmod-IWantAll","Bronze Scales","Vajra","Lantern","Runic Pyramid","GuppysTail","GuppysPaw","GuppysHead","Turnip","Oddly Smooth Stone","testmod-InjuryResistance","DemoMod:PortableTableDevice","Cauldron","War Paint","Shuriken","vexMod:BarristanHead","Strawberry","Mango","Sling","MoneyPower","GnawedLeaf","Chemical X","TheBattery","testmod-BalancedPeriapt","MutagenicStrength","Toolbox","Frozen Eye","Gremlin Horn","testmod-TurbochargingSystem","SharpPlug","UnicornStump","Calling Bell","Nunchaku","testmod-Hope","DemoMod:Orange","GuppysCollar","DemoMod:GlassGuonStoneRelic","TheAbacus","testmod-IndustrialRevolution","yuri:PortableGlitches","vexMod:ScavengeHelm","Lizard Tail","BFFS","testmod-TheFather","testmod-Antiphasic","AnarchistCookbook","vexMod:InvisibilityCloak","testmod-IntensifyImprint","Molten Egg 2","vexMod:MemoryStick","vexMod:TimeEaterHat","testmod-OneHitWonder","vexMod:Spyglass","Sundial","HandDrill","TheBean","Potion Belt","InkBottle","vexMod:PaidLearning","Bag of Marbles","Medical Kit","CeramicFish","Runesmith:AutoHammer","vexMod:CardConverter","DemoMod:HoleyGrail","Chaos","CatCart","DeadEye","DemoMod:ResourcefulSack","Meat on the Bone","Boot","DemoMod:SuperHotWatch","DemoMod:WaxWing","Akabeko","Mercury Hourglass","Calipers","Bottled Tornado","vexMod:CursedCompass","vexMod:FocusSash","CrazyTorch:ReiMu","PunchingBag"],"acts_visited":["Exordium","TheCity","TheBeyond","TheEnding"],"potions_floor_usage":[56,56,56,56,56,56,56,56,56,56,56,56,56,56,56,56,56,56,56,56,56,56,56,56,56,56,56,56,56,56,56,56,56,56,56,56],"damage_taken":[{"damage":4.0,"enemies":"Cultist","floor":1.0,"turns":4.0},{"damage":5.0,"enemies":"3 Sentries","floor":6.0,"turns":5.0},{"damage":0.0,"enemies":"Small Slimes","floor":7.0,"turns":3.0},{"damage":15.0,"enemies":"Gremlin Nob","floor":8.0,"turns":4.0},{"damage":1.0,"enemies":"Jaw Worm","floor":10.0,"turns":2.0},{"damage":0.0,"enemies":"3 Louse","floor":11.0,"turns":1.0},{"damage":0.0,"enemies":"Exordium Thugs","floor":14.0,"turns":3.0},{"damage":0.0,"enemies":"Slime Boss","floor":16.0,"turns":7.0},{"damage":0.0,"enemies":"Shell Parasite","floor":18.0,"turns":1.0},{"damage":0.0,"enemies":"3 Byrds","floor":19.0,"turns":2.0},{"damage":0.0,"enemies":"Snake Plant","floor":21.0,"turns":2.0},{"damage":0.0,"enemies":"Snake Plant","floor":22.0,"turns":2.0},{"damage":0.0,"enemies":"Gremlin Leader","floor":23.0,"turns":2.0},{"damage":0.0,"enemies":"Centurion and Healer","floor":24.0,"turns":2.0},{"damage":2.0,"enemies":"Snecko","floor":28.0,"turns":3.0},{"damage":0.0,"enemies":"Shelled Parasite and Fungi","floor":31.0,"turns":1.0},{"damage":0.0,"enemies":"Champ","floor":33.0,"turns":3.0},{"damage":0.0,"enemies":"Orb Walker","floor":35.0,"turns":1.0},{"damage":0.0,"enemies":"3 Darklings","floor":37.0,"turns":2.0},{"damage":0.0,"enemies":"Transient","floor":38.0,"turns":4.0},{"damage":0.0,"enemies":"Maw","floor":39.0,"turns":3.0},{"damage":0.0,"enemies":"Giant Head","floor":42.0,"turns":2.0},{"damage":0.0,"enemies":"2 Orb Walkers","floor":44.0,"turns":1.0},{"damage":0.0,"enemies":"Reptomancer","floor":48.0,"turns":2.0},{"damage":0.0,"enemies":"Orb Walker","floor":35.0,"turns":1.0},{"damage":0.0,"enemies":"Orin","floor":38.0,"turns":3.0},{"damage":0.0,"enemies":"Giant Head","floor":40.0,"turns":2.0},{"damage":0.0,"enemies":"Reptomancer","floor":42.0,"turns":1.0},{"damage":0,"enemies":"3 Shapes","floor":44,"turns":1},{"damage":0,"enemies":"Jaw Worm Horde","floor":46,"turns":1},{"damage":0,"enemies":"Donu and Deca","floor":50,"turns":1},{"damage":0,"enemies":"Awakened One","floor":51,"turns":2},{"damage":0,"enemies":"Shield and Spear","floor":55,"turns":1},{"damage":0,"enemies":"The Heart","floor":56,"turns":2}],"seed_played":"985208029010589246","potions_obtained":[{"floor":1.0,"key":"AttackPotion"},{"floor":8.0,"key":"EntropicBrew"},{"floor":10.0,"key":"EntropicBrew"},{"floor":18.0,"key":"EntropicBrew"},{"floor":20.0,"key":"Fruit Juice"},{"floor":20.0,"key":"ColorlessPotion"},{"floor":31.0,"key":"EntropicBrew"},{"floor":35.0,"key":"EntropicBrew"},{"floor":42,"key":"EntropicBrew"},{"floor":44,"key":"EntropicBrew"}],"is_trial":false,"path_per_floor":["M","$","?","?","$","E","M","E","T","M","M","R","?","M","R","B",null,"M","M","$","?","M","E","M","$","T","$","M","?","$","M","R","B",null,"M","$","M","M","?","R","?","E","T","?","?","$","R","E","R","M","$","$","?","$","E","R","E","T","M","$","M","R","?","R","B","B",null,"R","$","E","B",null],"character_chosen":"HUNTRESS","items_purchased":["Membership Card","Toy Ornithopter","testmod-BouquetWithThorns","vexMod:Cooldron","DemoMod:Bottle","DemoMod:DecoyRelic","DemoMod:Evolver","FairyPotion","Strange Spoon","testmod-Motorcycle","DemoMod:PoisonVial","testmod-IWantAll","EntropicBrew","GuppysTail","GuppysPaw","GuppysHead","Turnip","Oddly Smooth Stone","testmod-InjuryResistance","DemoMod:PortableTableDevice","Cauldron","War Paint","Strawberry","Mango","Sling","EntropicBrew","EntropicBrew","MoneyPower","GnawedLeaf","Chemical X","TheBattery","ForgetMeNow","testmod-BalancedPeriapt","EntropicBrew","EntropicBrew","Toolbox","Frozen Eye","Gremlin Horn","testmod-TurbochargingSystem","SharpPlug","UnicornStump","GuppysCollar","DemoMod:Behold!","TheAbacus","testmod-IndustrialRevolution","yuri:PortableGlitches","vexMod:ScavengeHelm","Lizard Tail","BFFS","Bomb","Molten Egg 2","vexMod:MemoryStick","vexMod:TimeEaterHat","testmod-OneHitWonder","vexMod:Spyglass","HandDrill","TheBean","Potion Belt","InkBottle","vexMod:PaidLearning","Bag of Marbles","Medical Kit","CeramicFish","Runesmith:AutoHammer","vexMod:CardConverter","DemoMod:HoleyGrail","Chaos","DemoMod:FinishedGun+1","DeadEye","DemoMod:ResourcefulSack","Meat on the Bone","Boot","EntropicBrew","Akabeko","Mercury Hourglass","Calipers","Bottled Tornado","EntropicBrew","vexMod:CursedCompass","vexMod:FocusSash","CrazyTorch:ReiMu","testmod-FightingIntention"],"campfire_rested":4,"item_purchase_floors":[2,2,2,2,2,2,2,2,5,5,5,5,5,17,17,17,20,20,20,20,20,20,25,25,25,25,25,27,27,27,27,27,27,27,27,30,30,30,30,30,30,34,34,36,36,36,36,36,36,36,46,46,46,46,46,36,36,36,36,36,36,37,37,37,37,37,37,37,39,39,39,39,39,45,45,45,45,45,54,54,54,54],"current_hp_per_floor":[53,53,53,38,38,38,48,48,48,62,63,63,63,63,63,63,33,33,33,38,38,38,38,38,59,65,65,63,63,63,65,65,65,59,59,59,59,59,59,59,48,48,48,48,62,62,62,62,62,62,62,62,62,62,62,62,62,62,62,62,62,62,61,61,61,61,61,61,61,61,61],"gold":1374,"neow_bonus":"HUNDRED_GOLD","is_daily":false,"chose_seed":false,"campfire_upgraded":5,"win_rate":0.0,"timestamp":1610770333,"path_taken":["M","$","?","?","$","E","M","E","T","M","M","R","?","M","R","BOSS","M","M","?","?","M","E","M","$","T","$","M","?","$","?","R","BOSS","M","$","M","M","?","R","?","E","T","?","?","$","R","E","R","M","?","$","?","$","E","R","E","T","M","$","M","R","?","R","BOSS","BOSS","R","$","E","BOSS"],"items_purchased_type":["Relic","Relic","Relic","Relic","Relic","Relic","Card","Potion","Relic","Relic","Relic","Relic","Potion","Relic","Relic","Relic","Relic","Relic","Relic","Relic","Relic","Relic","Relic","Relic","Relic","Potion","Potion","Relic","Relic","Relic","Relic","Relic","Relic","Potion","Potion","Relic","Relic","Relic","Relic","Relic","Relic","Relic","Card","Relic","Relic","Relic","Relic","Relic","Relic","Card","Relic","Relic","Relic","Relic","Relic","Relic","Relic","Relic","Relic","Relic","Relic","Relic","Relic","Relic","Relic","Relic","Card","Card","Relic","Relic","Relic","Relic","Potion","Relic","Relic","Relic","Relic","Potion","Relic","Relic","Relic","Card"],"build_version":"2020-12-22","purchased_purges":13,"victory":true,"max_hp_per_floor":[63,63,63,63,63,63,63,63,63,63,63,63,63,63,63,63,33,33,33,38,38,38,38,38,59,65,65,65,65,65,65,65,65,62,62,62,62,62,62,62,62,62,62,62,62,62,62,62,62,62,62,62,62,62,62,62,62,62,62,62,62,62,61,61,61,61,61,61,61,61,61],"card_choices":[{"not_picked":["DemoMod:DoubleSwitch","DemoMod:BattleInHaste"],"picked":"DemoMod:TripleGun","floor":1.0},{"not_picked":["DemoMod:FastSwitch","DemoMod:SpreadAmmo"],"picked":"DemoMod:FeignSurrender","floor":6.0},{"not_picked":["DemoMod:Replace","DemoMod:CombinedRifle","DemoMod:MachoBrace"],"picked":"SKIP","floor":7.0},{"not_picked":["DemoMod:FullFirepower","DemoMod:JK47","DemoMod:Polaris"],"picked":"SKIP","floor":8.0},{"not_picked":["DemoMod:TripleGun","DemoMod:FeignSurrender","DemoMod:SAA"],"picked":"SKIP","floor":10.0},{"not_picked":["DemoMod:RadGun","DemoMod:BoxingGlove","DemoMod:SniperShot"],"picked":"SKIP","floor":11.0},{"not_picked":["DemoMod:DirectionalPad","DemoMod:RadGun","DemoMod:MachoBrace"],"picked":"SKIP","floor":14.0},{"not_picked":["DemoMod:BSG","DemoMod:Slinger"],"picked":"DemoMod:FinishedGun","floor":16.0},{"not_picked":["DemoMod:ConditionalReflex+1","DemoMod:TripleGun+1","DemoMod:GunstockTap"],"picked":"SKIP","floor":18.0},{"not_picked":["DemoMod:TripleGun+1","DemoMod:GunstockTap"],"picked":"DemoMod:ConditionalReflex+1","floor":18.0},{"not_picked":["DemoMod:MachoBrace","DemoMod:Replace","DemoMod:Casey"],"picked":"SKIP","floor":19.0},{"not_picked":["DemoMod:BattleInHaste","DemoMod:PotionOfGunFriendShip"],"picked":"DemoMod:HungryBullets","floor":21.0},{"not_picked":["DemoMod:DirectionalPad+1","DemoMod:JK47","DemoMod:AC15"],"picked":"SKIP","floor":22.0},{"not_picked":["DemoMod:TableSutra","DemoMod:Rummage+1","DemoMod:ChanceBullets"],"picked":"SKIP","floor":23.0},{"not_picked":["DemoMod:FullFirepower","DemoMod:ChanceBullets+1","DemoMod:FastSwitch+1"],"picked":"SKIP","floor":24.0},{"not_picked":["DemoMod:Ejector+1","DemoMod:Polaris","DemoMod:TeaPot"],"picked":"SKIP","floor":28.0},{"not_picked":["DemoMod:Ejector+1","DemoMod:Polaris","DemoMod:TeaPot"],"picked":"SKIP","floor":28.0},{"not_picked":["DemoMod:FastSwitch","DemoMod:GunShield","DemoMod:TripleGun"],"picked":"SKIP","floor":31.0},{"not_picked":["DemoMod:LifeOrb+1","DemoMod:Camera","DemoMod:StickyCrossBow"],"picked":"SKIP","floor":35.0},{"not_picked":["DemoMod:PracticeMakesPerfect+1","DemoMod:DoubleSwitch","DemoMod:GunstockTap"],"picked":"SKIP","floor":37.0},{"not_picked":["DemoMod:StrategicReserve","DemoMod:CombinedRifle","DemoMod:AWP"],"picked":"SKIP","floor":38.0},{"not_picked":["DemoMod:JK47+1","DemoMod:StickyCrossBow","DemoMod:HardPowerCard"],"picked":"SKIP","floor":39.0},{"not_picked":["DemoMod:BoxingGlove","DemoMod:DoubleVision","DemoMod:ConditionalReflex"],"picked":"SKIP","floor":42.0},{"not_picked":["DemoMod:CombinedRifle+1","DemoMod:CursedBullets","DemoMod:TripleGun+1"],"picked":"SKIP","floor":48.0},{"not_picked":["DemoMod:ConditionalReflex+1","DemoMod:ChanceBullets+1","DemoMod:SAA+1"],"picked":"SKIP","floor":35.0},{"not_picked":["DemoMod:Polaris+1","DemoMod:Rummage+1","DemoMod:JK47+1"],"picked":"SKIP","floor":40.0},{"not_picked":["DemoMod:EasyReloadBullets","DemoMod:FortunesFavor","DemoMod:ConditionalReflex"],"picked":"SKIP","floor":42},{"not_picked":["DemoMod:StickyCrossBow+1","DemoMod:StrategicReserve"],"picked":"DemoMod:ShadowBullets+1","floor":44},{"not_picked":["DemoMod:Unmoved","DemoMod:Replace","DemoMod:FastSwitch"],"picked":"SKIP","floor":46},{"not_picked":["DemoMod:ChanceBullets","DemoMod:Eureka","DemoMod:Rummage"],"picked":"SKIP","floor":55}],"player_experience":1203500,"relics_obtained":[{"floor":6.0,"key":"Bronze Scales"},{"floor":8.0,"key":"Vajra"},{"floor":9.0,"key":"Lantern"},{"floor":22.0,"key":"Shuriken"},{"floor":23.0,"key":"vexMod:BarristanHead"},{"floor":26.0,"key":"vexMod:BerryBomb"},{"floor":34.0,"key":"Nunchaku"},{"floor":34.0,"key":"testmod-Hope"},{"floor":34.0,"key":"DemoMod:Orange"},{"floor":39.0,"key":"testmod-TheFather"},{"floor":42.0,"key":"AnarchistCookbook"},{"floor":43.0,"key":"vexMod:InvisibilityCloak"},{"floor":44.0,"key":"testmod-IntensifyImprint"},{"floor":48.0,"key":"Sundial"},{"floor":38.0,"key":"CatCart"},{"floor":40.0,"key":"DemoMod:SuperHotWatch"},{"floor":43,"key":"DemoMod:WaxWing"},{"floor":55,"key":"PunchingBag"}],"event_choices":[{"damage_healed":0.0,"max_hp_gain":0.0,"max_hp_loss":0.0,"gold_gain":0.0,"event_name":"Living Wall","player_choice":"Grow","floor":3.0,"gold_loss":0.0,"damage_taken":0.0,"cards_upgraded":["DemoMod:ManualReload"]},{"cards_removed":["DemoMod:Strike_Huntress"],"damage_healed":0.0,"max_hp_gain":0.0,"max_hp_loss":0.0,"gold_gain":0.0,"event_name":"Bonfire Elementals","player_choice":"Offered Basic","floor":13.0,"gold_loss":0.0,"damage_taken":0.0},{"damage_healed":0.0,"max_hp_gain":0.0,"max_hp_loss":0.0,"gold_gain":0.0,"event_name":"Drug Dealer","player_choice":"Inject Mutagens","floor":29.0,"gold_loss":0.0,"damage_taken":0.0,"relics_obtained":["MutagenicStrength"]},{"damage_healed":0.0,"max_hp_gain":0.0,"max_hp_loss":0.0,"gold_gain":0.0,"event_name":"Mysterious Sphere","player_choice":"Fight","floor":44.0,"gold_loss":0.0,"damage_taken":0.0},{"damage_healed":0.0,"max_hp_gain":0.0,"max_hp_loss":0.0,"gold_gain":0.0,"event_name":"给自己的盒子","player_choice":"Swap Relic","floor":45.0,"relics_lost":["testmod-HarvestTotem"],"gold_loss":0.0,"damage_taken":0.0,"relics_obtained":["testmod-HarvestTotem"]},{"damage_healed":0.0,"max_hp_gain":0.0,"max_hp_loss":0.0,"gold_gain":0.0,"event_name":"OrinTheCat","player_choice":"Fight","floor":38.0,"gold_loss":0.0,"damage_taken":0.0},{"damage_healed":0,"gold_gain":0,"player_choice":"Max HP","damage_taken":0,"max_hp_gain":0,"max_hp_loss":3,"event_name":"Winding Halls","floor":48,"gold_loss":0}],"is_beta":false,"boss_relics":[{"not_picked":["Pandora\u0027s Box","DemoMod:ElasticCartridgeClip"],"picked":"Runic Pyramid"},{"not_picked":[]},{"not_picked":["vexMod:EndlessSickness","Philosopher\u0027s Stone"],"picked":"Calling Bell"},{"not_picked":[]}],"items_purged_floors":[2,5,20,25,27,30,30,34,36,46,36,37,39],"is_endless":false,"potions_floor_spawned":[1,8,10,18,28,31,35,42,44,42,44],"ascension_level":20}}