{"host":"7gewg82ormp6yt4e","time":1610802126,"event":{"mods":["BaseMod","Block Reminder","Colored Map","Colored Powertips","DeckTracker","Highlight Path","Minty Spire (QoL Compilation)","Relic Stats","StSLib","ojb\u0027s Info Mod"],"gold_per_floor":[115,125,125,135,148,148,38,38,62,62,72,72,18,52,52,127,127,146,146,38,38,8,8,8,41,41,41,58,58,58,75,75,154,154,169,169,169,187,205,230,244,244,244],"floor_reached":42,"language":"JPN","playtime":2569,"items_purged":[],"score":888,"play_id":"0ad48b75-7ce2-4e0f-927c-885b3508d854","local_time":"20210116220206","is_ascension_mode":true,"campfire_choices":[{"data":"Consume","floor":6,"key":"SMITH"},{"data":"Doom and Gloom","floor":8,"key":"SMITH"},{"floor":12,"key":"REST"},{"data":"Turbo","floor":15,"key":"SMITH"},{"data":"Seek","floor":23,"key":"SMITH"},{"floor":27,"key":"REST"},{"floor":30,"key":"REST"},{"floor":32,"key":"REST"}],"circlet_count":0,"master_deck":["AscendersBane","Defend_B","Defend_B","Defend_B","Zap","Dualcast","Creative AI+1","Gash","Doom and Gloom+1","Consume+1","Turbo+1","Self Repair","Leap","Ball Lightning","Doom and Gloom","Seek+1","Force Field+1","Defragment+1","Amplify+1","Coolheaded+1","Cold Snap","Panacea+1","Ball Lightning","Recycle","Biased Cognition","Cold Snap","Biased Cognition","Conserve Battery","Chill","Leap+1"],"relics":["Cracked Core","Toy Ornithopter","Astrolabe","The Courier","White Beast Statue","SacredBark","Blood Vial"],"acts_visited":["Exordium","TheCity","TheBeyond"],"potions_floor_usage":[5,14,25,28,29,33,40,41,42,42],"damage_taken":[{"damage":14,"enemies":"Jaw Worm","floor":1,"turns":4},{"damage":2,"enemies":"Cultist","floor":2,"turns":4},{"damage":3,"enemies":"2 Louse","floor":4,"turns":3},{"damage":29,"enemies":"Red Slaver","floor":5,"turns":5},{"damage":15,"enemies":"Exordium Thugs","floor":11,"turns":5},{"damage":15,"enemies":"3 Sentries","floor":14,"turns":4},{"damage":28,"enemies":"Slime Boss","floor":16,"turns":6},{"damage":7,"enemies":"Chosen","floor":18,"turns":3},{"damage":44,"enemies":"Book of Stabbing","floor":25,"turns":5},{"damage":16,"enemies":"3 Byrds","floor":28,"turns":4},{"damage":13,"enemies":"Colosseum Slavers","floor":29,"turns":3},{"damage":18,"enemies":"Centurion and Healer","floor":31,"turns":7},{"damage":23,"enemies":"Collector","floor":33,"turns":7},{"damage":6,"enemies":"Orb Walker","floor":35,"turns":5},{"damage":4,"enemies":"3 Shapes","floor":38,"turns":3},{"damage":7,"enemies":"Spire Growth","floor":39,"turns":4},{"damage":56,"enemies":"Nemesis","floor":40,"turns":15},{"damage":6,"enemies":"4 Shapes","floor":41,"turns":12},{"damage":41,"enemies":"Giant Head","floor":42,"turns":6}],"seed_played":"2565145222401397152","potions_obtained":[{"floor":4,"key":"Regen Potion"},{"floor":5,"key":"FearPotion"},{"floor":25,"key":"LiquidBronze"},{"floor":28,"key":"Strength Potion"},{"floor":31,"key":"DistilledChaos"},{"floor":33,"key":"SmokeBomb"},{"floor":35,"key":"LiquidMemories"},{"floor":38,"key":"Explosive Potion"},{"floor":40,"key":"BlessingOfTheForge"},{"floor":41,"key":"Strength Potion"}],"is_trial":false,"path_per_floor":["M","M","?","M","M","R","$","R","T","?","M","R","$","E","R","B",null,"M","?","$","?","$","R","?","E","T","R","M","?","R","M","R","B",null,"M","?","?","M","M","E","M","E"],"character_chosen":"DEFECT","items_purchased":["Self Repair","Leap","Fire Potion","Panacea","Ball Lightning"],"campfire_rested":4,"item_purchase_floors":[7,7,13,20,22],"current_hp_per_floor":[50,48,48,45,30,30,30,30,30,30,22,41,41,33,33,5,49,42,42,42,42,42,42,42,3,3,22,18,10,29,18,37,26,55,56,56,64,60,53,9,17,0,0],"gold":244,"neow_bonus":"THREE_RARE_CARDS","is_daily":false,"chose_seed":false,"campfire_upgraded":4,"win_rate":0.0,"timestamp":1610802126,"path_taken":["M","M","?","?","?","R","?","R","T","?","M","R","$","E","R","BOSS","M","?","?","?","$","R","?","E","T","R","?","?","R","M","R","BOSS","M","?","?","M","?","E","M","E"],"items_purchased_type":["Card","Card","Potion","Card","Card"],"build_version":"2020-12-22","purchased_purges":0,"victory":false,"max_hp_per_floor":[64,64,64,64,64,64,64,64,64,64,64,64,64,64,64,64,64,64,64,64,64,64,64,64,64,64,64,64,64,64,64,64,64,64,64,64,64,64,64,64,64,64,64],"relic_stats":{"Blood Vial":4,"counters":[19,104],"Astrolabe":["Force Field","Defragment","Amplify"],"obtain_stats":[{"Blood Vial":40,"Astrolabe":17,"SacredBark":34,"The Courier":25,"Cracked Core":0,"Toy Ornithopter":14,"White Beast Statue":26},{"Blood Vial":17,"Astrolabe":7,"SacredBark":13,"The Courier":9,"Cracked Core":0,"Toy Ornithopter":6,"White Beast Statue":9},{"Blood Vial":86,"Astrolabe":31,"SacredBark":60,"The Courier":39,"Cracked Core":0,"Toy Ornithopter":25,"White Beast Statue":39}],"Toy Ornithopter":40},"card_choices":[{"not_picked":["Multi-Cast","Reboot"],"picked":"Creative AI","floor":0},{"not_picked":["Stack","Blizzard"],"picked":"Gash","floor":1},{"not_picked":["Streamline","Redo"],"picked":"Doom and Gloom","floor":2},{"not_picked":["Rebound","Rainbow"],"picked":"Consume","floor":4},{"not_picked":["Conserve Battery","Beam Cell"],"picked":"Turbo","floor":5},{"not_picked":["Redo","Gash"],"picked":"Ball Lightning","floor":11},{"not_picked":["White Noise","Rip and Tear"],"picked":"Doom and Gloom","floor":14},{"not_picked":["Hyperbeam","Creative AI"],"picked":"Seek","floor":16},{"not_picked":["Gash","Compile Driver"],"picked":"Coolheaded+1","floor":18},{"not_picked":["Melter","Leap"],"picked":"Recycle","floor":25},{"not_picked":["Compile Driver","Barrage+1"],"picked":"Biased Cognition","floor":28},{"not_picked":["Melter","Storm"],"picked":"Cold Snap","floor":31},{"not_picked":["All For One","Echo Form"],"picked":"Biased Cognition","floor":33},{"not_picked":["Chaos","Compile Driver+1"],"picked":"Conserve Battery","floor":35},{"not_picked":["Leap","Go for the Eyes","Ball Lightning"],"picked":"SKIP","floor":38},{"not_picked":["Cold Snap","Ball Lightning"],"picked":"Chill","floor":39},{"not_picked":["Coolheaded","Steam"],"picked":"Leap+1","floor":40},{"not_picked":["Conserve Battery","Sweeping Beam","Recycle"],"picked":"SKIP","floor":41}],"player_experience":2594926,"relics_obtained":[{"floor":14,"key":"Toy Ornithopter"},{"floor":25,"key":"The Courier"},{"floor":26,"key":"White Beast Statue"},{"floor":40,"key":"Blood Vial"}],"event_choices":[{"damage_healed":0,"gold_gain":0,"player_choice":"Upgraded","damage_taken":0,"max_hp_gain":0,"max_hp_loss":0,"event_name":"Upgrade Shrine","floor":3,"gold_loss":0,"cards_upgraded":["Creative AI"]},{"damage_healed":0,"gold_gain":0,"cards_transformed":["Strike_B"],"player_choice":"Transformed","damage_taken":0,"max_hp_gain":0,"max_hp_loss":0,"event_name":"Transmorgrifier","floor":10,"gold_loss":0,"cards_obtained":["Storm"]},{"damage_healed":0,"gold_gain":0,"cards_transformed":["Defend_B"],"player_choice":"Transformed","damage_taken":0,"max_hp_gain":0,"max_hp_loss":0,"event_name":"Transmorgrifier","floor":19,"gold_loss":0,"cards_obtained":["Cold Snap"]},{"damage_healed":0,"gold_gain":0,"player_choice":"Ignored","damage_taken":0,"max_hp_gain":0,"max_hp_loss":0,"event_name":"The Mausoleum","floor":21,"gold_loss":0},{"damage_healed":0,"gold_gain":0,"player_choice":"Upgraded","damage_taken":0,"max_hp_gain":0,"max_hp_loss":0,"event_name":"Upgrade Shrine","floor":24,"gold_loss":0,"cards_upgraded":["Panacea"]},{"damage_healed":0,"gold_gain":0,"player_choice":"Fight","damage_taken":0,"max_hp_gain":0,"max_hp_loss":0,"event_name":"Colosseum","floor":29,"gold_loss":0},{"damage_healed":0,"gold_gain":0,"player_choice":"Fled From Nobs","damage_taken":0,"max_hp_gain":0,"max_hp_loss":0,"event_name":"Colosseum","floor":29,"gold_loss":0},{"damage_healed":0,"gold_gain":0,"player_choice":"Ignored","damage_taken":0,"max_hp_gain":0,"max_hp_loss":0,"event_name":"Tomb of Lord Red Mask","floor":36,"gold_loss":0},{"cards_removed":["Storm"],"damage_healed":8,"gold_gain":0,"player_choice":"Offered Uncommon","damage_taken":0,"max_hp_gain":0,"max_hp_loss":0,"event_name":"Bonfire Elementals","floor":37,"gold_loss":0}],"is_beta":false,"boss_relics":[{"not_picked":["Fusion Hammer","FrozenCore"],"picked":"Astrolabe"},{"not_picked":["Cursed Key","Pandora\u0027s Box"],"picked":"SacredBark"}],"items_purged_floors":[],"is_endless":false,"potions_floor_spawned":[4,5,25,28,29,31,33,35,38,39,40,41],"killed_by":"Giant Head","ascension_level":20}}