{"host":"1pwde2j81wdvsae3","time":1610794067,"event":{"mods":["BaseMod","Minty Spire (QoL Compilation)","Replay The Spire","Shop Mod","StSLib"],"gold_per_floor":[117,130,130,205,11,45,124,124,174,174,187,244,254,254,254,331,331,349,68,8,8,26,26,26],"floor_reached":23,"language":"ZHS","playtime":748,"items_purged":[],"score":375,"play_id":"c50ed524-d6b2-4a77-86ed-cf484275c8f4","local_time":"20210116184747","is_ascension_mode":true,"campfire_choices":[{"data":"Bash","floor":8.0,"key":"SMITH"},{"data":"Clothesline","floor":10.0,"key":"SMITH"},{"floor":15.0,"key":"REST"}],"circlet_count":0,"master_deck":["AscendersBane","Bash+1","ReplayTheSpireMod:Stacked","Clothesline+1","Battle Trance","Headbutt","Flex","ReplayReversal","Replay:Undeath\u0027s Touch","Impervious","Power Through","Heavy Blade","ReplayTheSpireMod:Muscle Training","Life Link","Demon Form","Headbutt","Sever Soul","Flex","Berserk","Infernal Blade","Feel No Pain","True Grit","Bite","Bite","Bite","Bite","Bite","Sentinel"],"relics":["Burning Blood","NeowsBlessing","Happy Flower","Juzu Bracelet","Red Skull","Replay:Accelerometer","Pandora\u0027s Box","Lee\u0027s Waffle"],"acts_visited":["Exordium","TheCity"],"potions_floor_usage":[23],"damage_taken":[{"damage":0.0,"enemies":"2 Louse","floor":1.0,"turns":1.0},{"damage":0.0,"enemies":"Jaw Worm","floor":2.0,"turns":1.0},{"damage":0.0,"enemies":"Gremlin Nob","floor":6.0,"turns":1.0},{"damage":0.0,"enemies":"Small Slimes","floor":11.0,"turns":3.0},{"damage":38.0,"enemies":"3 Sentries","floor":12.0,"turns":7.0},{"damage":9.0,"enemies":"Looter","floor":13.0,"turns":3.0},{"damage":99.0,"enemies":"Fading Forest","floor":16.0,"turns":12.0},{"damage":30,"enemies":"Spheric Guardian","floor":18,"turns":5},{"damage":41,"enemies":"3 Byrds","floor":22,"turns":7},{"damage":51,"enemies":"Gremlin Leader","floor":23,"turns":6}],"seed_played":"-8303488695916094023","potions_obtained":[{"floor":11.0,"key":"FairyPotion"},{"floor":12.0,"key":"Swift Potion"},{"floor":16.0,"key":"Venom Potion"}],"is_trial":false,"path_per_floor":["M","M","?","?","$","E","?","R","T","R","M","?","M","?","R","B",null,"M","$","?","?","M","E"],"character_chosen":"IRONCLAD","items_purchased":["Happy Flower","Battle Trance","Lee\u0027s Waffle","Feel No Pain","True Grit"],"campfire_rested":1,"item_purchase_floors":[5,5,19,19,19],"current_hp_per_floor":[78,80,80,69,69,75,75,75,75,75,80,48,45,45,69,10,63,39,87,87,60,38,0,0],"gold":26,"neow_bonus":"THREE_ENEMY_KILL","is_daily":false,"chose_seed":false,"campfire_upgraded":2,"win_rate":0.0,"timestamp":1610794067,"path_taken":["M","M","?","?","$","E","?","R","T","R","M","?","M","?","R","BOSS","M","$","?","?","M","E"],"items_purchased_type":["Relic","Card","Relic","Card","Card"],"build_version":"2020-12-22","purchased_purges":0,"victory":false,"max_hp_per_floor":[80,80,80,80,80,80,80,80,80,80,80,80,80,80,80,80,80,80,87,87,60,60,60,60],"card_choices":[{"not_picked":["Body Slam","Massacre"],"picked":"ReplayTheSpireMod:Stacked","floor":1.0},{"not_picked":["Warcry","Sentinel"],"picked":"Clothesline","floor":2.0},{"not_picked":["Anger","Eclipse"],"picked":"Headbutt","floor":6.0},{"not_picked":["Shrug It Off","Havoc"],"picked":"Flex","floor":11.0},{"not_picked":["Cleave","Headbutt"],"picked":"ReplayReversal","floor":12.0},{"not_picked":["Run Through","Uppercut"],"picked":"Replay:Undeath\u0027s Touch","floor":13.0},{"not_picked":["Fiend Fire","Eclipse"],"picked":"Impervious","floor":16.0},{"not_picked":["Body Slam","Twin Strike"],"picked":"Infernal Blade","floor":18},{"not_picked":["Burning Pact","Flex"],"picked":"Sentinel","floor":22}],"player_experience":213083,"relics_obtained":[{"floor":6.0,"key":"Juzu Bracelet"},{"floor":9.0,"key":"Red Skull"},{"floor":12.0,"key":"Replay:Accelerometer"}],"event_choices":[{"damage_healed":0.0,"max_hp_gain":0.0,"max_hp_loss":0.0,"gold_gain":75.0,"event_name":"World of Goop","player_choice":"Gather Gold","floor":4.0,"gold_loss":0.0,"damage_taken":11.0},{"damage_healed":0.0,"max_hp_gain":0.0,"max_hp_loss":0.0,"gold_gain":79.0,"event_name":"Golden Wing","player_choice":"Gained Gold","floor":7.0,"gold_loss":0.0,"damage_taken":0.0},{"damage_healed":0.0,"max_hp_gain":0.0,"max_hp_loss":0.0,"gold_gain":0.0,"event_name":"Dead Adventurer","player_choice":"Searched \u00271\u0027 times","floor":12.0,"gold_loss":0.0,"damage_taken":0.0},{"damage_healed":0.0,"max_hp_gain":0.0,"max_hp_loss":0.0,"gold_gain":0.0,"event_name":"Liars Game","player_choice":"Ignored","floor":14.0,"gold_loss":0.0,"damage_taken":0.0},{"damage_healed":0,"gold_gain":0,"player_choice":"Became a vampire","damage_taken":0,"max_hp_gain":0,"max_hp_loss":27,"event_name":"Vampires","floor":21,"gold_loss":0,"cards_obtained":["Bite","Bite","Bite","Bite","Bite"]}],"is_beta":false,"boss_relics":[{"not_picked":["Ooze Armor","Replay:Grab Bag"],"picked":"Pandora\u0027s Box"}],"items_purged_floors":[],"is_endless":false,"potions_floor_spawned":[11,12,16],"killed_by":"Gremlin Leader","ascension_level":13}}