{"host":"oehe2dxjvdgux73m","time":1610791440,"event":{"mods":["AchievementEnabler","BaseMod","Colored Map","Colored Powertips","DeckTracker","Keyboard Shortcuts","Minty Spire (QoL Compilation)","Permanent Neow","Quick Restart","StSLib","SuperFastMode"],"gold_per_floor":[110,110,126,126,143,173,173,98,123,123,148,19,29,43,43,121,121,137,137,407,81,94,94,94,94],"floor_reached":24,"language":"KOR","playtime":774,"items_purged":["Strike_G","Strike_G"],"score":377,"play_id":"5c430827-defe-4555-9961-4955e620fb09","local_time":"20210116190400","is_ascension_mode":true,"campfire_choices":[{"floor":10.0,"key":"REST"},{"floor":15.0,"key":"REST"},{"floor":23,"key":"REST"}],"circlet_count":0,"master_deck":["AscendersBane","Defend_G","Defend_G","Defend_G+1","Defend_G","Defend_G","Survivor","Neutralize","Dagger Spray","Bouncing Flask","Backflip+1","Footwork","Noxious Fumes","Dodge and Roll","Acrobatics","Bane","Adrenaline","CurseOfTheBell","Reflex","Blur"],"relics":["Ring of the Snake","Ancient Tea Set","Anchor","Tingsha","Calling Bell","Shuriken","Peace Pipe","War Paint","Centennial Puzzle"],"acts_visited":["Exordium","TheCity"],"potions_floor_usage":[22,22],"damage_taken":[{"damage":1.0,"enemies":"2 Louse","floor":1.0,"turns":4.0},{"damage":7.0,"enemies":"Jaw Worm","floor":3.0,"turns":3.0},{"damage":1.0,"enemies":"Small Slimes","floor":5.0,"turns":3.0},{"damage":28.0,"enemies":"Gremlin Nob","floor":6.0,"turns":4.0},{"damage":14.0,"enemies":"Lagavulin","floor":11.0,"turns":6.0},{"damage":4.0,"enemies":"Blue Slaver","floor":13.0,"turns":3.0},{"damage":18.0,"enemies":"Gremlin Gang","floor":14.0,"turns":4.0},{"damage":9.0,"enemies":"Hexaghost","floor":16.0,"turns":9.0},{"damage":18.0,"enemies":"Chosen","floor":18.0,"turns":6.0},{"damage":9,"enemies":"3 Byrds","floor":22,"turns":5},{"damage":38,"enemies":"Slavers","floor":24,"turns":4}],"seed_played":"-2250282988851436138","potions_obtained":[{"floor":1.0,"key":"BlessingOfTheForge"},{"floor":5.0,"key":"FearPotion"},{"floor":13.0,"key":"Swift Potion"},{"floor":14.0,"key":"Fruit Juice"},{"floor":18.0,"key":"GamblersBrew"},{"floor":22,"key":"Swift Potion"}],"is_trial":false,"path_per_floor":["M","?","M","?","M","E","?","?","T","R","E","$","M","M","R","B",null,"M","?","?","$","M","R","E"],"character_chosen":"THE_SILENT","items_purchased":["SkillPotion","Centennial Puzzle","Dexterity Potion"],"campfire_rested":3,"item_purchase_floors":[12,21,21],"current_hp_per_floor":[58,63,56,49,48,20,20,20,20,41,27,27,23,10,32,23,63,45,45,18,18,9,31,0,0],"gold":94,"neow_bonus":"THREE_CARDS","is_daily":false,"chose_seed":false,"campfire_upgraded":0,"win_rate":0.0,"timestamp":1610791440,"path_taken":["M","?","M","?","M","E","?","?","T","R","E","?","?","M","R","BOSS","M","?","?","$","?","R","E"],"items_purchased_type":["Potion","Relic","Potion"],"build_version":"2020-12-22","purchased_purges":2,"victory":false,"max_hp_per_floor":[66,71,71,71,71,71,71,71,71,71,71,71,71,76,76,76,76,76,76,76,76,76,76,76,76],"card_choices":[{"not_picked":["Outmaneuver","Quick Slash"],"picked":"Dagger Spray","floor":0.0},{"not_picked":["Caltrops","Dagger Throw"],"picked":"Bouncing Flask","floor":1.0},{"not_picked":["Quick Slash","Riddle With Holes"],"picked":"Backflip","floor":3.0},{"not_picked":["Setup","Escape Plan"],"picked":"Footwork","floor":5.0},{"not_picked":["Dagger Throw","Deflect"],"picked":"Noxious Fumes","floor":6.0},{"not_picked":["Concentrate","Deadly Poison"],"picked":"Dodge and Roll","floor":11.0},{"not_picked":["Outmaneuver","Flechettes"],"picked":"Acrobatics","floor":13.0},{"not_picked":["Cloak And Dagger","Dagger Spray"],"picked":"Bane","floor":14.0},{"not_picked":["Grand Finale","Storm of Steel"],"picked":"Adrenaline","floor":16.0},{"not_picked":["Skewer+1","Endless Agony"],"picked":"Reflex","floor":18.0},{"not_picked":["Deflect","Flying Knee"],"picked":"Blur","floor":22}],"player_experience":226079,"relics_obtained":[{"floor":6.0,"key":"Ancient Tea Set"},{"floor":9.0,"key":"Anchor"},{"floor":11.0,"key":"Tingsha"},{"floor":17.0,"key":"Shuriken"},{"floor":17.0,"key":"Peace Pipe"},{"floor":17.0,"key":"War Paint"}],"event_choices":[{"damage_healed":0.0,"max_hp_gain":5.0,"max_hp_loss":0.0,"gold_gain":0.0,"event_name":"Big Fish","player_choice":"Donut","floor":2.0,"gold_loss":0.0,"damage_taken":0.0},{"cards_removed":["Strike_G"],"damage_healed":0.0,"max_hp_gain":0.0,"max_hp_loss":0.0,"gold_gain":0.0,"event_name":"Golden Wing","player_choice":"Card Removal","floor":4.0,"gold_loss":0.0,"damage_taken":7.0},{"damage_healed":0.0,"max_hp_gain":0.0,"max_hp_loss":0.0,"gold_gain":0.0,"event_name":"Scrap Ooze","player_choice":"Fled","floor":7.0,"gold_loss":0.0,"damage_taken":0.0},{"cards_removed":["Strike_G"],"damage_healed":0.0,"max_hp_gain":0.0,"max_hp_loss":0.0,"gold_gain":0.0,"event_name":"The Cleric","player_choice":"Card Removal","floor":8.0,"gold_loss":75.0,"damage_taken":0.0},{"cards_removed":["Strike_G"],"damage_healed":0,"gold_gain":0,"player_choice":"Elegance","damage_taken":0,"max_hp_gain":0,"max_hp_loss":0,"event_name":"Back to Basics","floor":19,"gold_loss":0},{"damage_healed":0,"gold_gain":270,"player_choice":"GOLD GOLD GOLD ","damage_taken":27,"max_hp_gain":0,"max_hp_loss":0,"event_name":"Knowing Skull","floor":20,"potions_obtained":[],"gold_loss":0,"cards_obtained":[]}],"is_beta":false,"boss_relics":[{"not_picked":["Cursed Key","HoveringKite"],"picked":"Calling Bell"}],"items_purged_floors":[12,21],"is_endless":false,"potions_floor_spawned":[1,5,13,14,18,22],"killed_by":"Slavers","ascension_level":17}}