{"host":"l4kdldlios54gl54","time":1610841481,"event":{"mods":["AchievementEnabler","BaseMod","Colored Map","Colored Powertips","Minty Spire (QoL Compilation)","Random Character Button"],"gold_per_floor":[114,114,39,57,57,97,113,113,113,113,129,54,54,67,67,156,156,169,169,183,98,98,98],"floor_reached":22,"language":"ENG","playtime":761,"items_purged":["Strike_R"],"score":368,"play_id":"f2840a85-a35a-47e0-bb1c-6c127b143a40","local_time":"20210117005801","is_ascension_mode":true,"campfire_choices":[{"data":"True Grit","floor":8,"key":"SMITH"},{"data":"Inflame","floor":10,"key":"SMITH"},{"data":"Battle Trance","floor":13,"key":"SMITH"},{"floor":15,"key":"REST"}],"circlet_count":0,"master_deck":["AscendersBane","Strike_R","Strike_R","Strike_R","Defend_R","Defend_R","Defend_R","Defend_R","Bash","Sever Soul+1","Cleave","Inflame+1","True Grit+1","Battle Trance+1","Bludgeon"],"relics":["Burning Blood","Bloody Idol","Darkstone Periapt","Turnip","Mark of Pain","StrikeDummy"],"acts_visited":["Exordium","TheCity"],"potions_floor_usage":[6,16,16,18],"damage_taken":[{"damage":14,"enemies":"Small Slimes","floor":1,"turns":4},{"damage":2,"enemies":"Cultist","floor":4,"turns":4},{"damage":54,"enemies":"Lagavulin","floor":6,"turns":8},{"damage":0,"enemies":"2 Louse","floor":7,"turns":2},{"damage":7,"enemies":"2 Fungi Beasts","floor":11,"turns":3},{"damage":0,"enemies":"Exordium Wildlife","floor":14,"turns":3},{"damage":42,"enemies":"Hexaghost","floor":16,"turns":9},{"damage":43,"enemies":"3 Byrds","floor":18,"turns":5},{"damage":9,"enemies":"Chosen","floor":20,"turns":4},{"damage":19,"enemies":"Snake Plant","floor":22,"turns":2}],"seed_played":"7071100920771640573","potions_obtained":[{"floor":4,"key":"GamblersBrew"},{"floor":7,"key":"LiquidBronze"},{"floor":14,"key":"AttackPotion"},{"floor":16,"key":"ColorlessPotion"},{"floor":18,"key":"PowerPotion"}],"is_trial":false,"path_per_floor":["M","?","$","M","?","E","M","R","T","R","M","?","R","M","R","B",null,"M","?","M","?","M"],"character_chosen":"IRONCLAD","items_purchased":[],"campfire_rested":1,"item_purchase_floors":[],"current_hp_per_floor":[60,60,60,64,64,16,22,22,22,22,21,21,21,27,47,11,54,17,17,19,19,0,0],"gold":98,"neow_bonus":"THREE_CARDS","is_daily":false,"chose_seed":false,"campfire_upgraded":3,"win_rate":0.0,"timestamp":1610841481,"path_taken":["M","?","$","M","?","E","M","R","T","R","?","?","R","M","R","BOSS","M","?","M","?","?"],"items_purchased_type":[],"build_version":"2020-12-22","purchased_purges":1,"victory":false,"max_hp_per_floor":[75,68,68,68,68,68,68,68,68,68,68,68,68,68,68,68,68,68,68,68,68,68,68],"card_choices":[{"not_picked":["Heavy Blade","Bloodletting"],"picked":"Sever Soul","floor":0},{"not_picked":["Headbutt","Anger"],"picked":"Cleave","floor":1},{"not_picked":["Clothesline","Searing Blow","Fire Breathing"],"picked":"SKIP","floor":4},{"not_picked":["Exhume","Dark Embrace"],"picked":"Inflame","floor":6},{"not_picked":["Carnage","Battle Trance"],"picked":"True Grit","floor":7},{"not_picked":["Rupture","Anger"],"picked":"Battle Trance","floor":11},{"not_picked":["Sword Boomerang","Body Slam","Sentinel"],"picked":"SKIP","floor":14},{"not_picked":["Demon Form","Feed"],"picked":"Bludgeon","floor":16},{"not_picked":["Heavy Blade","Clothesline","Whirlwind"],"picked":"SKIP","floor":18},{"not_picked":["Pommel Strike","Clash","Rupture"],"picked":"SKIP","floor":20}],"player_experience":863135,"relics_obtained":[{"floor":6,"key":"Darkstone Periapt"},{"floor":9,"key":"Turnip"}],"event_choices":[{"damage_healed":0,"gold_gain":0,"player_choice":"Lose Max HP","damage_taken":0,"relics_obtained":["Golden Idol"],"max_hp_gain":0,"max_hp_loss":7,"event_name":"Golden Idol","floor":2,"gold_loss":0},{"damage_healed":0,"gold_gain":0,"player_choice":"Upgraded","damage_taken":0,"max_hp_gain":0,"max_hp_loss":0,"event_name":"Upgrade Shrine","floor":5,"gold_loss":0,"cards_upgraded":["Sever Soul"]},{"cards_removed":["Strike_R"],"damage_healed":0,"gold_gain":0,"player_choice":"Card Removal","damage_taken":0,"max_hp_gain":0,"max_hp_loss":0,"event_name":"The Cleric","floor":12,"gold_loss":75},{"damage_healed":0,"gold_gain":0,"player_choice":"Gave Idol","damage_taken":0,"relics_obtained":["Bloody Idol"],"max_hp_gain":0,"max_hp_loss":0,"event_name":"Forgotten Altar","floor":19,"relics_lost":["Golden Idol"],"gold_loss":0},{"damage_healed":0,"gold_gain":0,"player_choice":"Obtained Relic","damage_taken":0,"relics_obtained":["StrikeDummy"],"max_hp_gain":0,"max_hp_loss":0,"event_name":"Addict","floor":21,"gold_loss":85}],"is_beta":false,"boss_relics":[{"not_picked":["Runic Cube","Sozu"],"picked":"Mark of Pain"}],"items_purged_floors":[3],"is_endless":false,"potions_floor_spawned":[4,7,14,16,18],"killed_by":"Snake Plant","ascension_level":20}}