{"host":"qswkx8hggytna0kc","time":1610792485,"event":{"mods":["Aspiration","BaseMod","BetterRewards","Colored Map","Colored Powertips","Highlight Path","Hubris","Mimic Mod","Minty Spire (QoL Compilation)","MostiFishMod","Quick Restart","Replay The Spire","StSLib","SuperFastMode"],"gold_per_floor":[114,130,130,146,341,341,311,311,345,345,360,360,389,409,409,483,483,500,500,519,539,553,578,592,592,673,684,719,719,719],"floor_reached":29,"language":"ZHS","playtime":1042,"items_purged":[],"score":599,"play_id":"aa57c8eb-b0ab-43a9-8374-eb492c0db88c","local_time":"20210116182125","is_ascension_mode":true,"campfire_choices":[{"data":"Prepared","floor":6.0,"key":"SMITH"},{"floor":12.0,"key":"REST"},{"floor":15.0,"key":"REST"},{"data":"Concentrate","floor":25,"key":"SMITH"}],"circlet_count":0,"master_deck":["AscendersBane","Strike_G","Strike_G","Strike_G","Strike_G","Strike_G","Defend_G","Defend_G","Defend_G","Defend_G","Defend_G","Survivor","Neutralize","Slice","Prepared+1","MostiFishMod:ThornCasing","Tactician","Dagger Throw","Neutralize","Infinite Blades","Underhanded Strike","Underhanded Strike","Deflect","Deflect","Deflect","After Image","Quick Slash","Dagger Spray","Dagger Throw","Masterful Stab","Concentrate+1","Slice+1","MostiFishMod:PreservedThorns"],"relics":["DaveBox","MostiFishMod:AdaptiveDefenses","NeowsBlessing","SynthV:TestCard","Sizzling Blood","Dream Catcher","hubris:PeanutButter","hubris:DisguiseKit","ExusiaiGun","hubris:BottledHeart","hubris:TenFootPole","Bottled Tornado","Pondfish Scales"],"acts_visited":["Exordium","TheCity"],"potions_floor_usage":[],"damage_taken":[{"damage":0.0,"enemies":"2 Louse","floor":1.0,"turns":1.0},{"damage":0.0,"enemies":"Small Slimes","floor":2.0,"turns":1.0},{"damage":0.0,"enemies":"Jaw Worm","floor":4.0,"turns":1.0},{"damage":4.0,"enemies":"Looter","floor":7.0,"turns":4.0},{"damage":5.0,"enemies":"Exordium Thugs","floor":9.0,"turns":9.0},{"damage":14.0,"enemies":"Exordium Thugs","floor":11.0,"turns":5.0},{"damage":19.0,"enemies":"Replay:BlueRogue","floor":13.0,"turns":10.0},{"damage":42.0,"enemies":"Gremlin Gang","floor":14.0,"turns":7.0},{"damage":44.0,"enemies":"Fading Forest","floor":16.0,"turns":11.0},{"damage":0,"enemies":"2 Thieves","floor":18,"turns":2},{"damage":0,"enemies":"Shell Parasite","floor":20,"turns":2},{"damage":0,"enemies":"Centurion and Healer","floor":21,"turns":3},{"damage":0,"enemies":"Shelled Parasite and Fungi","floor":22,"turns":2},{"damage":0,"enemies":"Replay:Snechameleon","floor":23,"turns":1},{"damage":0,"enemies":"Chosen and Byrds","floor":24,"turns":2},{"damage":0,"enemies":"Centurion and Healer","floor":27,"turns":1},{"damage":0,"enemies":"Book of Stabbing","floor":28,"turns":2}],"seed_played":"7878814349135475371","potions_obtained":[{"floor":1.0,"key":"LiquidMemories"},{"floor":4.0,"key":"Cursed Concoction"},{"floor":13.0,"key":"Regen Potion"},{"floor":16.0,"key":"Strength Potion"}],"is_trial":false,"path_per_floor":["M","M","?","M","?","R","M","?","MIM","?","M","R","E","M","R","B",null,"M","?","M","M","M","E","M","R","T","M","E","?"],"character_chosen":"THE_SILENT","items_purchased":[],"campfire_rested":2,"item_purchase_floors":[],"current_hp_per_floor":[59,59,63,67,44,44,44,44,43,43,33,54,53,29,50,40,63,67,1,1,1,1,1,1,1,1,1,1,0,0],"gold":719,"neow_bonus":"THREE_ENEMY_KILL","is_daily":false,"chose_seed":false,"campfire_upgraded":2,"win_rate":0.0,"timestamp":1610792485,"path_taken":["M","M","?","M","?","R","M","?","MIM","?","M","R","E","?","R","BOSS","M","?","M","M","M","E","M","R","T","M","E","?"],"items_purchased_type":[],"build_version":"2020-12-22","purchased_purges":0,"victory":false,"max_hp_per_floor":[66,66,70,70,70,70,70,70,70,70,70,70,70,70,70,70,70,70,1,1,1,1,1,1,1,1,1,1,1,1],"card_choices":[{"not_picked":["Acrobatics","Well Laid Plans"],"picked":"Slice","floor":1.0},{"not_picked":["Deadly Poison","PiercingWail","MostiFishMod:PerfectParry","All Out Attack"],"picked":"Prepared","floor":2.0},{"not_picked":["hubris:SlightOfHand","Hidden Blade","Acrobatics","Replay:Poison Smokescreen"],"picked":"MostiFishMod:ThornCasing","floor":4.0},{"not_picked":["Eviscerate","Masterful Stab","Flying Knee","hubris:Sniper"],"picked":"Tactician","floor":5.0},{"not_picked":["Fluid Movement","Sneak Up","MostiFishMod:InvigoratingSolution","Heel Hook"],"picked":"Dagger Throw","floor":7.0},{"not_picked":["PiercingWail","ReplayTheSpireMod:Speed Training","MostiFishMod:Listen","Deadly Poison"],"picked":"Underhanded Strike","floor":9.0},{"not_picked":["Distraction","MostiFishMod:PerfectParry","Fluid Movement","ReplayTheSpireMod:Tripwire"],"picked":"Underhanded Strike","floor":11.0},{"not_picked":["Dodge and Roll","Acrobatics","hubris:Counter","Flying Knee"],"picked":"Deflect","floor":12.0},{"not_picked":["Crippling Poison","Distraction","Sneak Up","Riddle With Holes","Setup"],"picked":"SKIP","floor":13.0},{"not_picked":["Dagger Throw","ReplayTheSpireMod:Speed Training","Bullet Time","Riddle With Holes","MostiFishMod:Impulse"],"picked":"Deflect","floor":14.0},{"not_picked":["MostiFishMod:PerfectParry","Prepared","Backflip","Acrobatics","Gash"],"picked":"Deflect","floor":15.0},{"not_picked":["Replay:Bag of Tricks","Envenom","Malaise","MostiFishMod:AdrenalineArouse","Hyperbeam"],"picked":"After Image","floor":16.0},{"not_picked":["Backflip","Endless Agony","Blade Dance","Choke+1","FIFO Queue"],"picked":"Quick Slash","floor":18},{"not_picked":["Deadly Poison","ReplayTheSpireMod:Shiv Toss","Dagger Spray","Blade Dance","Replay:Poison Smokescreen+1","ReplaySolidLightProjector"],"picked":"SKIP","floor":20},{"not_picked":["hubris:SlightOfHand","Sneak Up+1","ReplayTheSpireMod:Exploit Weakness","Finisher","Auto Shields"],"picked":"Dagger Spray","floor":21},{"not_picked":["Sucker Punch","Cloak And Dagger","ReplayTheSpireMod:The Works+1","All Out Attack","Ball Lightning"],"picked":"Dagger Throw","floor":22},{"not_picked":["Skewer","Hidden Blade","Distraction","PiercingWail","Beam Cell"],"picked":"Masterful Stab","floor":23},{"not_picked":["Dagger Throw","Poisoned Stab","MostiFishMod:Listen","All Out Attack","Steam"],"picked":"Concentrate","floor":24},{"not_picked":["Backflip+1","ReplayTheSpireMod:Speed Training","Bane+1","Setup","Redo"],"picked":"Slice+1","floor":27},{"not_picked":["Flying Knee","Dagger Throw","Dodge and Roll","Accuracy","Streamline"],"picked":"MostiFishMod:PreservedThorns","floor":28}],"player_experience":325994,"relics_obtained":[{"floor":1.0,"key":"SynthV:TestCard"},{"floor":9.0,"key":"Dream Catcher"},{"floor":13.0,"key":"hubris:DisguiseKit"},{"floor":23,"key":"hubris:TenFootPole"},{"floor":26,"key":"Bottled Tornado"},{"floor":28,"key":"Pondfish Scales"}],"event_choices":[{"damage_healed":0.0,"max_hp_gain":0.0,"max_hp_loss":0.0,"gold_gain":0.0,"event_name":"Match and Keep!","player_choice":"2 cards matched","floor":8.0,"gold_loss":0.0,"damage_taken":0.0,"cards_obtained":["Neutralize","Infinite Blades"]},{"damage_healed":0.0,"max_hp_gain":0.0,"max_hp_loss":0.0,"gold_gain":0.0,"event_name":"WeMeetAgain","player_choice":"Gave Potion","floor":10.0,"gold_loss":0.0,"damage_taken":0.0,"relics_obtained":["hubris:PeanutButter"]}],"is_beta":false,"boss_relics":[{"not_picked":["Calling Bell","Tiny House"],"picked":"ExusiaiGun"}],"items_purged_floors":[],"is_endless":false,"potions_floor_spawned":[1,4,13,16,18,21,24],"ascension_level":15}}