{"host":"q9718omregw4er46","time":1610822551,"event":{"mods":["BaseMod","Bestiary","Colored Powertips","Minty Spire (QoL Compilation)","Quick Restart","Relic Stats"],"gold_per_floor":[18,31,31,49,62,89,89,117,117,117,137,62,73,87,87,160,160,179,179,189,239,258,258,258],"floor_reached":23,"language":"ENG","playtime":903,"items_purged":["Defend_B"],"score":610,"play_id":"12ac3221-72d7-45a4-9c15-f3700e6b3f93","local_time":"20210116234231","is_ascension_mode":true,"campfire_choices":[{"data":"Cold Snap","floor":7.0,"key":"SMITH"},{"data":"Glacier","floor":10.0,"key":"SMITH"},{"data":"Doom and Gloom","floor":15.0,"key":"SMITH"}],"circlet_count":0,"master_deck":["AscendersBane","Strike_B","Strike_B","Strike_B","Strike_B","Defend_B","Defend_B","Defend_B","Zap","Dualcast","Hyperbeam+1","Glacier+1","Steam","BootSequence","Cold Snap+1","Genetic Algorithm","Barrage","Doom and Gloom+1","Buffer+1","Capacitor+1","Consume"],"relics":["Cracked Core","Incense Burner","Frozen Egg 2","InkBottle","Runic Pyramid","Nilry\u0027s Codex"],"acts_visited":["Exordium","TheCity"],"potions_floor_usage":[23,23],"damage_taken":[{"damage":1.0,"enemies":"Cultist","floor":1.0,"turns":3.0},{"damage":3.0,"enemies":"Small Slimes","floor":2.0,"turns":3.0},{"damage":0.0,"enemies":"2 Louse","floor":4.0,"turns":1.0},{"damage":6.0,"enemies":"Lots of Slimes","floor":5.0,"turns":3.0},{"damage":0.0,"enemies":"3 Sentries","floor":6.0,"turns":3.0},{"damage":12.0,"enemies":"Lagavulin","floor":8.0,"turns":8.0},{"damage":0.0,"enemies":"2 Fungi Beasts","floor":11.0,"turns":1.0},{"damage":0.0,"enemies":"Exordium Thugs","floor":13.0,"turns":2.0},{"damage":0.0,"enemies":"Lots of Slimes","floor":14.0,"turns":4.0},{"damage":0.0,"enemies":"Slime Boss","floor":16.0,"turns":8.0},{"damage":0,"enemies":"Spheric Guardian","floor":18,"turns":4},{"damage":9,"enemies":"Chosen","floor":20,"turns":6},{"damage":11,"enemies":"Centurion and Healer","floor":22,"turns":14},{"damage":25,"enemies":"Book of Stabbing","floor":23,"turns":6}],"seed_played":"2285308400049826108","potions_obtained":[{"floor":1.0,"key":"LiquidBronze"},{"floor":11.0,"key":"LiquidMemories"},{"floor":16.0,"key":"AttackPotion"}],"is_trial":false,"path_per_floor":["M","M","?","M","M","E","R","E","T","R","M","$","M","M","R","B",null,"M","?","M","?","M","E"],"character_chosen":"DEFECT","items_purchased":[],"campfire_rested":0,"item_purchase_floors":[],"current_hp_per_floor":[63,60,60,60,54,54,54,42,42,42,42,42,42,42,42,42,64,64,43,34,34,23,0,0],"gold":258,"neow_bonus":"THREE_RARE_CARDS","is_daily":false,"chose_seed":false,"campfire_upgraded":3,"win_rate":0.0,"timestamp":1610822551,"path_taken":["M","M","?","M","M","E","R","E","T","R","M","$","M","M","R","BOSS","M","?","M","?","M","E"],"items_purchased_type":[],"build_version":"2020-12-22","purchased_purges":1,"victory":false,"max_hp_per_floor":[71,71,71,71,71,71,71,71,71,71,71,71,71,71,71,71,71,71,71,71,71,71,71,71],"relic_stats":{"counters":[14,66],"obtain_stats":[{"Nilry\u0027s Codex":19,"Incense Burner":6,"Frozen Egg 2":8,"Cracked Core":0,"InkBottle":9,"Runic Pyramid":17},{"Nilry\u0027s Codex":11,"Incense Burner":5,"Frozen Egg 2":6,"Cracked Core":0,"InkBottle":6,"Runic Pyramid":10},{"Nilry\u0027s Codex":40,"Incense Burner":13,"Frozen Egg 2":21,"Cracked Core":0,"InkBottle":21,"Runic Pyramid":36}],"InkBottle":[11]},"card_choices":[{"not_picked":["Meteor Strike","Fission"],"picked":"Hyperbeam","floor":0.0},{"not_picked":["Genetic Algorithm","Coolheaded"],"picked":"Glacier","floor":1.0},{"not_picked":["Stack","Streamline"],"picked":"Steam","floor":2.0},{"not_picked":["Sweeping Beam","Conserve Battery"],"picked":"BootSequence","floor":4.0},{"not_picked":["Barrage","Blizzard","Streamline"],"picked":"SKIP","floor":5.0},{"not_picked":["Recycle","Steam Power"],"picked":"Cold Snap","floor":6.0},{"not_picked":["Go for the Eyes","Consume"],"picked":"Genetic Algorithm","floor":8.0},{"not_picked":["Thunder Strike","Aggregate","Consume"],"picked":"SKIP","floor":11.0},{"not_picked":["Coolheaded","Reinforced Body"],"picked":"Barrage","floor":13.0},{"not_picked":["Hello World+1","Gash"],"picked":"Doom and Gloom","floor":14.0},{"not_picked":["Hyperbeam","Machine Learning+1"],"picked":"Buffer+1","floor":16.0},{"not_picked":["Stack","Beam Cell+1"],"picked":"Capacitor+1","floor":18},{"not_picked":["Compile Driver+1","Scrape"],"picked":"Consume","floor":20},{"not_picked":["Gash","Streamline","Redo"],"picked":"SKIP","floor":22}],"player_experience":1210520,"relics_obtained":[{"floor":6.0,"key":"Incense Burner"},{"floor":8.0,"key":"Frozen Egg 2"},{"floor":9.0,"key":"InkBottle"},{"floor":19,"key":"Nilry\u0027s Codex"}],"event_choices":[{"damage_healed":0.0,"max_hp_gain":0.0,"max_hp_loss":0.0,"gold_gain":0.0,"event_name":"Living Wall","player_choice":"Grow","floor":3.0,"gold_loss":0.0,"damage_taken":0.0,"cards_upgraded":["Hyperbeam"]},{"damage_healed":0,"gold_gain":0,"player_choice":"Obtained Book","damage_taken":21,"max_hp_gain":0,"max_hp_loss":0,"event_name":"Cursed Tome","floor":19,"gold_loss":0},{"damage_healed":0,"gold_gain":50,"player_choice":"Pray","damage_taken":0,"max_hp_gain":0,"max_hp_loss":0,"event_name":"Golden Shrine","floor":21,"gold_loss":0}],"is_beta":false,"boss_relics":[{"not_picked":["Fusion Hammer","Sozu"],"picked":"Runic Pyramid"}],"items_purged_floors":[12],"is_endless":false,"potions_floor_spawned":[1,11,14,16,18],"killed_by":"Book of Stabbing","ascension_level":20}}