{"host":"hjw1ay65n7jm40lc","time":1610757793,"event":{"mods":["AchievementEnabler","BaseMod","Block Reminder","Colored Map","Colored Powertips","Curses Come First","Downfall","Googly Eyes","Hermit","Highlight Path","Minty Spire (QoL Compilation)","Quick Restart","Relic Stats","StSLib"],"gold_per_floor":[99,109,120,135,194,194,194,194,5,22,52,52,81,94,112,112,112],"floor_reached":16,"language":"ENG","playtime":2384,"items_purged":["bronze:Strike"],"score":118,"play_id":"bc504edc-3025-420f-a614-e1ed47f692e0","local_time":"20210115194313","is_ascension_mode":true,"campfire_choices":[{"data":"bronze:Replicate","floor":1,"key":"SMITH"},{"floor":6,"key":"REST"},{"data":"bronze:Flail","floor":12,"key":"SMITH"}],"circlet_count":0,"master_deck":["bronze:Strike","bronze:Strike","bronze:Strike","bronze:Defend","bronze:Defend","bronze:Defend","bronze:Defend","bronze:Replicate+1","bronze:Goto","bronze:DelayedSlice","bronze:CutThrough","bronze:BronzeOrb","bronze:TinkerersToolbox","bronze:Flail+1","bronze:Iterate","bronze:BronzeArmor+1","bronze:Deprecate+1"],"relics":["Runic Pyramid","Anchor","Toxic Egg 2","Bottled Flame","Nunchaku"],"acts_visited":["Exordium"],"potions_floor_usage":[5,10,11,13,16,16],"damage_taken":[{"damage":0,"enemies":"Cultist","floor":2,"turns":4},{"damage":6,"enemies":"Jaw Worm","floor":3,"turns":2},{"damage":5,"enemies":"Small Slimes","floor":4,"turns":3},{"damage":43,"enemies":"Lagavulin Event","floor":5,"turns":6},{"damage":0,"enemies":"downfall:FleeingMerchant","floor":9,"turns":4},{"damage":0,"enemies":"3 Louse","floor":10,"turns":1},{"damage":18,"enemies":"Lagavulin","floor":11,"turns":4},{"damage":11,"enemies":"Gremlin Nob","floor":13,"turns":3},{"damage":0,"enemies":"Exordium Thugs","floor":14,"turns":3},{"damage":0,"enemies":"Gremlin Gang","floor":15,"turns":2},{"damage":28,"enemies":"SI_SHIV_ARCHETYPE","floor":16,"turns":7}],"seed_played":"8199298557877189427","potions_obtained":[{"floor":2,"key":"sneckomod:MuddlingPotion"},{"floor":5,"key":"Dexterity Potion"},{"floor":10,"key":"AttackPotion"},{"floor":11,"key":"SteroidPotion"}],"is_trial":false,"path_per_floor":["R","M","M","M","?","R","T","?","$","M","E","R","E","M","M","B"],"character_chosen":"THE_AUTOMATON","items_purchased":["ColorlessPotion","SteroidPotion"],"campfire_rested":1,"item_purchase_floors":[9,9],"current_hp_per_floor":[70,70,64,59,16,37,37,60,60,60,42,42,31,31,31,3,3],"gold":112,"neow_bonus":"BOSS_RELIC","is_daily":false,"chose_seed":false,"campfire_upgraded":2,"win_rate":0.0,"timestamp":1610757793,"path_taken":["R","M","M","M","?","R","T","?","$","M","E","R","E","M","M","BOSS"],"items_purchased_type":["Potion","Potion"],"build_version":"2020-12-22","purchased_purges":1,"victory":false,"max_hp_per_floor":[70,70,70,70,70,70,70,70,70,70,70,70,70,70,70,70,70],"relic_stats":{"Nunchaku":[2],"counters":[11,39],"obtain_stats":[{"Anchor":5,"Bottled Flame":11,"Nunchaku":13,"bronze:BronzeCore":0,"Toxic Egg 2":7,"Runic Pyramid":0},{"Anchor":4,"Bottled Flame":7,"Nunchaku":8,"bronze:BronzeCore":0,"Toxic Egg 2":4,"Runic Pyramid":0},{"Anchor":15,"Bottled Flame":24,"Nunchaku":27,"bronze:BronzeCore":0,"Toxic Egg 2":15,"Runic Pyramid":0}]},"card_choices":[{"not_picked":["bronze:ItsAFeature","bronze:CutThrough"],"picked":"bronze:DelayedSlice","floor":2},{"not_picked":["bronze:OilSpill","bronze:Invalidate"],"picked":"bronze:CutThrough","floor":3},{"not_picked":["bronze:Philosophize","bronze:Overload"],"picked":"bronze:BronzeOrb","floor":4},{"not_picked":["bronze:Overheat","bronze:CutThrough"],"picked":"bronze:TinkerersToolbox","floor":5},{"not_picked":["bronze:Constructor+1","bronze:Refactor+1"],"picked":"bronze:Flail","floor":9},{"not_picked":["bronze:BitShift+1","bronze:Separator"],"picked":"bronze:Iterate","floor":10},{"not_picked":["bronze:FineTuning+1","bronze:ItsAFeature"],"picked":"bronze:BronzeArmor+1","floor":11},{"not_picked":["bronze:Backtrace","bronze:FineTuning+1"],"picked":"bronze:Deprecate+1","floor":13},{"not_picked":["bronze:CutThrough","bronze:BitShift+1","bronze:ShipIt"],"picked":"SKIP","floor":14},{"not_picked":["bronze:CloningBeam","bronze:BugBarrage","bronze:Allocate+1"],"picked":"SKIP","floor":15}],"player_experience":875567,"relics_obtained":[{"floor":5,"key":"Anchor"},{"floor":7,"key":"Toxic Egg 2"},{"floor":11,"key":"Bottled Flame"},{"floor":13,"key":"Nunchaku"}],"event_choices":[{"damage_healed":23,"gold_gain":0,"player_choice":"Banana","damage_taken":0,"max_hp_gain":0,"max_hp_loss":0,"event_name":"Big Fish","floor":8,"gold_loss":0}],"is_beta":false,"boss_relics":[],"items_purged_floors":[9],"is_endless":false,"potions_floor_spawned":[2,5,10,11],"killed_by":"SI_SHIV_ARCHETYPE","ascension_level":1}}