{"host":"fa35vd3kig5td25x","time":1610799793,"event":{"mods":["BaseMod","Colored Powertips","Minty Spire (QoL Compilation)","Relic Stats","Slay the Relics Exporter"],"gold_per_floor":[118,118,118,137,153,153,13,13,13,13,26,53,70,97,97,97,97],"floor_reached":16,"language":"ENG","playtime":798,"items_purged":[],"score":220,"play_id":"c9f81346-24bc-480e-bc00-89a5ddaec8a7","local_time":"20210116132313","is_ascension_mode":true,"campfire_choices":[{"data":"Underhanded Strike","floor":6,"key":"SMITH"},{"floor":10,"key":"REST"},{"data":"Crippling Poison","floor":15,"key":"SMITH"}],"circlet_count":0,"master_deck":["AscendersBane","Strike_G","Strike_G","Strike_G","Strike_G+1","Strike_G","Defend_G","Defend_G+1","Defend_G","Defend_G","Defend_G","Survivor","Neutralize+1","Underhanded Strike+1","Blade Dance","Wraith Form v2","Dagger Throw","Crippling Poison+1","Poisoned Stab","Blade Dance"],"relics":["Ring of the Snake","Gremlin Horn","PreservedInsect","FossilizedHelix","Bottled Lightning"],"acts_visited":["Exordium"],"potions_floor_usage":[16,16],"damage_taken":[{"damage":4,"enemies":"Jaw Worm","floor":1,"turns":8},{"damage":4,"enemies":"Small Slimes","floor":4,"turns":3},{"damage":0,"enemies":"2 Louse","floor":5,"turns":2},{"damage":2,"enemies":"Gremlin Gang","floor":11,"turns":5},{"damage":21,"enemies":"Lagavulin","floor":12,"turns":7},{"damage":0,"enemies":"Looter","floor":13,"turns":3},{"damage":7,"enemies":"3 Sentries","floor":14,"turns":5},{"damage":29,"enemies":"Hexaghost","floor":16,"turns":8}],"seed_played":"-2880457923144039280","potions_obtained":[{"floor":1,"key":"Explosive Potion"},{"floor":4,"key":"SkillPotion"}],"is_trial":false,"path_per_floor":["M","?","?","M","M","R","$","?","T","R","M","E","M","E","R","B"],"character_chosen":"THE_SILENT","items_purchased":["Wraith Form v2","Strength Potion"],"campfire_rested":1,"item_purchase_floors":[7,7],"current_hp_per_floor":[55,60,39,35,35,35,35,35,35,56,54,33,33,26,26,0,0],"gold":97,"neow_bonus":"UPGRADE_CARD","is_daily":false,"chose_seed":false,"campfire_upgraded":2,"win_rate":0.0,"timestamp":1610799793,"path_taken":["M","?","?","M","M","R","$","?","T","R","M","E","M","E","R","BOSS"],"items_purchased_type":["Card","Potion"],"build_version":"2020-12-22","purchased_purges":0,"victory":false,"max_hp_per_floor":[66,71,71,71,71,71,71,71,71,71,71,71,71,71,71,71,71],"relic_stats":{"Gremlin Horn":[5,5],"counters":[8,41],"PreservedInsect":63,"obtain_stats":[{"Gremlin Horn":8,"PreservedInsect":9,"Bottled Lightning":14,"FossilizedHelix":12,"Ring of the Snake":0},{"Gremlin Horn":3,"PreservedInsect":3,"Bottled Lightning":7,"FossilizedHelix":5,"Ring of the Snake":0},{"Gremlin Horn":13,"PreservedInsect":13,"Bottled Lightning":33,"FossilizedHelix":25,"Ring of the Snake":0}],"Ring of the Snake":[16]},"card_choices":[{"not_picked":["Endless Agony","Dagger Throw"],"picked":"Underhanded Strike","floor":1},{"not_picked":["Accuracy","Prepared"],"picked":"Blade Dance","floor":4},{"not_picked":["Flechettes","PiercingWail"],"picked":"Flying Knee","floor":5},{"not_picked":["Backstab","Deadly Poison"],"picked":"Dagger Throw","floor":11},{"not_picked":["All Out Attack","Dodge and Roll"],"picked":"Crippling Poison","floor":12},{"not_picked":["Sucker Punch","Blur"],"picked":"Poisoned Stab","floor":13},{"not_picked":["Poisoned Stab","Dodge and Roll"],"picked":"Blade Dance","floor":14}],"player_experience":2945122,"relics_obtained":[{"floor":9,"key":"PreservedInsect"},{"floor":12,"key":"FossilizedHelix"},{"floor":14,"key":"Bottled Lightning"}],"event_choices":[{"damage_healed":0,"gold_gain":0,"player_choice":"Donut","damage_taken":0,"max_hp_gain":5,"max_hp_loss":0,"event_name":"Big Fish","floor":2,"gold_loss":0},{"damage_healed":0,"gold_gain":0,"player_choice":"Entered Light","damage_taken":21,"max_hp_gain":0,"max_hp_loss":0,"event_name":"Shining Light","floor":3,"gold_loss":0,"cards_upgraded":["Strike_G","Defend_G"]},{"cards_removed":["Flying Knee"],"damage_healed":0,"gold_gain":0,"player_choice":"Gave Card","damage_taken":0,"relics_obtained":["Gremlin Horn"],"max_hp_gain":0,"max_hp_loss":0,"event_name":"WeMeetAgain","floor":8,"gold_loss":0}],"is_beta":false,"boss_relics":[],"items_purged_floors":[],"is_endless":false,"potions_floor_spawned":[1,4,12],"killed_by":"Hexaghost","ascension_level":20}}