{"host":"5ezk7t18wcb10u1o","time":1610826116,"event":{"mods":["BaseMod","Bestiary","Colored Powertips","Minty Spire (QoL Compilation)","Relic Sorter"],"gold_per_floor":[114,114,127,77,89,89,116,116,116,4,19,47,47,60,60,155,205,223,240,253,253,268,268,285,285,309,309,338,312,325,353,353,454,454,465,480,480,496,9,9,42,54,111,158,170,182,220,252,264,276],"floor_reached":51,"language":"ENG","playtime":5675,"items_purged":["Regret","Defend_P"],"score":1013,"play_id":"09b47f05-464b-4be4-b2d0-d6e4fd6a24df","local_time":"20210116194156","is_ascension_mode":true,"campfire_choices":[{"data":"WaveOfTheHand","floor":6.0,"key":"SMITH"},{"data":"PathToVictory","floor":13.0,"key":"SMITH"},{"data":"Pray","floor":15.0,"key":"SMITH"},{"floor":23.0,"key":"REST"},{"data":"DeceiveReality","floor":25.0,"key":"SMITH"},{"floor":27.0,"key":"REST"},{"floor":32.0,"key":"REST"},{"data":"LikeWater","floor":40.0,"key":"SMITH"},{"floor":42.0,"key":"REST"},{"floor":45.0,"key":"REST"},{"floor":49,"key":"REST"}],"circlet_count":0,"master_deck":["Strike_P","Strike_P","Strike_P+1","Defend_P","Defend_P","Vigilance","PathToVictory+1","WindmillStrike","WaveOfTheHand+1","DeceiveReality+1","Pray+1","Consecrate+1","CutThroughFate+1","WindmillStrike+1","DeusExMachina","WindmillStrike+1","WaveOfTheHand+1","SandsOfTime+1","PathToVictory","Evaluate+1","PathToVictory","Protect","Crescendo","Prostrate","Vault","Blasphemy","SashWhip+1","DeceiveReality","EmptyBody","LikeWater+1","ClearTheMind+1","PathToVictory+1"],"relics":["PureWater","White Beast Statue","Molten Egg 2","StrikeDummy","Pantograph","Tiny House","Lantern","Boot","GoldenEye","Velvet Choker","Damaru","Vajra","MawBank","Juzu Bracelet","Blood Vial","Sundial"],"acts_visited":["Exordium","TheCity","TheBeyond"],"potions_floor_usage":[48,50,50],"damage_taken":[{"damage":2.0,"enemies":"Jaw Worm","floor":1.0,"turns":4.0},{"damage":0.0,"enemies":"2 Louse","floor":3.0,"turns":3.0},{"damage":0.0,"enemies":"Small Slimes","floor":5.0,"turns":3.0},{"damage":22.0,"enemies":"3 Sentries","floor":7.0,"turns":12.0},{"damage":5.0,"enemies":"Exordium Thugs","floor":11.0,"turns":6.0},{"damage":7.0,"enemies":"Gremlin Nob","floor":12.0,"turns":4.0},{"damage":0.0,"enemies":"Red Slaver","floor":14.0,"turns":4.0},{"damage":34.0,"enemies":"Hexaghost","floor":16.0,"turns":9.0},{"damage":17.0,"enemies":"2 Thieves","floor":18.0,"turns":4.0},{"damage":11.0,"enemies":"Shell Parasite","floor":19.0,"turns":5.0},{"damage":8.0,"enemies":"3 Cultists","floor":20.0,"turns":5.0},{"damage":6.0,"enemies":"Snecko","floor":22.0,"turns":5.0},{"damage":31.0,"enemies":"Shelled Parasite and Fungi","floor":24.0,"turns":5.0},{"damage":21.0,"enemies":"Book of Stabbing","floor":28.0,"turns":5.0},{"damage":9.0,"enemies":"Snake Plant","floor":30.0,"turns":4.0},{"damage":18.0,"enemies":"Gremlin Leader","floor":31.0,"turns":6.0},{"damage":61.0,"enemies":"Champ","floor":33.0,"turns":13.0},{"damage":0.0,"enemies":"3 Shapes","floor":35.0,"turns":4.0},{"damage":6.0,"enemies":"Orb Walker","floor":36.0,"turns":2.0},{"damage":0.0,"enemies":"Spire Growth","floor":38.0,"turns":4.0},{"damage":53.0,"enemies":"Reptomancer","floor":41.0,"turns":7.0},{"damage":33.0,"enemies":"Nemesis","floor":44.0,"turns":5.0},{"damage":50.0,"enemies":"Giant Head","floor":47.0,"turns":8.0},{"damage":0,"enemies":"Jaw Worm Horde","floor":48,"turns":4},{"damage":44,"enemies":"Time Eater","floor":50,"turns":7}],"seed_played":"1982528725109447667","potions_obtained":[{"floor":5.0,"key":"ColorlessPotion"},{"floor":11.0,"key":"StancePotion"},{"floor":12.0,"key":"Strength Potion"},{"floor":14.0,"key":"FearPotion"},{"floor":16.0,"key":"Ancient Potion"},{"floor":17.0,"key":"DuplicationPotion"},{"floor":18.0,"key":"Fire Potion"},{"floor":19.0,"key":"Fire Potion"},{"floor":20.0,"key":"BottledMiracle"},{"floor":21.0,"key":"Regen Potion"},{"floor":22.0,"key":"DuplicationPotion"},{"floor":24.0,"key":"SneckoOil"},{"floor":28.0,"key":"Fruit Juice"},{"floor":30.0,"key":"Regen Potion"},{"floor":31.0,"key":"FearPotion"},{"floor":33.0,"key":"Block Potion"},{"floor":35.0,"key":"CultistPotion"},{"floor":36.0,"key":"Swift Potion"},{"floor":38.0,"key":"SteroidPotion"},{"floor":41.0,"key":"Fire Potion"},{"floor":44.0,"key":"Swift Potion"},{"floor":47.0,"key":"LiquidMemories"},{"floor":48,"key":"LiquidBronze"}],"is_trial":false,"path_per_floor":["M","?","M","?","M","R","E","?","T","$","M","E","R","M","R","B",null,"M","M","M","?","M","R","M","R","T","R","E","$","M","E","R","B",null,"M","M","?","M","$","R","E","R","T","E","R","?","E","M","R","B",null],"character_chosen":"WATCHER","items_purchased":["Pray","Crescendo","Damaru","Vajra","LikeWater"],"campfire_rested":6,"item_purchase_floors":[10,29,39,39,39],"current_hp_per_floor":[70,70,70,70,70,70,48,48,48,48,43,36,36,36,36,27,71,54,43,35,35,43,68,37,37,37,62,46,46,37,34,60,24,73,73,67,67,67,67,67,14,40,40,7,33,78,28,30,53,34],"gold":288,"neow_bonus":"TEN_PERCENT_HP_BONUS","is_daily":false,"chose_seed":false,"campfire_upgraded":5,"win_rate":0.0,"timestamp":1610826116,"path_taken":["M","?","M","?","M","R","E","?","T","?","M","E","R","M","R","BOSS","M","M","M","?","M","R","M","R","T","R","E","?","?","E","R","BOSS","M","M","?","M","$","R","E","R","T","E","R","?","E","M","R","BOSS"],"items_purchased_type":["Card","Card","Relic","Relic","Card"],"build_version":"2020-12-22","purchased_purges":2,"victory":true,"max_hp_per_floor":[79,79,79,79,79,79,79,79,79,79,79,79,79,79,79,79,84,84,84,84,84,84,84,84,84,84,84,89,89,89,89,89,89,89,89,89,89,89,89,89,89,89,89,89,89,78,78,78,78,78],"card_choices":[{"not_picked":["Adaptation","Halt"],"picked":"PathToVictory","floor":1.0},{"not_picked":["BowlingBash","SandsOfTime"],"picked":"WindmillStrike","floor":3.0},{"not_picked":["EmptyFist","EmptyBody"],"picked":"WaveOfTheHand","floor":5.0},{"not_picked":["Halt","Study"],"picked":"DeceiveReality","floor":7.0},{"not_picked":["DeceiveReality","Fasting2"],"picked":"Consecrate+1","floor":11.0},{"not_picked":["Study","Meditate"],"picked":"CutThroughFate+1","floor":12.0},{"not_picked":["Swivel","Crescendo"],"picked":"WindmillStrike+1","floor":14.0},{"not_picked":["Wish","MasterReality"],"picked":"DeusExMachina","floor":16.0},{"not_picked":["Meditate","Halt"],"picked":"WindmillStrike+1","floor":17.0},{"not_picked":["Indignation+1","ThirdEye"],"picked":"WaveOfTheHand+1","floor":18.0},{"not_picked":["CrushJoints+1","FlyingSleeves+1"],"picked":"SandsOfTime+1","floor":19.0},{"not_picked":["Tantrum+1","ConjureBlade"],"picked":"PathToVictory","floor":20.0},{"not_picked":["Consecrate+1","FollowUp+1"],"picked":"Evaluate+1","floor":22.0},{"not_picked":["SignatureMove+1","Fasting2"],"picked":"PathToVictory","floor":24.0},{"not_picked":["Ragnarok+1","Conclude+1"],"picked":"Protect","floor":28.0},{"not_picked":["ClearTheMind","Pray"],"picked":"Prostrate","floor":30.0},{"not_picked":["WindmillStrike+1","DeceiveReality"],"picked":"Vault","floor":31.0},{"not_picked":["Alpha","Ragnarok+1"],"picked":"Blasphemy","floor":33.0},{"not_picked":["Weave+1","FlyingSleeves+1"],"picked":"SashWhip+1","floor":35.0},{"not_picked":["Crescendo+1","EmptyBody"],"picked":"DeceiveReality","floor":36.0},{"not_picked":["DeceiveReality","Halt+1"],"picked":"EmptyBody","floor":38.0},{"not_picked":["WaveOfTheHand+1","FlyingSleeves+1"],"picked":"ClearTheMind+1","floor":41.0},{"not_picked":["Study+1","Halt+1","Tantrum+1"],"picked":"SKIP","floor":44.0},{"not_picked":["JustLucky+1","MentalFortress+1","Study+1"],"picked":"SKIP","floor":47.0},{"not_picked":["WheelKick+1","CutThroughFate+1"],"picked":"PathToVictory+1","floor":48}],"player_experience":1128381,"relics_obtained":[{"floor":7.0,"key":"White Beast Statue"},{"floor":9.0,"key":"StrikeDummy"},{"floor":12.0,"key":"Pantograph"},{"floor":26.0,"key":"Lantern"},{"floor":28.0,"key":"Boot"},{"floor":31.0,"key":"GoldenEye"},{"floor":41.0,"key":"MawBank"},{"floor":43.0,"key":"Juzu Bracelet"},{"floor":44.0,"key":"Blood Vial"},{"floor":47.0,"key":"Sundial"}],"event_choices":[{"cards_removed":["Eruption"],"damage_healed":0.0,"max_hp_gain":0.0,"max_hp_loss":0.0,"gold_gain":0.0,"event_name":"Living Wall","player_choice":"Forget","floor":2.0,"gold_loss":0.0,"damage_taken":0.0},{"cards_removed":["Strike_P"],"damage_healed":0.0,"max_hp_gain":0.0,"max_hp_loss":0.0,"gold_gain":0.0,"event_name":"The Cleric","player_choice":"Card Removal","floor":4.0,"gold_loss":50.0,"damage_taken":0.0},{"damage_healed":0.0,"max_hp_gain":0.0,"max_hp_loss":0.0,"gold_gain":0.0,"event_name":"Big Fish","player_choice":"Box","floor":8.0,"gold_loss":0.0,"damage_taken":0.0,"relics_obtained":["Molten Egg 2"],"cards_obtained":["Regret"]},{"damage_healed":0.0,"max_hp_gain":0.0,"max_hp_loss":0.0,"gold_gain":0.0,"event_name":"Lab","player_choice":"Got Potions","floor":21.0,"gold_loss":0.0,"damage_taken":0.0},{"cards_removed":["Defend_P"],"damage_healed":0.0,"max_hp_gain":0.0,"max_hp_loss":0.0,"gold_gain":0.0,"event_name":"Falling","player_choice":"Removed Skill","floor":37.0,"gold_loss":0.0,"damage_taken":0.0},{"damage_healed":78.0,"max_hp_gain":0.0,"max_hp_loss":11.0,"gold_gain":0.0,"event_name":"The Moai Head","player_choice":"Heal","floor":46.0,"gold_loss":0.0,"damage_taken":0.0}],"is_beta":false,"boss_relics":[{"not_picked":["VioletLotus","Busted Crown"],"picked":"Tiny House"},{"not_picked":["Empty Cage","Coffee Dripper"],"picked":"Velvet Choker"}],"items_purged_floors":[10,39],"is_endless":false,"potions_floor_spawned":[5,11,12,14,16,18,19,20,22,24,28,30,31,33,35,36,38,41,44,47,48],"ascension_level":6}}