{"host":"p245q48pmopyklqs","time":1610832770,"event":{"mods":["BaseMod","DeckTracker","Downfall","Minty Spire (QoL Compilation)","StSLib","SuperFastMode"],"gold_per_floor":[99,99,249,249,249,278,278,278,113,113,125,145,159,193,205,309,309,309,329,347,347,358,358,358,358],"floor_reached":23,"language":"ENG","playtime":1635,"items_purged":["downfall:Icky"],"score":224,"play_id":"8e4b6076-cda6-4afa-8ba5-bf89fe13c272","local_time":"20210117063250","is_ascension_mode":false,"campfire_choices":[{"data":"hexamod:Float","floor":1.0,"key":"SMITH"},{"data":"hexamod:GhostOfSpirePast","floor":8.0,"key":"SMITH"},{"data":"hexamod:TimeWarp","floor":10.0,"key":"SMITH"},{"data":"hexamod:HeatShield","floor":18.0,"key":"SMITH"}],"circlet_count":0,"master_deck":["hexamod:Strike","hexamod:Strike","hexamod:Strike","hexamod:Strike","hexamod:Defend","hexamod:Defend","hexamod:Defend","hexamod:Defend","hexamod:Sear","hexamod:Float+1","hexamod:PhantomFireball","hexamod:FirstSeal","hexamod:GhostOfSpirePast+1","hexamod:SwordOfDarkness","hexamod:TimeWarp+1","hexamod:DynamicBlow","hexamod:HeatShield+1","hexamod:SpectersWail","hexamod:SixthSeal","hexamod:ExtraCrispy+1","hexamod:FourthSeal"],"relics":["hexamod:UnbrokenSoul","downfall:HeartsMalice","Ancient Tea Set","Sundial","Happy Flower","downfall:KnowingSkull"],"acts_visited":["Exordium","TheCity"],"potions_floor_usage":[],"damage_taken":[{"damage":0.0,"enemies":"Cultist","floor":2.0,"turns":1.0},{"damage":0.0,"enemies":"Small Slimes","floor":4.0,"turns":1.0},{"damage":0.0,"enemies":"Lagavulin","floor":6.0,"turns":1.0},{"damage":0.0,"enemies":"downfall:FleeingMerchant","floor":9.0,"turns":4.0},{"damage":0.0,"enemies":"Jaw Worm","floor":11.0,"turns":2.0},{"damage":0.0,"enemies":"2 Fungi Beasts","floor":12.0,"turns":3.0},{"damage":3.0,"enemies":"Gremlin Gang","floor":13.0,"turns":4.0},{"damage":11.0,"enemies":"Gremlin Nob","floor":14.0,"turns":3.0},{"damage":6.0,"enemies":"Lots of Slimes","floor":15.0,"turns":4.0},{"damage":68.0,"enemies":"SI_SHIV_ARCHETYPE","floor":16.0,"turns":9.0},{"damage":0.0,"enemies":"Spheric Guardian","floor":19.0,"turns":3.0},{"damage":32.0,"enemies":"Snake Plant","floor":20.0,"turns":3.0},{"damage":27.0,"enemies":"Shelled Parasite and Fungi","floor":22.0,"turns":5.0},{"damage":22,"enemies":"3 Cultists","floor":23,"turns":4}],"seed_played":"-1102570957407635566","potions_obtained":[{"floor":11.0,"key":"Swift Potion"},{"floor":12.0,"key":"DuplicationPotion"},{"floor":16.0,"key":"bronze:BurnAndBuffPotion"}],"is_trial":false,"path_per_floor":["R","M","?","M","?","E","T","R","$","R","M","M","M","E","M","B",null,"R","M","M","?","M","M"],"character_chosen":"THE_SPIRIT","items_purchased":["hexamod:TimeWarp"],"campfire_rested":0,"item_purchase_floors":[9],"current_hp_per_floor":[70,70,70,70,75,75,75,75,75,75,75,75,75,71,72,11,75,75,75,50,43,23,1,1,1],"gold":358,"neow_bonus":"THREE_ENEMY_KILL","is_daily":false,"chose_seed":false,"campfire_upgraded":4,"win_rate":0.0,"timestamp":1610832770,"path_taken":["R","M","?","M","?","E","T","R","?","R","M","M","M","E","M","BOSS","R","M","M","?","?","?"],"items_purchased_type":["Card"],"build_version":"2020-12-22","purchased_purges":1,"victory":false,"max_hp_per_floor":[70,70,70,70,75,75,75,75,75,75,75,75,75,75,75,75,75,75,75,75,75,75,75,75,75],"card_choices":[{"not_picked":["hexamod:ThermalTransfer","hexamod:HeatMetal"],"picked":"hexamod:PhantomFireball","floor":2.0},{"not_picked":["hexamod:Firestarter","hexamod:PhantomFireball"],"picked":"hexamod:FirstSeal","floor":4.0},{"not_picked":["hexamod:RecurringNightmare","hexamod:SoulSteal"],"picked":"hexamod:GhostOfSpirePast","floor":6.0},{"not_picked":["hexamod:GhostOfSpireFuture","hexamod:ShieldOfDarkness"],"picked":"hexamod:SwordOfDarkness","floor":9.0},{"not_picked":["hexamod:GhostOfSpireFuture","hexamod:NightmareGuise"],"picked":"hexamod:DynamicBlow","floor":11.0},{"not_picked":["hexamod:HauntingEcho","hexamod:SwordOfDarkness","hexamod:StepThrough"],"picked":"SKIP","floor":12.0},{"not_picked":["hexamod:Firestarter","hexamod:ThermalTransfer","hexamod:NightmareGuise"],"picked":"SKIP","floor":13.0},{"not_picked":["hexamod:Incineration","hexamod:AdvancingGuard"],"picked":"hexamod:HeatShield","floor":14.0},{"not_picked":["hexamod:SwordOfDarkness","hexamod:HeatMetal"],"picked":"hexamod:SpectersWail","floor":15.0},{"not_picked":["hexamod:GhostOfSpirePresent","hexamod:FlameSwitch"],"picked":"hexamod:SixthSeal","floor":16.0},{"not_picked":["hexamod:Incineration","hexamod:GhostOfSpirePast+1"],"picked":"hexamod:ExtraCrispy","floor":19.0},{"not_picked":["hexamod:InspiringFlames+1","hexamod:GhostShield+1","hexamod:ShieldOfDarkness+1"],"picked":"SKIP","floor":20.0},{"not_picked":["hexamod:FourthSeal","hexamod:GhostShield","hexamod:BacktrackSmack"],"picked":"SKIP","floor":22.0},{"not_picked":["hexamod:GhostShield","hexamod:BacktrackSmack"],"picked":"hexamod:FourthSeal","floor":22.0}],"player_experience":2367951,"relics_obtained":[{"floor":6.0,"key":"Ancient Tea Set"},{"floor":7.0,"key":"Sundial"},{"floor":14.0,"key":"Happy Flower"}],"event_choices":[{"damage_healed":0.0,"max_hp_gain":5.0,"max_hp_loss":0.0,"gold_gain":0.0,"event_name":"Big Fish","player_choice":"Donut","floor":5.0,"gold_loss":0.0,"damage_taken":0.0}],"is_beta":false,"boss_relics":[{"not_picked":["Empty Cage","Runic Pyramid"],"picked":"hexamod:UnbrokenSoul"}],"items_purged_floors":[9],"is_endless":false,"potions_floor_spawned":[11,12,16],"killed_by":"3 Cultists","ascension_level":0}}