{"host":"rewczy2ihmzhwqlt","time":1610766991,"event":{"mods":["2.2 Compatiblity","Act Like it!","BaseMod","Gensokyo","Minty Spire (QoL Compilation)","Permanent Neow","Quick Restart","Rare Cards Sparkle","StSLib"],"gold_per_floor":[116,116,134,35,35,63,63,76,76,76,105,119,119,147,147,251,251,262,262,262,282,293,307,407,164,164,164,414,414,166,198,198,294,294,506,54,64,64,64,64,77,102,102,102,121,121,121,121],"floor_reached":47,"language":"ZHS","playtime":2464,"items_purged":["Strike_P","Strike_P"],"score":894,"play_id":"7b3fb148-bad1-4950-a6fc-973533ce13a6","local_time":"20210116111631","is_ascension_mode":true,"campfire_choices":[{"data":"Eruption","floor":7.0,"key":"SMITH"},{"data":"CrushJoints","floor":13.0,"key":"SMITH"},{"data":"MentalFortress","floor":15.0,"key":"SMITH"},{"floor":27.0,"key":"REST"},{"data":"Adaptation","floor":29.0,"key":"SMITH"},{"data":"Vigilance","floor":32.0,"key":"SMITH"},{"data":"Devotion","floor":40.0,"key":"SMITH"},{"data":"LessonLearned","floor":44.0,"key":"SMITH"}],"circlet_count":0,"master_deck":["AscendersBane","Strike_P+1","Defend_P+1","Defend_P+1","Defend_P+1","Eruption+1","Vigilance+1","SignatureMove+1","FlurryOfBlows+1","MentalFortress+1","CrushJoints+1","FlurryOfBlows+1","LessonLearned+1","Adaptation+1","Prostrate+1","EmptyMind+1","Prostrate+1","Gensokyo:ShootingStar+1","Omniscience+1","Gensokyo:ShootingStar+1","Gensokyo:Taser","Tantrum+1","Devotion+1"],"relics":["Philosopher\u0027s Stone","Toxic Egg 2","Mercury Hourglass","Gremlin Horn","Meat on the Bone","Centennial Puzzle","Empty Cage","Gensokyo:RedStar","Du-Vu Doll","WingedGreaves","TheAbacus","Ornamental Fan","ClockworkSouvenir","Mummified Hand","Sozu","Medical Kit","DollysMirror","Oddly Smooth Stone","Whetstone","Bottled Lightning"],"acts_visited":["Exordium","Gensokyo:Gensokyo","Gensokyo:Gensokyoer"],"potions_floor_usage":[],"damage_taken":[{"damage":0.0,"enemies":"Gensokyo:3_Fairies","floor":1.0,"turns":3.0},{"damage":4.0,"enemies":"Gensokyo:Gryphon","floor":3.0,"turns":3.0},{"damage":3.0,"enemies":"Gensokyo:Cirno","floor":6.0,"turns":4.0},{"damage":5.0,"enemies":"Gensokyo:2_Kodama","floor":8.0,"turns":3.0},{"damage":17.0,"enemies":"Gensokyo:Mamizou","floor":11.0,"turns":8.0},{"damage":9.0,"enemies":"Gensokyo:Kitsune","floor":12.0,"turns":3.0},{"damage":0.0,"enemies":"Gensokyo:Cirno","floor":14.0,"turns":3.0},{"damage":16.0,"enemies":"Gensokyo:Yukari","floor":16.0,"turns":5.0},{"damage":17.0,"enemies":"Gensokyo:Chomper","floor":18.0,"turns":4.0},{"damage":10.0,"enemies":"Gensokyo:AngelMirror","floor":21.0,"turns":3.0},{"damage":17.0,"enemies":"Gensokyo:Chomper_and_Gloop","floor":22.0,"turns":6.0},{"damage":39.0,"enemies":"Gensokyo:Wraith","floor":23.0,"turns":4.0},{"damage":6.0,"enemies":"Gensokyo:Wraith","floor":24.0,"turns":5.0},{"damage":0.0,"enemies":"Gensokyo:Reisen","floor":31.0,"turns":4.0},{"damage":6.0,"enemies":"Gensokyo:Kaguya","floor":33.0,"turns":5.0},{"damage":12.0,"enemies":"Gensokyo:AncientGuardian","floor":35.0,"turns":4.0},{"damage":0.0,"enemies":"Gensokyo:3_Bats","floor":37.0,"turns":3.0},{"damage":3.0,"enemies":"Gensokyo:Dusk_and_Dawn","floor":41.0,"turns":3.0},{"damage":2.0,"enemies":"Gensokyo:Marisa","floor":42.0,"turns":3.0},{"damage":0.0,"enemies":"Gensokyo:3_Boulders","floor":45.0,"turns":3.0}],"seed_played":"-3538046944161889908","potions_obtained":[{"floor":3.0,"key":"BlessingOfTheForge"},{"floor":11.0,"key":"Strength Potion"},{"floor":18.0,"key":"SpeedPotion"},{"floor":22.0,"key":"Swift Potion"}],"is_trial":false,"path_per_floor":["M","?","M","$","$","E","R","M","T","T","E","M","R","E","R","B",null,"M","?","?","M","M","M","?","$","T","R","?","R","COS","E","R","B",null,"M","COS","M","?","?","R","M","E","T","R","M","$","$"],"character_chosen":"WATCHER","items_purchased":["FlurryOfBlows","TheAbacus"],"campfire_rested":1,"item_purchase_floors":[4,25],"current_hp_per_floor":[65,65,61,61,61,58,58,53,53,53,36,39,39,39,39,35,63,46,46,46,48,43,16,22,22,22,43,43,43,43,43,43,62,67,55,55,55,45,45,45,42,40,40,40,40,40,40,40],"gold":121,"neow_bonus":"BOSS_RELIC","is_daily":false,"chose_seed":false,"campfire_upgraded":7,"win_rate":0.0,"timestamp":1610766991,"path_taken":["M","?","?","?","$","E","R","?","T","?","E","M","R","E","R","BOSS","M","?","?","?","M","M","?","$","T","R","?","R","COS","E","R","BOSS","M","COS","M","?","?","R","M","E","T","R","?","$","?"],"items_purchased_type":["Card","Relic"],"build_version":"2020-12-22","purchased_purges":2,"victory":false,"max_hp_per_floor":[72,72,72,72,72,72,72,72,72,72,72,72,72,72,72,72,72,72,72,72,72,72,72,72,72,72,72,68,68,68,68,68,68,68,68,68,68,68,68,68,68,68,68,68,68,68,68,68],"card_choices":[{"not_picked":["FlyingSleeves","Halt"],"picked":"SignatureMove","floor":1.0},{"not_picked":["Vengeance","Halt"],"picked":"BowlingBash","floor":3.0},{"not_picked":["BowlingBash","WaveOfTheHand+1"],"picked":"MentalFortress","floor":6.0},{"not_picked":["ThirdEye+1","Crescendo+1"],"picked":"CrushJoints","floor":8.0},{"not_picked":["Worship+1","ClearTheMind+1"],"picked":"FlurryOfBlows","floor":11.0},{"not_picked":["DeceiveReality+1","Indignation+1","PathToVictory+1"],"picked":"SKIP","floor":12.0},{"not_picked":["DeceiveReality+1","Indignation+1","PathToVictory+1"],"picked":"SKIP","floor":12.0},{"not_picked":["JustLucky","Prostrate+1","SignatureMove"],"picked":"SKIP","floor":14.0},{"not_picked":["SpiritShield+1","Judgement+1"],"picked":"LessonLearned","floor":16.0},{"not_picked":["EmptyFist","ThirdEye+1","SignatureMove"],"picked":"SKIP","floor":18.0},{"not_picked":["Evaluate+1","CrushJoints"],"picked":"Prostrate+1","floor":21.0},{"not_picked":["DeceiveReality+1","ClearTheMind+1"],"picked":"EmptyMind+1","floor":22.0},{"not_picked":["LikeWater","SignatureMove+1"],"picked":"Prostrate+1","floor":23.0},{"not_picked":["BowlingBash+1","CutThroughFate","PathToVictory+1"],"picked":"SKIP","floor":31.0},{"not_picked":[],"picked":"Gensokyo:ShootingStar","floor":33.0},{"not_picked":["Blasphemy+1","Devotion"],"picked":"Omniscience+1","floor":33.0},{"not_picked":["FollowUp","Halt+1","SashWhip"],"picked":"SKIP","floor":35.0},{"not_picked":["FollowUp","Halt+1","SashWhip"],"picked":"SKIP","floor":35.0},{"not_picked":["Prostrate+1","ForeignInfluence+1"],"picked":"Tantrum+1","floor":37.0},{"not_picked":["BowlingBash+1","PathToVictory+1","Evaluate+1"],"picked":"SKIP","floor":41.0},{"not_picked":["CrushJoints+1","WheelKick","WindmillStrike+1"],"picked":"SKIP","floor":42.0},{"not_picked":["BattleHymn","EmptyBody+1","CutThroughFate"],"picked":"SKIP","floor":45.0}],"player_experience":589397,"relics_obtained":[{"floor":6.0,"key":"Toxic Egg 2"},{"floor":9.0,"key":"Mercury Hourglass"},{"floor":10.0,"key":"Gremlin Horn"},{"floor":11.0,"key":"Meat on the Bone"},{"floor":14.0,"key":"Centennial Puzzle"},{"floor":24.0,"key":"Du-Vu Doll"},{"floor":24.0,"key":"WingedGreaves"},{"floor":26.0,"key":"Ornamental Fan"},{"floor":31.0,"key":"Mummified Hand"},{"floor":42.0,"key":"Whetstone"},{"floor":43.0,"key":"Bottled Lightning"}],"event_choices":[],"is_beta":false,"boss_relics":[{"not_picked":["Tiny House","SlaversCollar"],"picked":"Empty Cage"},{"not_picked":["Busted Crown","Black Star"],"picked":"Sozu"}],"items_purged_floors":[4,25],"is_endless":false,"potions_floor_spawned":[3,11,16,18,22,31,37,45],"ascension_level":11}}