{"host":"1a3cjta80tad0aqj","time":1610808167,"event":{"mods":["2.2 Compatiblity","AchievementEnabler","BaseMod","Colored Map","DeckTracker","KOR Keyword Fix","Keyboard Shortcuts","Minty Spire (QoL Compilation)","Permanent Neow","Quick Restart","Random Character Button","StSLib","SuperFastMode","everything is the same but u backflip on backflip"],"gold_per_floor":[110,60,77,152,162,162,193,193,220,220,237,255,268,279,279,376,376,387,407,117,317,333,364,364,364,364],"floor_reached":25,"language":"KOR","playtime":863,"items_purged":[],"score":236,"play_id":"d95f8b5e-33c4-4807-a5a8-7e4d29bc237c","local_time":"20210116234247","is_ascension_mode":true,"campfire_choices":[{"data":"Dualcast","floor":6.0,"key":"SMITH"},{"floor":8.0,"key":"RECALL"},{"data":"Ball Lightning","floor":10.0,"key":"SMITH"},{"floor":15.0,"key":"REST"},{"floor":24,"key":"REST"}],"circlet_count":0,"master_deck":["Strike_B","Strike_B","Defend_B","Defend_B","Defend_B","Zap","Dualcast+1","Regret","Self Repair","Ball Lightning+1","Conserve Battery","Aggregate","Capacitor","Streamline","Sunder","Genetic Algorithm","Electrodynamics","Leap+1","Coolheaded","Hologram+1","Amplify"],"relics":["Cracked Core","Ice Cream","Toy Ornithopter","Orichalcum","Empty Cage","Incense Burner","PreservedInsect"],"acts_visited":["Exordium","TheCity"],"potions_floor_usage":[22,23,23,23],"damage_taken":[{"damage":0.0,"enemies":"2 Louse","floor":1.0,"turns":1.0},{"damage":9.0,"enemies":"Jaw Worm","floor":3.0,"turns":4.0},{"damage":10.0,"enemies":"Small Slimes","floor":5.0,"turns":3.0},{"damage":21.0,"enemies":"Lagavulin","floor":7.0,"turns":6.0},{"damage":8.0,"enemies":"Red Slaver","floor":11.0,"turns":4.0},{"damage":19.0,"enemies":"Exordium Wildlife","floor":12.0,"turns":5.0},{"damage":6.0,"enemies":"2 Fungi Beasts","floor":13.0,"turns":3.0},{"damage":8.0,"enemies":"Red Slaver","floor":14.0,"turns":2.0},{"damage":40.0,"enemies":"Hexaghost","floor":16.0,"turns":9.0},{"damage":24.0,"enemies":"3 Byrds","floor":18.0,"turns":4.0},{"damage":23.0,"enemies":"2 Thieves","floor":19.0,"turns":3.0},{"damage":27,"enemies":"Snake Plant","floor":22,"turns":4},{"damage":13,"enemies":"Book of Stabbing","floor":23,"turns":5},{"damage":58,"enemies":"Gremlin Leader","floor":25,"turns":5}],"seed_played":"-7644038394087365977","potions_obtained":[{"floor":1.0,"key":"FocusPotion"},{"floor":5.0,"key":"DistilledChaos"},{"floor":12.0,"key":"SpeedPotion"},{"floor":14.0,"key":"Dexterity Potion"},{"floor":18.0,"key":"Strength Potion"},{"floor":19.0,"key":"Energy Potion"},{"floor":22,"key":"FearPotion"}],"is_trial":false,"path_per_floor":["M","?","M","?","M","R","E","R","T","R","M","M","M","M","R","B",null,"M","M","$","?","M","E","R","E"],"character_chosen":"DEFECT","items_purchased":["Incense Burner"],"campfire_rested":2,"item_purchase_floors":[20],"current_hp_per_floor":[75,75,73,62,59,59,45,45,45,45,44,32,26,18,40,10,75,58,35,35,35,20,29,51,0,0],"gold":364,"neow_bonus":"ONE_RARE_RELIC","is_daily":false,"chose_seed":false,"campfire_upgraded":2,"win_rate":0.0,"timestamp":1610808167,"path_taken":["M","?","M","?","M","R","E","R","T","R","M","M","M","?","R","BOSS","M","M","$","?","?","E","R","E"],"items_purchased_type":["Relic"],"build_version":"2020-12-22","purchased_purges":0,"victory":false,"max_hp_per_floor":[75,75,75,75,75,75,75,75,75,75,75,75,75,75,75,75,75,75,75,75,75,75,75,75,75,75],"card_choices":[{"not_picked":["Chaos","Steam"],"picked":"Self Repair","floor":1.0},{"not_picked":["Fusion","Barrage"],"picked":"Ball Lightning","floor":3.0},{"not_picked":["Steam","Heatsinks"],"picked":"Conserve Battery","floor":5.0},{"not_picked":["Steam","Fission"],"picked":"Aggregate","floor":7.0},{"not_picked":["Double Energy","Redo"],"picked":"Capacitor","floor":11.0},{"not_picked":["Scrape","Blizzard"],"picked":"Streamline","floor":12.0},{"not_picked":["Glacier","Sweeping Beam"],"picked":"Sunder","floor":13.0},{"not_picked":["Aggregate","Undo"],"picked":"Genetic Algorithm","floor":14.0},{"not_picked":["All For One","Seek"],"picked":"Electrodynamics","floor":16.0},{"not_picked":["Streamline","Barrage"],"picked":"Leap+1","floor":18.0},{"not_picked":["Force Field+1","Aggregate"],"picked":"Coolheaded","floor":19.0},{"not_picked":["Scrape","Redo"],"picked":"Hologram+1","floor":22},{"not_picked":["Rebound","Storm"],"picked":"Amplify","floor":23}],"player_experience":674015,"relics_obtained":[{"floor":7.0,"key":"Toy Ornithopter"},{"floor":9.0,"key":"Orichalcum"},{"floor":23,"key":"PreservedInsect"}],"event_choices":[{"cards_removed":["Defend_B"],"damage_healed":0.0,"max_hp_gain":0.0,"max_hp_loss":0.0,"gold_gain":0.0,"event_name":"The Cleric","player_choice":"Card Removal","floor":2.0,"gold_loss":50.0,"damage_taken":0.0},{"damage_healed":0.0,"max_hp_gain":0.0,"max_hp_loss":0.0,"gold_gain":75.0,"event_name":"World of Goop","player_choice":"Gather Gold","floor":4.0,"gold_loss":0.0,"damage_taken":11.0},{"damage_healed":0.0,"max_hp_gain":0.0,"max_hp_loss":0.0,"gold_gain":200.0,"event_name":"Wheel of Change","player_choice":"Gold","floor":21.0,"gold_loss":0.0,"damage_taken":0.0}],"is_beta":false,"boss_relics":[{"not_picked":["Snecko Eye","FrozenCore"],"picked":"Empty Cage"}],"items_purged_floors":[],"is_endless":false,"potions_floor_spawned":[1,5,12,14,18,19,22],"killed_by":"Gremlin Leader","ascension_level":1}}