{"host":"9u9ci7gr6x9ja244","time":1610789483,"event":{"mods":["BaseMod","Downfall","Minty Spire (QoL Compilation)","StSLib"],"gold_per_floor":[0,13,33,33,82,99,152,252,284,284,84,100,115,115,128,232,232,232,252,268,13,33,43,93,93,108,122,122,122,122,32,43,43,43,43],"floor_reached":33,"language":"ZHS","playtime":1900,"items_purged":["Guardian:Defend_Guardian"],"score":276,"play_id":"c6e67857-c047-49fd-bb59-6af9b38c4932","local_time":"20210116173123","is_ascension_mode":false,"campfire_choices":[{"floor":1,"key":"RECALL"},{"floor":11,"key":"REST"},{"data":"Guardian:StasisStrike","floor":18,"key":"SMITH"}],"circlet_count":0,"master_deck":["Guardian:Strike_Guardian+1","Guardian:Strike_Guardian","Guardian:Defend_Guardian","Guardian:Defend_Guardian","Guardian:Defend_Guardian","Guardian:CurlUp","Guardian:TwinSlam+1","Guardian:TimeSifter+1","Guardian:ShieldCharger+1","Guardian:Recover","Guardian:BronzeOrb","Guardian:SpikerProtocol","Guardian:Planning","Guardian:StasisStrike+1","Guardian:Orbwalk+1","Guardian:TimeSifter+1","Guardian:Suspension+1","Guardian:Gem_Synthetic","Guardian:Gem_Yellow","Guardian:Gem_Green","Guardian:Gem_Crimson","Guardian:Gem_Yellow"],"relics":["Guardian:ModeShifter","Nunchaku","Frozen Egg 2","Pear","downfall:HeartBlessingRed","downfall:HeartBlessingBlue","Busted Crown","Molten Egg 2","Guardian:PickAxe"],"acts_visited":["Exordium","TheCity"],"potions_floor_usage":[9,16,33],"damage_taken":[{"damage":2,"enemies":"Cultist","floor":2,"turns":5},{"damage":6,"enemies":"Jaw Worm","floor":3,"turns":5},{"damage":1,"enemies":"2 Louse","floor":6,"turns":5},{"damage":48,"enemies":"downfall:Heads","floor":8,"turns":10},{"damage":17,"enemies":"Gremlin Nob","floor":9,"turns":5},{"damage":8,"enemies":"Gremlin Gang","floor":12,"turns":5},{"damage":1,"enemies":"3 Louse","floor":13,"turns":3},{"damage":7,"enemies":"Large Slime","floor":15,"turns":5},{"damage":37,"enemies":"DF_ARCHETYPE_STREAMLINE","floor":16,"turns":10},{"damage":7,"enemies":"Shell Parasite","floor":19,"turns":6},{"damage":0,"enemies":"3 Byrds","floor":20,"turns":4},{"damage":0,"enemies":"downfall:FleeingMerchant","floor":21,"turns":4},{"damage":6,"enemies":"Sentry and Sphere","floor":22,"turns":7},{"damage":4,"enemies":"Snecko","floor":23,"turns":6},{"damage":8,"enemies":"Centurion and Healer","floor":26,"turns":6},{"damage":23,"enemies":"Cultist and Chosen","floor":27,"turns":8},{"damage":3,"enemies":"downfall:FleeingMerchant","floor":31,"turns":4},{"damage":14,"enemies":"3 Cultists","floor":32,"turns":6},{"damage":70,"enemies":"SI_MIRROR_ARCHETYPE","floor":33,"turns":12}],"seed_played":"-8222005748887142239","potions_obtained":[{"floor":8,"key":"PowerPotion"},{"floor":12,"key":"Weak Potion"},{"floor":15,"key":"AttackPotion"},{"floor":16,"key":"SkillPotion"},{"floor":19,"key":"Guardian:BlockOnCardUsePotion"},{"floor":23,"key":"Fire Potion"}],"is_trial":false,"path_per_floor":["R","M","M","?","T","M","T","?","E","T","R","M","M","?","M","B",null,"R","M","M","$","M","M","T","R","M","M","R","?","R","$","M","B"],"character_chosen":"GUARDIAN","items_purchased":["Molten Egg 2"],"campfire_rested":1,"item_purchase_floors":[21],"current_hp_per_floor":[80,78,72,72,72,71,71,23,6,16,56,48,47,47,40,3,100,100,93,93,93,87,83,83,83,75,52,52,85,85,82,68,0,0,0],"gold":43,"neow_bonus":"THREE_RARE_CARDS","is_daily":false,"chose_seed":false,"campfire_upgraded":1,"win_rate":0.0,"timestamp":1610789483,"path_taken":["R","M","?","?","?","?","T","?","E","?","R","M","M","?","M","BOSS","R","M","M","$","M","M","T","R","M","?","R","?","R","$","M","BOSS"],"items_purchased_type":["Relic"],"build_version":"2020-12-22","purchased_purges":1,"victory":false,"max_hp_per_floor":[80,80,80,80,80,80,80,80,80,90,100,100,100,100,100,100,100,100,100,100,100,100,100,100,100,100,100,100,100,100,100,100,100,100,100],"card_choices":[{"not_picked":["Guardian:ExploitGems","Guardian:Gem_Synthetic"],"picked":"Guardian:TimeSifter","floor":0},{"not_picked":["Guardian:PrimingBeam","Guardian:SentryBeam"],"picked":"Guardian:ShieldCharger","floor":2},{"not_picked":["Guardian:FloatingOrbs","Guardian:MultiBeam"],"picked":"Guardian:Recover","floor":3},{"not_picked":["Guardian:WalkerClaw","Guardian:DonusPower","Guardian:Repulse"],"picked":"SKIP","floor":6},{"not_picked":["Guardian:RefractedBeam","Guardian:VentSteam"],"picked":"Guardian:SpikerProtocol","floor":8},{"not_picked":["Guardian:TimeBomb","Guardian:Gem_Purple"],"picked":"Guardian:Planning","floor":9},{"not_picked":["Guardian:ShieldCharger","Guardian:PrismaticBarrier"],"picked":"Guardian:StasisStrike","floor":12},{"not_picked":["Guardian:PrimingBeam","Guardian:MultiBeam","Guardian:VentSteam"],"picked":"SKIP","floor":13},{"not_picked":["Guardian:PrismaticBeam","Guardian:ChargeCore"],"picked":"Guardian:Orbwalk+1","floor":15},{"not_picked":["Guardian:BaubleBeam","Guardian:FierceBash"],"picked":"Guardian:TimeSifter+1","floor":16},{"not_picked":[],"picked":"Guardian:Gem_Crimson","floor":19},{"not_picked":[],"picked":"Guardian:Suspension+1","floor":20},{"not_picked":["Guardian:PiercingHide"],"picked":"SKIP","floor":21},{"not_picked":[],"picked":"Guardian:Gem_Green","floor":22},{"not_picked":[],"picked":"Guardian:Gem_Cyan","floor":23},{"not_picked":["Guardian:RefractedBeam+1"],"picked":"SKIP","floor":26},{"not_picked":["Guardian:Planning"],"picked":"SKIP","floor":27},{"not_picked":["Guardian:PiercingHide"],"picked":"SKIP","floor":31},{"not_picked":[],"picked":"Guardian:Gem_Yellow","floor":32}],"player_experience":265470,"relics_obtained":[{"floor":5,"key":"Nunchaku"},{"floor":9,"key":"Frozen Egg 2"},{"floor":10,"key":"Pear"},{"floor":24,"key":"Guardian:PickAxe"}],"event_choices":[{"cards_removed":["Guardian:Strike_Guardian"],"damage_healed":0,"gold_gain":0,"player_choice":"Offered Basic","damage_taken":0,"max_hp_gain":0,"max_hp_loss":0,"event_name":"Bonfire Elementals","floor":14,"gold_loss":0},{"damage_healed":33,"gold_gain":0,"player_choice":"Heal","damage_taken":0,"max_hp_gain":0,"max_hp_loss":0,"event_name":"The Library","floor":29,"gold_loss":0}],"is_beta":false,"boss_relics":[{"not_picked":["Black Star","SacredBark"],"picked":"Busted Crown"}],"items_purged_floors":[31],"is_endless":false,"potions_floor_spawned":[8,12,15,16,19,23,27,32],"killed_by":"SI_MIRROR_ARCHETYPE","ascension_level":0}}