{"host":"2gke39v5r4v8gacc","time":1610778498,"event":{"mods":["BaseMod","KinomotoSakuraMod(ƒæ÷Æ±æ”£)","Koishi","Marisa£®ÏF”Í°°ƒß¿Ì…≥£©","Minty Spire (QoL Compilation)","Prisma Mod","StSLib","The Bug Knight","WarShipGirlsR/’ΩΩ¢…Ÿ≈ÆR mod","Youmu£®ªÍ∆«—˝√Œ£©","Yuri Mod"],"gold_per_floor":[129,186,186,237,282,357,450,450,450,555,600,678,455,563,563,866,866,899,941,568,601,499,592,703,778,778,877,886,466,520,631,631,928,928,976,1009,1054,467,467,566,263,302,339,456,468,525,32,41,41,41],"floor_reached":51,"language":"ZHS","playtime":2907,"items_purged":["HollowMod:DescendingDark"],"score":1248,"play_id":"f017419f-7606-4e08-92e7-fd2a30fe1ea4","local_time":"20210116142818","daily_mods":["SealedDeck","Vintage","Colorless Cards","Heirloom","Time Dilation","Flight","Midas"],"is_ascension_mode":false,"campfire_choices":[{"floor":8,"key":"REST"},{"floor":15,"key":"DIG"},{"floor":28,"key":"REST"},{"floor":32,"key":"DIG"},{"floor":49,"key":"DIG"}],"circlet_count":0,"master_deck":["HollowMod:CornifersMapStart","HollowMod:GrimmsGift+1","Deep Breath","Finesse","Madness","HollowMod:CycloneSlash+1","HollowMod:HuntersJournal","HollowMod:MantisMark+1","HollowMod:CycloneSlash","HollowMod:CycloneSlash+1","HollowMod:FallenFury","HollowMod:HornetsHelp","HollowMod:HowlingWraiths","HollowMod:SharpenedNail","HollowMod:HuntersJournal+1","HollowMod:SoulSplash+1","HollowMod:SoulStrike","HollowMod:CloakDash+1","Dramatic Entrance","HollowMod:theNailsmith+1","HollowMod:SoulVessel","HollowMod:Grubsong","Jack Of All Trades+1","HollowMod:MantisMark+1","Deep Breath+1","Deep Breath+1","HollowMod:GoodIntentions+1","HollowMod:MothsMistake","HollowMod:SoulStrike","HollowMod:DungDefenderAura+1","HollowMod:Weaversong","HollowMod:LifebloodCocoon+1","HollowMod:SoulMaster","HollowMod:DesolateDive","HollowMod:Weaversong"],"relics":["HollowMod:VesselMask","Bird Faced Urn","Toxic Egg 2","InkBottle","PreservedInsect","White Beast Statue","Strawberry","CaptainsWheel","Letter Opener","Shovel","Vajra","HollowMod:QueensCombRelic","Medical Kit","CeramicFish","Dream Catcher","Fusion Hammer","Nunchaku","StrikeDummy","Potion Belt","Strange Spoon","HollowMod:PaleOreRelic","Darkstone Periapt","FossilizedHelix","HollowMod:LifeEnderRelic","Bottled Flame","Mango","Whetstone","Happy Flower","Bronze Scales","Coffee Dripper","Sundial","Ancient Tea Set","Smiling Mask","Gremlin Horn","Bottled Lightning","Juzu Bracelet","Lantern","Sling","MawBank","Orichalcum","Anchor","War Paint","Molten Egg 2","Pen Nib","Shuriken"],"acts_visited":["Exordium","TheCity","TheBeyond"],"potions_floor_usage":[12,16,19,23,23,24,33,33,33,36,37,37,44,50,50,50,50,50,50,50,50],"damage_taken":[{"damage":0,"enemies":"2 Louse","floor":1,"turns":1},{"damage":0,"enemies":"Cultist","floor":2,"turns":2},{"damage":7,"enemies":"Small Slimes","floor":4,"turns":2},{"damage":0,"enemies":"Gremlin Gang","floor":5,"turns":1},{"damage":22,"enemies":"Gremlin Nob","floor":6,"turns":3},{"damage":3,"enemies":"HollowMod:MossKnight","floor":7,"turns":2},{"damage":0,"enemies":"Lagavulin","floor":10,"turns":2},{"damage":0,"enemies":"Looter","floor":11,"turns":2},{"damage":0,"enemies":"3 Sentries","floor":12,"turns":1},{"damage":0,"enemies":"Gremlin Nob","floor":14,"turns":2},{"damage":9,"enemies":"The Guardian","floor":16,"turns":4},{"damage":0,"enemies":"Spheric Guardian","floor":18,"turns":2},{"damage":0,"enemies":"Shell Parasite","floor":19,"turns":1},{"damage":0,"enemies":"3 Cultists","floor":21,"turns":2},{"damage":3,"enemies":"HollowMod:Nosk","floor":23,"turns":3},{"damage":12,"enemies":"Book of Stabbing","floor":24,"turns":2},{"damage":0,"enemies":"HollowMod:Nosk","floor":25,"turns":3},{"damage":0,"enemies":"Snake Plant","floor":30,"turns":2},{"damage":0,"enemies":"Slavers","floor":31,"turns":1},{"damage":0,"enemies":"Automaton","floor":33,"turns":6},{"damage":0,"enemies":"3 Darklings","floor":35,"turns":2},{"damage":0,"enemies":"Orb Walker","floor":36,"turns":1},{"damage":0,"enemies":"Sphere and 2 Shapes","floor":37,"turns":2},{"damage":0,"enemies":"HollowMod:StalkingDevout","floor":40,"turns":2},{"damage":0,"enemies":"Writhing Mass","floor":42,"turns":2},{"damage":0,"enemies":"Nemesis","floor":44,"turns":3},{"damage":0,"enemies":"Jaw Worm Horde","floor":46,"turns":1},{"damage":1,"enemies":"Awakened One","floor":50,"turns":2}],"seed_played":"5699812684128052116","potions_obtained":[{"floor":5,"key":"Weak Potion"},{"floor":6,"key":"Explosive Potion"},{"floor":7,"key":"PowerPotion"},{"floor":10,"key":"Regen Potion"},{"floor":11,"key":"PowerPotion"},{"floor":12,"key":"DuplicationPotion"},{"floor":16,"key":"Fire Potion"},{"floor":18,"key":"EssenceOfSteel"},{"floor":19,"key":"AttackPotion"},{"floor":21,"key":"CultistPotion"},{"floor":23,"key":"Strength Potion"},{"floor":24,"key":"Block Potion"},{"floor":25,"key":"Block Potion"},{"floor":30,"key":"EssenceOfSteel"},{"floor":31,"key":"Explosive Potion"},{"floor":33,"key":"Fire Potion"},{"floor":35,"key":"SteroidPotion"},{"floor":36,"key":"Regen Potion"},{"floor":37,"key":"Energy Potion"},{"floor":40,"key":"SteroidPotion"},{"floor":42,"key":"ColorlessPotion"},{"floor":44,"key":"BlessingOfTheForge"},{"floor":46,"key":"DistilledChaos"}],"is_trial":true,"path_per_floor":["M","M","?","M","M","E","E","R","T","E","M","E","$","E","R","B",null,"M","M","$","M","$","E","E","E","T","?","R","$","M","E","R","B",null,"M","M","M","$","?","E","$","M","T","E","?","M","$","?","R","B",null],"character_chosen":"THE_BUGKNIGHT","items_purchased":["Medical Kit","HollowMod:SoulStrike","HollowMod:CloakDash+1","Potion Belt","Strange Spoon","HollowMod:SoulVessel","HollowMod:Grubsong","Jack Of All Trades+1","Mango","HollowMod:GoodIntentions+1","HollowMod:MothsMistake","HollowMod:SoulStrike","Gremlin Horn","Bottled Lightning","HollowMod:LifebloodCocoon+1","Lantern","Sling","Molten Egg 2","Pen Nib","EntropicBrew"],"campfire_rested":2,"item_purchase_floors":[13,13,13,20,20,20,22,22,29,29,29,29,38,38,38,41,41,47,47,47],"current_hp_per_floor":[75,75,75,68,68,53,50,74,74,74,74,54,54,54,54,45,54,54,54,54,54,54,53,42,54,54,36,52,66,68,68,68,68,68,68,68,68,68,68,68,68,68,68,68,68,68,68,68,68,67],"gold":41,"neow_bonus":"","is_daily":false,"chose_seed":false,"campfire_upgraded":0,"win_rate":0.0,"timestamp":1610778498,"path_taken":["M","M","?","?","M","E","E","R","T","E","M","E","$","E","R","BOSS","M","M","$","M","?","E","E","E","T","?","R","$","M","E","R","BOSS","M","M","?","$","?","E","?","M","T","E","?","M","$","?","R","BOSS"],"items_purchased_type":["Relic","Card","Card","Relic","Relic","Card","Card","Card","Relic","Card","Card","Card","Relic","Relic","Card","Relic","Relic","Relic","Relic","Potion"],"build_version":"2020-12-22","purchased_purges":1,"victory":true,"max_hp_per_floor":[75,75,75,75,75,82,82,82,82,82,82,54,54,54,54,54,54,54,54,54,54,54,54,54,54,54,54,54,68,68,68,68,68,68,68,68,68,68,68,68,68,68,68,68,68,68,68,68,68,68],"card_choices":[{"not_picked":["Transmutation+1","HollowMod:HeavyBlow"],"picked":"HollowMod:HowlingWraiths","floor":6},{"not_picked":["HollowMod:SoulSplash+1","HollowMod:InfectedCysts"],"picked":"HollowMod:SharpenedNail","floor":7},{"not_picked":["HollowMod:InfectedAttack","Deep Breath+1"],"picked":"HollowMod:HuntersJournal+1","floor":10},{"not_picked":["HollowMod:GreatSlash","HollowMod:NewInfectedGuardian+1"],"picked":"HollowMod:SoulSplash+1","floor":12},{"not_picked":["HollowMod:CloakDash+1","HollowMod:SoulSplash+1"],"picked":"Dramatic Entrance","floor":14},{"not_picked":["HollowMod:MidwifesHunger","HollowMod:AwokenDreamNail"],"picked":"HollowMod:theNailsmith+1","floor":16},{"not_picked":["HollowMod:CloakDash+1","HollowMod:InfectedAttack"],"picked":"HollowMod:MantisMark+1","floor":23},{"not_picked":["HollowMod:InfectionAssault","HollowMod:SiblingsSouls+1"],"picked":"Deep Breath+1","floor":24},{"not_picked":["HollowMod:SharpenedNail","HollowMod:NewLittleFool","HollowMod:WraithStrike"],"picked":"SKIP","floor":25},{"not_picked":["HollowMod:HowlingWraiths","HollowMod:SiblingsShadow+1"],"picked":"HollowMod:DescendingDark","floor":28},{"not_picked":["Panacea+1","HollowMod:SoulSplash+1"],"picked":"HollowMod:DungDefenderAura+1","floor":31},{"not_picked":["Secret Technique+1","HollowMod:Hiveblood+1"],"picked":"HollowMod:Weaversong","floor":33},{"not_picked":["HollowMod:MothsMistake+1","HollowMod:CornifersMapStart+1"],"picked":"HollowMod:SoulMaster","floor":40},{"not_picked":["Forethought+1","HollowMod:GoodIntentions+1"],"picked":"HollowMod:DesolateDive","floor":44}],"player_experience":528875,"relics_obtained":[{"floor":1,"key":"Toxic Egg 2"},{"floor":2,"key":"InkBottle"},{"floor":4,"key":"PreservedInsect"},{"floor":5,"key":"White Beast Statue"},{"floor":6,"key":"Strawberry"},{"floor":7,"key":"CaptainsWheel"},{"floor":9,"key":"Letter Opener"},{"floor":10,"key":"Shovel"},{"floor":11,"key":"Vajra"},{"floor":12,"key":"HollowMod:QueensCombRelic"},{"floor":14,"key":"CeramicFish"},{"floor":15,"key":"Dream Catcher"},{"floor":18,"key":"Nunchaku"},{"floor":19,"key":"StrikeDummy"},{"floor":21,"key":"HollowMod:PaleOreRelic"},{"floor":23,"key":"Darkstone Periapt"},{"floor":24,"key":"FossilizedHelix"},{"floor":25,"key":"HollowMod:LifeEnderRelic"},{"floor":26,"key":"Bottled Flame"},{"floor":30,"key":"Whetstone"},{"floor":31,"key":"Happy Flower"},{"floor":32,"key":"Bronze Scales"},{"floor":35,"key":"Sundial"},{"floor":36,"key":"Ancient Tea Set"},{"floor":37,"key":"Smiling Mask"},{"floor":40,"key":"Juzu Bracelet"},{"floor":42,"key":"MawBank"},{"floor":43,"key":"Orichalcum"},{"floor":44,"key":"Anchor"},{"floor":46,"key":"War Paint"},{"floor":49,"key":"Shuriken"}],"event_choices":[{"damage_healed":0,"gold_gain":0,"player_choice":"2 cards matched","damage_taken":0,"max_hp_gain":0,"max_hp_loss":0,"event_name":"Match and Keep!","floor":3,"gold_loss":0,"cards_obtained":["HollowMod:FallenFury","HollowMod:HornetsHelp"]},{"damage_healed":0,"gold_gain":0,"player_choice":"2 cards matched","damage_taken":0,"max_hp_gain":0,"max_hp_loss":0,"event_name":"Match and Keep!","floor":3,"gold_loss":0,"cards_obtained":["HollowMod:FallenFury","HollowMod:HornetsHelp"]},{"damage_healed":0,"gold_gain":90,"player_choice":"GOLD CARD ","damage_taken":18,"max_hp_gain":0,"max_hp_loss":0,"event_name":"Knowing Skull","floor":27,"potions_obtained":[],"gold_loss":0,"cards_obtained":["Deep Breath"]},{"damage_healed":0,"gold_gain":0,"player_choice":"Full Heal","damage_taken":0,"max_hp_gain":0,"max_hp_loss":0,"event_name":"Wheel of Change","floor":39,"gold_loss":0},{"damage_healed":0,"gold_gain":0,"player_choice":"Copied","damage_taken":0,"max_hp_gain":0,"max_hp_loss":0,"event_name":"Duplicator","floor":48,"gold_loss":0,"cards_obtained":["HollowMod:Weaversong"]}],"is_beta":false,"boss_relics":[{"not_picked":["Empty Cage","Cursed Key"],"picked":"Fusion Hammer"},{"not_picked":["SlaversCollar","Snecko Eye"],"picked":"Coffee Dripper"}],"items_purged_floors":[38],"is_endless":false,"potions_floor_spawned":[5,6,7,10,11,12,14,16,18,19,21,23,24,25,30,31,33,35,36,37,40,42,44,46],"ascension_level":0}}