{"host":"u1x0vw3sp85z3950","time":1610810053,"event":{"mods":["BaseMod","Minty Spire (QoL Compilation)","StSLib","The Alterego"],"gold_per_floor":[114,133,149,159,179,179,197,229,229,229,241,254,254,254,254,358,358,341,266,266,109,109,139,139,137,161,179,179,104,104,104],"floor_reached":30,"language":"ZHS","playtime":1403,"items_purged":["alterego_mod:Stockings"],"score":270,"play_id":"f1dc7e23-211f-4e09-b0a2-d612bc3c6be2","local_time":"20210116231413","is_ascension_mode":false,"campfire_choices":[{"data":"alterego_mod:BrynhildrsRune","floor":6.0,"key":"SMITH"},{"data":"alterego_mod:Belts","floor":10.0,"key":"SMITH"},{"data":"alterego_mod:Exercise","floor":15.0,"key":"SMITH"},{"data":"alterego_mod:ChallengeComplete","floor":24,"key":"SMITH"}],"circlet_count":1,"master_deck":["alterego_mod:Impale","alterego_mod:BigMeatyClaws","alterego_mod:BrynhildrsRune+1","alterego_mod:Pet","alterego_mod:MaintainEyeContact","alterego_mod:Belts+1","alterego_mod:Nekomimi","alterego_mod:RingBreak","alterego_mod:Stockings","alterego_mod:GachaTicket","alterego_mod:Jiggle","alterego_mod:Exercise+1","alterego_mod:VirginLaserPalladion","alterego_mod:Maid","alterego_mod:Rip","alterego_mod:RocketPunch","alterego_mod:Birthday","alterego_mod:Birthday","alterego_mod:SakuraLabyrinth","alterego_mod:Tantrum","alterego_mod:SakuraPetals","alterego_mod:ChallengeComplete+1","alterego_mod:Belts+1","alterego_mod:BiFurious+1","alterego_mod:Nekomimi+1","alterego_mod:InsideBaseball","alterego_mod:Bloomers"],"relics":["alterego_mod:MasochisticConstitution","NeowsBlessing","Letter Opener","White Beast Statue","Pandora\u0027s Box","Orrery","Mummified Hand","Circlet","Meat on the Bone"],"acts_visited":["Exordium","TheCity"],"potions_floor_usage":[18,23],"damage_taken":[{"damage":0.0,"enemies":"Cultist","floor":1.0,"turns":1.0},{"damage":0.0,"enemies":"2 Louse","floor":2.0,"turns":1.0},{"damage":0.0,"enemies":"Small Slimes","floor":3.0,"turns":1.0},{"damage":14.0,"enemies":"2 Fungi Beasts","floor":4.0,"turns":6.0},{"damage":10.0,"enemies":"Looter","floor":5.0,"turns":5.0},{"damage":12.0,"enemies":"Exordium Wildlife","floor":7.0,"turns":16.0},{"damage":1.0,"enemies":"Lagavulin","floor":8.0,"turns":11.0},{"damage":27.0,"enemies":"Lots of Slimes","floor":11.0,"turns":4.0},{"damage":7.0,"enemies":"2 Fungi Beasts","floor":12.0,"turns":4.0},{"damage":66.0,"enemies":"Slime Boss","floor":16.0,"turns":13.0},{"damage":26,"enemies":"2 Thieves","floor":18,"turns":4},{"damage":21,"enemies":"Book of Stabbing","floor":23,"turns":9},{"damage":33,"enemies":"Gremlin Leader","floor":25,"turns":8},{"damage":0,"enemies":"Chosen","floor":27,"turns":5},{"damage":12,"enemies":"Snecko","floor":30,"turns":4}],"seed_played":"-5824416484302165151","potions_obtained":[{"floor":2.0,"key":"LiquidBronze"},{"floor":5.0,"key":"BlessingOfTheForge"},{"floor":7.0,"key":"Swift Potion"},{"floor":11.0,"key":"SteroidPotion"},{"floor":18,"key":"Ancient Potion"},{"floor":23,"key":"SpeedPotion"}],"is_trial":false,"path_per_floor":["M","M","M","M","M","R","M","E","T","R","M","M","?","?","R","B",null,"M","?","?","$","?","E","R","E","T","M","T","$","M"],"character_chosen":"The_Alterego","items_purchased":["Orrery"],"campfire_rested":0,"item_purchase_floors":[21],"current_hp_per_floor":[70,70,70,64,55,55,58,58,58,58,69,70,70,70,70,12,77,52,52,52,52,52,36,36,8,8,10,10,10,0,0],"gold":104,"neow_bonus":"THREE_ENEMY_KILL","is_daily":false,"chose_seed":false,"campfire_upgraded":4,"win_rate":0.0,"timestamp":1610810053,"path_taken":["M","M","?","M","?","R","M","E","T","R","M","M","?","?","R","BOSS","M","?","?","$","?","E","R","E","T","M","?","?","M"],"items_purchased_type":["Relic"],"build_version":"2020-12-22","purchased_purges":1,"victory":false,"max_hp_per_floor":[70,70,70,71,72,72,73,74,74,74,75,76,76,76,76,77,77,78,78,78,78,78,79,79,80,80,80,80,80,80,80],"card_choices":[{"not_picked":["alterego_mod:DeftHands","alterego_mod:Smother"],"picked":"alterego_mod:Pet","floor":1.0},{"not_picked":["alterego_mod:Mirror","alterego_mod:Cycle"],"picked":"alterego_mod:MaintainEyeContact","floor":2.0},{"not_picked":["alterego_mod:Skirt","alterego_mod:Cycle"],"picked":"alterego_mod:Belts","floor":3.0},{"not_picked":["alterego_mod:BreastValley","alterego_mod:BiFurious","alterego_mod:RidiculouslyBig"],"picked":"SKIP","floor":4.0},{"not_picked":["alterego_mod:GachaTicket","alterego_mod:Complex"],"picked":"alterego_mod:Nekomimi","floor":5.0},{"not_picked":["alterego_mod:Cycle","alterego_mod:Schoolgirl"],"picked":"alterego_mod:Crossover","floor":7.0},{"not_picked":["alterego_mod:Pet","alterego_mod:DustData","alterego_mod:PerceptionDisorder"],"picked":"SKIP","floor":8.0},{"not_picked":["alterego_mod:HighServant","alterego_mod:Punishment"],"picked":"alterego_mod:Stockings","floor":11.0},{"not_picked":["alterego_mod:Cycle","alterego_mod:Stockings"],"picked":"alterego_mod:RingBreak","floor":12.0},{"not_picked":["alterego_mod:AlterEgo","alterego_mod:TrickOrTreatment"],"picked":"alterego_mod:VirginLaserPalladion","floor":16.0},{"not_picked":["alterego_mod:GoddessCore+1","alterego_mod:Mirror","alterego_mod:Clap"],"picked":"SKIP","floor":18},{"not_picked":["alterego_mod:Mirror","alterego_mod:Birthday"],"picked":"alterego_mod:Belts+1","floor":21},{"not_picked":["alterego_mod:Clap","alterego_mod:SuperDuperMasochism"],"picked":"alterego_mod:BiFurious+1","floor":21},{"not_picked":["alterego_mod:DiscoLights+1","alterego_mod:Antipathy"],"picked":"alterego_mod:Nekomimi+1","floor":21},{"not_picked":["alterego_mod:DustData","alterego_mod:Stockings"],"picked":"alterego_mod:InsideBaseball","floor":23},{"not_picked":["alterego_mod:SakuraFive","alterego_mod:Pet"],"picked":"alterego_mod:Bloomers","floor":25},{"not_picked":["alterego_mod:Rip","alterego_mod:Undulate","alterego_mod:MagicResistance+1"],"picked":"SKIP","floor":27}],"player_experience":146054,"relics_obtained":[{"floor":8.0,"key":"Letter Opener"},{"floor":9.0,"key":"White Beast Statue"},{"floor":23,"key":"Mummified Hand"},{"floor":25,"key":"Circlet"},{"floor":28,"key":"Meat on the Bone"}],"event_choices":[{"damage_healed":0.0,"max_hp_gain":0.0,"max_hp_loss":0.0,"gold_gain":0.0,"event_name":"Liars Game","player_choice":"Ignored","floor":13.0,"gold_loss":0.0,"damage_taken":0.0},{"cards_removed":["alterego_mod:HighServant"],"damage_healed":0,"gold_gain":0,"player_choice":"Gave Gold","damage_taken":0,"max_hp_gain":0,"max_hp_loss":0,"event_name":"Beggar","floor":19,"gold_loss":75},{"damage_healed":0,"gold_gain":0,"cards_transformed":["alterego_mod:HighServant","alterego_mod:Crossover"],"player_choice":"Became Test Subject","damage_taken":0,"max_hp_gain":0,"max_hp_loss":0,"event_name":"Drug Dealer","floor":20,"gold_loss":0,"cards_obtained":["alterego_mod:SakuraPetals","alterego_mod:ChallengeComplete"]},{"damage_healed":0,"gold_gain":0,"player_choice":"Ignored","damage_taken":0,"max_hp_gain":0,"max_hp_loss":0,"event_name":"Vampires","floor":22,"gold_loss":0}],"is_beta":false,"boss_relics":[{"not_picked":["Velvet Choker","Cursed Key"],"picked":"Pandora\u0027s Box"}],"items_purged_floors":[29],"is_endless":false,"potions_floor_spawned":[2,5,7,8,11,12,16,18,23,25,27],"killed_by":"Snecko","ascension_level":0}}