{"host":"cdcsem0stf6rethc","time":1610768066,"event":{"mods":["AchievementEnabler","BaseMod","Colored Map","Highlight Path","Minty Spire (QoL Compilation)","StSLib","The Bug Knight"],"gold_per_floor":[109,109,109,109,39,69,69,98,98,2,2,14,14,14,14,14,14],"floor_reached":16,"language":"ENG","playtime":803,"items_purged":[],"score":131,"play_id":"0a76ab31-3d27-40a9-86c7-b74d4b6a0c6b","local_time":"20210116113426","is_ascension_mode":false,"campfire_choices":[{"data":"HollowMod:CycloneSlash","floor":7,"key":"SMITH"},{"data":"HollowMod:SoulEater","floor":11,"key":"SMITH"},{"data":"HollowMod:CycloneSlash","floor":13,"key":"SMITH"},{"data":"HollowMod:Grubsong","floor":15,"key":"SMITH"}],"circlet_count":0,"master_deck":["HollowMod:NailStrikeStart+1","HollowMod:NailStrikeStart","HollowMod:NailStrikeStart","HollowMod:NailStrikeStart+1","HollowMod:QuickDashStart","HollowMod:QuickDashStart","HollowMod:QuickDashStart","HollowMod:QuickDashStart","HollowMod:FocusHealStart","HollowMod:PogoStrike","HollowMod:GoodIntentions","HollowMod:SoulEater+1","HollowMod:CycloneSlash+1","HollowMod:CycloneSlash+1","HollowMod:CornifersMapStart","HollowMod:Grubsong+1","HollowMod:SoulStrike"],"relics":["HollowMod:VesselMask","NeowsBlessing","Whetstone","Shuriken","HollowMod:StagPassRelic"],"acts_visited":["Exordium"],"potions_floor_usage":[16],"damage_taken":[{"damage":0,"enemies":"Small Slimes","floor":1,"turns":1},{"damage":0,"enemies":"Jaw Worm","floor":2,"turns":1},{"damage":0,"enemies":"Gremlin Nob","floor":6,"turns":1},{"damage":42,"enemies":"HollowMod:MossKnight","floor":8,"turns":12},{"damage":14,"enemies":"2 Louse","floor":12,"turns":3},{"damage":40,"enemies":"The Guardian","floor":16,"turns":7}],"seed_played":"-412067517731841150","potions_obtained":[{"floor":12,"key":"SpeedPotion"}],"is_trial":false,"path_per_floor":["M","M","?","?","$","E","R","E","T","$","R","M","R","?","R","B"],"character_chosen":"THE_BUGKNIGHT","items_purchased":["HollowMod:SoulEater","HollowMod:CornifersMapStart","HollowMod:Grubsong"],"campfire_rested":0,"item_purchase_floors":[5,10,10],"current_hp_per_floor":[75,75,75,80,80,80,80,48,48,48,48,34,34,34,34,0,0],"gold":14,"neow_bonus":"THREE_ENEMY_KILL","is_daily":false,"chose_seed":false,"campfire_upgraded":4,"win_rate":0.0,"timestamp":1610768066,"path_taken":["M","M","?","?","$","E","R","E","T","?","R","M","R","?","R","BOSS"],"items_purchased_type":["Card","Card","Card"],"build_version":"2020-12-22","purchased_purges":0,"victory":false,"max_hp_per_floor":[75,75,75,80,80,80,80,80,80,80,80,80,80,80,80,80,80],"card_choices":[{"not_picked":["HollowMod:FastStrike","HollowMod:NewJinnsSoul"],"picked":"HollowMod:GoodIntentions","floor":1},{"not_picked":["HollowMod:SoulStrike","HollowMod:ChannelNail","HollowMod:ShadowDash"],"picked":"SKIP","floor":2},{"not_picked":["HollowMod:VengefulVoid","HollowMod:BlackTendrils"],"picked":"HollowMod:CycloneSlash","floor":6},{"not_picked":["HollowMod:CloakDash","HollowMod:NewLittleFool"],"picked":"HollowMod:CycloneSlash","floor":8},{"not_picked":["HollowMod:CloakDash","HollowMod:CornifersMapStart"],"picked":"HollowMod:SoulStrike","floor":12}],"player_experience":73312,"relics_obtained":[{"floor":6,"key":"Whetstone"},{"floor":8,"key":"Shuriken"},{"floor":9,"key":"HollowMod:StagPassRelic"}],"event_choices":[{"damage_healed":0,"gold_gain":0,"player_choice":"Ignored","damage_taken":0,"max_hp_gain":0,"max_hp_loss":0,"event_name":"Liars Game","floor":3,"gold_loss":0},{"damage_healed":0,"gold_gain":0,"player_choice":"Donut","damage_taken":0,"max_hp_gain":5,"max_hp_loss":0,"event_name":"Big Fish","floor":4,"gold_loss":0},{"damage_healed":0,"gold_gain":0,"player_choice":"0 cards matched","damage_taken":0,"max_hp_gain":0,"max_hp_loss":0,"event_name":"Match and Keep!","floor":14,"gold_loss":0,"cards_obtained":[]}],"is_beta":false,"boss_relics":[],"items_purged_floors":[],"is_endless":false,"potions_floor_spawned":[12],"killed_by":"The Guardian","ascension_level":0}}