{"host":"i0avyit1s6jb1siw","time":1610810076,"event":{"mods":["BaseMod","DeckTracker","Dota2Spire","Highlight Path","Minty Spire (QoL Compilation)","Quick Restart","StSLib","SuperFastMode"],"gold_per_floor":[113,113,131,56,72,72,90,90,90,119,132,132,132,148,148,243,243,263,24,24,24,37,37,78,96,96,116,160,60,76,76,76,76,76],"floor_reached":33,"language":"ENG","playtime":797,"items_purged":["Strike_G","Strike_G+1"],"score":574,"play_id":"c3fbe25e-450b-4074-be8c-df594b7247ee","local_time":"20210116161436","is_ascension_mode":true,"campfire_choices":[{"data":"Blade Dance","floor":6.0,"key":"SMITH"},{"data":"Deadly Poison","floor":8.0,"key":"SMITH"},{"floor":15.0,"key":"REST"},{"floor":23.0,"key":"DIG"},{"floor":32,"key":"REST"}],"circlet_count":0,"master_deck":["AscendersBane","Defend_G+1","Defend_G","Defend_G","Survivor","Neutralize","Infinite Blades","Blade Dance+1","Deadly Poison+1","PiercingWail","Catalyst","Cloak And Dagger","A Thousand Cuts","Eviscerate","Choke","Sucker Punch","Quick Slash+1","Adrenaline","Cloak And Dagger+1","Terror"],"relics":["Ring of the Snake","Dota2Spire:OctarineCore","Shovel","Golden Idol","Lantern","Dota2Spire:Bloodstone","Vajra","FaceOfCleric","Dota2Spire:ShadowBlade","Nunchaku","HornCleat","Mercury Hourglass"],"acts_visited":["Exordium","TheCity"],"potions_floor_usage":[33],"damage_taken":[{"damage":2.0,"enemies":"Small Slimes","floor":1.0,"turns":4.0},{"damage":0.0,"enemies":"Jaw Worm","floor":3.0,"turns":4.0},{"damage":0.0,"enemies":"Cultist","floor":5.0,"turns":3.0},{"damage":9.0,"enemies":"3 Louse","floor":7.0,"turns":2.0},{"damage":18.0,"enemies":"Lagavulin","floor":10.0,"turns":6.0},{"damage":0.0,"enemies":"Lots of Slimes","floor":11.0,"turns":4.0},{"damage":3.0,"enemies":"2 Fungi Beasts","floor":14.0,"turns":3.0},{"damage":6.0,"enemies":"Hexaghost","floor":16.0,"turns":9.0},{"damage":16.0,"enemies":"Spheric Guardian","floor":18.0,"turns":4.0},{"damage":0.0,"enemies":"Chosen","floor":22.0,"turns":2.0},{"damage":30.0,"enemies":"Book of Stabbing","floor":24.0,"turns":5.0},{"damage":7.0,"enemies":"Snecko","floor":25.0,"turns":4.0},{"damage":0.0,"enemies":"Sentry and Sphere","floor":27.0,"turns":3.0},{"damage":5.0,"enemies":"Gremlin Leader","floor":28.0,"turns":5.0},{"damage":0.0,"enemies":"Cultist and Chosen","floor":30.0,"turns":3.0},{"damage":33,"enemies":"Collector","floor":33,"turns":6}],"seed_played":"-4031845383835645795","potions_obtained":[{"floor":5.0,"key":"Explosive Potion"},{"floor":7.0,"key":"Weak Potion"},{"floor":11.0,"key":"SpeedPotion"},{"floor":24.0,"key":"SpeedPotion"}],"is_trial":false,"path_per_floor":["M","?","M","?","M","R","M","R","T","E","M","?","?","M","R","B",null,"M","$","?","?","M","R","E","M","T","M","E","$","M","?","R","B"],"character_chosen":"THE_SILENT","items_purchased":["Vajra"],"campfire_rested":2,"item_purchase_floors":[19],"current_hp_per_floor":[57,39,39,39,39,39,30,30,30,12,12,12,12,9,25,19,45,29,29,29,29,30,30,7,7,7,8,4,4,5,5,23,0,0],"gold":76,"neow_bonus":"REMOVE_TWO","is_daily":false,"chose_seed":false,"campfire_upgraded":2,"win_rate":0.0,"timestamp":1610810076,"path_taken":["M","?","M","?","?","R","M","R","T","E","M","?","?","?","R","BOSS","M","$","?","?","?","R","E","M","T","M","E","$","M","?","R","BOSS"],"items_purchased_type":["Relic"],"build_version":"2020-12-22","purchased_purges":2,"victory":false,"max_hp_per_floor":[60,60,60,60,60,60,60,60,60,60,60,54,54,54,54,54,54,54,54,54,54,55,55,56,57,57,58,59,59,60,60,60,60,60],"card_choices":[{"not_picked":["Flying Knee","Slice"],"picked":"Infinite Blades","floor":1.0},{"not_picked":["Well Laid Plans","Deadly Poison"],"picked":"Blade Dance","floor":3.0},{"not_picked":["Setup","Bane"],"picked":"Deadly Poison","floor":5.0},{"not_picked":["Outmaneuver","Expertise"],"picked":"PiercingWail","floor":7.0},{"not_picked":["Dagger Throw","Deflect"],"picked":"Choke","floor":10.0},{"not_picked":["Slice","Dagger Spray"],"picked":"Catalyst","floor":11.0},{"not_picked":["Masterful Stab","Poisoned Stab"],"picked":"Cloak And Dagger","floor":14.0},{"not_picked":["Tools of the Trade","Unload"],"picked":"A Thousand Cuts","floor":16.0},{"not_picked":["Quick Slash","Backflip"],"picked":"Eviscerate","floor":18.0},{"not_picked":["Flechettes","Setup"],"picked":"Quick Slash+1","floor":22.0},{"not_picked":["Distraction","Backflip"],"picked":"Adrenaline","floor":24.0},{"not_picked":["PiercingWail","Slice","Deadly Poison"],"picked":"SKIP","floor":25.0},{"not_picked":["Underhanded Strike","Poisoned Stab"],"picked":"Cloak And Dagger+1","floor":27.0},{"not_picked":["Noxious Fumes","Outmaneuver"],"picked":"Terror","floor":28.0},{"not_picked":["PiercingWail","Sucker Punch","Deadly Poison"],"picked":"SKIP","floor":30.0}],"player_experience":2263126,"relics_obtained":[{"floor":9.0,"key":"Dota2Spire:OctarineCore"},{"floor":10.0,"key":"Shovel"},{"floor":23.0,"key":"Dota2Spire:ShadowBlade"},{"floor":24.0,"key":"Nunchaku"},{"floor":26.0,"key":"HornCleat"},{"floor":28.0,"key":"Mercury Hourglass"}],"event_choices":[{"damage_healed":0.0,"max_hp_gain":0.0,"max_hp_loss":0.0,"gold_gain":0.0,"event_name":"Shining Light","player_choice":"Entered Light","floor":2.0,"gold_loss":0.0,"damage_taken":18.0,"cards_upgraded":["Strike_G","Defend_G"]},{"cards_removed":["Strike_G"],"damage_healed":0.0,"max_hp_gain":0.0,"max_hp_loss":0.0,"gold_gain":0.0,"event_name":"The Cleric","player_choice":"Card Removal","floor":4.0,"gold_loss":75.0,"damage_taken":0.0},{"damage_healed":0.0,"max_hp_gain":0.0,"max_hp_loss":6.0,"gold_gain":0.0,"event_name":"Golden Idol","player_choice":"Lose Max HP","floor":12.0,"gold_loss":0.0,"damage_taken":0.0,"relics_obtained":["Golden Idol"]},{"cards_removed":["Choke"],"damage_healed":0.0,"max_hp_gain":0.0,"max_hp_loss":0.0,"gold_gain":0.0,"event_name":"WeMeetAgain","player_choice":"Gave Card","floor":13.0,"gold_loss":0.0,"damage_taken":0.0,"relics_obtained":["Lantern"]},{"damage_healed":0.0,"max_hp_gain":0.0,"max_hp_loss":0.0,"gold_gain":0.0,"cards_transformed":["Strike_G","Defend_G"],"event_name":"Drug Dealer","player_choice":"Became Test Subject","floor":20.0,"gold_loss":0.0,"damage_taken":0.0,"cards_obtained":["Choke","Sucker Punch"]},{"damage_healed":0.0,"max_hp_gain":0.0,"max_hp_loss":0.0,"gold_gain":0.0,"event_name":"FaceTrader","player_choice":"Trade","floor":21.0,"gold_loss":0.0,"damage_taken":0.0,"relics_obtained":["FaceOfCleric"]},{"damage_healed":0,"gold_gain":0,"player_choice":"0 cards matched","damage_taken":0,"max_hp_gain":0,"max_hp_loss":0,"event_name":"Match and Keep!","floor":31,"gold_loss":0,"cards_obtained":[]}],"is_beta":false,"boss_relics":[{"not_picked":["WristBlade","Calling Bell"],"picked":"Dota2Spire:Bloodstone"}],"items_purged_floors":[19,29],"is_endless":false,"potions_floor_spawned":[5,7,11,18,24],"killed_by":"Collector","ascension_level":20}}