{"host":"56c2xpjnpymkv18q","time":1610770706,"event":{"mods":["Act Like it!","Aspiration","BaseMod","Lobotomy","LobotomyExtend","Minty Spire (QoL Compilation)","Quick Restart","Relic Stats","Replay The Spire","Spicy Shops","StSLib","The Alterego","The Jungle","The Marked"],"gold_per_floor":[180,180,32,42,42,67,95,95,95,95,95,95,95],"floor_reached":12,"language":"ZHS","playtime":1132,"items_purged":[],"score":86,"play_id":"a6b1e3f7-3dde-4221-b12f-c6ee295a7e60","local_time":"20210116121826","daily_mods":["Heirloom","Flight","DeadlyEvents","Elite Swarm"],"is_ascension_mode":true,"campfire_choices":[{"floor":8.0,"key":"REST"},{"data":"Delirium","floor":10.0,"key":"PURGE"},{"data":"Regret","floor":11.0,"key":"PURGE"}],"circlet_count":0,"master_deck":["alterego_mod:Strike","alterego_mod:Strike","alterego_mod:Strike","alterego_mod:Strike","alterego_mod:Defend","alterego_mod:Defend","alterego_mod:Defend","alterego_mod:Defend","alterego_mod:Impale","alterego_mod:BigMeatyClaws","alterego_mod:BrynhildrsRune","alterego_mod:TrashNCrash","alterego_mod:BrynhildrRomantia","alterego_mod:Tantrum"],"relics":["alterego_mod:MasochisticConstitution","Peace Pipe","Anchor","alterego_mod:SistersRibbon","LetterFromLob","Letter Opener","Garlic","Matryoshka"],"acts_visited":["Exordium"],"potions_floor_usage":[],"damage_taken":[{"damage":3.0,"enemies":"Small Slimes","floor":4.0,"turns":3.0},{"damage":22.0,"enemies":"3 Sentries","floor":6.0,"turns":9.0},{"damage":40.0,"enemies":"Replay:BlueRogue","floor":7.0,"turns":6.0},{"damage":0,"enemies":"Gremlin Nob","floor":12,"turns":2}],"seed_played":"-5752825054945685972","potions_obtained":[{"floor":4.0,"key":"Languid Potion"}],"is_trial":true,"path_per_floor":["?","?","$","M","$","E","E","R","T","R","R","E"],"character_chosen":"The_Alterego","items_purchased":["alterego_mod:SistersRibbon"],"campfire_rested":1,"item_purchase_floors":[3],"current_hp_per_floor":[70,70,70,68,68,54,25,47,47,47,47,47,47],"gold":95,"neow_bonus":"","is_daily":false,"chose_seed":false,"campfire_upgraded":0,"win_rate":0.0,"timestamp":1610770706,"path_taken":["?","?","$","?","?","E","E","R","T","R","R","E"],"items_purchased_type":["Relic"],"build_version":"2020-12-22","purchased_purges":0,"victory":false,"max_hp_per_floor":[70,70,70,71,71,72,76,76,76,76,76,76,76],"relic_stats":{"Peace Pipe":2,"counters":[4,20],"Letter Opener":[0],"obtain_stats":[{"Peace Pipe":0,"alterego_mod:MasochisticConstitution":0,"Anchor":2,"Matryoshka":9,"LetterFromLob":4,"Garlic":7,"alterego_mod:SistersRibbon":3,"Letter Opener":6},{"Peace Pipe":0,"alterego_mod:MasochisticConstitution":0,"Anchor":0,"Matryoshka":3,"LetterFromLob":1,"Garlic":3,"alterego_mod:SistersRibbon":0,"Letter Opener":2},{"Peace Pipe":0,"alterego_mod:MasochisticConstitution":0,"Anchor":0,"Matryoshka":18,"LetterFromLob":3,"Garlic":18,"alterego_mod:SistersRibbon":0,"Letter Opener":12}]},"card_choices":[{"not_picked":["alterego_mod:Support","alterego_mod:1TonWallop"],"picked":"alterego_mod:TrashNCrash","floor":4.0},{"not_picked":["alterego_mod:RingBreak","alterego_mod:Venus"],"picked":"alterego_mod:BrynhildrRomantia","floor":6.0},{"not_picked":["alterego_mod:Vow","alterego_mod:Alter"],"picked":"alterego_mod:Tantrum","floor":7.0}],"player_experience":146644,"relics_obtained":[{"floor":4.0,"key":"LetterFromLob"},{"floor":6.0,"key":"Letter Opener"},{"floor":7.0,"key":"Garlic"},{"floor":9.0,"key":"Matryoshka"}],"event_choices":[{"damage_healed":0.0,"max_hp_gain":0.0,"max_hp_loss":0.0,"gold_gain":0.0,"event_name":"Big Fish","player_choice":"Box","floor":2.0,"gold_loss":0.0,"damage_taken":0.0,"relics_obtained":["Anchor"],"cards_obtained":["Regret"]}],"is_beta":false,"boss_relics":[],"items_purged_floors":[],"is_endless":false,"potions_floor_spawned":[4],"killed_by":"Gremlin Nob","ascension_level":1}}