{"host":"w0w6jcqjdtkzk2bw","time":1610809884,"event":{"mods":["AchievementEnabler","BaseMod","Bestiary","Colored Map","Colored Powertips","Filter the Spire","Highlight Path","Minty Spire (QoL Compilation)","Permanent Neow","Quick Restart","StSLib","Synergy Search"],"gold_per_floor":[110,129,129,143,163,163,189,156,156,206,216,27,38,54,54,152,152,168,183,183,200,200,231,231,251,251,251,251,251,46,46,46,150,150,170,220,220,220,234,259,259,279,279,279,279,289,309,309,309,309,309],"floor_reached":50,"language":"ENG","playtime":4657,"items_purged":[],"score":542,"play_id":"bbdb688f-33ef-4846-8c0e-b312b5666e97","local_time":"20210116101124","is_ascension_mode":true,"campfire_choices":[{"data":"Eruption","floor":6,"key":"SMITH"},{"data":"TalkToTheHand","floor":15,"key":"SMITH"},{"floor":24,"key":"REST"},{"data":"Establishment","floor":27,"key":"SMITH"},{"floor":29,"key":"DIG"},{"floor":32,"key":"REST"},{"floor":41,"key":"RECALL"},{"floor":44,"key":"REST"},{"floor":49,"key":"REST"}],"circlet_count":0,"master_deck":["Strike_P","Strike_P","Strike_P+1","Defend_P+1","Defend_P+1","Defend_P","Eruption+1","Vigilance+1","Evaluate","Consecrate+1","ForeignInfluence+1","FollowUp+1","TalkToTheHand+1","Establishment+1","InnerPeace+1","CutThroughFate+1","LessonLearned","ThirdEye+1","ThirdEye+1","BattleHymn+1","Swivel+1","WheelKick","FollowUp+1","J.A.X.","Purity+1","Perseverance+1","Ragnarok+1","FlyingSleeves+1","WaveOfTheHand+1","Decay","FearNoEvil+1","Enlightenment+1","Wireheading+1"],"relics":["PureWater","Art of War","Blue Candle","Bag of Marbles","Lee\u0027s Waffle","Runic Pyramid","Shovel","Meat on the Bone","Toxic Egg 2","Cursed Key","Girya","Dream Catcher"],"acts_visited":["Exordium","TheCity","TheBeyond"],"potions_floor_usage":[7,16,23,23,33,40,47,50],"damage_taken":[{"damage":0,"enemies":"Small Slimes","floor":1,"turns":3},{"damage":0,"enemies":"2 Louse","floor":2,"turns":2},{"damage":0,"enemies":"Jaw Worm","floor":4,"turns":3},{"damage":13,"enemies":"Exordium Thugs","floor":5,"turns":4},{"damage":25,"enemies":"Lagavulin","floor":7,"turns":5},{"damage":0,"enemies":"Blue Slaver","floor":11,"turns":1},{"damage":0,"enemies":"3 Louse","floor":13,"turns":4},{"damage":0,"enemies":"Red Slaver","floor":14,"turns":1},{"damage":18,"enemies":"The Guardian","floor":16,"turns":6},{"damage":5,"enemies":"Spheric Guardian","floor":18,"turns":3},{"damage":14,"enemies":"Shell Parasite","floor":19,"turns":4},{"damage":8,"enemies":"Shelled Parasite and Fungi","floor":21,"turns":4},{"damage":39,"enemies":"Slavers","floor":23,"turns":6},{"damage":0,"enemies":"Cultist and Chosen","floor":25,"turns":5},{"damage":30,"enemies":"Automaton","floor":33,"turns":8},{"damage":5,"enemies":"Orb Walker","floor":35,"turns":3},{"damage":3,"enemies":"Mind Bloom Boss Battle","floor":36,"turns":5},{"damage":14,"enemies":"3 Shapes","floor":39,"turns":5},{"damage":8,"enemies":"Reptomancer","floor":40,"turns":5},{"damage":34,"enemies":"Jaw Worm Horde","floor":42,"turns":4},{"damage":25,"enemies":"3 Darklings","floor":46,"turns":4},{"damage":17,"enemies":"4 Shapes","floor":47,"turns":5},{"damage":67,"enemies":"Awakened One","floor":50,"turns":3}],"seed_played":"-6245343049122701964","potions_obtained":[{"floor":4,"key":"Dexterity Potion"},{"floor":11,"key":"Fruit Juice"},{"floor":13,"key":"PowerPotion"},{"floor":21,"key":"StancePotion"},{"floor":36,"key":"LiquidBronze"},{"floor":39,"key":"PowerPotion"},{"floor":40,"key":"LiquidBronze"},{"floor":47,"key":"Dexterity Potion"}],"is_trial":false,"path_per_floor":["M","M","?","M","M","R","E","?","T","T","M","$","M","M","R","B",null,"M","M","?","M","?","E","R","M","T","R","?","R","$","?","R","B",null,"M","?","?","?","M","E","R","M","T","R","?","M","M","?","R","B"],"character_chosen":"WATCHER","items_purchased":["Lee\u0027s Waffle","Wallop","Purity+1","Perseverance+1","PowerPotion"],"campfire_rested":4,"item_purchase_floors":[12,12,30,30,30],"current_hp_per_floor":[72,72,58,58,45,45,20,20,20,20,20,79,79,79,79,61,79,74,60,60,52,52,18,43,43,43,43,43,43,43,43,68,50,84,79,76,76,76,62,54,54,32,32,57,57,44,39,39,64,0,0],"gold":309,"neow_bonus":"TRANSFORM_CARD","is_daily":false,"chose_seed":false,"campfire_upgraded":3,"win_rate":0.0,"timestamp":1610809884,"path_taken":["M","M","?","M","M","R","E","?","T","?","?","$","M","M","R","BOSS","M","M","?","M","?","E","R","?","T","R","?","R","?","?","R","BOSS","M","?","?","?","M","E","R","M","T","R","?","M","M","?","R","BOSS"],"items_purchased_type":["Relic","Card","Card","Card","Potion"],"build_version":"2020-12-22","purchased_purges":0,"victory":false,"max_hp_per_floor":[72,72,72,72,72,72,72,72,72,72,72,79,79,79,79,79,79,79,79,79,79,79,84,84,84,84,84,84,84,84,84,84,84,84,84,84,84,84,84,84,84,84,84,84,84,84,84,84,84,84,84],"card_choices":[{"not_picked":["SashWhip","FlyingSleeves"],"picked":"Consecrate","floor":1},{"not_picked":["CrushJoints","EmptyBody"],"picked":"ForeignInfluence","floor":2},{"not_picked":["SignatureMove","CrushJoints","Consecrate"],"picked":"SKIP","floor":4},{"not_picked":["EmptyMind","Protect"],"picked":"FollowUp","floor":5},{"not_picked":["BowlingBash","JustLucky"],"picked":"TalkToTheHand","floor":7},{"not_picked":["ClearTheMind","Consecrate"],"picked":"Establishment","floor":11},{"not_picked":["JustLucky","SashWhip"],"picked":"InnerPeace","floor":13},{"not_picked":["Swivel","Collect"],"picked":"CutThroughFate","floor":14},{"not_picked":["Ragnarok","Scrawl"],"picked":"LessonLearned","floor":16},{"not_picked":["Crescendo","Swivel"],"picked":"ThirdEye","floor":18},{"not_picked":["Consecrate+1","JustLucky"],"picked":"ThirdEye+1","floor":19},{"not_picked":["CutThroughFate","ClearTheMind+1"],"picked":"Swivel+1","floor":21},{"not_picked":["ReachHeaven","Fasting2+1"],"picked":"FollowUp+1","floor":23},{"not_picked":["Prostrate","JustLucky+1","Evaluate"],"picked":"SKIP","floor":25},{"not_picked":["DeusExMachina+1","Omniscience+1"],"picked":"Ragnarok","floor":33},{"not_picked":["Wallop","FlurryOfBlows+1"],"picked":"FlyingSleeves+1","floor":35},{"not_picked":["Weave+1","FlyingSleeves+1"],"picked":"WaveOfTheHand+1","floor":36},{"not_picked":["Consecrate","Meditate+1","FlurryOfBlows+1"],"picked":"SKIP","floor":39},{"not_picked":["Prostrate+1","Study+1","FlurryOfBlows+1"],"picked":"SKIP","floor":40},{"not_picked":["ClearTheMind+1","Scrawl+1","Halt+1"],"picked":"SKIP","floor":42},{"not_picked":["EmptyMind+1","FlyingSleeves"],"picked":"FearNoEvil+1","floor":44},{"not_picked":["Weave","ReachHeaven+1","WindmillStrike"],"picked":"SKIP","floor":46},{"not_picked":["FlyingSleeves+1","Consecrate","JustLucky+1"],"picked":"SKIP","floor":47},{"not_picked":["Impatience+1","Secret Weapon+1"],"picked":"Enlightenment+1","floor":48},{"not_picked":["Crescendo+1","Adaptation+1"],"picked":"Wireheading+1","floor":49}],"player_experience":196524,"relics_obtained":[{"floor":7,"key":"Art of War"},{"floor":9,"key":"Blue Candle"},{"floor":10,"key":"Bag of Marbles"},{"floor":23,"key":"Shovel"},{"floor":26,"key":"Meat on the Bone"},{"floor":29,"key":"Toxic Egg 2"},{"floor":36,"key":"Girya"},{"floor":40,"key":"Dream Catcher"}],"event_choices":[{"damage_healed":0,"gold_gain":0,"player_choice":"Entered Light","damage_taken":14,"max_hp_gain":0,"max_hp_loss":0,"event_name":"Shining Light","floor":3,"gold_loss":0,"cards_upgraded":["Strike_P","Consecrate"]},{"damage_healed":0,"gold_gain":0,"player_choice":"Left Gold","damage_taken":0,"max_hp_gain":0,"max_hp_loss":0,"event_name":"World of Goop","floor":8,"gold_loss":33},{"damage_healed":0,"gold_gain":0,"player_choice":"Read","damage_taken":0,"max_hp_gain":0,"max_hp_loss":0,"event_name":"The Library","floor":20,"gold_loss":0,"cards_obtained":["BattleHymn"]},{"damage_healed":0,"gold_gain":0,"cards_transformed":["Strike_P"],"player_choice":"Transformed","damage_taken":0,"max_hp_gain":0,"max_hp_loss":0,"event_name":"Transmorgrifier","floor":22,"gold_loss":0,"cards_obtained":["WheelKick"]},{"damage_healed":0,"gold_gain":0,"player_choice":"Obtain J.A.X.","damage_taken":0,"max_hp_gain":0,"max_hp_loss":0,"event_name":"Drug Dealer","floor":28,"gold_loss":0,"cards_obtained":["J.A.X."]},{"damage_healed":0,"gold_gain":0,"player_choice":"Ignored","damage_taken":0,"max_hp_gain":0,"max_hp_loss":0,"event_name":"Vampires","floor":31,"gold_loss":0},{"damage_healed":0,"gold_gain":0,"player_choice":"Fight","damage_taken":0,"max_hp_gain":0,"max_hp_loss":0,"event_name":"MindBloom","floor":36,"gold_loss":0},{"damage_healed":0,"gold_gain":0,"player_choice":"Ignored","damage_taken":0,"max_hp_gain":0,"max_hp_loss":0,"event_name":"Tomb of Lord Red Mask","floor":37,"gold_loss":0},{"cards_removed":["Wallop"],"damage_healed":0,"gold_gain":0,"player_choice":"Removed Attack","damage_taken":0,"max_hp_gain":0,"max_hp_loss":0,"event_name":"Falling","floor":38,"gold_loss":0},{"damage_healed":0,"gold_gain":0,"player_choice":"Ignored","damage_taken":0,"max_hp_gain":0,"max_hp_loss":0,"event_name":"Mysterious Sphere","floor":45,"gold_loss":0},{"damage_healed":0,"gold_gain":0,"player_choice":"Memory 1","damage_taken":0,"max_hp_gain":0,"max_hp_loss":0,"event_name":"SensoryStone","floor":48,"gold_loss":0}],"is_beta":false,"boss_relics":[{"not_picked":["Fusion Hammer","Sozu"],"picked":"Runic Pyramid"},{"not_picked":["HolyWater","Busted Crown"],"picked":"Cursed Key"}],"items_purged_floors":[],"is_endless":false,"potions_floor_spawned":[4,11,13,21,36,39,40,47],"killed_by":"Awakened One","ascension_level":1}}