{"host":"6ku2x95nvqi5d9hv","time":1610759724,"event":{"mods":["Act Like it!","BaseMod","Better-Laid Plans","Colored Map","Colored Powertips","Lobotomy","Minty Spire (QoL Compilation)","Shop Mod","StSLib","TestMod","[IsaacMod]以撒尖塔","【功能Mod】混沌之环修复补丁","篝火指南"],"gold_per_floor":[115,515,515,515,534,572,572,606,632,647,666,666,681,692,692,792,792,815,815,519,522,522],"floor_reached":21,"language":"ZHS","playtime":846,"items_purged":["CherryBlossoms"],"score":189,"play_id":"8738eced-60a2-45a7-b958-a63fce9baa7d","local_time":"20210116091524","is_ascension_mode":false,"campfire_choices":[{"data":"Intimidate","floor":7.0,"key":"SMITH"},{"floor":12.0,"key":"REST"},{"data":"Armaments","floor":15.0,"key":"SMITH"}],"circlet_count":0,"master_deck":["Strike_R+1","Strike_R","Strike_R","Strike_R","Strike_R","Defend_R","Defend_R","Defend_R","Defend_R","Bash","BigBird","Metallicize+1","Intimidate+1","Mercenary","MHz","Evolve","FieryBird","Bomb","Scorched","NothingThere","Armaments+1","Fire Breathing","Laetitia","MeatLantern","Reaper","WallGazer","Immolate","Exhume"],"relics":["Burning Blood","testmod-TestBox","TheBean","testmod-RealStoneCalender","CogitoBucket","testmod-Acrobat","Leech","testmod-TurbochargingSystem","Centennial Puzzle","ResearcherNote","Runic Cube"],"acts_visited":["Exordium","TheCity"],"potions_floor_usage":[],"damage_taken":[{"damage":8.0,"enemies":"Jaw Worm","floor":1.0,"turns":3.0},{"damage":4.0,"enemies":"2 Louse","floor":5.0,"turns":3.0},{"damage":18.0,"enemies":"Lagavulin","floor":6.0,"turns":5.0},{"damage":12.0,"enemies":"Gremlin Nob","floor":8.0,"turns":3.0},{"damage":12.0,"enemies":"Small Slimes","floor":10.0,"turns":3.0},{"damage":29.0,"enemies":"Gremlin Gang","floor":11.0,"turns":4.0},{"damage":23.0,"enemies":"Large Slime","floor":13.0,"turns":3.0},{"damage":0.0,"enemies":"2 Fungi Beasts","floor":14.0,"turns":1.0},{"damage":39.0,"enemies":"The Guardian","floor":16.0,"turns":7.0},{"damage":28.0,"enemies":"2 Thieves","floor":18.0,"turns":3.0},{"damage":58,"enemies":"Spheric Guardian","floor":21,"turns":2}],"seed_played":"3726904993917156963","potions_obtained":[{"floor":5.0,"key":"Block Potion"},{"floor":6.0,"key":"Weak Potion"},{"floor":11.0,"key":"SkillPotion"},{"floor":18.0,"key":"CultistPotion"}],"is_trial":false,"path_per_floor":["M","?","?","?","M","E","R","E","T","M","M","R","M","M","R","B",null,"M","?","$","M"],"character_chosen":"IRONCLAD","items_purchased":["Immolate","Exhume"],"campfire_rested":1,"item_purchase_floors":[20,20],"current_hp_per_floor":[78,78,62,62,64,52,52,49,49,46,26,50,36,56,56,46,80,78,78,78,30,30],"gold":522,"neow_bonus":"","is_daily":false,"chose_seed":false,"campfire_upgraded":2,"win_rate":0.0,"timestamp":1610759724,"path_taken":["M","?","?","?","M","E","R","E","T","M","M","R","?","M","R","BOSS","M","?","$","M"],"items_purchased_type":["Card","Card"],"build_version":"2020-12-22","purchased_purges":1,"victory":false,"max_hp_per_floor":[80,80,80,80,80,80,80,80,80,80,80,80,80,80,80,80,80,80,80,80,80,80],"card_choices":[{"not_picked":["OldLady","ShyLook","Murderer"],"picked":"Singing Bowl","floor":1.0},{"not_picked":["SpiderBud","OldLady"],"picked":"BigBird","floor":1.0},{"not_picked":["Spot Weakness","Bomb"],"picked":"Metallicize","floor":1.0},{"not_picked":["Clothesline","Bomb"],"picked":"Intimidate","floor":5.0},{"not_picked":["ShyLook","BeautyBeast"],"picked":"Mercenary","floor":5.0},{"not_picked":["OldLady","Murderer"],"picked":"MHz","floor":6.0},{"not_picked":["Clothesline","Disarm","Flex"],"picked":"SKIP","floor":6.0},{"not_picked":["Clothesline","Disarm","Flex"],"picked":"SKIP","floor":6.0},{"not_picked":["OldLady","Murderer"],"picked":"CherryBlossoms","floor":8.0},{"not_picked":["Combust","Flame Barrier","Pommel Strike"],"picked":"SKIP","floor":8.0},{"not_picked":["Fire Breathing","Blood for Blood"],"picked":"Evolve","floor":10.0},{"not_picked":["SpiderBud","Woodsman"],"picked":"FieryBird","floor":10.0},{"not_picked":["Disarm","True Grit"],"picked":"Bomb","floor":11.0},{"not_picked":["VoidDream","SpiderBud"],"picked":"Scorched","floor":11.0},{"not_picked":["WallGazer","UniverseFragment"],"picked":"NothingThere","floor":13.0},{"not_picked":["Clothesline","True Grit"],"picked":"Armaments","floor":13.0},{"not_picked":["Infernal Blade","Sword Boomerang"],"picked":"Fire Breathing","floor":14.0},{"not_picked":["WhitesApple","Wellcheers"],"picked":"Laetitia","floor":14.0},{"not_picked":["WallGazer","VoidDream"],"picked":"MeatLantern","floor":16.0},{"not_picked":["Limit Break","Bludgeon"],"picked":"Reaper","floor":16.0},{"not_picked":["RedShoes","SpiderBud"],"picked":"WallGazer","floor":18.0},{"not_picked":["Body Slam","Sword Boomerang","Dropkick"],"picked":"SKIP","floor":18.0},{"not_picked":["Body Slam","Sword Boomerang","Dropkick"],"picked":"SKIP","floor":18.0}],"player_experience":377341,"relics_obtained":[{"floor":6.0,"key":"Leech"},{"floor":8.0,"key":"testmod-TurbochargingSystem"},{"floor":9.0,"key":"Centennial Puzzle"}],"event_choices":[{"damage_healed":0.0,"max_hp_gain":0.0,"max_hp_loss":0.0,"gold_gain":400.0,"event_name":"恩洛斯的盘子","player_choice":"Sell","floor":2.0,"relics_lost":["HushsDoor"],"gold_loss":0.0,"damage_taken":0.0},{"damage_healed":0.0,"max_hp_gain":0.0,"max_hp_loss":0.0,"gold_gain":0.0,"event_name":"Shining Light","player_choice":"Entered Light","floor":3.0,"gold_loss":0.0,"damage_taken":16.0,"cards_upgraded":["Strike_R","Metallicize"]},{"damage_healed":0.0,"max_hp_gain":0.0,"max_hp_loss":0.0,"gold_gain":0.0,"event_name":"Big Fish","player_choice":"Box","floor":4.0,"gold_loss":0.0,"damage_taken":0.0,"relics_obtained":["testmod-Acrobat"],"cards_obtained":["Regret"]},{"cards_removed":["Regret"],"damage_healed":0,"gold_gain":0,"player_choice":"Elegance","damage_taken":0,"max_hp_gain":0,"max_hp_loss":0,"event_name":"Back to Basics","floor":19,"gold_loss":0}],"is_beta":false,"boss_relics":[{"not_picked":["testmod-Recursion","Busted Crown"],"picked":"Runic Cube"}],"items_purged_floors":[20],"is_endless":false,"potions_floor_spawned":[5,6,11,13,18],"killed_by":"Spheric Guardian","ascension_level":0}}