{"host":"2nhpogk5xa0u9xre","time":1610823617,"event":{"mods":["Aspiration","BaseMod","Colored Powertips","Googly Eyes","Hubris","Infinite Spire","Minty Spire (QoL Compilation)","Rare Cards Sparkle","Replay The Spire","StSLib","The Construct","The Hayseed","The Hierophant","The Runesmith","The Senshi","everything is the same but u backflip on backflip"],"gold_per_floor":[116,126,136,86,96,122,122,150,150,173,20,20,20,36,36,158,158,190,231,231,239,239],"floor_reached":21,"language":"ENG","playtime":1236,"items_purged":[],"score":191,"play_id":"d72afdf4-6228-44e1-a076-79311cb5f3c8","local_time":"20210116140017","is_ascension_mode":false,"campfire_choices":[{"data":"theSenshi:SailorNeptuneAssists","floor":12,"key":"SMITH"},{"data":"theSenshi:MoonPrismPowerMakeUp","floor":15,"key":"SMITH"}],"circlet_count":0,"master_deck":["theSenshi:SailorKick","theSenshi:SailorKick","theSenshi:SailorKick","theSenshi:SailorBlock","theSenshi:SailorBlock","theSenshi:SailorBlock","theSenshi:SailorBlock","theSenshi:RoseThrow","theSenshi:MoonPrismPowerMakeUp+1","theSenshi:MoonlightKnight","theSenshi:InTheNickOfTime","theSenshi:MoonSpiralHeartAttack","theSenshi:SailorNeptuneAssists+1","theSenshi:SailorJupiterAssists","theSenshi:MoonTiaraMagic","theSenshi:SailorMercuryAssists","theSenshi:SailorMarsAssists","theSenshi:WarriorOfTheMoon","AbeCurse","theSenshi:SailorMarsAssists","theSenshi:MoonHealingEscalation","infinitespire:Fortify"],"relics":["theSenshi:TransformationBroochRelic","NeowsBlessing","Replay:Accelerometer","theSenshi:CrisisMoonCompactRelic","infinitespire:Midas Blood","Lee\u0027s Waffle","Abe\u0027s Treasure","Replay:Multitool","Black Star"],"acts_visited":["Exordium","TheCity"],"potions_floor_usage":[5,6,8,19],"damage_taken":[{"damage":0,"enemies":"Jaw Worm","floor":1,"turns":1},{"damage":0,"enemies":"Small Slimes","floor":2,"turns":1},{"damage":0,"enemies":"Cultist","floor":3,"turns":1},{"damage":16,"enemies":"Large Slime","floor":5,"turns":14},{"damage":30,"enemies":"3 Sentries","floor":6,"turns":18},{"damage":38,"enemies":"Gremlin Nob","floor":8,"turns":7},{"damage":13,"enemies":"Exordium Thugs","floor":10,"turns":8},{"damage":2,"enemies":"Blue Slaver","floor":14,"turns":5},{"damage":65,"enemies":"The Guardian","floor":16,"turns":22},{"damage":41,"enemies":"Spheric Guardian","floor":18,"turns":8},{"damage":29,"enemies":"3 Byrds","floor":19,"turns":8},{"damage":26,"enemies":"3 Cultists","floor":21,"turns":5}],"seed_played":"-8749295405694740992","potions_obtained":[{"floor":3,"key":"ColorlessPotion"},{"floor":5,"key":"Fire Potion"},{"floor":6,"key":"Block Potion"},{"floor":18,"key":"SkillPotion"}],"is_trial":false,"path_per_floor":["M","M","M","?","M","E","?","E","T","M","$","R","?","M","R","B",null,"M","M","AVR","M"],"character_chosen":"THE_SENSHI","items_purchased":["Lee\u0027s Waffle"],"campfire_rested":0,"item_purchase_floors":[11],"current_hp_per_floor":[75,75,75,75,59,29,54,16,16,3,82,82,82,82,82,37,82,46,27,27,6,6],"gold":239,"neow_bonus":"THREE_ENEMY_KILL","is_daily":false,"chose_seed":false,"campfire_upgraded":2,"win_rate":0.0,"timestamp":1610823617,"path_taken":["M","M","M","?","M","E","?","E","T","M","$","R","?","M","R","BOSS","M","M","AVR","M"],"items_purchased_type":["Relic"],"build_version":"2020-12-22","purchased_purges":0,"victory":false,"max_hp_per_floor":[75,75,75,75,75,75,75,75,75,75,82,82,82,82,82,82,82,82,82,82,82,82],"card_choices":[{"not_picked":["theSenshi:Sidestep","theSenshi:SailorMercuryAssists"],"picked":"theSenshi:MoonlightKnight","floor":1},{"not_picked":["theSenshi:SupersonicWaves","theSenshi:CrisisMakeUp"],"picked":"theSenshi:InTheNickOfTime","floor":2},{"not_picked":["theSenshi:SupersonicWaves","theSenshi:MarsPride"],"picked":"theSenshi:MoonSpiralHeartAttack","floor":3},{"not_picked":["theSenshi:SailorMercuryAssists","theSenshi:SailorMarsAssists"],"picked":"theSenshi:SailorNeptuneAssists","floor":5},{"not_picked":["theSenshi:MoonSpiralHeartAttack","theSenshi:MoonCosmicPowerMakeUp"],"picked":"theSenshi:SailorJupiterAssists","floor":6},{"not_picked":["theSenshi:NeptunesGrace","theSenshi:KlutzyLuck"],"picked":"theSenshi:MoonTiaraMagic","floor":8},{"not_picked":["theSenshi:MoonPunch","theSenshi:SailorCosmosAssists"],"picked":"theSenshi:SailorMercuryAssists","floor":10},{"not_picked":["theSenshi:MarsPride","theSenshi:SupersonicWaves","theSenshi:MoonSpiralHeartAttack"],"picked":"SKIP","floor":14},{"not_picked":["theSenshi:GlimpseOfThePast","theSenshi:FatedKiss"],"picked":"theSenshi:WarriorOfTheMoon","floor":16},{"not_picked":["theSenshi:DramaticEntrance","theSenshi:SailorStarMakerAssists"],"picked":"theSenshi:SailorMarsAssists","floor":18},{"not_picked":["theSenshi:SailorChibiMoonAssists","theSenshi:SailorVenusAssists+1"],"picked":"theSenshi:MoonHealingEscalation","floor":19}],"player_experience":256720,"relics_obtained":[{"floor":6,"key":"Replay:Accelerometer"},{"floor":8,"key":"theSenshi:CrisisMoonCompactRelic"},{"floor":9,"key":"infinitespire:Midas Blood"}],"event_choices":[{"cards_removed":["theSenshi:SailorKick"],"damage_healed":0,"gold_gain":0,"player_choice":"Card Removal","damage_taken":0,"max_hp_gain":0,"max_hp_loss":0,"event_name":"The Cleric","floor":4,"gold_loss":50},{"damage_healed":25,"gold_gain":0,"player_choice":"Banana","damage_taken":0,"max_hp_gain":0,"max_hp_loss":0,"event_name":"Big Fish","floor":7,"gold_loss":0},{"damage_healed":0,"gold_gain":0,"player_choice":"1 cards matched","damage_taken":0,"max_hp_gain":0,"max_hp_loss":0,"event_name":"Match and Keep!","floor":13,"gold_loss":0,"cards_obtained":["theSenshi:SailorMarsAssists"]}],"is_beta":false,"boss_relics":[{"not_picked":["ReplayTheSpireMod:DimensionalGlitch","hubris:HollowSoul"],"picked":"Abe\u0027s Treasure"}],"items_purged_floors":[],"is_endless":false,"potions_floor_spawned":[3,5,6,18],"killed_by":"3 Cultists","ascension_level":0}}