{"host":"6eswuwtz6j8isipc","time":1610820913,"event":{"mods":["BaseMod","Better Third Choice","BetterRewards","Conspire","Hubris","Infinite Spire","Minty Spire (QoL Compilation)","Replay The Spire","Spicy Shops","StSLib","The Cursed"],"gold_per_floor":[363,246,264,264,35,35,54,54,80,94,94,125,150,325,325,420,420,345,345,345,361,421,421,421,421,476,476,476,511,523,541,541,645,645,645,645],"floor_reached":35,"language":"ENG","playtime":3788,"items_purged":["hubris:Gluttony"],"score":564,"play_id":"2c5bb56d-8b04-4313-be01-9f48660cdc11","local_time":"20210116131513","is_ascension_mode":true,"campfire_choices":[{"data":"TheCursedMod:AntiAging","floor":6,"key":"SMITH"},{"data":"TheCursedMod:CleanUpWorkshop","floor":8,"key":"SMITH"},{"floor":15,"key":"DIG"},{"data":"TheCursedMod:ManaCirculation","floor":23,"key":"SMITH"},{"data":"TheCursedMod:LuckyCharm+2","floor":25,"key":"SMITH"},{"data":"TheCursedMod:LuckyCharm+3","floor":27,"key":"SMITH"},{"data":"Establishment","floor":32,"key":"SMITH"}],"circlet_count":0,"master_deck":["TheCursedMod:Strike_TheCursed+1","TheCursedMod:Strike_TheCursed+1","TheCursedMod:Strike_TheCursed+1","TheCursedMod:Defend_TheCursed+1","TheCursedMod:Defend_TheCursed+1","TheCursedMod:Defend_TheCursed+1","TheCursedMod:CursedWand","TheCursedMod:CleanUpWorkshop+1","TheCursedMod:Dregs","TheCursedMod:LuckyCharm+4","TheCursedMod:FleshFromBone","TheCursedMod:AntiAging+1","TheCursedMod:AbyssShockwave","Doubt","Establishment+1","hubris:Disease","Doubt","TheCursedMod:ManaCirculation+1","TheCursedMod:CursedStaff","TheCursedMod:RavingStaff","TheCursedMod:VoidForm","TheCursedMod:WearCloak+1","TheCursedMod:CircleOfFocus+1","hubris:Greed","DeusExMachina"],"relics":["TheCursedMod:BlackMagic101","TheAbacus","infinitespire:Satchel","Blue Candle","hubris:MysteriousPyramids","War Paint","hubris:DisguiseKit","Replay:Ancient Bell","PreservedInsect","infinitespire:Eraser","conspire:InfiniteJournal","Orichalcum","infinitespire:Lucky Rock","FossilizedHelix","hubris:Reverence","Runic Pyramid"],"acts_visited":["Exordium","TheCity","TheBeyond"],"potions_floor_usage":[12,16,30,30,33],"damage_taken":[{"damage":2,"enemies":"2 Louse","floor":1,"turns":2},{"damage":0,"enemies":"Cultist","floor":3,"turns":4},{"damage":0,"enemies":"Small Slimes","floor":7,"turns":4},{"damage":17,"enemies":"Exordium Wildlife","floor":10,"turns":5},{"damage":19,"enemies":"3 Sentries","floor":12,"turns":12},{"damage":12,"enemies":"The Guardian","floor":16,"turns":16},{"damage":18,"enemies":"2 Thieves","floor":18,"turns":5},{"damage":0,"enemies":"Spheric Guardian","floor":21,"turns":9},{"damage":34,"enemies":"conspire:MimicChest","floor":22,"turns":16},{"damage":0,"enemies":"Nightmare","floor":29,"turns":11},{"damage":7,"enemies":"Snake Plant","floor":30,"turns":7},{"damage":1,"enemies":"Chosen and Byrds","floor":31,"turns":7},{"damage":11,"enemies":"Collector","floor":33,"turns":9},{"damage":0,"enemies":"Orb Walker","floor":35,"turns":4}],"seed_played":"1317583136766720960","potions_obtained":[{"floor":10,"key":"Dexterity Potion"},{"floor":12,"key":"PowerPotion"},{"floor":16,"key":"Languid Potion"},{"floor":21,"key":"Adrenaline Potion"},{"floor":31,"key":"BlessingOfTheForge"},{"floor":33,"key":"Ancient Potion"}],"is_trial":false,"path_per_floor":["M","$","M","?","$","R","M","R","T","M","T","E","T","?","R","B",null,"M","?","?","M","?","R","?","R","T","R","AVR","NM","M","M","R","B",null,"M"],"character_chosen":"THE_CURSED","items_purchased":["TheCursedMod:LuckyCharm","TheAbacus","TheCursedMod:AntiAging"],"campfire_rested":0,"item_purchase_floors":[2,5,5],"current_hp_per_floor":[66,66,66,66,66,66,69,69,69,55,55,39,39,39,39,30,80,65,65,65,68,37,37,37,37,37,37,37,40,36,38,38,31,102,105,105],"gold":645,"neow_bonus":"TWO_FIFTY_GOLD","is_daily":false,"chose_seed":false,"campfire_upgraded":6,"win_rate":0.0,"timestamp":1610820913,"path_taken":["M","$","M","?","?","R","M","R","T","M","?","E","?","?","R","BOSS","M","?","?","?","?","R","?","R","T","R","AVR","NM","M","M","R","BOSS","M"],"items_purchased_type":["Card","Relic","Card"],"build_version":"2020-12-22","purchased_purges":1,"victory":false,"max_hp_per_floor":[68,68,68,68,68,68,71,71,71,74,74,77,77,77,77,80,80,83,83,83,86,89,89,89,89,89,89,89,92,95,98,98,102,102,105,105],"card_choices":[{"not_picked":["TheCursedMod:CircleOfAmplification","TheCursedMod:Stretching","TheCursedMod:CircleOfFlame"],"picked":"SKIP","floor":1},{"not_picked":["TheCursedMod:CircleOfCorruption","TheCursedMod:TacticalStrike"],"picked":"TheCursedMod:FleshFromBone","floor":3},{"not_picked":["TheCursedMod:CursedAmulet","TheCursedMod:PrepareRite"],"picked":"TheCursedMod:AbyssShockwave","floor":7},{"not_picked":["TheCursedMod:WearCloak","TheCursedMod:SmokeScreen","TheCursedMod:CursedBlade"],"picked":"SKIP","floor":10},{"not_picked":["TheCursedMod:ParallelWorld","TheCursedMod:ReleasedKnowledge","TheCursedMod:FuryStrike"],"picked":"SKIP","floor":12},{"not_picked":["TheCursedMod:ShockAndAwe","TheCursedMod:OutForBlood","TheCursedMod:UltimatePain"],"picked":"Establishment","floor":16},{"not_picked":["hubris:Wrath","hubris:Compulsion","Parasite"],"picked":"hubris:Gluttony","floor":17},{"not_picked":["conspire:Blindness","Normality","ReplayTheSpireMod:Restless Dread"],"picked":"hubris:Disease","floor":17},{"not_picked":["infinitespire:Pacifist","Amnesia","Replay:Hysterical Blindness"],"picked":"Doubt","floor":17},{"not_picked":["TheCursedMod:VitalStrike","TheCursedMod:CircleOfFlame","TheCursedMod:CursedShiv","Scrawl"],"picked":"SKIP","floor":18},{"not_picked":["TheCursedMod:CursedAmulet","TheCursedMod:CursedMace","Halt"],"picked":"TheCursedMod:ManaCirculation","floor":21},{"not_picked":["TheCursedMod:HellsGateOpen+1","TheCursedMod:RapidMovement","Alpha"],"picked":"TheCursedMod:VoidForm","floor":29},{"not_picked":["TheCursedMod:BloodBarrier","TheCursedMod:CursedBlade+1","EmptyBody"],"picked":"TheCursedMod:WearCloak+1","floor":30},{"not_picked":["TheCursedMod:SmokeScreen+1","TheCursedMod:FleshFromBone","JustLucky"],"picked":"TheCursedMod:CircleOfFocus+1","floor":31},{"not_picked":["TheCursedMod:VoidForm","TheCursedMod:AntiAging","TheCursedMod:NeowsMight"],"picked":"DeusExMachina","floor":33}],"player_experience":1365707,"relics_obtained":[{"floor":9,"key":"infinitespire:Satchel"},{"floor":11,"key":"Blue Candle"},{"floor":12,"key":"hubris:MysteriousPyramids"},{"floor":13,"key":"War Paint"},{"floor":15,"key":"hubris:DisguiseKit"},{"floor":22,"key":"Orichalcum"},{"floor":26,"key":"infinitespire:Lucky Rock"},{"floor":29,"key":"hubris:Reverence"}],"event_choices":[{"damage_healed":0,"gold_gain":0,"player_choice":"Upgraded","damage_taken":0,"max_hp_gain":0,"max_hp_loss":0,"event_name":"Upgrade Shrine","floor":4,"gold_loss":0,"cards_upgraded":["TheCursedMod:LuckyCharm"]},{"damage_healed":0,"gold_gain":175,"player_choice":"AGREE","damage_taken":150,"max_hp_gain":0,"max_hp_loss":0,"event_name":"betterThird:BetterSerpent","floor":14,"gold_loss":0},{"damage_healed":0,"gold_gain":0,"player_choice":"Simplicity","damage_taken":0,"max_hp_gain":0,"max_hp_loss":6,"event_name":"betterThird:BetterWriting","floor":19,"gold_loss":0},{"damage_healed":0,"gold_gain":0,"player_choice":"Forge","damage_taken":0,"max_hp_gain":0,"max_hp_loss":0,"event_name":"Accursed Blacksmith","floor":20,"gold_loss":0,"cards_upgraded":["TheCursedMod:LuckyCharm"]},{"damage_healed":0,"gold_gain":0,"cards_transformed":["TheCursedMod:Defend_TheCursed","TheCursedMod:Strike_TheCursed"],"player_choice":"Became Test Subject","damage_taken":0,"max_hp_gain":0,"max_hp_loss":0,"event_name":"Drug Dealer","floor":24,"gold_loss":0,"cards_obtained":["TheCursedMod:CursedStaff","TheCursedMod:RavingStaff"]}],"is_beta":false,"boss_relics":[{"not_picked":["conspire:RunicOctahedron","hubris:RunicObelisk"],"picked":"Replay:Ancient Bell"},{"not_picked":["hubris:ToyBattleship","Pet Ghost"],"picked":"PreservedInsect"},{"not_picked":["conspire:BottledYoYo","Chameleon Ring"],"picked":"infinitespire:Eraser"},{"not_picked":["hubris:CuriousFeather","infinitespire:Magic Flask"],"picked":"conspire:InfiniteJournal"},{"not_picked":["hubris:CrackedHourglass","ReplayTheSpireMod:DimensionalGlitch"],"picked":"Runic Pyramid"}],"items_purged_floors":[28],"is_endless":true,"potions_floor_spawned":[10,12,16,21,31,33],"killed_by":"Orb Walker","ascension_level":1}}