{"host":"5p9hybygolzp0efr","time":1610787481,"event":{"mods":["AchievementEnabler","BaseMod","Bestiary","Colored Map","Minty Spire (QoL Compilation)","Relic Stats"],"gold_per_floor":[114,130,149,23,39,74,74,104,129,129,147,147,163,180,180,180,180],"floor_reached":16,"language":"ENG","playtime":821,"items_purged":[],"score":114,"play_id":"21a8a61c-9b9d-4d4d-a302-9b3e5613e047","local_time":"20210116165801","is_ascension_mode":true,"campfire_choices":[{"data":"Worship","floor":10,"key":"SMITH"},{"floor":12,"key":"REST"},{"data":"LikeWater","floor":15,"key":"SMITH"}],"circlet_count":0,"master_deck":["Strike_P","Strike_P","Strike_P","Strike_P","Defend_P","Defend_P","Defend_P","Defend_P","Eruption","Vigilance","Prostrate","Meditate","Prostrate","LikeWater+1","Protect","InnerPeace","Worship+1","WreathOfFlame","CutThroughFate","Wish"],"relics":["PureWater","Bag of Marbles","Strawberry","Juzu Bracelet"],"acts_visited":["Exordium"],"potions_floor_usage":[16],"damage_taken":[{"damage":10.0,"enemies":"2 Louse","floor":1.0,"turns":3.0},{"damage":0.0,"enemies":"Small Slimes","floor":2.0,"turns":2.0},{"damage":4.0,"enemies":"Jaw Worm","floor":3.0,"turns":4.0},{"damage":6,"enemies":"Large Slime","floor":5,"turns":7},{"damage":36,"enemies":"Gremlin Nob","floor":6,"turns":6},{"damage":9,"enemies":"3 Louse","floor":11,"turns":6},{"damage":1,"enemies":"Blue Slaver","floor":13,"turns":6},{"damage":2,"enemies":"Looter","floor":14,"turns":4},{"damage":48,"enemies":"The Guardian","floor":16,"turns":6}],"seed_played":"-7932731963813988091","potions_obtained":[{"floor":2.0,"key":"LiquidBronze"},{"floor":3.0,"key":"Strength Potion"},{"floor":11,"key":"DuplicationPotion"}],"is_trial":false,"path_per_floor":["M","M","M","$","M","E","?","?","T","R","M","R","M","M","R","B"],"character_chosen":"WATCHER","items_purchased":["LikeWater","Protect"],"campfire_rested":1,"item_purchase_floors":[4,4],"current_hp_per_floor":[69,69,65,65,59,23,27,27,27,27,18,43,42,40,40,0,0],"gold":180,"neow_bonus":"TEN_PERCENT_HP_BONUS","is_daily":false,"chose_seed":false,"campfire_upgraded":2,"win_rate":0.0,"timestamp":1610787481,"path_taken":["M","M","M","$","M","E","?","?","T","R","M","R","M","M","R","BOSS"],"items_purchased_type":["Card","Card"],"build_version":"2020-12-22","purchased_purges":0,"victory":false,"max_hp_per_floor":[79,79,79,79,79,79,86,86,86,86,86,86,86,86,86,86,86],"relic_stats":{"counters":[9,44],"Juzu Bracelet":0,"obtain_stats":[{"Strawberry":7,"Bag of Marbles":6,"Juzu Bracelet":9,"PureWater":0},{"Strawberry":5,"Bag of Marbles":5,"Juzu Bracelet":5,"PureWater":0},{"Strawberry":22,"Bag of Marbles":22,"Juzu Bracelet":22,"PureWater":0}]},"card_choices":[{"not_picked":["SashWhip","PathToVictory"],"picked":"Prostrate","floor":1.0},{"not_picked":["FlurryOfBlows","Conclude"],"picked":"Meditate","floor":2.0},{"not_picked":["Weave","FollowUp"],"picked":"Prostrate","floor":3.0},{"not_picked":["SashWhip","Evaluate"],"picked":"InnerPeace","floor":5},{"not_picked":["CutThroughFate","JustLucky"],"picked":"Worship","floor":6},{"not_picked":["Nirvana","CrushJoints"],"picked":"WreathOfFlame","floor":11},{"not_picked":["InnerPeace","Conclude"],"picked":"CutThroughFate","floor":13},{"not_picked":["SandsOfTime","Study"],"picked":"Wish","floor":14}],"player_experience":468494,"relics_obtained":[{"floor":6,"key":"Bag of Marbles"},{"floor":9,"key":"Juzu Bracelet"}],"event_choices":[{"damage_healed":0,"gold_gain":0,"player_choice":"Success","damage_taken":3,"relics_obtained":["Strawberry"],"max_hp_gain":0,"max_hp_loss":0,"event_name":"Scrap Ooze","floor":7,"gold_loss":0},{"damage_healed":0,"gold_gain":30,"player_choice":"Searched \u00272\u0027 times","damage_taken":0,"max_hp_gain":0,"max_hp_loss":0,"event_name":"Dead Adventurer","floor":8,"gold_loss":0}],"is_beta":false,"boss_relics":[],"items_purged_floors":[],"is_endless":false,"potions_floor_spawned":[2,3,11],"killed_by":"The Guardian","ascension_level":2}}