{"host":"2pmmafybkq7zb6na","time":1610781480,"event":{"mods":["AchievementEnabler","BaseMod","Colored Map","Highlight Path","Minty Spire (QoL Compilation)","Quick Restart","StSLib","SuperFastMode"],"gold_per_floor":[119,134,134,144,43,69,69,69,96,114,130,130,164,25,25,121,121,131,131,131,143,18,18,18,18],"floor_reached":24,"language":"KOR","playtime":1148,"items_purged":["Strike_G","Strike_G","Dramatic Entrance"],"score":206,"play_id":"f0f65d22-b8ba-4597-a8c9-7760fe1290cf","local_time":"20210116161800","is_ascension_mode":false,"campfire_choices":[{"floor":7,"key":"REST"},{"floor":12,"key":"REST"},{"data":"Noxious Fumes","floor":15,"key":"SMITH"},{"data":"Accuracy","floor":23,"key":"SMITH"}],"circlet_count":0,"master_deck":["Defend_G","Defend_G","Defend_G","Survivor","Neutralize","Backflip","Prepared+1","Outmaneuver","PiercingWail+1","Dagger Spray","Slice","Reflex","Terror","Sucker Punch","Noxious Fumes+1","Adrenaline","Flying Knee+1","Accuracy+1","Cloak And Dagger","Choke","Finisher"],"relics":["Ring of the Snake","Lantern","War Paint","Eternal Feather","Empty Cage"],"acts_visited":["Exordium","TheCity"],"potions_floor_usage":[6,16,16],"damage_taken":[{"damage":0.0,"enemies":"2 Louse","floor":1.0,"turns":2.0},{"damage":0.0,"enemies":"Small Slimes","floor":2.0,"turns":3.0},{"damage":0.0,"enemies":"Jaw Worm","floor":4.0,"turns":4.0},{"damage":58,"enemies":"Lagavulin","floor":6,"turns":9},{"damage":0,"enemies":"2 Fungi Beasts","floor":10,"turns":2},{"damage":18,"enemies":"Large Slime","floor":11,"turns":8},{"damage":11,"enemies":"Gremlin Nob","floor":13,"turns":4},{"damage":22,"enemies":"Slime Boss","floor":16,"turns":11},{"damage":11,"enemies":"Chosen","floor":18,"turns":5},{"damage":13,"enemies":"Shell Parasite","floor":21,"turns":5},{"damage":60,"enemies":"Cultist and Chosen","floor":24,"turns":7}],"seed_played":"1240677265758913008","potions_obtained":[{"floor":2.0,"key":"AttackPotion"},{"floor":4.0,"key":"SpeedPotion"},{"floor":13,"key":"Ancient Potion"},{"floor":18,"key":"Strength Potion"}],"is_trial":false,"path_per_floor":["M","M","?","M","$","E","R","?","T","M","M","R","E","$","R","B",null,"M","?","?","M","$","R","M"],"character_chosen":"THE_SILENT","items_purchased":["PiercingWail","Noxious Fumes"],"campfire_rested":2,"item_purchase_floors":[5,14],"current_hp_per_floor":[70,70,75,75,75,17,39,39,39,39,21,43,32,32,44,22,75,64,64,64,51,51,63,3,3],"gold":18,"neow_bonus":"RANDOM_COLORLESS","is_daily":false,"chose_seed":false,"campfire_upgraded":2,"win_rate":0.0,"timestamp":1610781480,"path_taken":["M","M","?","M","$","E","R","?","T","M","M","R","E","$","R","BOSS","M","?","?","M","$","R","M"],"items_purchased_type":["Card","Card"],"build_version":"2020-12-22","purchased_purges":3,"victory":false,"max_hp_per_floor":[70,70,75,75,75,75,75,75,75,75,75,75,75,75,75,75,75,75,75,75,75,75,75,75,75],"card_choices":[{"not_picked":["Deep Breath","Discovery"],"picked":"Dramatic Entrance","floor":0.0},{"not_picked":["Quick Slash","Skewer"],"picked":"Backflip","floor":1.0},{"not_picked":["All Out Attack","Deflect"],"picked":"Prepared","floor":2.0},{"not_picked":["Footwork","Slice"],"picked":"Outmaneuver","floor":4.0},{"not_picked":["Glass Knife","Quick Slash"],"picked":"Dagger Spray","floor":6},{"not_picked":["Backflip","Heel Hook"],"picked":"Reflex","floor":10},{"not_picked":["Backflip","Skewer"],"picked":"Terror","floor":11},{"not_picked":["Riddle With Holes","Malaise"],"picked":"Sucker Punch","floor":13},{"not_picked":["Storm of Steel","Die Die Die"],"picked":"Adrenaline","floor":16},{"not_picked":["Finisher","Footwork"],"picked":"Flying Knee+1","floor":18},{"not_picked":["Bane","Escape Plan"],"picked":"Choke","floor":21},{"not_picked":["Cloak And Dagger+1","A Thousand Cuts"],"picked":"Finisher","floor":24}],"player_experience":46096,"relics_obtained":[{"floor":6,"key":"Lantern"},{"floor":9,"key":"War Paint"},{"floor":13,"key":"Eternal Feather"}],"event_choices":[{"damage_healed":0.0,"max_hp_gain":5.0,"max_hp_loss":0.0,"gold_gain":0.0,"event_name":"Big Fish","player_choice":"Donut","floor":3.0,"gold_loss":0.0,"damage_taken":0.0},{"damage_healed":0,"gold_gain":0,"cards_transformed":["Strike_G"],"player_choice":"Change","damage_taken":0,"max_hp_gain":0,"max_hp_loss":0,"event_name":"Living Wall","floor":8,"gold_loss":0,"cards_obtained":["Slice"]},{"damage_healed":0,"gold_gain":0,"player_choice":"Ignored","damage_taken":0,"max_hp_gain":0,"max_hp_loss":0,"event_name":"Vampires","floor":19,"gold_loss":0},{"damage_healed":0,"gold_gain":0,"cards_transformed":["Strike_G","Defend_G"],"player_choice":"Became Test Subject","damage_taken":0,"max_hp_gain":0,"max_hp_loss":0,"event_name":"Drug Dealer","floor":20,"gold_loss":0,"cards_obtained":["Accuracy","Cloak And Dagger"]}],"is_beta":false,"boss_relics":[{"not_picked":["Coffee Dripper","WristBlade"],"picked":"Empty Cage"}],"items_purged_floors":[5,14,22],"is_endless":false,"potions_floor_spawned":[2,4,13,18],"killed_by":"Cultist and Chosen","ascension_level":0}}