{"host":"p08oqmr389b4tgxi","time":1610766897,"event":{"mods":["Act Like it!","BaseMod","CapriCore","Colored Powertips","Gensokyo","Hallownest","Luminous","Minty Spire (QoL Compilation)","Quick Restart","Relic Stats","StSLib","The Immortal","UnlockEverythingMod","Yakumo Yukari mod","¡¾ÒÅÎï¿¨ÅÆ¡¿REMEMod"],"gold_per_floor":[109,109,120,120,85,85,119,131,131,164,177,177,194,41,41,138,138,150,150,70,88,99,99,127,127,173,205,205,205,205,28,28,124,124,138,13,30,42,53,86,86,114,139,168,185,210,210,210],"floor_reached":46,"language":"ZHS","playtime":2900,"items_purged":["MokouMod:Defend","MokouMod:Strike","MokouMod:Defend"],"score":677,"play_id":"e6acc2f7-8f1b-43dc-89c9-dc236edbd67e","local_time":"20210116111457","is_ascension_mode":true,"campfire_choices":[{"data":"MokouMod:DanceofFlames","floor":6.0,"key":"SMITH"},{"data":"MokouMod:ScorchedEarth","floor":15.0,"key":"SMITH"},{"data":"MokouMod:Sear","floor":23.0,"key":"SMITH"},{"data":"MokouMod:Scorch","floor":25.0,"key":"SMITH"},{"data":"MokouMod:HeartofFire","floor":30.0,"key":"SMITH"},{"data":"MokouMod:Meltdown","floor":32.0,"key":"SMITH"},{"floor":41,"key":"REST"}],"circlet_count":0,"master_deck":["MokouMod:Strike","MokouMod:Strike","MokouMod:Defend","MokouMod:HeatSpark","MokouMod:DanceofFlames+1","MokouMod:DanceofFlames+1","MokouMod:ScorchedEarth+1","MokouMod:IgnitionBlast","MokouMod:ProfanedFlare","MokouMod:Scorch+1","Hallownest:skillCityofTearsMap","MokouMod:Sear+1","MokouMod:HeartofFire+1","MokouMod:WarmUp","MokouMod:Meltdown+1","MokouMod:PhoenixForm","MokouMod:ResonanceReactor","MokouMod:HeatTransfer+1","MokouMod:BurningDraft+1"],"relics":["MokouMod:PhoenixFeather","REME_ComplimentaryCards","NeowsBlessing","Hallownest:DreamNailRelic","Sundial","InkBottle","Philosopher\u0027s Stone","Hallownest:WatcherSealRelic","Vajra","PreservedInsect","Ancient Tea Set","Sozu","The Courier","Pear","Anchor","REME_PuzzleBoxRelic"],"acts_visited":["Exordium","Hallownest:Greenpath","Hallownest:CityofTears"],"potions_floor_usage":[],"damage_taken":[{"damage":0.0,"enemies":"Hallownest:monsterHuskGuard","floor":1.0,"turns":1.0},{"damage":0.0,"enemies":"Hallownest:2_Tiktiks_and_1_Crawlid","floor":3.0,"turns":1.0},{"damage":0.0,"enemies":"Hallownest:eliteVengeflyKing","floor":7.0,"turns":1.0},{"damage":0.0,"enemies":"Hallownest:2_Baldur","floor":8.0,"turns":3.0},{"damage":11.0,"enemies":"Hallownest:eliteCrystalGuardian","floor":10.0,"turns":6.0},{"damage":0.0,"enemies":"Hallownest:monsterMossCharger","floor":11.0,"turns":8.0},{"damage":8.0,"enemies":"Hallownest:1_Baldur_1_Crawlid_1_Warrior","floor":13.0,"turns":6.0},{"damage":31.0,"enemies":"Hallownest:BossHornet","floor":16.0,"turns":17.0},{"damage":12.0,"enemies":"Hallownest:2_Mistakes","floor":18.0,"turns":9.0},{"damage":16.0,"enemies":"Hallownest:Guard_and_Sentry","floor":21.0,"turns":6.0},{"damage":16.0,"enemies":"Hallownest:Warrior_and_Youth","floor":22.0,"turns":4.0},{"damage":0.0,"enemies":"Hallownest:Nosk","floor":24.0,"turns":8.0},{"damage":10.0,"enemies":"Hallownest:eliteWatcherKnight","floor":27.0,"turns":9.0},{"damage":20.0,"enemies":"Hallownest:BossGrimm","floor":33.0,"turns":7.0},{"damage":20.0,"enemies":"Hallownest:Shield_Heavy","floor":35.0,"turns":5.0},{"damage":25,"enemies":"Hallownest:3_Siblings","floor":37,"turns":7},{"damage":12,"enemies":"Hallownest:2_Wandering_and_1_Horned","floor":38,"turns":6},{"damage":33,"enemies":"Hallownest:2_Wing_and_1_Kings","floor":39,"turns":7},{"damage":10,"enemies":"Hallownest:eliteCollector","floor":40,"turns":4},{"damage":5,"enemies":"Hallownest:StalkingDevout","floor":42,"turns":5},{"damage":27,"enemies":"Hallownest:eliteCollector","floor":44,"turns":5},{"damage":0,"enemies":"Hallownest:2_Soldiers_and_1_Guardian","floor":45,"turns":4},{"damage":28,"enemies":"Hallownest:2_Soldiers_and_1_Guardian","floor":46,"turns":4},{"damage":18,"enemies":"Hallownest:2_Soldiers_and_1_Guardian","floor":46,"turns":5},{"damage":25,"enemies":"Hallownest:2_Soldiers_and_1_Guardian","floor":46,"turns":2}],"seed_played":"5735933390967888371","potions_obtained":[{"floor":7.0,"key":"Weak Potion"},{"floor":10.0,"key":"SpeedPotion"},{"floor":13.0,"key":"EssenceOfSteel"},{"floor":16.0,"key":"DistilledChaos"},{"floor":18.0,"key":"Block Potion"},{"floor":24.0,"key":"LiquidMemories"}],"is_trial":false,"path_per_floor":["M","?","M","?","?","R","E","M","T","E","M","?","M","$","R","B",null,"M","?","?","M","M","R","E","R","T","E","?","?","R","$","R","B",null,"M","$","M","M","M","E","R","E","T","E","M","?"],"character_chosen":"MKU","items_purchased":["MokouMod:IgnitionBlast","MokouMod:Meltdown"],"campfire_rested":1,"item_purchase_floors":[14,31],"current_hp_per_floor":[75,75,75,75,80,80,80,80,80,69,69,69,61,61,61,30,80,68,68,68,52,36,36,36,36,36,26,80,76,76,76,76,56,80,60,60,35,23,17,7,31,36,36,9,9,0,0,0],"gold":210,"neow_bonus":"THREE_ENEMY_KILL","is_daily":false,"chose_seed":false,"campfire_upgraded":6,"win_rate":0.0,"timestamp":1610766897,"path_taken":["M","?","?","?","?","R","E","M","T","E","M","?","M","?","R","BOSS","M","?","?","M","M","R","E","R","T","E","?","?","R","$","R","BOSS","M","$","M","M","M","E","R","E","T","E","M","?"],"items_purchased_type":["Card","Card"],"build_version":"2020-12-22","purchased_purges":3,"victory":false,"max_hp_per_floor":[75,75,75,75,80,80,80,80,80,80,80,80,80,80,80,80,80,80,80,80,80,80,80,80,80,80,80,80,80,80,80,80,80,80,80,80,80,80,80,80,80,90,90,90,90,90,90,90],"relic_stats":{"Sozu":4,"counters":[25,140],"Sundial":[54],"PreservedInsect":210,"obtain_stats":[{"Pear":42,"NeowsBlessing":0,"Vajra":24,"PreservedInsect":26,"The Courier":40,"Hallownest:DreamNailRelic":2,"Ancient Tea Set":27,"Sozu":34,"Hallownest:WatcherSealRelic":19,"Anchor":43,"Sundial":7,"MokouMod:PhoenixFeather":0,"Philosopher\u0027s Stone":17,"REME_PuzzleBoxRelic":44,"InkBottle":10,"REME_ComplimentaryCards":0},{"Pear":20,"NeowsBlessing":0,"Vajra":12,"PreservedInsect":12,"The Courier":19,"Hallownest:DreamNailRelic":1,"Ancient Tea Set":13,"Sozu":14,"Hallownest:WatcherSealRelic":9,"Anchor":20,"Sundial":3,"MokouMod:PhoenixFeather":0,"Philosopher\u0027s Stone":8,"REME_PuzzleBoxRelic":21,"InkBottle":5,"REME_ComplimentaryCards":0},{"Pear":120,"NeowsBlessing":0,"Vajra":70,"PreservedInsect":70,"The Courier":115,"Hallownest:DreamNailRelic":1,"Ancient Tea Set":79,"Sozu":86,"Hallownest:WatcherSealRelic":52,"Anchor":120,"Sundial":3,"MokouMod:PhoenixFeather":0,"Philosopher\u0027s Stone":43,"REME_PuzzleBoxRelic":125,"InkBottle":12,"REME_ComplimentaryCards":0}],"InkBottle":[56]},"card_choices":[{"not_picked":["MokouMod:RoaringFlare","MokouMod:SearingShot"],"picked":"MokouMod:DanceofFlames","floor":1.0},{"not_picked":["MokouMod:TemporalFireSeal","MokouMod:BlazingComet"],"picked":"MokouMod:DanceofFlames","floor":3.0},{"not_picked":["MokouMod:HeatCyclone","MokouMod:Overheat"],"picked":"MokouMod:ScorchedEarth","floor":7.0},{"not_picked":["MokouMod:CrimsonFlare","MokouMod:ControlledCombustion","MokouMod:EternalBurstReactor"],"picked":"SKIP","floor":8.0},{"not_picked":["MokouMod:FlareStarter","MokouMod:FusionFlare","MokouMod:ExplosiveFlame"],"picked":"SKIP","floor":10.0},{"not_picked":["MokouMod:Sear","MokouMod:CrimsonFlare","MokouMod:InfernalWave"],"picked":"SKIP","floor":11.0},{"not_picked":["MokouMod:TemporalFireSeal","MokouMod:UncontrollableSolarReaction","MokouMod:BurningHiddenBullet"],"picked":"SKIP","floor":13.0},{"not_picked":["MokouMod:Rebirth","MokouMod:ResonatingAura"],"picked":"MokouMod:ProfanedFlare","floor":16.0},{"not_picked":["MokouMod:DanceofFlames","MokouMod:InfernalWave"],"picked":"MokouMod:Scorch","floor":18.0},{"not_picked":["MokouMod:ControlledCombustion+1","MokouMod:ResoluteFlare"],"picked":"MokouMod:Sear","floor":21.0},{"not_picked":["MokouMod:ImperishableFlame","MokouMod:Singe+1"],"picked":"MokouMod:HeartofFire","floor":22.0},{"not_picked":["MokouMod:FusionFlare","MokouMod:EternalBurstReactor","MokouMod:RoaringFlare+1"],"picked":"SKIP","floor":24.0},{"not_picked":["MokouMod:HeatTransfer","MokouMod:Burn"],"picked":"MokouMod:WarmUp","floor":27.0},{"not_picked":["MokouMod:SearingBlow","MokouMod:ExplosiveFlame"],"picked":"MokouMod:PhoenixForm","floor":33.0},{"not_picked":["MokouMod:IgnitionBlast+1","MokouMod:RoaringFlare"],"picked":"MokouMod:ResonanceReactor","floor":35.0},{"not_picked":["MokouMod:DanceofFlames","MokouMod:FlickeringFlame","MokouMod:Wildfire"],"picked":"SKIP","floor":37},{"not_picked":["MokouMod:TemporalFireSeal","MokouMod:Sear"],"picked":"MokouMod:HeatTransfer+1","floor":38},{"not_picked":["MokouMod:CrimsonFlare+1","MokouMod:Fireball+1","MokouMod:RoaringFlare+1"],"picked":"SKIP","floor":39},{"not_picked":["MokouMod:ThermalPressure","MokouMod:Firecracker+1","MokouMod:FlareStarter+1"],"picked":"SKIP","floor":40},{"not_picked":["MokouMod:HeatCyclone","MokouMod:Refresh","MokouMod:Ember"],"picked":"SKIP","floor":42},{"not_picked":["MokouMod:Firecracker","MokouMod:Meltdown","MokouMod:GuidingSmoke+1"],"picked":"SKIP","floor":44},{"not_picked":["MokouMod:EternalBurstReactor","MokouMod:Fireball+1"],"picked":"MokouMod:BurningDraft+1","floor":45}],"player_experience":62410,"relics_obtained":[{"floor":7.0,"key":"Sundial"},{"floor":10.0,"key":"InkBottle"},{"floor":24.0,"key":"Vajra"},{"floor":26.0,"key":"PreservedInsect"},{"floor":27.0,"key":"Ancient Tea Set"},{"floor":40,"key":"The Courier"},{"floor":42,"key":"Pear"},{"floor":43,"key":"Anchor"},{"floor":44,"key":"REME_PuzzleBoxRelic"}],"event_choices":[],"is_beta":false,"boss_relics":[{"not_picked":["Pandora\u0027s Box","REME_DemonsWealth"],"picked":"Philosopher\u0027s Stone"},{"not_picked":["Runic Dome","Velvet Choker"],"picked":"Sozu"}],"items_purged_floors":[14,31,36],"is_endless":false,"potions_floor_spawned":[7,10,13,16,18,24,37,38,42,44],"killed_by":"Hallownest:2_Soldiers_and_1_Guardian","ascension_level":2}}