{"host":"nlbr7nnijupf3yfg","time":1610818869,"event":{"mods":["AchievementEnabler","BaseMod","Colored Powertips","DeckTracker","Hubris","Minty Spire (QoL Compilation)","Replay The Spire","StSLib","SuperFastMode"],"gold_per_floor":[119,119,119,129,139,169,188,223,223,69,86,98,113,124,124,221,221,234,234,234,13,24,24,53,65,130,142,154,106,118,144,156,168,168],"floor_reached":33,"language":"ENG","playtime":561,"items_purged":["Writhe"],"score":371,"play_id":"afa98a06-a7be-484c-9610-43ae9773cf53","local_time":"20210116124109","is_ascension_mode":true,"campfire_choices":[{"floor":15,"key":"REST"},{"floor":23,"key":"REST"},{"floor":25,"key":"REST"},{"floor":27,"key":"REST"},{"floor":32,"key":"REST"}],"circlet_count":0,"master_deck":["Strike_R+1","Strike_R+1","Strike_R+1","Strike_R+1","Defend_R+1","Defend_R","Defend_R+1","Defend_R","Bash","CurseOfTheBell","Sword Boomerang","Pommel Strike","Cleave","Flex","Perfected Strike","Feed+1","Shockwave","Armaments","Cleave","Anger+1","Cleave"],"relics":["Calling Bell","War Paint","Replay:Accelerometer","TungstenRod","WarpedTongs","Replay:Bottled Eggs","InkBottle","hubris:BundleOfHerbs","Ring of Chaos","Nunchaku","Frozen Eye","MawBank","ReplayTheSpireMod:TigerMarble"],"acts_visited":["Exordium","TheCity"],"potions_floor_usage":[7,13,16],"damage_taken":[{"damage":0,"enemies":"Small Slimes","floor":1,"turns":4},{"damage":3,"enemies":"2 Louse","floor":4,"turns":3},{"damage":4,"enemies":"Cultist","floor":5,"turns":4},{"damage":10,"enemies":"Replay:BlueRogue","floor":6,"turns":5},{"damage":5,"enemies":"Exordium Thugs","floor":7,"turns":3},{"damage":20,"enemies":"3 Sentries","floor":8,"turns":6},{"damage":6,"enemies":"3 Louse","floor":11,"turns":2},{"damage":14,"enemies":"2 Fungi Beasts","floor":12,"turns":3},{"damage":13,"enemies":"Exordium Thugs","floor":13,"turns":2},{"damage":0,"enemies":"Exordium Wildlife","floor":14,"turns":2},{"damage":19,"enemies":"Hexaghost","floor":16,"turns":7},{"damage":25,"enemies":"Spheric Guardian","floor":18,"turns":4},{"damage":11,"enemies":"Shell Parasite","floor":22,"turns":4},{"damage":67,"enemies":"Gremlin Leader","floor":24,"turns":7},{"damage":0,"enemies":"3 Cultists","floor":31,"turns":4},{"damage":94,"enemies":"Champ","floor":33,"turns":9}],"seed_played":"6545552244713182988","potions_obtained":[{"floor":5,"key":"AttackPotion"},{"floor":11,"key":"Cursed Concoction"},{"floor":12,"key":"Fire Potion"},{"floor":13,"key":"SpeedPotion"},{"floor":31,"key":"BlessingOfTheForge"}],"is_trial":false,"path_per_floor":["M","?","?","M","M","E","M","E","T","$","M","M","M","M","R","B",null,"M","?","?","$","M","R","E","R","T","R","?","?","?","M","R","B"],"character_chosen":"IRONCLAD","items_purchased":["Feed","Frozen Eye"],"campfire_rested":5,"item_purchase_floors":[10,21],"current_hp_per_floor":[80,80,80,77,73,63,58,38,38,38,35,21,11,14,40,42,77,52,52,52,52,41,67,6,32,32,58,61,61,61,65,93,0,0],"gold":168,"neow_bonus":"BOSS_RELIC","is_daily":false,"chose_seed":false,"campfire_upgraded":0,"win_rate":0.0,"timestamp":1610818869,"path_taken":["M","?","?","M","?","E","M","E","T","$","M","M","M","M","R","BOSS","M","?","?","$","M","R","E","R","T","R","?","?","?","M","R","BOSS"],"items_purchased_type":["Card","Relic"],"build_version":"2020-12-22","purchased_purges":1,"victory":false,"max_hp_per_floor":[80,80,80,80,80,80,80,80,80,80,83,83,86,89,89,89,89,89,89,89,89,89,89,89,89,89,89,92,92,92,96,96,96,96],"card_choices":[{"not_picked":["ReplayTheSpireMod:Strike From Hell","Burning Pact"],"picked":"Sword Boomerang","floor":1},{"not_picked":["Anger","Shrug It Off"],"picked":"Cleave","floor":4},{"not_picked":["Battle Trance","Run Through"],"picked":"Flex","floor":5},{"not_picked":["Second Wind","Abandon","Thunderclap"],"picked":"SKIP","floor":6},{"not_picked":["Massacre","Havoc","Seeing Red"],"picked":"SKIP","floor":7},{"not_picked":["Sword Boomerang","Twin Strike"],"picked":"Perfected Strike","floor":8},{"not_picked":["Body Slam","Juggernaut","Ghostly Armor"],"picked":"SKIP","floor":11},{"not_picked":["hubris:CleavingFinish","Shrug It Off"],"picked":"Shockwave","floor":12},{"not_picked":["Clothesline","Body Slam"],"picked":"Armaments","floor":13},{"not_picked":["Run Through","Armaments"],"picked":"Cleave","floor":14},{"not_picked":["True Grit","Sever Soul"],"picked":"Anger+1","floor":18},{"not_picked":["Wild Strike","Headbutt","hubris:SharpeningStone"],"picked":"SKIP","floor":22},{"not_picked":["Run Through","Dropkick","Cleave"],"picked":"SKIP","floor":24},{"not_picked":["ReplayTheSpireMod:Limb From Limb","Armaments+1"],"picked":"Cleave","floor":31}],"player_experience":38687,"relics_obtained":[{"floor":0,"key":"War Paint"},{"floor":0,"key":"Replay:Accelerometer"},{"floor":0,"key":"TungstenRod"},{"floor":6,"key":"Replay:Bottled Eggs"},{"floor":8,"key":"InkBottle"},{"floor":9,"key":"hubris:BundleOfHerbs"},{"floor":24,"key":"MawBank"},{"floor":26,"key":"ReplayTheSpireMod:TigerMarble"}],"event_choices":[{"damage_healed":0,"gold_gain":0,"cards_transformed":["Strike_R"],"player_choice":"Change","damage_taken":0,"max_hp_gain":0,"max_hp_loss":0,"event_name":"Living Wall","floor":2,"gold_loss":0,"cards_obtained":["Pommel Strike"]},{"damage_healed":0,"gold_gain":0,"player_choice":"Rummage","damage_taken":0,"relics_obtained":["WarpedTongs"],"max_hp_gain":0,"max_hp_loss":0,"event_name":"Accursed Blacksmith","floor":3,"gold_loss":0,"cards_obtained":["Pain"]},{"cards_removed":["Pain"],"damage_healed":0,"gold_gain":0,"player_choice":"Elegance","damage_taken":0,"max_hp_gain":0,"max_hp_loss":0,"event_name":"Back to Basics","floor":19,"gold_loss":0},{"damage_healed":0,"gold_gain":0,"player_choice":"Opened","damage_taken":0,"relics_obtained":["Nunchaku"],"max_hp_gain":0,"max_hp_loss":0,"event_name":"The Mausoleum","floor":20,"gold_loss":0,"cards_obtained":["Writhe"]},{"damage_healed":0,"gold_gain":0,"player_choice":"Upgraded","damage_taken":0,"max_hp_gain":0,"max_hp_loss":0,"event_name":"Upgrade Shrine","floor":30,"gold_loss":0,"cards_upgraded":["Feed"]}],"is_beta":false,"boss_relics":[{"not_picked":["SlaversCollar","hubris:ScarierMask"],"picked":"Ring of Chaos"}],"items_purged_floors":[21],"is_endless":false,"potions_floor_spawned":[5,11,12,13,31],"killed_by":"Champ","ascension_level":5}}