{"host":"ekyl8r8j8fco3zlk","time":1610804849,"event":{"mods":["ATMod(∞¢Ë™Mod)","Act Like it!","Arknights The Spire","BaseMod","CapriCore","Decade(Õı–°√˜)","Friendly Minions","Gensokyo","Lobotomy","LobotomyExtend","Marisa£®ÏF”Í°°ƒß¿Ì…≥£©","Minty Spire (QoL Compilation)","READ ME - Guardian Mod","Rare Cards Sparkle","Reimu£®≤©¿ˆ¡È√Œ£©","StSLib","The Alterego","The Immortal","The Jungle","Waifu the Spire","WarShipGirlsR/’ΩΩ¢…Ÿ≈ÆR mod","°æ“≈ŒÔø®≈∆°øREMEMod"],"gold_per_floor":[115,115,135,135,135,162,162,217,243,12,12,45,45,61,61,160,160,170,170,20,31,46,76,76,108,108,118,18,18,36,436,436,535,535,550,563,563,563,576,576,606,616,616,616,650,668,668,723,723,723,723,723,723,178,207,207],"floor_reached":57,"language":"ZHS","playtime":2377,"items_purged":["Strike_P","Strike_P","Defend_P"],"score":1581,"play_id":"614aefed-7d89-4937-8a44-392d4baabe93","local_time":"20210116214729","is_ascension_mode":false,"campfire_choices":[{"floor":13,"key":"REST"},{"data":"AT_MachinaRedman","floor":15,"key":"SMITH"},{"data":"Wish","floor":24,"key":"SMITH"},{"data":"Eruption","floor":29,"key":"SMITH"},{"data":"MentalFortress","floor":32,"key":"SMITH"},{"data":"FollowUp","floor":40,"key":"SMITH"},{"floor":44,"key":"RECALL"},{"data":"AT_TinkerSharpsword","floor":47,"key":"SMITH"},{"data":"Vigilance","floor":49,"key":"SMITH"},{"data":"Wallop","floor":53,"key":"SMITH"}],"circlet_count":0,"master_deck":["Defend_P","Defend_P+1","Defend_P+1","Eruption+1","Vigilance+1","DeusExMachina","AT_TinkerSharpsword+1","EmptyFist","WindmillStrike+1","CrushJoints+1","FlyingSleeves+1","EmptyBody","PathToVictory+1","FollowUp+1","FlurryOfBlows+1","AT_MachinaRedman+1","REME_EmptyShield","ForeignInfluence+1","Wish+1","TalkToTheHand+1","Pray+1","MentalFortress+1","Devotion+1","CutThroughFate+1","Prostrate+1","Tantrum+1","Meditate+1","Halt+1","Wallop+1","REME_Repentance+1"],"relics":["PureWater","AT_ATBox","REME_ComplimentaryCards","PreservedInsect","LetterFromLob","Happy Flower","Kunai","AT_SilvercatRing","RuthlessExorcism:ReiMu","ClockworkSouvenir","Eternal Feather","AT_ChloranthyRing","Empty Cage","Mastiff:ReiMu","Art of War","AT_RedNoBalance","Bottled Flame","Old Coin","Darkstone Periapt","AT_TrinityForce","Toy Ornithopter","Lizard Tail","CatCart","TentaclePot:ReiMu","War Paint","InkBottle"],"acts_visited":["Exordium","TheCity","TheBeyond","TheEnding"],"potions_floor_usage":[16,22,25,56,56,56],"damage_taken":[{"damage":2,"enemies":"Jaw Worm","floor":1,"turns":3},{"damage":7,"enemies":"2 Louse","floor":3,"turns":2},{"damage":10,"enemies":"3 Sentries","floor":6,"turns":5},{"damage":32,"enemies":"Gremlin Nob","floor":8,"turns":3},{"damage":8,"enemies":"Gremlin Nob","floor":12,"turns":3},{"damage":0,"enemies":"Small Slimes","floor":14,"turns":2},{"damage":25,"enemies":"The Guardian","floor":16,"turns":8},{"damage":0,"enemies":"Spheric Guardian","floor":18,"turns":3},{"damage":0,"enemies":"Chosen","floor":21,"turns":2},{"damage":0,"enemies":"Snecko","floor":22,"turns":3},{"damage":0,"enemies":"Gremlin Leader","floor":23,"turns":4},{"damage":5,"enemies":"Book of Stabbing","floor":25,"turns":3},{"damage":2,"enemies":"Cultist and Chosen","floor":27,"turns":3},{"damage":1,"enemies":"Sentry and Sphere","floor":30,"turns":3},{"damage":4,"enemies":"Colosseum Slavers","floor":31,"turns":2},{"damage":0,"enemies":"Colosseum Nobs","floor":31,"turns":3},{"damage":10,"enemies":"Champ","floor":33,"turns":6},{"damage":0,"enemies":"Orb Walker","floor":35,"turns":2},{"damage":0,"enemies":"3 Shapes","floor":36,"turns":2},{"damage":0,"enemies":"Jaw Worm Horde","floor":39,"turns":3},{"damage":8,"enemies":"Nemesis","floor":41,"turns":3},{"damage":10,"enemies":"Writhing Mass","floor":42,"turns":2},{"damage":0,"enemies":"Reptomancer","floor":45,"turns":4},{"damage":2,"enemies":"3 Darklings","floor":46,"turns":3},{"damage":0,"enemies":"Orin","floor":48,"turns":3},{"damage":0,"enemies":"Donu and Deca","floor":50,"turns":3},{"damage":0,"enemies":"Shield and Spear","floor":55,"turns":3},{"damage":24,"enemies":"The Heart","floor":56,"turns":5}],"seed_played":"7284782989893382798","potions_obtained":[{"floor":12,"key":"ColorlessPotion"},{"floor":16,"key":"Block Potion"},{"floor":18,"key":"Explosive Potion"},{"floor":22,"key":"Energy Potion"},{"floor":27,"key":"Regen Potion"},{"floor":36,"key":"Fire Potion"}],"is_trial":false,"path_per_floor":["M","?","M","?","$","E","?","?","T","$","T","E","R","M","R","B",null,"M","?","$","M","M","E","R","E","T","M","$","R","M","?","R","B",null,"M","M","?","?","M","R","E","M","T","R","E","M","R","?","R","B",null,null,"R","$","E","B",null],"character_chosen":"WATCHER","items_purchased":["ClockworkSouvenir","Mastiff:ReiMu","TentaclePot:ReiMu","War Paint","Ancient Potion","SkillPotion"],"campfire_rested":1,"item_purchase_floors":[10,20,54,54,54,54],"current_hp_per_floor":[70,70,63,63,63,53,46,14,14,14,14,6,39,39,51,26,72,72,72,72,72,72,72,72,67,67,34,34,46,35,36,48,26,72,72,72,72,72,72,72,64,54,54,69,69,67,72,72,72,72,72,72,72,72,72,55],"gold":207,"neow_bonus":"RANDOM_COMMON_RELIC","is_daily":false,"chose_seed":false,"campfire_upgraded":8,"win_rate":0.0,"timestamp":1610804849,"path_taken":["M","?","M","?","?","E","?","?","T","$","?","E","R","M","R","BOSS","M","?","?","M","M","E","R","E","T","?","$","R","M","?","R","BOSS","M","M","?","?","?","R","E","?","T","R","E","M","R","?","R","BOSS","R","$","E","BOSS"],"items_purchased_type":["Relic","Relic","Relic","Relic","Potion","Potion"],"build_version":"2020-12-22","purchased_purges":3,"victory":true,"max_hp_per_floor":[72,72,72,72,72,72,72,72,72,72,72,72,72,72,72,72,72,72,72,72,72,72,72,72,72,72,72,72,72,72,72,72,72,72,72,72,72,72,72,72,72,72,72,72,72,72,72,72,72,72,72,72,72,72,72,72],"card_choices":[{"not_picked":["ThirdEye","Worship"],"picked":"EmptyFist","floor":1},{"not_picked":["Crescendo","BowlingBash"],"picked":"FollowUp","floor":3},{"not_picked":["Conclude","TalkToTheHand","Evaluate"],"picked":"SKIP","floor":6},{"not_picked":["Tantrum","CarveReality"],"picked":"FlurryOfBlows","floor":8},{"not_picked":["CrushJoints","Fasting2"],"picked":"AT_MachinaRedman","floor":12},{"not_picked":["FlyingSleeves","Crescendo","EmptyMind"],"picked":"SKIP","floor":14},{"not_picked":["DeusExMachina","Judgement"],"picked":"REME_EmptyShield","floor":16},{"not_picked":["AT_SoftenMuscles","JustLucky","Adaptation"],"picked":"SKIP","floor":18},{"not_picked":["CrushJoints","Consecrate","FlyingSleeves"],"picked":"SKIP","floor":21},{"not_picked":["Consecrate","FollowUp"],"picked":"ForeignInfluence","floor":22},{"not_picked":["EmptyBody","SashWhip"],"picked":"Wish","floor":23},{"not_picked":["REME_Repentance","Swivel"],"picked":"TalkToTheHand+1","floor":25},{"not_picked":["PathToVictory","Wallop"],"picked":"Pray+1","floor":27},{"not_picked":["AT_DivineConfetti","CrushJoints"],"picked":"MentalFortress","floor":30},{"not_picked":["Scrawl","Ragnarok"],"picked":"Devotion","floor":33},{"not_picked":["SignatureMove","REME_MusicOfDeath+1","FlurryOfBlows+1"],"picked":"SKIP","floor":35},{"not_picked":["CrushJoints+1","EmptyBody"],"picked":"CutThroughFate+1","floor":36},{"not_picked":["Protect","CutThroughFate+1"],"picked":"Prostrate+1","floor":39},{"not_picked":["Vengeance+1","BowlingBash"],"picked":"Tantrum+1","floor":41},{"not_picked":["BowlingBash","FlyingSleeves"],"picked":"Meditate+1","floor":42},{"not_picked":["Vault","DeceiveReality","AT_RealColorLess"],"picked":"SKIP","floor":45},{"not_picked":["EmptyBody","FlurryOfBlows+1"],"picked":"Halt+1","floor":46},{"not_picked":["Adaptation","ThirdEye"],"picked":"Wallop","floor":48},{"not_picked":["LikeWater","EmptyBody+1"],"picked":"REME_Repentance+1","floor":55}],"player_experience":669761,"relics_obtained":[{"floor":1,"key":"LetterFromLob"},{"floor":6,"key":"Happy Flower"},{"floor":8,"key":"AT_SilvercatRing"},{"floor":9,"key":"RuthlessExorcism:ReiMu"},{"floor":11,"key":"Eternal Feather"},{"floor":12,"key":"AT_ChloranthyRing"},{"floor":23,"key":"Art of War"},{"floor":25,"key":"AT_SilverBalance"},{"floor":26,"key":"Bottled Flame"},{"floor":31,"key":"Old Coin"},{"floor":31,"key":"Darkstone Periapt"},{"floor":41,"key":"Toy Ornithopter"},{"floor":45,"key":"Lizard Tail"},{"floor":48,"key":"CatCart"},{"floor":55,"key":"InkBottle"}],"event_choices":[{"damage_healed":0,"gold_gain":0,"player_choice":"Grow","damage_taken":0,"max_hp_gain":0,"max_hp_loss":0,"event_name":"Living Wall","floor":4,"gold_loss":0,"cards_upgraded":["WindmillStrike"]},{"damage_healed":0,"gold_gain":0,"player_choice":"Success","damage_taken":7,"relics_obtained":["Kunai"],"max_hp_gain":0,"max_hp_loss":0,"event_name":"Scrap Ooze","floor":7,"gold_loss":0},{"damage_healed":0,"gold_gain":0,"player_choice":"Searched \u00272\u0027 times","damage_taken":0,"max_hp_gain":0,"max_hp_loss":0,"event_name":"Dead Adventurer","floor":8,"gold_loss":0},{"damage_healed":0,"gold_gain":0,"player_choice":"Ignored","damage_taken":0,"max_hp_gain":0,"max_hp_loss":0,"event_name":"Transmorgrifier","floor":19,"gold_loss":0},{"damage_healed":0,"gold_gain":0,"player_choice":"Fight","damage_taken":0,"max_hp_gain":0,"max_hp_loss":0,"event_name":"Colosseum","floor":31,"gold_loss":0},{"damage_healed":0,"gold_gain":0,"player_choice":"Fought Nobs","damage_taken":0,"max_hp_gain":0,"max_hp_loss":0,"event_name":"Colosseum","floor":31,"gold_loss":0},{"damage_healed":0,"gold_gain":0,"player_choice":"Upgraded","damage_taken":0,"max_hp_gain":0,"max_hp_loss":0,"event_name":"Upgrade Shrine","floor":38,"gold_loss":0,"cards_upgraded":["Devotion"]},{"damage_healed":0,"gold_gain":0,"player_choice":"Fight","damage_taken":0,"max_hp_gain":0,"max_hp_loss":0,"event_name":"OrinTheCat","floor":48,"gold_loss":0}],"is_beta":false,"boss_relics":[{"not_picked":["Snecko Eye","Pandora\u0027s Box"],"picked":"Empty Cage"},{"not_picked":["Astrolabe","REME_DuelDisc"],"picked":"AT_TrinityForce"}],"items_purged_floors":[10,28,54],"is_endless":false,"potions_floor_spawned":[12,16,18,22,27,36,41,45,48],"ascension_level":0}}