{"host":"pa65g39v0cwbmgvo","time":1610805891,"event":{"mods":["2.2 Compatiblity","ATMod(°¢èªMod)","BaseMod","Better Skull","Better Third Choice","BetterRewards","Dota2Spire","Minty Spire (QoL Compilation)","Quick Restart","Replay The Spire","Spicy Shops","StSLib","SuperFastMode","¡¾ÒÅÎï¿¨ÅÆ¡¿REMEMod"],"gold_per_floor":[109,59,71,91,105,136,136,146,146,175,115,143,162,191,191,288,288,301,301,313,362,374,405,417,446,499,533,548,463,477,184,184,289,289,308,322,422,441,96,122,122,152,152,68,97,97,117,148,148,148,148,148,48,75,75],"floor_reached":56,"language":"ZHS","playtime":2008,"items_purged":["Strike_P","ReplayTheSpireMod:Splinters","Replay:Hysterical Blindness"],"score":2480,"play_id":"13ca783d-d5df-47d5-87c1-de7a1c8e48e8","local_time":"20210116220451","is_ascension_mode":true,"campfire_choices":[{"data":"Eruption","floor":7.0,"key":"SMITH"},{"data":"Adaptation","floor":15.0,"key":"SMITH"},{"floor":32.0,"key":"REST"},{"data":"Scrawl","floor":41,"key":"SMITH"},{"floor":46,"key":"RECALL"},{"floor":49,"key":"DIG"},{"data":"AT_MachinaRedman","floor":52,"key":"SMITH"}],"circlet_count":0,"master_deck":["Eruption+1","Vigilance","Hyperbeam","AT_WindFlip","FlurryOfBlows","Evaluate","EmptyBody","Adaptation+1","FollowUp","Prostrate","SandsOfTime","AT_MachinaRedman+1","Scrawl+1","SpiritShield","Brilliance","Devotion","Replay:AtTheReady","EmptyMind+1","FollowUp+1","Prostrate","Languid","FollowUp","Parasite","Devotion","REME_CRH","Tantrum+1"],"relics":["PureWater","REME_ComplimentaryCards","AT_ATBox","NeowsBlessing","The Courier","StoneCalendar","Question Card","Orichalcum","Replay:Grab Bag","Busted Crown","Cursed Key","Pandora\u0027s Box","Pen Nib","AT_Manta","Unceasing Top","Lantern","AT_SeraphEmbrace","Replay:Baseball","Damaru","Strange Spoon","ReplayTheSpireMod:CursedCoin","Dota2Spire:PhaseBoots","VioletLotus","ClockworkSouvenir","TeardropLocket","Shuriken","Iron Hammer","Toy Ornithopter","REME_HourglassOfDeath","Centennial Puzzle","Akabeko","Replay:Bottled Steam","AT_SunfireAegis"],"acts_visited":["Exordium","TheCity","TheBeyond","TheEnding"],"potions_floor_usage":[47,55],"damage_taken":[{"damage":0.0,"enemies":"Jaw Worm","floor":1.0,"turns":1.0},{"damage":0.0,"enemies":"Small Slimes","floor":3.0,"turns":1.0},{"damage":0.0,"enemies":"Cultist","floor":4.0,"turns":1.0},{"damage":2.0,"enemies":"Red Slaver","floor":5.0,"turns":3.0},{"damage":0.0,"enemies":"Lagavulin","floor":6.0,"turns":4.0},{"damage":1.0,"enemies":"2 Fungi Beasts","floor":8.0,"turns":3.0},{"damage":2.0,"enemies":"3 Sentries","floor":10.0,"turns":2.0},{"damage":19.0,"enemies":"Lagavulin","floor":12.0,"turns":5.0},{"damage":0.0,"enemies":"3 Louse","floor":13.0,"turns":2.0},{"damage":0.0,"enemies":"Gremlin Nob","floor":14.0,"turns":2.0},{"damage":24.0,"enemies":"The Guardian","floor":16.0,"turns":10.0},{"damage":6.0,"enemies":"Shell Parasite","floor":18.0,"turns":3.0},{"damage":10.0,"enemies":"2 Thieves","floor":20.0,"turns":2.0},{"damage":0.0,"enemies":"3 Cultists","floor":22.0,"turns":3.0},{"damage":0.0,"enemies":"Gremlin Leader","floor":23.0,"turns":3.0},{"damage":15.0,"enemies":"Snake Plant","floor":24.0,"turns":3.0},{"damage":0.0,"enemies":"Book of Stabbing","floor":25.0,"turns":1.0},{"damage":0.0,"enemies":"Slavers","floor":27.0,"turns":1.0},{"damage":0.0,"enemies":"Cultist and Chosen","floor":28.0,"turns":3.0},{"damage":1.0,"enemies":"Centurion and Healer","floor":30.0,"turns":2.0},{"damage":0.0,"enemies":"Pondfish","floor":33.0,"turns":5.0},{"damage":0.0,"enemies":"Orb Walker","floor":35.0,"turns":2.0},{"damage":0.0,"enemies":"3 Shapes","floor":36.0,"turns":1.0},{"damage":0.0,"enemies":"Maw","floor":38.0,"turns":3.0},{"damage":0,"enemies":"Giant Head","floor":40,"turns":2},{"damage":0,"enemies":"R_Hoarder","floor":42,"turns":3},{"damage":5,"enemies":"Writhing Mass","floor":44,"turns":3},{"damage":0,"enemies":"Nemesis","floor":45,"turns":1},{"damage":0,"enemies":"Spire Growth","floor":47,"turns":2},{"damage":0,"enemies":"Reptomancer","floor":48,"turns":2},{"damage":42,"enemies":"Time Eater","floor":50,"turns":3},{"damage":0,"enemies":"Shield and Spear","floor":54,"turns":1},{"damage":48,"enemies":"The Heart","floor":55,"turns":3}],"seed_played":"7964967843746801105","potions_obtained":[{"floor":3.0,"key":"SkillPotion"},{"floor":10.0,"key":"Ambrosia"},{"floor":12.0,"key":"Doom Potion"},{"floor":13.0,"key":"Elixir"},{"floor":16.0,"key":"BottledMiracle"},{"floor":22.0,"key":"BlessingOfTheForge"},{"floor":33.0,"key":"REME_GoldPotion"},{"floor":38.0,"key":"REME_GoldPotion"},{"floor":42,"key":"Doom Potion"},{"floor":44,"key":"DuplicationPotion"},{"floor":47,"key":"REME_GoldPotion"}],"is_trial":false,"path_per_floor":["M","?","M","M","M","E","R","M","T","E","$","E","M","E","R","B",null,"M","?","M","T","M","E","M","E","T","E","M","?","M","$","R","B",null,"M","M","?","M","$","E","R","E","T","M","E","R","M","E","R","B",null,"R","$","E","B",null],"character_chosen":"WATCHER","items_purchased":["Damaru","Strange Spoon","ReplayTheSpireMod:CursedCoin","Dota2Spire:PhaseBoots","ClockworkSouvenir","TeardropLocket","Shuriken"],"campfire_rested":1,"item_purchase_floors":[31,31,31,31,39,39,39],"current_hp_per_floor":[72,72,72,72,70,70,70,69,69,67,67,48,48,48,48,24,60,54,54,44,44,44,44,29,29,29,29,29,29,28,28,49,49,66,66,66,66,66,66,66,66,66,66,61,61,61,66,66,66,24,60,60,60,60,17],"gold":75,"neow_bonus":"THREE_ENEMY_KILL","is_daily":false,"chose_seed":false,"campfire_upgraded":4,"win_rate":0.0,"timestamp":1610805891,"path_taken":["M","?","M","M","M","E","R","M","T","E","$","E","M","E","R","BOSS","M","?","M","?","?","E","M","E","T","E","M","?","M","$","R","BOSS","M","M","?","M","$","E","R","E","T","M","E","R","?","E","R","BOSS","R","$","E","BOSS"],"items_purchased_type":["Relic","Relic","Relic","Relic","Relic","Relic","Relic"],"build_version":"2020-12-22","purchased_purges":3,"victory":true,"max_hp_per_floor":[72,72,72,72,72,72,72,72,72,72,72,72,72,72,72,72,72,72,72,72,72,72,72,72,72,72,72,72,72,72,72,72,72,72,72,72,72,72,72,72,72,72,72,72,72,72,72,72,72,72,72,72,72,72,72],"card_choices":[{"not_picked":["Evaluate","Tantrum"],"picked":"FlurryOfBlows","floor":1.0},{"not_picked":["ClearTheMind","ForeignInfluence"],"picked":"Evaluate","floor":3.0},{"not_picked":["Prostrate","SashWhip"],"picked":"EmptyBody","floor":4.0},{"not_picked":["EmptyBody","Replay:ManipulateFuture"],"picked":"Adaptation","floor":5.0},{"not_picked":["JustLucky","ForeignInfluence","Wish"],"picked":"SKIP","floor":6.0},{"not_picked":["CutThroughFate","Replay:BluntJabs","TalkToTheHand"],"picked":"SKIP","floor":8.0},{"not_picked":["ClearTheMind","BowlingBash"],"picked":"FollowUp","floor":10.0},{"not_picked":["ReachHeaven","EmptyBody","REME_MusicOfDeath"],"picked":"SKIP","floor":12.0},{"not_picked":["BowlingBash","Adaptation","Conclude"],"picked":"Prostrate","floor":13.0},{"not_picked":["Worship","CrushJoints","ClearTheMind"],"picked":"SandsOfTime","floor":14.0},{"not_picked":["AT_ChampionKick","Omniscience","Establishment"],"picked":"AT_MachinaRedman","floor":16.0},{"not_picked":["Wireheading+1","TalkToTheHand"],"picked":"SKIP","floor":18.0},{"not_picked":["Consecrate"],"picked":"EmptyMind+1","floor":20.0},{"not_picked":["SashWhip+1","Halt"],"picked":"SKIP","floor":22.0},{"not_picked":["AT_OneInchPunch"],"picked":"FollowUp+1","floor":23.0},{"not_picked":["ClearTheMind+1","Replay:AtTheReady"],"picked":"SKIP","floor":24.0},{"not_picked":["Evaluate","AT_RealFormLess"],"picked":"SKIP","floor":25.0},{"not_picked":["WindmillStrike","REME_Repentance"],"picked":"SKIP","floor":27.0},{"not_picked":["REME_Repentance+1","WaveOfTheHand+1"],"picked":"SKIP","floor":28.0},{"not_picked":["WheelKick+1"],"picked":"Prostrate","floor":30.0},{"not_picked":["SashWhip","ThirdEye"],"picked":"SKIP","floor":35.0},{"not_picked":["Replay:Anticipation+1"],"picked":"FollowUp","floor":36.0},{"not_picked":["AT_RealFormLess","ThirdEye"],"picked":"SKIP","floor":38.0},{"not_picked":["WaveOfTheHand+1"],"picked":"Devotion","floor":40},{"not_picked":["SashWhip","JustLucky+1"],"picked":"SKIP","floor":42},{"not_picked":["CrushJoints+1","EmptyBody"],"picked":"SKIP","floor":44},{"not_picked":["Halt+1","Consecrate+1"],"picked":"SKIP","floor":45},{"not_picked":["AT_DivineConfetti"],"picked":"REME_CRH","floor":47},{"not_picked":["Replay:BluntJabs","Halt+1"],"picked":"SKIP","floor":48},{"not_picked":["ReachHeaven+1"],"picked":"Tantrum+1","floor":54}],"player_experience":83093,"relics_obtained":[{"floor":6.0,"key":"The Courier"},{"floor":10.0,"key":"StoneCalendar"},{"floor":12.0,"key":"Question Card"},{"floor":14.0,"key":"Orichalcum"},{"floor":21.0,"key":"Pen Nib"},{"floor":23.0,"key":"AT_Manta"},{"floor":25.0,"key":"Unceasing Top"},{"floor":26.0,"key":"Lantern"},{"floor":27.0,"key":"AT_ArchangelStaff"},{"floor":40,"key":"Iron Hammer"},{"floor":42,"key":"Toy Ornithopter"},{"floor":43,"key":"REME_HourglassOfDeath"},{"floor":45,"key":"Centennial Puzzle"},{"floor":48,"key":"Akabeko"},{"floor":49,"key":"Replay:Bottled Steam"},{"floor":54,"key":"AT_SunfireAegis"}],"event_choices":[{"cards_removed":["Strike_P"],"damage_healed":0.0,"max_hp_gain":0.0,"max_hp_loss":0.0,"gold_gain":0.0,"event_name":"The Cleric","player_choice":"Card Removal","floor":2.0,"gold_loss":50.0,"damage_taken":0.0},{"cards_removed":["BattleHymn"],"damage_healed":0.0,"max_hp_gain":0.0,"max_hp_loss":0.0,"gold_gain":0.0,"event_name":"betterThird:BetterWriting","player_choice":"Elegance","floor":19.0,"gold_loss":0.0,"damage_taken":0.0},{"damage_healed":0.0,"max_hp_gain":0.0,"max_hp_loss":0.0,"gold_gain":0.0,"event_name":"Addict","player_choice":"Obtained Relic","floor":29.0,"gold_loss":85.0,"damage_taken":0.0,"relics_obtained":["Replay:Baseball"]},{"damage_healed":0.0,"max_hp_gain":0.0,"max_hp_loss":0.0,"gold_gain":100.0,"event_name":"Golden Shrine","player_choice":"Pray","floor":37.0,"gold_loss":0.0,"damage_taken":0.0}],"is_beta":false,"boss_relics":[{"not_picked":["Abe\u0027s Treasure","Replay:Bronze Core"],"picked":"Replay:Grab Bag"},{"not_picked":["Fusion Hammer","SlaversCollar"],"picked":"Busted Crown"},{"not_picked":["ChewingGum","Philosopher\u0027s Stone"],"picked":"Cursed Key"},{"not_picked":["Snecko Eye","Runic Pyramid"],"picked":"Pandora\u0027s Box"},{"not_picked":["Painkiller Herb","Replay:Wanted Poster"],"picked":"VioletLotus"}],"items_purged_floors":[11,31,53],"is_endless":false,"potions_floor_spawned":[3,10,12,13,16,22,23,27,33,38,42,44,47],"ascension_level":5}}