{"host":"zyr8epy5qmtlh8g0","time":1610816594,"event":{"mods":["ATMod(°¢èªMod)","Act Like it!","BaseMod","Colored Map","Gensokyo","Marisa£¨ìFÓê¡¡Ä§ÀíÉ³£©","Minty Spire (QoL Compilation)","MostiFishMod","Quick Restart","Replay The Spire","Spicy Shops","StSLib","TestMod","The Animator","¡¾ÒÅÎï¿¨ÅÆ¡¿REMEMod","óô»ðÖ¸ÄÏ"],"gold_per_floor":[361,361,361,14,44,90,95,42,66,121,153,6,6,39,39,155,155,191,141,141,176,38,66,114,152,152,152,184,584,584,584,584,700,700,750,780,122,122,122,122,32,32,55,55,55,85,85,95,95,95],"floor_reached":51,"language":"ZHS","playtime":2631,"items_purged":["animator:Defend_Katanagatari","animator:Defend_Kancolle"],"score":871,"play_id":"05846abe-75cc-418d-81ba-aa248282609e","local_time":"20210117010314","is_ascension_mode":false,"campfire_choices":[{"floor":15,"key":"REST"},{"floor":27,"key":"REST"},{"data":"FinalSpark","floor":32,"key":"SMITH"},{"data":"Gensokyo:SevenSchoolMysteries","floor":40,"key":"SMITH"},{"data":"Gensokyo:PrivateSquare","floor":44,"key":"SMITH"},{"floor":47,"key":"REST"}],"circlet_count":0,"master_deck":["Strike_MRS","Strike_MRS","Strike_MRS","Strike_MRS","Defend_MRS+1","Defend_MRS","Defend_MRS","MasterSpark","UpSweep","Eruption","BinaryStars+1","MagicChant+1","WitchOfGreed","SporeBomb","OrrerysSun","PowerUp","PropBag","StarBarrage","DeepEcoloBomb","JA","UltimateShortwave+1","PulseMagic","Gensokyo:FourOfAKind+1","Gensokyo:FourOfAKind","Gensokyo:FourOfAKind","Gensokyo:FourOfAKind+1","Acceleration","CasketOfStar","FinalSpark+1","MagicChant","ManaConvection","MaximisePower+1","Gensokyo:SevenSchoolMysteries+1","UltimateShortwave","GrandCross+1","Gensokyo:PrivateSquare+1","Pride","Gensokyo:CustomPotion","NonDirectionalLaser+1","PowerUp"],"relics":["MiniHakkero","testmod-TestBox","DaveBox","REME_ComplimentaryCards","testmod-Recursion","Jackal-EndForJourney","SynthV:TestCard","Pear","testmod-AssaultLearning","Guide Book","testmod-LifeArmor","Gensokyo:MarisaPhilosophersStone","AT_ArcaneBoots","AT_BellDemon","AT_ChloranthyRing","Gensokyo:Mercy","Toy Ornithopter","RhineFirstAidKit","War Paint","Mummified Hand","testmod-IncinerationGenerator","ChiLing","Chi","Ling","AT_SilvercatRing","Gensokyo:TheCrow","Pet Ghost"],"acts_visited":["Exordium","Gensokyo:Gensokyo","Gensokyo:Gensokyoer"],"potions_floor_usage":[7,7,14,23,33,37],"damage_taken":[{"damage":2,"enemies":"Gensokyo:2_Kodama","floor":1,"turns":2},{"damage":2,"enemies":"Gensokyo:Gryphon","floor":5,"turns":2},{"damage":20,"enemies":"Gensokyo:Mamizou","floor":6,"turns":5},{"damage":12,"enemies":"Gensokyo:Mamizou","floor":7,"turns":4},{"damage":2,"enemies":"Gensokyo:Cirno","floor":10,"turns":5},{"damage":0,"enemies":"Gensokyo:3_Fairies","floor":11,"turns":4},{"damage":0,"enemies":"Gensokyo:VengefulSpirit","floor":14,"turns":2},{"damage":1,"enemies":"Gensokyo:Yukari","floor":16,"turns":6},{"damage":0,"enemies":"Gensokyo:2_Gloops","floor":18,"turns":3},{"damage":0,"enemies":"Gensokyo:Chomper","floor":21,"turns":2},{"damage":6,"enemies":"Gensokyo:Slime_Group","floor":23,"turns":3},{"damage":18,"enemies":"Gensokyo:Koishi","floor":24,"turns":3},{"damage":0,"enemies":"Gensokyo:Wraith","floor":25,"turns":3},{"damage":0,"enemies":"Gensokyo:Chomper_and_Gloop","floor":28,"turns":1},{"damage":1,"enemies":"Gensokyo:Kaguya","floor":33,"turns":4},{"damage":0,"enemies":"Gensokyo:3_Boulders","floor":35,"turns":1},{"damage":0,"enemies":"Gensokyo:AncientGuardian","floor":36,"turns":2},{"damage":1,"enemies":"Gensokyo:3_Boulders","floor":46,"turns":1},{"damage":1,"enemies":"Gensokyo:SeedOfUnknown","floor":48,"turns":1},{"damage":15,"enemies":"Gensokyo:Shinki","floor":50,"turns":4}],"seed_played":"6875649460368783834","potions_obtained":[{"floor":5,"key":"BlessingOfTheForge"},{"floor":5,"key":"Dexterity Potion"},{"floor":6,"key":"testmod-EscapePotion"},{"floor":11,"key":"Adrenaline Potion"},{"floor":11,"key":"Dexterity Potion"},{"floor":14,"key":"Block Potion"},{"floor":14,"key":"Elixir"},{"floor":16,"key":"Venom Potion"},{"floor":18,"key":"SkillPotion"},{"floor":18,"key":"PowerPotion"},{"floor":23,"key":"ColorlessPotion"},{"floor":28,"key":"Adrenaline Potion"},{"floor":33,"key":"Elixir"},{"floor":35,"key":"PowerPotion"},{"floor":42,"key":"Flashbang"},{"floor":42,"key":"Cursed Concoction"}],"is_trial":false,"path_per_floor":["M","?","?","$","M","E","?","COS","T","E","M","$","?","M","R","B",null,"M","?","?","M","$","M","E","M","T","R","M","?","$","?","R","B",null,"M","M","$","?","?","R","?","?","T","R","?","M","R","M","R_BF","B",null],"character_chosen":"MARISA","items_purchased":["testmod-AssaultLearning","Guide Book","WitchOfGreed","AT_ChloranthyRing","CasketOfStar","ChiLing","AT_SilvercatRing","testmod-SpacePotion"],"campfire_rested":3,"item_purchase_floors":[4,4,4,12,22,37,37,37],"current_hp_per_floor":[73,62,57,57,55,35,23,23,23,21,21,21,21,26,51,50,85,85,92,65,65,65,59,41,41,41,60,60,60,60,59,59,59,59,59,59,59,59,59,59,59,59,59,59,59,58,59,58,58,43],"gold":95,"neow_bonus":"TWO_FIFTY_GOLD","is_daily":false,"chose_seed":false,"campfire_upgraded":3,"win_rate":0.0,"timestamp":1610816594,"path_taken":["M","?","?","?","?","E","?","COS","T","E","M","$","?","M","R","BOSS","M","?","?","?","?","?","E","M","T","R","M","?","$","?","R","BOSS","M","M","$","?","?","R","?","?","T","R","?","M","R","M","R_BF","BOSS"],"items_purchased_type":["Relic","Relic","Card","Relic","Card","Relic","Relic","Potion"],"build_version":"2020-12-22","purchased_purges":2,"victory":true,"max_hp_per_floor":[75,75,85,85,85,85,85,85,85,85,85,85,85,85,85,85,85,85,92,65,65,65,65,65,65,65,65,65,65,65,59,59,59,59,59,59,59,59,59,59,59,59,59,59,59,59,59,59,59,59],"card_choices":[{"not_picked":["OpenUniverse","ShootingEcho"],"picked":"MagicChant","floor":1},{"not_picked":["Occultation","MilkyWay","LuminesStrike","6A"],"picked":"SporeBomb","floor":5},{"not_picked":["IllusionStar","ChargeUpSpray","Orbital","BinaryStars"],"picked":"OrrerysSun","floor":6},{"not_picked":["DC","OortCloud","ShootTheMoon","NonDirectionalLaser"],"picked":"PropBag","floor":7},{"not_picked":["SporeBomb","Robbery","DoubleSpark","GasGiant"],"picked":"StarBarrage","floor":10},{"not_picked":["LuminesStrike","SporeBomb","MysteriousBeam","NonDirectionalLaser"],"picked":"DeepEcoloBomb","floor":11},{"not_picked":["Occultation","DeepEcoloBomb","ShootingEcho","UnstableBomb"],"picked":"JA","floor":14},{"not_picked":["CasketOfStar","JA","SatelliteIllusion","TreasureHunter"],"picked":"UltimateShortwave","floor":16},{"not_picked":["MagicAbsorber+1","UnstableBomb","ShootingEcho","PropBag"],"picked":"PulseMagic","floor":18},{"not_picked":["IllusionStar","ShootingEcho","PowerUp+1","NonDirectionalLaser"],"picked":"Acceleration","floor":21},{"not_picked":["StarBarrage","DarkSpark","AsteroidBelt","MilkyWay+1"],"picked":"FinalSpark","floor":23},{"not_picked":["PulseMagic","DC","IllusionStar","MilkyWay"],"picked":"MagicChant","floor":24},{"not_picked":["6A","MilkyWay","GrandCross","DragonMeteor"],"picked":"ManaConvection","floor":25},{"not_picked":["GrandCross","PowerUp","DragonMeteor","AsteroidBelt"],"picked":"MaximisePower","floor":28},{"not_picked":["Gensokyo:Kunekune","Gensokyo:MenInBlack","Gensokyo:MissMary","Gensokyo:TekeTeke"],"picked":"Gensokyo:SevenSchoolMysteries","floor":31},{"not_picked":["SatelliteIllusion","CasketOfStar","JA","AbsoluteMagnitude"],"picked":"UltimateShortwave","floor":33},{"not_picked":["IllusionStar","UnstableBomb+1","MilkyWay","LuminesStrike"],"picked":"GrandCross+1","floor":35},{"not_picked":["AlicesGift","NonDirectionalLaser","UnstableBomb","ChargeUpSpray","GravityBeat+1"],"picked":"SKIP","floor":36},{"not_picked":["OortCloud","SporeBomb","ManaConvection","Orbital+1"],"picked":"NonDirectionalLaser+1","floor":46},{"not_picked":["OrrerysSun","EarthLightRay+1","6A","StarlightTyphoon"],"picked":"PowerUp","floor":48}],"player_experience":73997,"relics_obtained":[{"floor":1,"key":"SynthV:TestCard"},{"floor":6,"key":"testmod-LifeArmor"},{"floor":7,"key":"Gensokyo:MarisaPhilosophersStone"},{"floor":9,"key":"AT_SpeedBoots"},{"floor":10,"key":"AT_BellDemon"},{"floor":24,"key":"War Paint"},{"floor":26,"key":"Mummified Hand"},{"floor":43,"key":"Pet Ghost"}],"event_choices":[{"damage_healed":0,"gold_gain":400,"player_choice":"Sell","damage_taken":0,"max_hp_gain":0,"max_hp_loss":0,"event_name":"¶÷ÂåË¹µÄÅÌ×Ó","floor":29,"relics_lost":["AT_ATBox"],"gold_loss":0}],"is_beta":false,"boss_relics":[{"not_picked":["testmod-BloodSacrificeSpiritualization","testmod-Temperance"],"picked":"RhineFirstAidKit"},{"not_picked":["PatriotShield","Tiny House"],"picked":"testmod-IncinerationGenerator"}],"items_purged_floors":[37,37],"is_endless":false,"potions_floor_spawned":[5,11,14,18,24,25,35,36],"ascension_level":0}}