{"host":"hszimsrtxxc2k25w","time":1610794628,"event":{"mods":["AchievementEnabler","BaseMod","Colored Map","DeckTracker","Minty Spire (QoL Compilation)","Rare Cards Sparkle","SuperFastMode"],"gold_per_floor":[118,134,134,59,75,75,118,118,118,118,134,208,243,30,30,123,123,147,97,115,115,135,135,60,60,60,91,114,145,165,165,165,260,260,281,281,281,305,305,349,349,349,374,395,195,235,259,101,101,101,101],"floor_reached":52,"language":"KOR","playtime":1750,"items_purged":["Strike_R","Strike_R","Strike_R","Defend_R","Headbutt"],"score":2112,"play_id":"8f7bc1c7-3c1b-4604-92a1-ad10269d87bd","local_time":"20210116195708","is_ascension_mode":true,"campfire_choices":[{"data":"Carnage","floor":6.0,"key":"SMITH"},{"data":"Offering","floor":8.0,"key":"SMITH"},{"data":"Bash","floor":10.0,"key":"SMITH"},{"data":"Armaments","floor":15.0,"key":"SMITH"},{"floor":23.0,"key":"REST"},{"floor":25.0,"key":"RECALL"},{"floor":32.0,"key":"REST"},{"data":"Defend_R","floor":41.0,"key":"PURGE"},{"floor":49,"key":"REST"}],"circlet_count":0,"master_deck":["AscendersBane","Bash+1","Pommel Strike","Carnage+1","Offering+1","Impervious","Shockwave","Double Tap","Armaments+1","Shrug It Off+1","Barricade+1","Body Slam+1","Metallicize","Flash of Steel","Feel No Pain","Shrug It Off"],"relics":["Burning Blood","NeowsBlessing","Golden Idol","Shuriken","Smiling Mask","Ornamental Fan","Paper Frog","Orrery","Fusion Hammer","Bag of Marbles","Nunchaku","StoneCalendar","Mummified Hand","Empty Cage","Peace Pipe","PreservedInsect","MealTicket","Regal Pillow"],"acts_visited":["Exordium","TheCity","TheBeyond"],"potions_floor_usage":[46],"damage_taken":[{"damage":0.0,"enemies":"2 Louse","floor":1.0,"turns":1.0},{"damage":0.0,"enemies":"Small Slimes","floor":2.0,"turns":1.0},{"damage":0.0,"enemies":"Cultist","floor":5.0,"turns":1.0},{"damage":8.0,"enemies":"Gremlin Nob","floor":7.0,"turns":3.0},{"damage":6.0,"enemies":"Large Slime","floor":11.0,"turns":3.0},{"damage":6.0,"enemies":"Gremlin Nob","floor":12.0,"turns":2.0},{"damage":21.0,"enemies":"3 Sentries","floor":13.0,"turns":8.0},{"damage":28.0,"enemies":"The Guardian","floor":16.0,"turns":8.0},{"damage":7.0,"enemies":"Chosen","floor":18.0,"turns":4.0},{"damage":6.0,"enemies":"Shell Parasite","floor":20.0,"turns":1.0},{"damage":6.0,"enemies":"Snake Plant","floor":22.0,"turns":1.0},{"damage":9.0,"enemies":"Gremlin Leader","floor":27.0,"turns":3.0},{"damage":21.0,"enemies":"Chosen and Byrds","floor":28.0,"turns":6.0},{"damage":37.0,"enemies":"Slavers","floor":29.0,"turns":10.0},{"damage":6.0,"enemies":"Sentry and Sphere","floor":30.0,"turns":3.0},{"damage":29.0,"enemies":"Collector","floor":33.0,"turns":5.0},{"damage":24.0,"enemies":"3 Darklings","floor":35.0,"turns":7.0},{"damage":12.0,"enemies":"Orb Walker","floor":38.0,"turns":2.0},{"damage":10.0,"enemies":"Giant Head","floor":40.0,"turns":6.0},{"damage":6.0,"enemies":"Jaw Worm Horde","floor":44.0,"turns":3.0},{"damage":16,"enemies":"Reptomancer","floor":46,"turns":2},{"damage":6,"enemies":"Maw","floor":47,"turns":4},{"damage":6,"enemies":"Donu and Deca","floor":50,"turns":6},{"damage":6,"enemies":"Time Eater","floor":51,"turns":5}],"seed_played":"-8902489663024554947","potions_obtained":[{"floor":2.0,"key":"Ancient Potion"},{"floor":7.0,"key":"SneckoOil"},{"floor":18.0,"key":"PowerPotion"},{"floor":38.0,"key":"LiquidMemories"},{"floor":46,"key":"BlessingOfTheForge"}],"is_trial":false,"path_per_floor":["M","M","?","$","M","R","E","R","T","R","M","?","E","$","R","B",null,"M","$","M","?","M","R","?","R","T","E","M","E","M","T","R","B",null,"M","T","?","M","?","E","R","?","T","M","$","E","M","$","R","B","B",null],"character_chosen":"IRONCLAD","items_purchased":["Orrery","Flash of Steel","Swift Potion","Shrug It Off","Block Potion"],"campfire_rested":3,"item_purchase_floors":[14,45,45,48,48],"current_hp_per_floor":[74,75,68,68,68,68,66,66,66,66,66,66,51,51,51,29,58,57,57,57,57,57,68,68,68,68,65,50,19,19,19,39,16,55,37,37,37,31,56,52,52,52,52,52,56,46,46,56,56,56,56],"gold":101,"neow_bonus":"THREE_ENEMY_KILL","is_daily":false,"chose_seed":false,"campfire_upgraded":4,"win_rate":0.0,"timestamp":1610794628,"path_taken":["M","M","?","$","M","R","E","R","T","R","M","?","E","$","R","BOSS","M","$","M","?","?","R","?","R","T","E","M","E","M","?","R","BOSS","M","?","?","?","?","E","R","?","T","?","?","E","M","$","R","BOSS","BOSS"],"items_purchased_type":["Relic","Card","Potion","Card","Potion"],"build_version":"2020-12-22","purchased_purges":5,"victory":true,"max_hp_per_floor":[75,75,68,68,68,68,68,68,68,68,68,68,68,68,68,68,68,68,68,68,68,68,68,68,68,68,68,68,68,68,68,68,68,68,68,68,68,68,56,56,56,56,56,56,56,56,56,56,56,56,56],"card_choices":[{"not_picked":["Clothesline","Iron Wave"],"picked":"Pommel Strike","floor":1.0},{"not_picked":["True Grit","Bloodletting"],"picked":"Carnage","floor":2.0},{"not_picked":["Pommel Strike","Wild Strike","Flex"],"picked":"SKIP","floor":5.0},{"not_picked":["Twin Strike","Spot Weakness"],"picked":"Offering","floor":7.0},{"not_picked":["Headbutt","Perfected Strike","Heavy Blade"],"picked":"SKIP","floor":11.0},{"not_picked":["Flex","Pommel Strike"],"picked":"Impervious","floor":13.0},{"not_picked":["True Grit","Cleave"],"picked":"Shockwave","floor":14.0},{"not_picked":["Heavy Blade","Thunderclap"],"picked":"Double Tap","floor":14.0},{"not_picked":["Combust","Sword Boomerang"],"picked":"Armaments","floor":14.0},{"not_picked":["Clothesline","Perfected Strike","Heavy Blade+1"],"picked":"SKIP","floor":18.0},{"not_picked":["Sentinel","Clash","Whirlwind"],"picked":"SKIP","floor":20.0},{"not_picked":["Cleave","Pommel Strike","Wild Strike+1"],"picked":"SKIP","floor":22.0},{"not_picked":["Clash","True Grit","Clothesline"],"picked":"SKIP","floor":27.0},{"not_picked":["Rage","Thunderclap","Whirlwind"],"picked":"SKIP","floor":28.0},{"not_picked":["Brutality","Thunderclap","Searing Blow"],"picked":"SKIP","floor":29.0},{"not_picked":["Thunderclap","Armaments"],"picked":"Shrug It Off+1","floor":30.0},{"not_picked":["Fiend Fire","Double Tap"],"picked":"Barricade","floor":33.0},{"not_picked":["Heavy Blade+1","Pommel Strike","Clothesline"],"picked":"SKIP","floor":35.0},{"not_picked":["Rampage+1","Havoc"],"picked":"Body Slam+1","floor":38.0},{"not_picked":["Armaments","Flex","True Grit"],"picked":"SKIP","floor":40.0},{"not_picked":["Cleave","Headbutt+1"],"picked":"Metallicize","floor":44.0},{"not_picked":["Cleave","Demon Form"],"picked":"Feel No Pain","floor":46},{"not_picked":["Rampage","Flame Barrier","Sword Boomerang"],"picked":"SKIP","floor":47}],"player_experience":618063,"relics_obtained":[{"floor":7.0,"key":"Shuriken"},{"floor":9.0,"key":"Smiling Mask"},{"floor":12.0,"key":"Ornamental Fan"},{"floor":13.0,"key":"Paper Frog"},{"floor":26.0,"key":"Bag of Marbles"},{"floor":27.0,"key":"Nunchaku"},{"floor":29.0,"key":"StoneCalendar"},{"floor":31.0,"key":"Mummified Hand"},{"floor":36.0,"key":"Peace Pipe"},{"floor":40.0,"key":"PreservedInsect"},{"floor":43.0,"key":"MealTicket"},{"floor":46,"key":"Regal Pillow"}],"event_choices":[{"damage_healed":0.0,"max_hp_gain":0.0,"max_hp_loss":7.0,"gold_gain":0.0,"event_name":"Golden Idol","player_choice":"Lose Max HP","floor":3.0,"gold_loss":0.0,"damage_taken":0.0,"relics_obtained":["Golden Idol"]},{"damage_healed":0.0,"max_hp_gain":0.0,"max_hp_loss":0.0,"gold_gain":0.0,"event_name":"Dead Adventurer","player_choice":"Searched \u00271\u0027 times","floor":12.0,"gold_loss":0.0,"damage_taken":0.0},{"damage_healed":0.0,"max_hp_gain":0.0,"max_hp_loss":0.0,"gold_gain":0.0,"event_name":"Duplicator","player_choice":"Ignored","floor":21.0,"gold_loss":0.0,"damage_taken":0.0},{"cards_removed":["Strike_R"],"damage_healed":0.0,"max_hp_gain":0.0,"max_hp_loss":0.0,"gold_gain":0.0,"event_name":"Beggar","player_choice":"Gave Gold","floor":24.0,"gold_loss":75.0,"damage_taken":0.0},{"damage_healed":0.0,"max_hp_gain":0.0,"max_hp_loss":0.0,"gold_gain":0.0,"cards_transformed":["Defend_R"],"event_name":"Transmorgrifier","player_choice":"Transformed","floor":37.0,"gold_loss":0.0,"damage_taken":0.0,"cards_obtained":["Headbutt"]},{"damage_healed":56.0,"max_hp_gain":0.0,"max_hp_loss":12.0,"gold_gain":0.0,"event_name":"The Moai Head","player_choice":"Heal","floor":39.0,"gold_loss":0.0,"damage_taken":0.0},{"damage_healed":0.0,"max_hp_gain":0.0,"max_hp_loss":0.0,"gold_gain":0.0,"event_name":"Accursed Blacksmith","player_choice":"Forge","floor":42.0,"gold_loss":0.0,"damage_taken":0.0,"cards_upgraded":["Barricade"]}],"is_beta":false,"boss_relics":[{"not_picked":["Coffee Dripper","Velvet Choker"],"picked":"Fusion Hammer"},{"not_picked":["Black Blood","Philosopher\u0027s Stone"],"picked":"Empty Cage"}],"items_purged_floors":[4,14,19,45,48],"is_endless":false,"potions_floor_spawned":[2,7,13,16,18,20,27,30,38,46],"ascension_level":20}}