{"host":"6jrnojxwearbrjzo","time":1610818935,"event":{"mods":["BaseMod","Conspire","Highlight Path","Marisa（F雨　魔理沙）","Minty Spire (QoL Compilation)","MostiFishMod","Quick Restart","Random Character Button","RumiaBox-露米娅的神秘盒子","Shop Mod","Spicy Shops","StSLib","The Construct","The Servant 0.9.4","Yuyuko","[功能]功能增强和修复MOD","vexMod","篝火指南"],"gold_per_floor":[114,114,0,0,0,0,29,29,29,8,8,8,39,58,58,161,161,176,176,49,49,20,20,54,122,122,133,133,162,0,0,0,96,96,109,0,0,0,0,0,19,19,19,43,43,14,26,54,54,54,54,54,24,51,51],"floor_reached":56,"language":"ZHS","playtime":1316,"items_purged":["Strike_B"],"score":1709,"play_id":"bdc48308-72e9-4fc1-97cc-04548cfd1437","local_time":"20210117014215","is_ascension_mode":false,"campfire_choices":[{"data":"Rip and Tear","floor":6.0,"key":"SMITH"},{"data":"Strike_B","floor":8.0,"key":"SMITH"},{"data":"White Noise","floor":11.0,"key":"SMITH"},{"data":"Hologram","floor":15.0,"key":"SMITH"},{"data":"Fission","floor":23.0,"key":"SMITH"},{"floor":28.0,"key":"RECALL"},{"data":"Gash","floor":32,"key":"SMITH"},{"data":"Streamline","floor":40,"key":"SMITH"},{"data":"MostiFishMod:Kaleido","floor":49,"key":"SMITH"},{"data":"Chill","floor":52,"key":"SMITH"}],"circlet_count":0,"master_deck":["Strike_B+1","Strike_B+1","Strike_B+1","Zap+1","Dualcast+1","Rip and Tear+1","White Noise+1","Skim","Cold Snap+1","Hologram+1","MostiFishMod:Exploitation","Streamline+1","MostiFishMod:DawningShadow+1","Fission+1","Gash+1","MostiFishMod:PushDownKick","MostiFishMod:StrandedSiren+1","MostiFishMod:LinkProtocol+1","MostiFishMod:Kaleido+1","Wraith","Chill+1","Core Surge","Steam+1"],"relics":["DaveBox","PatriotShield","xbg","SynthV:TestCard","StrikeDummy","Dead Branch","Turnip","SynthV:C4","vexMod:ConsolationPrize","OneHitWonderSystem","Whetstone","Orichalcum","Frozen Egg 2","PreservedInsect","Bag of Marbles","conspire:GlowingRock","vexMod:Dragonfruit","Pocketwatch","vexMod:FocusSash","Mummified Hand","ChiLing","Chi","Ling","GodSword1","Anchor","JellyFishMachine","Red Mask","conspire:DecoderRing","vexMod:BarristanHead","Pen Nib","HornCleat","Technique","Toy Ornithopter"],"acts_visited":["Exordium","TheCity","TheBeyond","TheEnding"],"potions_floor_usage":[],"damage_taken":[{"damage":0.0,"enemies":"Jaw Worm","floor":1.0,"turns":1.0},{"damage":0.0,"enemies":"3 Sentries","floor":7.0,"turns":4.0},{"damage":0.0,"enemies":"Lagavulin","floor":13.0,"turns":2.0},{"damage":0.0,"enemies":"Small Slimes","floor":14.0,"turns":2.0},{"damage":0.0,"enemies":"The Guardian","floor":16.0,"turns":3.0},{"damage":0.0,"enemies":"3 Byrds","floor":18.0,"turns":2.0},{"damage":0.0,"enemies":"Book of Stabbing","floor":24.0,"turns":1.0},{"damage":0.0,"enemies":"conspire:FuzzyDice","floor":27.0,"turns":1.0},{"damage":0.0,"enemies":"Slavers","floor":29.0,"turns":1.0},{"damage":0,"enemies":"Automaton","floor":33,"turns":4},{"damage":0,"enemies":"3 Shapes","floor":35,"turns":1},{"damage":0,"enemies":"Orb Walker","floor":41,"turns":1},{"damage":0,"enemies":"Sphere and 2 Shapes","floor":47,"turns":1},{"damage":0,"enemies":"Nemesis","floor":48,"turns":1},{"damage":0,"enemies":"conspire:OrnateMirror","floor":50,"turns":2},{"damage":0,"enemies":"Shield and Spear","floor":54,"turns":2},{"damage":0,"enemies":"The Heart","floor":55,"turns":5}],"seed_played":"-195457837063508916","potions_obtained":[{"floor":13.0,"key":"FocusPotion"},{"floor":13.0,"key":"BlessingOfTheForge"},{"floor":14.0,"key":"Swift Potion"}],"is_trial":false,"path_per_floor":["M","?","$","?","$","R","E","R","T","$","R","?","E","M","R","B",null,"M","?","$","?","$","R","E","T","T","M","R","E","$","?","R","B",null,"M","?","?","?","?","R","M","?","T","T","?","$","M","E","R","B",null,"R","$","E","B",null],"character_chosen":"DEFECT","items_purchased":["StrikeDummy","Dead Branch","SynthV:C4","Whetstone","Orichalcum","Frozen Egg 2","PreservedInsect","Bag of Marbles","Mummified Hand","ChiLing","GodSword1","Anchor","Pen Nib","Technique"],"campfire_rested":0,"item_purchase_floors":[3,3,10,20,20,20,20,22,30,30,30,30,46,53],"current_hp_per_floor":[75,75,75,68,68,68,68,68,68,68,68,68,68,68,68,68,1,1,1,1,1,1,1,1,6,1,1,1,1,1,1,1,1,1,1,1,1,1,1,1,1,1,1,1,1,1,1,1,1,1,1,1,1,1,1],"gold":51,"neow_bonus":"BOSS_RELIC","is_daily":false,"chose_seed":false,"campfire_upgraded":9,"win_rate":0.0,"timestamp":1610818935,"path_taken":["M","?","?","?","?","R","E","R","T","$","R","?","E","?","R","BOSS","M","?","$","?","?","R","E","?","T","?","R","E","$","?","R","BOSS","M","?","?","?","?","R","?","?","T","?","?","?","?","E","R","BOSS","R","$","E","BOSS"],"items_purchased_type":["Relic","Relic","Relic","Relic","Relic","Relic","Relic","Relic","Relic","Relic","Relic","Relic","Relic","Relic"],"build_version":"2020-12-22","purchased_purges":1,"victory":true,"max_hp_per_floor":[75,75,75,75,75,75,75,75,75,75,75,75,75,75,75,75,1,1,1,1,1,1,1,1,6,1,1,1,1,1,1,1,1,1,1,1,1,1,1,1,1,1,1,1,1,1,1,1,1,1,1,1,1,1,1],"card_choices":[{"not_picked":["Leap","Cold Snap"],"picked":"Rip and Tear","floor":1.0},{"not_picked":["Compile Driver","MostiFishMod:Tomorrow","BootSequence","Rip and Tear"],"picked":"Skim","floor":7.0},{"not_picked":["Glacier","Doom and Gloom","Compile Driver","MostiFishMod:ReprogramOld"],"picked":"Cold Snap","floor":13.0},{"not_picked":["Beam Cell","Steam","Redo","Go for the Eyes"],"picked":"Hologram","floor":14.0},{"not_picked":["MostiFishMod:Nova","MostiFishMod:Distribution","MostiFishMod:IceShield","Machine Learning"],"picked":"MostiFishMod:Exploitation","floor":16.0},{"not_picked":["Consume","Go for the Eyes","Tempest+1","Beam Cell"],"picked":"Streamline","floor":18.0},{"not_picked":["Chaos","Go for the Eyes","Rebound","Stack","MostiFishMod:FluxCapactior"],"picked":"SKIP","floor":24.0},{"not_picked":["MostiFishMod:ReprogramOld+1","Barrage+1","Redo","Hologram","Coolheaded"],"picked":"SKIP","floor":27.0},{"not_picked":["Reinforced Body","Compile Driver","Glacier","Tempest"],"picked":"MostiFishMod:PushDownKick","floor":29.0},{"not_picked":["MostiFishMod:Nova","All For One","MostiFishMod:InterfaceCompatibility+1","Biased Cognition+1"],"picked":"MostiFishMod:StrandedSiren+1","floor":33},{"not_picked":["Skim","Coolheaded","Self Repair+1","Barrage"],"picked":"MostiFishMod:LinkProtocol+1","floor":35},{"not_picked":["Reprogram","Compile Driver+1","Cold Snap+1","MostiFishMod:PushDownKick","Stack+1"],"picked":"SKIP","floor":41},{"not_picked":["Swift Strike","Jack Of All Trades","Sadistic Nature+1","Blind"],"picked":"MostiFishMod:Kaleido","floor":42},{"not_picked":["Streamline","Barrage","Tempest","Blizzard"],"picked":"Chill","floor":47},{"not_picked":["Streamline+1","Ball Lightning","Cold Snap+1","Skim"],"picked":"Core Surge","floor":48},{"not_picked":["Turbo+1","Go for the Eyes","Redo+1","Leap"],"picked":"Steam+1","floor":54}],"player_experience":72265,"relics_obtained":[{"floor":1.0,"key":"SynthV:TestCard"},{"floor":7.0,"key":"Turnip"},{"floor":13.0,"key":"vexMod:ConsolationPrize"},{"floor":24.0,"key":"conspire:GlowingRock"},{"floor":25.0,"key":"vexMod:Dragonfruit"},{"floor":26.0,"key":"Pocketwatch"},{"floor":29.0,"key":"vexMod:FocusSash"},{"floor":43,"key":"conspire:DecoderRing"},{"floor":44,"key":"vexMod:BarristanHead"},{"floor":48,"key":"HornCleat"},{"floor":54,"key":"Toy Ornithopter"}],"event_choices":[{"damage_healed":0.0,"max_hp_gain":0.0,"max_hp_loss":0.0,"gold_gain":0.0,"cards_transformed":["Defend_B"],"event_name":"Transmorgrifier","player_choice":"Transformed","floor":2.0,"gold_loss":0.0,"damage_taken":0.0,"cards_obtained":["White Noise"]},{"cards_removed":["Defend_B"],"damage_healed":0.0,"max_hp_gain":0.0,"max_hp_loss":0.0,"gold_gain":0.0,"event_name":"Golden Wing","player_choice":"Card Removal","floor":4.0,"gold_loss":0.0,"damage_taken":7.0},{"damage_healed":0.0,"max_hp_gain":0.0,"max_hp_loss":0.0,"gold_gain":0.0,"event_name":"Accursed Blacksmith","player_choice":"Forge","floor":12.0,"gold_loss":0.0,"damage_taken":0.0,"cards_upgraded":["Strike_B"]},{"damage_healed":0.0,"max_hp_gain":0.0,"max_hp_loss":0.0,"gold_gain":0.0,"cards_transformed":["Defend_B","Defend_B"],"event_name":"Drug Dealer","player_choice":"Became Test Subject","floor":19.0,"gold_loss":0.0,"damage_taken":0.0,"cards_obtained":["MostiFishMod:DawningShadow","Fission"]},{"damage_healed":0.0,"max_hp_gain":0.0,"max_hp_loss":0.0,"gold_gain":0.0,"event_name":"The Library","player_choice":"Read","floor":21.0,"gold_loss":0.0,"damage_taken":0.0,"cards_obtained":["Gash"]},{"damage_healed":0,"gold_gain":0,"player_choice":"Paid","damage_taken":0,"relics_obtained":["Red Mask"],"max_hp_gain":0,"max_hp_loss":0,"event_name":"Tomb of Lord Red Mask","floor":36,"gold_loss":109},{"damage_healed":0,"gold_gain":0,"player_choice":"Max HP","damage_taken":0,"max_hp_gain":0,"max_hp_loss":0,"event_name":"Winding Halls","floor":38,"gold_loss":0},{"damage_healed":0,"gold_gain":0,"player_choice":"Upgraded","damage_taken":0,"max_hp_gain":0,"max_hp_loss":0,"event_name":"Upgrade Shrine","floor":39,"gold_loss":0,"cards_upgraded":["MostiFishMod:DawningShadow"]},{"damage_healed":0,"gold_gain":0,"player_choice":"Memory 1","damage_taken":0,"max_hp_gain":0,"max_hp_loss":0,"event_name":"SensoryStone","floor":42,"gold_loss":0},{"damage_healed":0,"gold_gain":0,"player_choice":"Ignored","damage_taken":0,"max_hp_gain":0,"max_hp_loss":0,"event_name":"OrinTheCat","floor":45,"gold_loss":0}],"is_beta":false,"boss_relics":[{"not_picked":["Runic Dome","vexMod:ImprovementManual"],"picked":"OneHitWonderSystem"},{"not_picked":["MoonlightInvasionPlan","conspire:SpecialSausage"],"picked":"JellyFishMachine"}],"items_purged_floors":[10],"is_endless":false,"potions_floor_spawned":[1,13,13,14,16,24,24,24,27,29,33,33,35,35,41,41,48,48,54],"ascension_level":0}}