{"host":"51mqhfpmwwd4kxyt","time":1610804449,"event":{"mods":["BaseMod","Downfall","Highlight Path","Minty Spire (QoL Compilation)","READ ME - Guardian Mod","StSLib","The Cursed","The Servant 0.9.4"],"gold_per_floor":[118,118,118,132,156,156,171,187,212,227,227,258,274,288,288,418,418,434,455,468,468,82,82,14,14,14,14,14,47,67,131,131,131,131],"floor_reached":33,"language":"ENG","playtime":1630,"items_purged":["Writhe"],"score":326,"play_id":"6361577c-118e-4f43-8075-1e0a02423981","local_time":"20210116084049","is_ascension_mode":true,"campfire_choices":[{"floor":6,"key":"REST"},{"floor":15,"key":"REST"},{"floor":23,"key":"REST"},{"data":"Fasting2","floor":28,"key":"SMITH"},{"floor":32,"key":"REST"}],"circlet_count":0,"master_deck":["Strike_P+1","Strike_P","Strike_P","Strike_P","Defend_P","Defend_P","Defend_P","Defend_P","Eruption+1","Vigilance","ClearTheMind","Ragnarok","Panacea","InnerPeace","Wallop","Fasting2+1","EmptyBody","Brilliance","EmptyBody","Scrawl","TalkToTheHand","Wallop","DeceiveReality+1","BattleHymn","Adaptation","Shame","WreathOfFlame+1","MentalFortress"],"relics":["PureWater","NeowsBlessing","Golden Idol","Whetstone","Bronze Scales","Sozu","Bag of Preparation","Question Card","Bag of Marbles","Strawberry","SsserpentHead","Yang"],"acts_visited":["Exordium","TheCity"],"potions_floor_usage":[8,10,14,16,31],"damage_taken":[{"damage":0,"enemies":"Small Slimes","floor":1,"turns":1},{"damage":0,"enemies":"Jaw Worm","floor":4,"turns":1},{"damage":0,"enemies":"Cultist","floor":5,"turns":1},{"damage":9,"enemies":"Looter","floor":7,"turns":3},{"damage":0,"enemies":"Gremlin Gang","floor":8,"turns":2},{"damage":4,"enemies":"Exordium Wildlife","floor":10,"turns":2},{"damage":0,"enemies":"Gremlin Nob","floor":12,"turns":2},{"damage":5,"enemies":"Blue Slaver","floor":13,"turns":3},{"damage":15,"enemies":"Large Slime","floor":14,"turns":4},{"damage":46,"enemies":"Slime Boss","floor":16,"turns":12},{"damage":10,"enemies":"Shell Parasite","floor":18,"turns":4},{"damage":4,"enemies":"2 Thieves","floor":19,"turns":4},{"damage":21,"enemies":"Centurion and Healer","floor":20,"turns":6},{"damage":20,"enemies":"Book of Stabbing","floor":29,"turns":6},{"damage":30,"enemies":"Cultist and Chosen","floor":30,"turns":7},{"damage":0,"enemies":"Snake Plant","floor":31,"turns":3},{"damage":41,"enemies":"Collector","floor":33,"turns":10}],"seed_played":"6587953122557252669","potions_obtained":[{"floor":1,"key":"Explosive Potion"},{"floor":5,"key":"Explosive Potion"},{"floor":8,"key":"Slimebound:ThreeZeroPotion"},{"floor":11,"key":"champ:CounterPotion"},{"floor":11,"key":"Dexterity Potion"},{"floor":11,"key":"Weak Potion"}],"is_trial":false,"path_per_floor":["M","?","?","M","M","R","M","M","T","M","?","E","M","M","R","B",null,"M","M","M","?","$","R","$","?","T","?","R","E","M","M","R","B"],"character_chosen":"WATCHER","items_purchased":["Question Card","BattleHymn","Adaptation"],"campfire_rested":4,"item_purchase_floors":[22,22,24],"current_hp_per_floor":[72,54,54,54,54,72,63,63,63,59,59,59,54,39,60,14,72,62,58,37,37,37,58,58,58,65,65,65,45,15,15,38,0,0],"gold":131,"neow_bonus":"THREE_ENEMY_KILL","is_daily":false,"chose_seed":false,"campfire_upgraded":1,"win_rate":0.0,"timestamp":1610804449,"path_taken":["M","?","?","M","M","R","M","M","T","?","?","E","M","M","R","BOSS","M","?","M","?","$","R","?","?","T","?","R","E","M","?","R","BOSS"],"items_purchased_type":["Relic","Card","Card"],"build_version":"2020-12-22","purchased_purges":1,"victory":false,"max_hp_per_floor":[72,72,72,72,72,72,72,72,72,72,72,72,72,72,72,72,72,72,72,72,72,72,72,72,72,79,79,79,79,79,79,79,79,79],"card_choices":[{"not_picked":["Halt","JustLucky"],"picked":"ClearTheMind","floor":1},{"not_picked":["CutThroughFate","BowlingBash"],"picked":"InnerPeace","floor":4},{"not_picked":["FlyingSleeves","EmptyBody"],"picked":"Wallop","floor":5},{"not_picked":["BowlingBash","Consecrate"],"picked":"Fasting2","floor":7},{"not_picked":["CrushJoints","Consecrate"],"picked":"EmptyBody","floor":8},{"not_picked":["FlyingSleeves","Protect"],"picked":"Brilliance","floor":10},{"not_picked":["FollowUp","WreathOfFlame","JustLucky"],"picked":"SKIP","floor":12},{"not_picked":["Consecrate","Weave","Halt"],"picked":"SKIP","floor":13},{"not_picked":["FlyingSleeves","Consecrate"],"picked":"EmptyBody","floor":14},{"not_picked":["ConjureBlade","MasterReality"],"picked":"Scrawl","floor":16},{"not_picked":["Crescendo","Halt"],"picked":"TalkToTheHand","floor":18},{"not_picked":["FollowUp","WreathOfFlame+1"],"picked":"Wallop","floor":19},{"not_picked":["FlurryOfBlows","Protect+1"],"picked":"DeceiveReality+1","floor":20},{"not_picked":["FearNoEvil","Indignation","BowlingBash"],"picked":"WreathOfFlame+1","floor":29},{"not_picked":["Vengeance","FlurryOfBlows","Crescendo","CrushJoints+1"],"picked":"SKIP","floor":30},{"not_picked":["FollowUp+1","Prostrate","CutThroughFate+1"],"picked":"MentalFortress","floor":31}],"player_experience":395759,"relics_obtained":[{"floor":9,"key":"Whetstone"},{"floor":12,"key":"Bronze Scales"},{"floor":26,"key":"Strawberry"},{"floor":29,"key":"Yang"}],"event_choices":[{"damage_healed":0,"gold_gain":0,"player_choice":"Take Damage","damage_taken":18,"relics_obtained":["Golden Idol"],"max_hp_gain":0,"max_hp_loss":0,"event_name":"Golden Idol","floor":2,"gold_loss":0},{"damage_healed":0,"gold_gain":0,"player_choice":"2 cards matched","damage_taken":0,"max_hp_gain":0,"max_hp_loss":0,"event_name":"Match and Keep!","floor":3,"gold_loss":0,"cards_obtained":["Ragnarok","Panacea"]},{"damage_healed":0,"gold_gain":0,"player_choice":"Got Potions","damage_taken":0,"max_hp_gain":0,"max_hp_loss":0,"event_name":"Lab","floor":11,"gold_loss":0},{"damage_healed":0,"gold_gain":0,"player_choice":"Opened","damage_taken":0,"relics_obtained":["Bag of Preparation"],"max_hp_gain":0,"max_hp_loss":0,"event_name":"The Mausoleum","floor":21,"gold_loss":0,"cards_obtained":["Writhe"]},{"damage_healed":0,"gold_gain":0,"player_choice":"Stole Relic","damage_taken":0,"relics_obtained":["Bag of Marbles"],"max_hp_gain":0,"max_hp_loss":0,"event_name":"Addict","floor":25,"gold_loss":0,"cards_obtained":["Shame"]},{"damage_healed":0,"gold_gain":0,"player_choice":"Trade","damage_taken":0,"relics_obtained":["SsserpentHead"],"max_hp_gain":0,"max_hp_loss":0,"event_name":"FaceTrader","floor":27,"gold_loss":0}],"is_beta":false,"boss_relics":[{"not_picked":["SlaversCollar","SacredBark"],"picked":"Sozu"}],"items_purged_floors":[22],"is_endless":false,"potions_floor_spawned":[1,5,8,12,13,18,20,30],"killed_by":"Collector","ascension_level":2}}