{"host":"az1ex86qolajid0q","time":1610757923,"event":{"mods":["2.2 Compatiblity","AchievementEnabler","Astrologer","BaseMod","Beaked The Cultist","Better Altar","Better Match","Better Note","Better Sensory Stone","Better Skull","Better Third Choice","Better Vampires","BetterRewards","Colored Map","Colored Powertips","Downfall","Energized Spire","Hermit","Jorbs\u0027s Wanderer Trilogy","Minty Spire (QoL Compilation)","Permanent Neow","Rare Cards Sparkle","Relic Sorter","Relic Stats","Shop Mod","Spicy Shops","StSLib","The Construct"],"gold_per_floor":[111,61,71,71,47,47,47],"floor_reached":6,"language":"ENG","playtime":100,"items_purged":[],"score":51,"play_id":"5a8109a0-cc48-49b4-b09f-8ce9054e88a5","local_time":"20210115184523","is_ascension_mode":true,"campfire_choices":[],"circlet_count":0,"master_deck":["AscendersBane","Strike_P","Strike_P","Strike_P","Defend_P","Defend_P","Defend_P+1","Defend_P","Eruption","Vigilance","FlurryOfBlows","Scrawl+1","EmptyBody"],"relics":["energizedSpire:MagnifyingGlass"],"acts_visited":["Exordium"],"potions_floor_usage":[6],"damage_taken":[{"damage":7,"enemies":"2 Louse","floor":1,"turns":3},{"damage":7,"enemies":"Small Slimes","floor":3,"turns":3},{"damage":40,"enemies":"Gremlin Nob","floor":6,"turns":3}],"seed_played":"8320811039635835220","potions_obtained":[{"floor":3,"key":"Fire Potion"}],"is_trial":false,"path_per_floor":["M","?","M","?","$","E"],"character_chosen":"WATCHER","items_purchased":["EmptyBody"],"campfire_rested":0,"item_purchase_floors":[5],"current_hp_per_floor":[58,58,51,37,37,0,0],"gold":47,"neow_bonus":"BOSS_RELIC","is_daily":false,"chose_seed":false,"campfire_upgraded":0,"win_rate":0.0,"timestamp":1610757923,"path_taken":["M","?","M","?","$","E"],"items_purchased_type":["Card"],"build_version":"2020-12-22","purchased_purges":0,"victory":false,"max_hp_per_floor":[72,72,72,72,72,72,72],"relic_stats":{"counters":[3,9],"obtain_stats":[{"energizedSpire:MagnifyingGlass":0,"PureWater":0},{"energizedSpire:MagnifyingGlass":0,"PureWater":0},{"energizedSpire:MagnifyingGlass":0,"PureWater":0}]},"card_choices":[{"not_picked":["JustLucky","Prostrate"],"picked":"FlurryOfBlows","floor":1},{"not_picked":["FollowUp","CutThroughFate"],"picked":"Scrawl","floor":3}],"player_experience":678225,"relics_obtained":[],"event_choices":[{"cards_removed":["Strike_P"],"damage_healed":0,"gold_gain":0,"player_choice":"Card Removal","damage_taken":0,"max_hp_gain":0,"max_hp_loss":0,"event_name":"The Cleric","floor":2,"gold_loss":50},{"damage_healed":51,"gold_gain":0,"player_choice":"Upgrade","damage_taken":14,"max_hp_gain":0,"max_hp_loss":72,"event_name":"betterThird:BetterShining","floor":4,"gold_loss":0,"cards_upgraded":["Defend_P","Scrawl"]}],"is_beta":false,"boss_relics":[],"items_purged_floors":[],"is_endless":false,"potions_floor_spawned":[3],"killed_by":"Gremlin Nob","ascension_level":10}}