{"host":"2tgyrzvaa7l04o2e","time":1610810203,"event":{"mods":["BaseMod","Highlight Path","Minty Spire (QoL Compilation)","Permanent Neow","Relic Stats"],"gold_per_floor":[113,132,21,31,31,60,60,60,60,60,78,78,97,123,123,123,123],"floor_reached":16,"language":"ENG","playtime":660,"items_purged":[],"score":171,"play_id":"fbb50e2d-e5a5-4ddd-a76a-e5c182f1e798","local_time":"20210116161643","is_ascension_mode":true,"campfire_choices":[{"data":"Rampage","floor":8,"key":"SMITH"},{"data":"Second Wind","floor":10,"key":"SMITH"},{"data":"Feel No Pain","floor":12,"key":"SMITH"},{"floor":15,"key":"REST"}],"circlet_count":0,"master_deck":["AscendersBane","Strike_R","Strike_R","Strike_R","Defend_R","Defend_R","Defend_R","Defend_R","Bash+1","Fire Breathing","Second Wind+1","Rampage+1","Feel No Pain+1","Reckless Charge+1","Sentinel","Shrug It Off"],"relics":["Burning Blood","Darkstone Periapt","Orichalcum"],"acts_visited":["Exordium"],"potions_floor_usage":[6,14,16],"damage_taken":[{"damage":6,"enemies":"Cultist","floor":1,"turns":4},{"damage":5,"enemies":"2 Louse","floor":2,"turns":3},{"damage":9,"enemies":"Jaw Worm","floor":4,"turns":4},{"damage":9,"enemies":"3 Sentries","floor":6,"turns":6},{"damage":2,"enemies":"Large Slime","floor":11,"turns":5},{"damage":11,"enemies":"3 Louse","floor":13,"turns":4},{"damage":48,"enemies":"Lagavulin","floor":14,"turns":7},{"damage":41,"enemies":"The Guardian","floor":16,"turns":9}],"seed_played":"2318028988162698667","potions_obtained":[{"floor":1,"key":"BloodPotion"},{"floor":4,"key":"Fruit Juice"},{"floor":6,"key":"BlessingOfTheForge"}],"is_trial":false,"path_per_floor":["M","M","$","M","?","E","?","R","T","R","M","R","M","E","R","B"],"character_chosen":"IRONCLAD","items_purchased":["Feel No Pain","Reckless Charge"],"campfire_rested":1,"item_purchase_floors":[3,3],"current_hp_per_floor":[51,52,52,49,33,35,35,35,35,35,39,39,34,9,34,0,0],"gold":123,"neow_bonus":"TRANSFORM_TWO_CARDS","is_daily":false,"chose_seed":false,"campfire_upgraded":3,"win_rate":0.0,"timestamp":1610810203,"path_taken":["M","M","?","M","?","E","?","R","T","R","M","R","M","E","R","BOSS"],"items_purchased_type":["Card","Card"],"build_version":"2020-12-22","purchased_purges":0,"victory":false,"max_hp_per_floor":[80,80,80,80,80,85,85,85,85,85,85,85,85,85,85,85,85],"relic_stats":{"Darkstone Periapt":0,"counters":[8,42],"Orichalcum":[12],"obtain_stats":[{"Darkstone Periapt":6,"Orichalcum":14,"Burning Blood":0},{"Darkstone Periapt":4,"Orichalcum":7,"Burning Blood":0},{"Darkstone Periapt":17,"Orichalcum":33,"Burning Blood":0}],"Burning Blood":42},"card_choices":[{"not_picked":["Headbutt","Entrench"],"picked":"Rampage","floor":1},{"not_picked":["Thunderclap","Infernal Blade","Wild Strike"],"picked":"SKIP","floor":2},{"not_picked":["Heavy Blade","Havoc","Perfected Strike"],"picked":"SKIP","floor":4},{"not_picked":["Sword Boomerang","Iron Wave"],"picked":"Sentinel","floor":6},{"not_picked":["Evolve","Armaments","True Grit"],"picked":"SKIP","floor":11},{"not_picked":["Warcry","Headbutt"],"picked":"Shrug It Off","floor":13},{"not_picked":["Demon Form","True Grit","Sever Soul"],"picked":"SKIP","floor":14}],"player_experience":601112,"relics_obtained":[{"floor":6,"key":"Darkstone Periapt"},{"floor":14,"key":"Orichalcum"}],"event_choices":[{"damage_healed":0,"gold_gain":0,"player_choice":"Entered Light","damage_taken":16,"max_hp_gain":0,"max_hp_loss":0,"event_name":"Shining Light","floor":5,"gold_loss":0,"cards_upgraded":["Bash","Reckless Charge"]},{"damage_healed":0,"gold_gain":0,"player_choice":"Fled","damage_taken":0,"max_hp_gain":0,"max_hp_loss":0,"event_name":"Scrap Ooze","floor":7,"gold_loss":0}],"is_beta":false,"boss_relics":[],"items_purged_floors":[],"is_endless":false,"potions_floor_spawned":[1,4,6],"killed_by":"The Guardian","ascension_level":11}}