{"host":"sc0o2qwpf9j16a4i","time":1610818923,"event":{"mods":["AchievementEnabler","BaseMod","BetterRewards","Block Reminder","Colored Map","Colored Powertips","Custom Start","Highlight Path","Minty Spire (QoL Compilation)","Relic Stats"],"gold_per_floor":[115,126,126,126,126,126,145,145,145,180,180,197,222,222,222,298,298,308,324,82,7,7,7,23,37,60,60,60,93,105,19,19,94,94,107,118,118,172,186,186,211,238,320,320,6,25,58,71,71,71,71,71,71,18,52,52],"floor_reached":57,"language":"ENG","playtime":2010,"items_purged":["Strike_R","Strike_R"],"score":3751,"play_id":"62a0c390-a05b-4255-8a12-a3ccfe902ec2","local_time":"20210116194203","is_ascension_mode":true,"campfire_choices":[{"data":"Uppercut","floor":6,"key":"SMITH"},{"data":"Inflame","floor":11,"key":"SMITH"},{"data":"Metallicize","floor":15,"key":"SMITH"},{"floor":23,"key":"RECALL"},{"data":"Whirlwind","floor":28,"key":"SMITH"},{"data":"Disarm","floor":32,"key":"SMITH"},{"data":"Demon Form","floor":40,"key":"SMITH"},{"data":"1","floor":44,"key":"LIFT"},{"data":"2","floor":49,"key":"LIFT"},{"data":"3","floor":53,"key":"LIFT"}],"circlet_count":0,"master_deck":["AscendersBane","Strike_R","Defend_R","Defend_R","Defend_R","Defend_R","Bash","Clothesline","Metallicize","Inflame+1","Apotheosis+1","Shrug It Off","Uppercut+1","Sword Boomerang","Battle Trance+1","Flame Barrier+1","Metallicize+1","Immolate","Headbutt","Reaper","Whirlwind+1","Burning Pact","Burning Pact","Dual Wield+1","Juggernaut","Disarm+1","Demon Form+1","Shockwave+1","Clothesline+1","True Grit+1","Inflame","Shrug It Off+1","True Grit+1","Entrench+1","Dual Wield+1"],"relics":["Burning Blood","Lantern","Akabeko","Gremlin Horn","Tiny Chest","Prayer Wheel","Lee\u0027s Waffle","Matryoshka","MealTicket","Mercury Hourglass","Ancient Tea Set","Turnip","Oddly Smooth Stone","Bottled Lightning","Pen Nib","HornCleat","War Paint","Boot","Orichalcum","Snecko Eye","Omamori","Paper Frog","Centennial Puzzle","Cursed Key","Pocketwatch","Girya","Singing Bowl","Toxic Egg 2","Bronze Scales","Blue Candle","Pantograph"],"acts_visited":["Exordium","TheCity","TheBeyond","TheEnding"],"potions_floor_usage":[7,16,29,29,38,39,56,56],"damage_taken":[{"damage":0,"enemies":"2 Louse","floor":1,"turns":1},{"damage":0,"enemies":"Jaw Worm","floor":2,"turns":3},{"damage":0,"enemies":"Small Slimes","floor":7,"turns":1},{"damage":0,"enemies":"Lagavulin","floor":10,"turns":5},{"damage":0,"enemies":"Exordium Wildlife","floor":12,"turns":3},{"damage":0,"enemies":"3 Sentries","floor":13,"turns":2},{"damage":0,"enemies":"Hexaghost","floor":16,"turns":9},{"damage":0,"enemies":"Chosen","floor":18,"turns":3},{"damage":0,"enemies":"Spheric Guardian","floor":19,"turns":1},{"damage":10,"enemies":"Shelled Parasite and Fungi","floor":24,"turns":3},{"damage":0,"enemies":"Sentry and Sphere","floor":25,"turns":3},{"damage":27,"enemies":"Slavers","floor":29,"turns":5},{"damage":0,"enemies":"Snake Plant","floor":30,"turns":2},{"damage":0,"enemies":"Automaton","floor":33,"turns":6},{"damage":0,"enemies":"3 Darklings","floor":35,"turns":2},{"damage":3,"enemies":"Orb Walker","floor":36,"turns":3},{"damage":21,"enemies":"2 Orb Walkers","floor":38,"turns":2},{"damage":14,"enemies":"Spire Growth","floor":39,"turns":6},{"damage":0,"enemies":"Mind Bloom Boss Battle","floor":41,"turns":4},{"damage":70,"enemies":"Reptomancer","floor":42,"turns":6},{"damage":0,"enemies":"Maw","floor":46,"turns":4},{"damage":0,"enemies":"Nemesis","floor":47,"turns":5},{"damage":17,"enemies":"Transient","floor":48,"turns":6},{"damage":49,"enemies":"Time Eater","floor":50,"turns":7},{"damage":16,"enemies":"Donu and Deca","floor":51,"turns":7},{"damage":12,"enemies":"Shield and Spear","floor":55,"turns":3},{"damage":120,"enemies":"The Heart","floor":56,"turns":10}],"seed_played":"-5671726884311547419","potions_obtained":[{"floor":2,"key":"Dexterity Potion"},{"floor":7,"key":"Weak Potion"},{"floor":24,"key":"HeartOfIron"},{"floor":33,"key":"ColorlessPotion"},{"floor":35,"key":"SpeedPotion"},{"floor":42,"key":"Strength Potion"},{"floor":46,"key":"FairyPotion"},{"floor":55,"key":"Ancient Potion"}],"is_trial":false,"path_per_floor":["M","M","?","?","?","R","M","T","T","E","R","M","E","?","R","B",null,"M","M","$","?","T","R","M","M","T","?","R","E","M","$","R","B",null,"M","M","T","?","M","R","?","E","T","R","$","M","E","M","R","B","B",null,"R","$","E","B",null],"character_chosen":"IRONCLAD","items_purchased":["Lantern","Clothesline","Akabeko","Gremlin Horn","Tiny Chest","Prayer Wheel","Lee\u0027s Waffle","Matryoshka","MealTicket","Metallicize","Mercury Hourglass","Ancient Tea Set","Inflame","Turnip","Apotheosis","Fruit Juice","Omamori","Disarm","Bronze Scales","Shrug It Off+1","Dexterity Potion"],"campfire_rested":0,"item_purchase_floors":[0,0,0,0,0,0,0,0,0,0,0,0,0,0,0,0,20,31,45,45,54],"current_hp_per_floor":[82,82,82,75,75,75,86,86,86,87,87,87,87,61,61,67,82,87,87,87,87,87,87,87,87,87,87,87,73,87,87,87,87,87,87,87,87,87,83,83,87,89,89,89,89,91,93,95,95,95,85,93,93,95,95,48],"gold":52,"neow_bonus":"","is_daily":false,"chose_seed":false,"campfire_upgraded":6,"win_rate":0.0,"timestamp":1610818923,"path_taken":["M","M","?","?","?","R","M","?","T","E","R","?","E","?","R","BOSS","M","M","$","?","?","R","M","?","T","?","R","E","M","?","R","BOSS","M","M","?","?","M","R","?","E","T","R","$","?","E","M","R","BOSS","BOSS","R","$","E","BOSS"],"items_purchased_type":["Relic","Card","Relic","Relic","Relic","Relic","Relic","Relic","Relic","Card","Relic","Relic","Card","Relic","Card","Potion","Relic","Card","Relic","Card","Potion"],"build_version":"2020-12-22","purchased_purges":2,"victory":true,"max_hp_per_floor":[82,82,82,82,82,82,87,87,87,87,87,87,87,87,87,87,87,87,87,87,87,87,87,87,87,87,87,87,87,87,87,87,87,87,87,87,87,87,87,87,87,89,89,89,89,91,93,95,95,95,95,95,95,95,95,95],"relic_stats":{"Lee\u0027s Waffle":62,"Gremlin Horn":[20,21],"Singing Bowl":8,"counters":[131,727],"Blue Candle":[0],"Pen Nib":[33],"War Paint":["Power Through","Defend_R","Defend_R","Flame Barrier","Flame Barrier","Battle Trance"],"Orichalcum":[258],"Boot":[26],"Cursed Key":1,"Burning Blood":420,"Mercury Hourglass":[1014],"Centennial Puzzle":[88],"Bronze Scales":[238],"Pantograph":169,"Snecko Eye":[195,201,177,161],"Tiny Chest":3,"Prayer Wheel":26,"MealTicket":14,"Turnip":[66],"obtain_stats":[{"Ice Cream":0,"Gremlin Horn":0,"Nilry\u0027s Codex":31,"CeramicFish":26,"Vajra":32,"Ginger":0,"Whetstone":41,"Bottled Tornado":46,"Sling":0,"Boot":48,"Blood Vial":28,"Centennial Puzzle":0,"HornCleat":29,"DollysMirror":8,"Strawberry":31,"MealTicket":44,"Prayer Wheel":0,"Philosopher\u0027s Stone":34,"Fusion Hammer":17,"Kunai":46,"Toxic Egg 2":0,"Girya":0,"Pear":29,"Happy Flower":55,"Blue Candle":47,"Oddly Smooth Stone":8,"Eternal Feather":7,"Pen Nib":0,"Charon\u0027s Ashes":13,"Letter Opener":53,"War Paint":26,"Akabeko":0,"WarpedTongs":5,"Runic Dome":17,"SlaversCollar":34,"Bottled Flame":43,"Shuriken":24,"Bronze Scales":12,"Bird Faced Urn":21,"Snecko Eye":17,"Pandora\u0027s Box":0,"StrikeDummy":4,"Unceasing Top":48,"Meat on the Bone":9,"Pocketwatch":38,"Regal Pillow":12,"Lantern":0,"Singing Bowl":42,"Enchiridion":22,"Mango":9,"Bag of Preparation":0,"Juzu Bracelet":39,"Smiling Mask":11,"Empty Cage":34,"Ancient Tea Set":0,"Cursed Key":34,"Burning Blood":0,"ClockworkSouvenir":0,"Frozen Eye":36,"Dream Catcher":45,"Nunchaku":31,"Matryoshka":9,"Shovel":0,"Pantograph":10,"Tiny Chest":12,"Red Mask":47,"Chemical X":0,"Red Skull":30,"InkBottle":25,"Paper Frog":27,"Runic Pyramid":34,"Lee\u0027s Waffle":0,"Golden Idol":3,"Self Forming Clay":0,"The Courier":7,"PreservedInsect":43,"Omamori":0,"Orichalcum":24,"Medical Kit":0,"White Beast Statue":14,"Mercury Hourglass":0,"Peace Pipe":5,"Anchor":42,"Turnip":39,"Art of War":55,"Membership Card":0,"Bottled Lightning":8,"Toy Ornithopter":41,"FossilizedHelix":38},{"Ice Cream":24,"Gremlin Horn":51,"Nilry\u0027s Codex":13,"CeramicFish":12,"Vajra":92,"Ginger":24,"Whetstone":44,"Bottled Tornado":100,"Sling":24,"Boot":73,"Blood Vial":13,"Centennial Puzzle":77,"HornCleat":13,"DollysMirror":54,"Strawberry":92,"MealTicket":19,"Prayer Wheel":77,"Philosopher\u0027s Stone":93,"Fusion Hammer":59,"Kunai":100,"Toxic Egg 2":77,"Girya":24,"Pear":39,"Happy Flower":50,"Blue Candle":126,"Oddly Smooth Stone":107,"Eternal Feather":3,"Pen Nib":51,"Charon\u0027s Ashes":83,"Letter Opener":102,"War Paint":63,"Akabeko":104,"WarpedTongs":2,"Runic Dome":8,"SlaversCollar":14,"Bottled Flame":45,"Shuriken":38,"Bronze Scales":31,"Bird Faced Urn":36,"Snecko Eye":34,"Pandora\u0027s Box":0,"StrikeDummy":79,"Unceasing Top":47,"Meat on the Bone":30,"Pocketwatch":121,"Regal Pillow":6,"Lantern":24,"Singing Bowl":124,"Enchiridion":87,"Mango":4,"Bag of Preparation":24,"Juzu Bracelet":69,"Smiling Mask":31,"Empty Cage":41,"Ancient Tea Set":104,"Cursed Key":118,"Burning Blood":0,"ClockworkSouvenir":77,"Frozen Eye":67,"Dream Catcher":46,"Nunchaku":65,"Matryoshka":54,"Shovel":77,"Pantograph":81,"Tiny Chest":31,"Red Mask":46,"Chemical X":51,"Red Skull":40,"InkBottle":89,"Paper Frog":12,"Runic Pyramid":66,"Lee\u0027s Waffle":24,"Golden Idol":53,"Self Forming Clay":77,"The Courier":29,"PreservedInsect":69,"Omamori":77,"Orichalcum":12,"Medical Kit":51,"White Beast Statue":7,"Mercury Hourglass":51,"Peace Pipe":53,"Anchor":45,"Turnip":44,"Art of War":23,"Membership Card":24,"Bottled Lightning":107,"Toy Ornithopter":18,"FossilizedHelix":69},{"Ice Cream":167,"Gremlin Horn":301,"Nilry\u0027s Codex":65,"CeramicFish":59,"Vajra":522,"Ginger":167,"Whetstone":245,"Bottled Tornado":576,"Sling":167,"Boot":412,"Blood Vial":65,"Centennial Puzzle":452,"HornCleat":65,"DollysMirror":311,"Strawberry":522,"MealTicket":115,"Prayer Wheel":452,"Philosopher\u0027s Stone":530,"Fusion Hammer":331,"Kunai":576,"Toxic Egg 2":452,"Girya":167,"Pear":224,"Happy Flower":293,"Blue Candle":694,"Oddly Smooth Stone":620,"Eternal Feather":13,"Pen Nib":301,"Charon\u0027s Ashes":472,"Letter Opener":595,"War Paint":351,"Akabeko":615,"WarpedTongs":7,"Runic Dome":41,"SlaversCollar":74,"Bottled Flame":253,"Shuriken":220,"Bronze Scales":190,"Bird Faced Urn":212,"Snecko Eye":205,"Pandora\u0027s Box":0,"StrikeDummy":457,"Unceasing Top":268,"Meat on the Bone":186,"Pocketwatch":669,"Regal Pillow":26,"Lantern":167,"Singing Bowl":685,"Enchiridion":493,"Mango":17,"Bag of Preparation":167,"Juzu Bracelet":386,"Smiling Mask":190,"Empty Cage":232,"Ancient Tea Set":615,"Cursed Key":662,"Burning Blood":0,"ClockworkSouvenir":452,"Frozen Eye":377,"Dream Catcher":261,"Nunchaku":358,"Matryoshka":311,"Shovel":452,"Pantograph":466,"Tiny Chest":190,"Red Mask":261,"Chemical X":301,"Red Skull":226,"InkBottle":503,"Paper Frog":59,"Runic Pyramid":370,"Lee\u0027s Waffle":167,"Golden Idol":305,"Self Forming Clay":452,"The Courier":182,"PreservedInsect":386,"Omamori":452,"Orichalcum":59,"Medical Kit":301,"White Beast Statue":33,"Mercury Hourglass":301,"Peace Pipe":305,"Anchor":253,"Turnip":245,"Art of War":159,"Membership Card":167,"Bottled Lightning":620,"Toy Ornithopter":104,"FossilizedHelix":386}],"Pocketwatch":[39]},"card_choices":[{"not_picked":["Body Slam","Flex"],"picked":"Shrug It Off","floor":1},{"not_picked":["Dark Embrace","Iron Wave"],"picked":"Uppercut","floor":1},{"not_picked":["Wild Strike","Clothesline"],"picked":"Sword Boomerang","floor":2},{"not_picked":["Blood for Blood","Whirlwind"],"picked":"Battle Trance","floor":2},{"not_picked":["Intimidate","Headbutt"],"picked":"Flame Barrier","floor":7},{"not_picked":["Thunderclap","Seeing Red","Entrench"],"picked":"SKIP","floor":7},{"not_picked":["Second Wind","Infernal Blade"],"picked":"Metallicize","floor":10},{"not_picked":["Wild Strike","Body Slam"],"picked":"Immolate","floor":12},{"not_picked":["Combust","Warcry"],"picked":"Headbutt","floor":12},{"not_picked":["Dark Embrace","Cleave","Clash"],"picked":"SKIP","floor":13},{"not_picked":["Offering","Corruption"],"picked":"Reaper","floor":16},{"not_picked":["Clash","Flex"],"picked":"Whirlwind","floor":18},{"not_picked":["Intimidate","Twin Strike","Cleave+1"],"picked":"SKIP","floor":18},{"not_picked":["Thunderclap","Rage"],"picked":"Burning Pact","floor":19},{"not_picked":["Wild Strike","Heavy Blade","Headbutt"],"picked":"SKIP","floor":19},{"not_picked":["True Grit","Headbutt"],"picked":"Burning Pact","floor":24},{"not_picked":["Warcry","Whirlwind","Iron Wave"],"picked":"SKIP","floor":24},{"not_picked":["Armaments","Clothesline","Carnage"],"picked":"SKIP","floor":25},{"not_picked":["Hemokinesis","Searing Blow","Twin Strike+1"],"picked":"SKIP","floor":25},{"not_picked":["Dark Embrace","Heavy Blade"],"picked":"Dual Wield+1","floor":29},{"not_picked":["Power Through","Twin Strike+1"],"picked":"Juggernaut","floor":30},{"not_picked":["Headbutt","Perfected Strike","Heavy Blade"],"picked":"SKIP","floor":30},{"not_picked":["Offering","Berserk"],"picked":"Demon Form","floor":33},{"not_picked":["Armaments","Havoc"],"picked":"Shockwave+1","floor":35},{"not_picked":["Fire Breathing","Pummel+1","Iron Wave"],"picked":"SKIP","floor":35},{"not_picked":["Sword Boomerang","Pommel Strike"],"picked":"Clothesline+1","floor":36},{"not_picked":["Clash","Clothesline","Warcry+1"],"picked":"SKIP","floor":36},{"not_picked":["Rage","Dark Embrace"],"picked":"True Grit+1","floor":38},{"not_picked":["Warcry+1","Headbutt"],"picked":"Inflame","floor":39},{"not_picked":["Wild Strike","Body Slam","Clothesline"],"picked":"SKIP","floor":39},{"not_picked":["Body Slam+1","Dark Embrace","Armaments"],"picked":"Singing Bowl","floor":42},{"not_picked":["Reckless Charge","Heavy Blade"],"picked":"True Grit+1","floor":46},{"not_picked":["Blood for Blood","Pommel Strike","Clash"],"picked":"Singing Bowl","floor":46},{"not_picked":["Havoc+1","Perfected Strike","Armaments+1"],"picked":"Singing Bowl","floor":47},{"not_picked":["Warcry+1","Clothesline","Sword Boomerang"],"picked":"Singing Bowl","floor":48},{"not_picked":["Clash","Shrug It Off+1"],"picked":"Entrench+1","floor":48},{"not_picked":["Anger","Evolve"],"picked":"Dual Wield+1","floor":55}],"player_experience":666911,"relics_obtained":[{"floor":8,"key":"Oddly Smooth Stone"},{"floor":8,"key":"Bottled Lightning"},{"floor":9,"key":"Pen Nib"},{"floor":9,"key":"HornCleat"},{"floor":10,"key":"War Paint"},{"floor":13,"key":"Boot"},{"floor":22,"key":"Paper Frog"},{"floor":29,"key":"Centennial Puzzle"},{"floor":38,"key":"Pocketwatch"},{"floor":41,"key":"Girya"},{"floor":42,"key":"Singing Bowl"},{"floor":43,"key":"Toxic Egg 2"},{"floor":47,"key":"Blue Candle"},{"floor":55,"key":"Pantograph"}],"event_choices":[{"damage_healed":0,"gold_gain":0,"player_choice":"Grow","damage_taken":0,"max_hp_gain":0,"max_hp_loss":0,"event_name":"Living Wall","floor":3,"gold_loss":0,"cards_upgraded":["Apotheosis"]},{"cards_removed":["Strike_R"],"damage_healed":0,"gold_gain":0,"player_choice":"Card Removal","damage_taken":7,"max_hp_gain":0,"max_hp_loss":0,"event_name":"Golden Wing","floor":4,"gold_loss":0},{"damage_healed":0,"gold_gain":0,"player_choice":"Ignored","damage_taken":0,"max_hp_gain":0,"max_hp_loss":0,"event_name":"Liars Game","floor":5,"gold_loss":0},{"damage_healed":0,"gold_gain":0,"player_choice":"Success","damage_taken":26,"relics_obtained":["Orichalcum"],"max_hp_gain":0,"max_hp_loss":0,"event_name":"Scrap Ooze","floor":14,"gold_loss":0},{"cards_removed":["Strike_R"],"damage_healed":0,"gold_gain":0,"player_choice":"Gave Gold","damage_taken":0,"max_hp_gain":0,"max_hp_loss":0,"event_name":"Beggar","floor":21,"gold_loss":75},{"damage_healed":0,"gold_gain":0,"player_choice":"Fight","damage_taken":0,"max_hp_gain":0,"max_hp_loss":0,"event_name":"Mysterious Sphere","floor":38,"gold_loss":0},{"damage_healed":0,"gold_gain":0,"player_choice":"Fight","damage_taken":0,"max_hp_gain":0,"max_hp_loss":0,"event_name":"MindBloom","floor":41,"gold_loss":0}],"is_beta":false,"boss_relics":[{"not_picked":["Astrolabe","Runic Cube"],"picked":"Snecko Eye"},{"not_picked":["Runic Pyramid","Tiny House"],"picked":"Cursed Key"}],"items_purged_floors":[20,45],"is_endless":false,"potions_floor_spawned":[2,7,12,24,33,35,42,46,48,55],"ascension_level":20}}