{"host":"2pmmafybkq7zb6na","time":1610775151,"event":{"mods":["AchievementEnabler","BaseMod","Colored Map","Highlight Path","Minty Spire (QoL Compilation)","Quick Restart","StSLib","SuperFastMode"],"gold_per_floor":[117,131,145,164,164,192,192,219,246,258,280,302,314,346,358,370,370],"floor_reached":16,"language":"KOR","playtime":752,"items_purged":[],"score":104,"play_id":"be684544-c0fe-4399-9d98-941fcc9df21b","local_time":"20210116143231","is_ascension_mode":false,"campfire_choices":[{"floor":7,"key":"REST"},{"data":"Terror","floor":13,"key":"SMITH"},{"floor":15,"key":"REST"}],"circlet_count":0,"master_deck":["Strike_G","Strike_G","Strike_G","Strike_G","Defend_G","Defend_G","Defend_G","Defend_G","Defend_G","Survivor","Neutralize","Terror+1","PiercingWail","Well Laid Plans","Prepared","Underhanded Strike","Tactician","Adrenaline"],"relics":["Ring of the Snake","NeowsBlessing","Vajra","Dream Catcher","MawBank"],"acts_visited":["Exordium"],"potions_floor_usage":[6,6],"damage_taken":[{"damage":0.0,"enemies":"2 Louse","floor":1.0,"turns":1.0},{"damage":0.0,"enemies":"Jaw Worm","floor":2.0,"turns":1.0},{"damage":0.0,"enemies":"Cultist","floor":3.0,"turns":1.0},{"damage":9.0,"enemies":"3 Louse","floor":4.0,"turns":6.0},{"damage":40,"enemies":"Gremlin Nob","floor":6,"turns":6},{"damage":3,"enemies":"Exordium Wildlife","floor":11,"turns":4},{"damage":9,"enemies":"Exordium Thugs","floor":12,"turns":7},{"damage":8,"enemies":"2 Fungi Beasts","floor":14,"turns":3},{"damage":37,"enemies":"Slime Boss","floor":16,"turns":7}],"seed_played":"-6984140728730572575","potions_obtained":[{"floor":1.0,"key":"ColorlessPotion"},{"floor":3.0,"key":"Swift Potion"}],"is_trial":false,"path_per_floor":["M","M","M","M","?","E","R","T","T","$","M","M","R","M","R","B"],"character_chosen":"THE_SILENT","items_purchased":[],"campfire_rested":2,"item_purchase_floors":[],"current_hp_per_floor":[70,70,70,61,54,14,35,35,35,35,32,23,23,15,36,0,0],"gold":370,"neow_bonus":"THREE_ENEMY_KILL","is_daily":false,"chose_seed":false,"campfire_upgraded":1,"win_rate":0.0,"timestamp":1610775151,"path_taken":["M","M","M","M","?","E","R","?","T","$","M","M","R","M","R","BOSS"],"items_purchased_type":[],"build_version":"2020-12-22","purchased_purges":0,"victory":false,"max_hp_per_floor":[70,70,70,70,70,70,70,70,70,70,70,70,70,70,70,70,70],"card_choices":[{"not_picked":["Eviscerate","Footwork"],"picked":"Terror","floor":1.0},{"not_picked":["Escape Plan","Acrobatics"],"picked":"PiercingWail","floor":2.0},{"not_picked":["Flying Knee","Dagger Spray"],"picked":"Well Laid Plans","floor":3.0},{"not_picked":["Flying Knee","Dagger Throw"],"picked":"Prepared","floor":4.0},{"not_picked":["Expertise","Flechettes"],"picked":"Underhanded Strike","floor":6},{"not_picked":["Quick Slash","Flechettes","Predator"],"picked":"SKIP","floor":11},{"not_picked":["Dagger Spray","Deflect"],"picked":"Tactician","floor":12},{"not_picked":["Dodge and Roll","Bane"],"picked":"Adrenaline","floor":14}],"player_experience":40422,"relics_obtained":[{"floor":6,"key":"Vajra"},{"floor":8,"key":"Dream Catcher"},{"floor":9,"key":"MawBank"}],"event_choices":[{"cards_removed":["Strike_G"],"damage_healed":0.0,"max_hp_gain":0.0,"max_hp_loss":0.0,"gold_gain":0.0,"event_name":"Golden Wing","player_choice":"Card Removal","floor":5.0,"gold_loss":0.0,"damage_taken":7.0}],"is_beta":false,"boss_relics":[],"items_purged_floors":[],"is_endless":false,"potions_floor_spawned":[1,3],"killed_by":"Slime Boss","ascension_level":0}}