{"host":"r9uivonio18rfam2","time":1610812798,"event":{"mods":["2.2 Compatiblity","AchievementEnabler","Act Like it!","Aspiration","BaseMod","Better Altar","Better Match","Better Note","Better Sensory Stone","Better Skull","Better Third Choice","BetterRewards","Colored Map","Colored Powertips","Conspire","Energized Spire","Infinite Spire","Minty Spire (QoL Compilation)","Permanent Neow","Quick Restart","Replay The Spire","Spikes Relics","StSLib","The Blue Laboratory","The Jungle","Wandering Minibosses","vexMod"],"gold_per_floor":[119,44,56,6,24,24,53,53,53,84,84,97,124,144,144,249,249,266,266,266,266,266,266,295,295,295,314,121,132,132,132,132,234,234,234,234,259,259,294,344,379,325,325,325,78,101,122,164,164,164,164,164,40,76,76],"floor_reached":56,"language":"ENG","playtime":3005,"items_purged":[],"score":1187,"play_id":"665905ba-66cd-4960-ad40-baf8393e1cd9","local_time":"20210116105958","is_ascension_mode":true,"campfire_choices":[{"data":"Thunderclap","floor":6.0,"key":"SMITH"},{"data":"ReplayTheSpireMod:Limb From Limb","floor":8.0,"key":"SMITH"},{"data":"Crippling Poison","floor":15.0,"key":"SMITH"},{"data":"Feed","floor":23.0,"key":"SMITH"},{"data":"infinitespire:Menacing","floor":30,"key":"SMITH"},{"data":"Rupture","floor":32,"key":"SMITH"},{"floor":49,"key":"RECALL"},{"data":"wanderingMiniBosses:FinaleOfPromise","floor":52,"key":"SMITH"}],"circlet_count":1,"master_deck":["Defend_R","Defend_R","Defend_R","Defend_R","Bash","Thunderclap+1","Dropkick+1","Life Link+1","Hemokinesis+1","ReplayTheSpireMod:Limb From Limb+1","Crippling Poison+1","Intimidate","Feed+1","Rupture+1","infinitespire:Menacing+1","Bite+1","Bite+1","Bite+1","Bite+1","Bite+1","Burning Pact","Ghostly Armor+1","AbeCurse","Brutality","Replay:Undeath\u0027s Touch+1","Rupture","Shockwave","Flame Barrier+1","Evolve+1","Pommel Strike","wanderingMiniBosses:FinaleOfPromise+1","Feel No Pain+1","Pommel Strike+1","ReplayTheSpireMod:Brewmster","PlatinumSkin"],"relics":["Burning Blood","Blue Candle","StoneCalendar","Replay:Mystery Machine","King of Hearts","vexMod:MysteryBossChallenge","vexMod:EndlessSickness","Bloody Idol","Replay:Bottled Eggs","aspiration:HummingbirdHeart","aspiration:SeaSaltIceCream","Circlet","Lee\u0027s Waffle","infinitespire:EvilPickle","energizedSpire:EnergizedDie","Strawberry","Replay:WaspNest","Centennial Puzzle","infinitespire:Beetle Shell","Mummified Hand","wanderingMiniBosses:Blackblade","Art of War","ReplayTheSpireMod:ShopPack","aspiration:ChemicalBlood"],"acts_visited":["Exordium","TheCity","TheBeyond","TheEnding"],"potions_floor_usage":[24,29,54,55,55,55,55,55,55,55,55],"damage_taken":[{"damage":6.0,"enemies":"Cultist","floor":1.0,"turns":3.0},{"damage":4.0,"enemies":"Jaw Worm","floor":3.0,"turns":3.0},{"damage":6.0,"enemies":"Small Slimes","floor":5.0,"turns":2.0},{"damage":21.0,"enemies":"Replay:BlueRogue","floor":7.0,"turns":5.0},{"damage":18.0,"enemies":"Gremlin Nob","floor":10.0,"turns":2.0},{"damage":3.0,"enemies":"3 Louse","floor":12.0,"turns":3.0},{"damage":12.0,"enemies":"3 Sentries","floor":13.0,"turns":6.0},{"damage":10.0,"enemies":"Large Slime","floor":14.0,"turns":4.0},{"damage":2.0,"enemies":"Slime Boss","floor":16.0,"turns":6.0},{"damage":7.0,"enemies":"conspire:FuzzyDice","floor":18.0,"turns":6.0},{"damage":5,"enemies":"conspire:SneckoGhost","floor":24,"turns":4},{"damage":2,"enemies":"Shell Parasite","floor":27,"turns":3},{"damage":45,"enemies":"Shelled Parasite and Fungi","floor":29,"turns":6},{"damage":44,"enemies":"Pondfish","floor":33,"turns":12},{"damage":8,"enemies":"3 Shapes","floor":35,"turns":3},{"damage":2,"enemies":"Orb Walker","floor":37,"turns":4},{"damage":13,"enemies":"Transient","floor":39,"turns":5},{"damage":33,"enemies":"Reptomancer","floor":40,"turns":6},{"damage":35,"enemies":"Jaw Worm Horde","floor":41,"turns":5},{"damage":25,"enemies":"3 Darklings","floor":44,"turns":5},{"damage":8,"enemies":"Maw","floor":46,"turns":7},{"damage":27,"enemies":"Jaw Worm Horde","floor":47,"turns":6},{"damage":18,"enemies":"Giant Head","floor":48,"turns":6},{"damage":41,"enemies":"Replay:Hell Engine","floor":50,"turns":7},{"damage":30,"enemies":"Shield and Spear","floor":54,"turns":6},{"damage":93,"enemies":"The Heart","floor":55,"turns":7}],"seed_played":"9109380921964345518","potions_obtained":[{"floor":0.0,"key":"Doom Potion"},{"floor":0.0,"key":"HeartOfIron"},{"floor":0.0,"key":"conspire:TimeTravelPotion"},{"floor":1.0,"key":"blueLaboratory:ArtificerPotion"},{"floor":13.0,"key":"Swift Potion"},{"floor":16.0,"key":"blueLaboratory:FrostheartPotion"},{"floor":29,"key":"blueLaboratory:RecallPotion"}],"is_trial":false,"path_per_floor":["M","?","M","?","M","R","E","R","T","E","?","M","E","M","R","B",null,"M","?","?","?","?","R","E","T","T","M","$","M","R","?","R","B",null,"M","?","M","?","M","E","M","?","T","M","$","M","M","E","R","B",null,"R","$","E","B",null],"character_chosen":"IRONCLAD","items_purchased":["Lee\u0027s Waffle","PowerPotion","Mummified Hand","ReplayTheSpireMod:ShopPack"],"campfire_rested":0,"item_purchase_floors":[28,28,45,53],"current_hp_per_floor":[72,72,74,74,74,74,59,59,59,47,35,38,32,28,28,32,68,70,49,7,7,7,7,21,21,21,39,65,39,39,39,39,42,59,60,60,65,56,72,65,61,61,61,54,54,76,79,80,80,53,73,73,73,80,31],"gold":76,"neow_bonus":"THREE_SMALL_POTIONS","is_daily":false,"chose_seed":false,"campfire_upgraded":7,"win_rate":0.0,"timestamp":1610812798,"path_taken":["M","?","?","?","M","R","E","R","T","E","?","M","E","M","R","BOSS","M","?","?","?","?","R","E","?","T","M","?","M","R","?","R","BOSS","M","?","M","?","?","E","M","?","T","M","$","?","M","E","R","BOSS","R","$","E","BOSS"],"items_purchased_type":["Relic","Potion","Relic","Relic"],"build_version":"2020-12-22","purchased_purges":0,"victory":true,"max_hp_per_floor":[80,80,80,80,80,80,80,80,80,80,80,80,80,80,80,80,80,83,83,83,58,58,58,58,58,58,58,65,65,65,65,65,65,65,65,65,65,72,72,72,72,72,72,72,72,76,80,80,80,80,80,80,80,80,80],"card_choices":[{"not_picked":["Twin Strike","Perfected Strike"],"picked":"Thunderclap","floor":1.0},{"not_picked":["Massacre+1","Abandon+1"],"picked":"Dropkick+1","floor":2.0},{"not_picked":["Sentinel+1","Evolve+1"],"picked":"Life Link+1","floor":2.0},{"not_picked":["Metallicize+1","Carnage+1"],"picked":"Hemokinesis+1","floor":2.0},{"not_picked":["Run Through","Iron Wave","Replay:Undeath\u0027s Touch"],"picked":"SKIP","floor":3.0},{"not_picked":["Warcry","Anger","Perfected Strike"],"picked":"SKIP","floor":5.0},{"not_picked":["Abandon","Thunderclap"],"picked":"ReplayTheSpireMod:Limb From Limb","floor":7.0},{"not_picked":["Replay:Undeath\u0027s Touch","Perfected Strike","Run Through"],"picked":"SKIP","floor":10.0},{"not_picked":["True Grit","ReplayTheSpireMod:Strike From Hell","Cleave"],"picked":"SKIP","floor":12.0},{"not_picked":["ReplayTheSpireMod:Limb From Limb","Iron Wave"],"picked":"Barricade","floor":13.0},{"not_picked":["Perfected Strike","Wild Strike"],"picked":"Intimidate","floor":14.0},{"not_picked":["conspire:HitWhereItHurts","Berserk"],"picked":"Feed","floor":16.0},{"not_picked":["Wild Strike","Sword Boomerang+1"],"picked":"Rupture","floor":18.0},{"not_picked":["ReplayTheSpireMod:Black Plague","infinitespire:FinalStrike"],"picked":"infinitespire:Menacing","floor":19.0},{"not_picked":["Warcry","Disarm","Pummel"],"picked":"SKIP","floor":24},{"not_picked":["Searing Blow","Hemokinesis"],"picked":"Burning Pact","floor":27},{"not_picked":["Clash+1","Burning Pact"],"picked":"Ghostly Armor+1","floor":29},{"not_picked":["Barricade","Double Tap"],"picked":"Brutality","floor":33},{"not_picked":["ReplayTheSpireMod:Strike From Hell+1","Headbutt"],"picked":"Replay:Undeath\u0027s Touch+1","floor":35},{"not_picked":["Run Through+1","Havoc+1","Perfected Strike+1"],"picked":"SKIP","floor":37},{"not_picked":["Anger","Life Link+1"],"picked":"Rupture","floor":38},{"not_picked":["Iron Wave","Twin Strike"],"picked":"Shockwave","floor":39},{"not_picked":["Abandon+1","Bludgeon"],"picked":"Flame Barrier+1","floor":40},{"not_picked":["Clash","Replay:Undeath\u0027s Touch"],"picked":"Evolve+1","floor":41},{"not_picked":["Headbutt","Iron Wave"],"picked":"Pommel Strike","floor":44},{"not_picked":["Replay:Undeath\u0027s Touch","Body Slam+1","Bludgeon"],"picked":"SKIP","floor":46},{"not_picked":[],"picked":"wanderingMiniBosses:FinaleOfPromise","floor":47},{"not_picked":["Run Through+1","Invigoration+1"],"picked":"Feel No Pain+1","floor":47},{"not_picked":["Perfected Strike+1","Thunderclap"],"picked":"Pommel Strike+1","floor":48},{"not_picked":["Mayhem","Thinking Ahead"],"picked":"ReplayTheSpireMod:Brewmster","floor":53},{"not_picked":["Trip","ReplayTheSpireMod:Private Reserves"],"picked":"PlatinumSkin","floor":53},{"not_picked":["Twin Strike","Ghostly Armor","conspire:Charge"],"picked":"SKIP","floor":54}],"player_experience":357296,"relics_obtained":[{"floor":7.0,"key":"Blue Candle"},{"floor":10.0,"key":"StoneCalendar"},{"floor":13.0,"key":"King of Hearts"},{"floor":24,"key":"Replay:Bottled Eggs"},{"floor":25,"key":"aspiration:HummingbirdHeart"},{"floor":26,"key":"aspiration:SeaSaltIceCream"},{"floor":38,"key":"Strawberry"},{"floor":40,"key":"Replay:WaspNest"},{"floor":43,"key":"infinitespire:Beetle Shell"},{"floor":47,"key":"wanderingMiniBosses:Blackblade"},{"floor":48,"key":"Art of War"},{"floor":54,"key":"aspiration:ChemicalBlood"}],"event_choices":[{"damage_healed":0.0,"max_hp_gain":0.0,"max_hp_loss":0.0,"gold_gain":0.0,"event_name":"betterMatch:BetterMatch","player_choice":"3","floor":2.0,"gold_loss":0.0,"damage_taken":0.0,"cards_obtained":["betterMatch:UncommonCard"]},{"cards_removed":["Strike_R"],"damage_healed":0.0,"max_hp_gain":0.0,"max_hp_loss":0.0,"gold_gain":0.0,"event_name":"The Cleric","player_choice":"Card Removal","floor":4.0,"gold_loss":50.0,"damage_taken":0.0},{"damage_healed":0.0,"max_hp_gain":49.0,"max_hp_loss":7.0,"gold_gain":0.0,"event_name":"betterAltar:BetterAltar","player_choice":" Idol ","floor":20.0,"potions_obtained":[],"relics_lost":[],"gold_loss":0.0,"damage_taken":42.0,"relics_obtained":["Bloody Idol"]},{"damage_healed":0.0,"max_hp_gain":0.0,"max_hp_loss":25.0,"gold_gain":0.0,"event_name":"Vampires","player_choice":"Became a vampire","floor":21.0,"gold_loss":0.0,"damage_taken":0.0,"cards_obtained":["Bite","Bite","Bite","Bite","Bite"]},{"damage_healed":0.0,"max_hp_gain":0.0,"max_hp_loss":0.0,"gold_gain":0.0,"event_name":"conspire:Investor","player_choice":"Leave","floor":22.0,"gold_loss":0.0,"damage_taken":0.0},{"damage_healed":0,"gold_gain":0,"player_choice":"Bought 0 Potions","damage_taken":0,"max_hp_gain":0,"max_hp_loss":0,"event_name":"The Woman in Blue","floor":31,"gold_loss":0},{"cards_removed":["Barricade"],"damage_healed":0,"gold_gain":0,"player_choice":"Removed Power","damage_taken":0,"max_hp_gain":0,"max_hp_loss":0,"event_name":"Falling","floor":36,"gold_loss":0},{"damage_healed":0,"gold_gain":0,"player_choice":"Paid Gold","damage_taken":0,"relics_obtained":["Centennial Puzzle"],"max_hp_gain":0,"max_hp_loss":0,"event_name":"WeMeetAgain","floor":42,"gold_loss":54}],"is_beta":false,"boss_relics":[{"not_picked":["Sandwich","Replay:Bronze Core"],"picked":"vexMod:MysteryBossChallenge"},{"not_picked":["Kintsugi","ReplayTheSpireMod:SealedPack"],"picked":"energizedSpire:EnergizedDie"}],"items_purged_floors":[],"is_endless":false,"potions_floor_spawned":[1,10,12,13,16,18,29,33,35,37,46,48,54],"ascension_level":7}}