{"host":"i0avyit1s6jb1siw","time":1610808706,"event":{"mods":["BaseMod","DeckTracker","Dota2Spire","Highlight Path","Minty Spire (QoL Compilation)","Quick Restart","StSLib","SuperFastMode"],"gold_per_floor":[14,14,14,28,28,28,38,38,38,58,68,68,78,98,98,169,169,123,123,123,13,32,32,32,32,58,108,108,108,108,108],"floor_reached":30,"language":"ENG","playtime":569,"items_purged":[],"score":436,"play_id":"8d7f959a-175e-47ef-be9f-cc403180108b","local_time":"20210116155146","is_ascension_mode":true,"campfire_choices":[{"data":"Blade Dance","floor":6.0,"key":"SMITH"},{"data":"Acrobatics","floor":8.0,"key":"SMITH"},{"data":"Concentrate","floor":15.0,"key":"SMITH"},{"data":"Dash","floor":23,"key":"SMITH"},{"data":"After Image","floor":25,"key":"SMITH"},{"data":"After Image","floor":28,"key":"SMITH"}],"circlet_count":0,"master_deck":["AscendersBane","Strike_G","Strike_G","Strike_G","Strike_G","Defend_G","Defend_G","Defend_G","Defend_G+1","Defend_G","Survivor","Neutralize+1","Acrobatics+1","Blade Dance+1","Concentrate+1","After Image+1","Dash+1","After Image+1","Predator+1","Clumsy"],"relics":["Ring of the Snake","Thread and Needle","Matryoshka","Dota2Spire:Vanguard","Meat on the Bone","Cursed Key","Centennial Puzzle","Dota2Spire:ArcaneBoots"],"acts_visited":["Exordium","TheCity"],"potions_floor_usage":[16,30],"damage_taken":[{"damage":0.0,"enemies":"Jaw Worm","floor":1.0,"turns":6.0},{"damage":0.0,"enemies":"Small Slimes","floor":4.0,"turns":3.0},{"damage":0.0,"enemies":"2 Louse","floor":7.0,"turns":3.0},{"damage":2.0,"enemies":"Exordium Thugs","floor":10.0,"turns":5.0},{"damage":0.0,"enemies":"Looter","floor":11.0,"turns":3.0},{"damage":4.0,"enemies":"Gremlin Gang","floor":13.0,"turns":5.0},{"damage":0.0,"enemies":"Exordium Wildlife","floor":14.0,"turns":4.0},{"damage":19,"enemies":"Slime Boss","floor":16,"turns":13},{"damage":4,"enemies":"2 Thieves","floor":18,"turns":5},{"damage":0,"enemies":"Spheric Guardian","floor":22,"turns":6},{"damage":40,"enemies":"Gremlin Leader","floor":30,"turns":10}],"seed_played":"890381832417594477","potions_obtained":[{"floor":7.0,"key":"FearPotion"},{"floor":11.0,"key":"SpeedPotion"},{"floor":13.0,"key":"SteroidPotion"},{"floor":18,"key":"Energy Potion"}],"is_trial":false,"path_per_floor":["M","?","?","M","?","R","M","R","T","M","M","?","M","M","R","B",null,"M","?","$","?","M","R","?","R","T","?","R","?","E"],"character_chosen":"THE_SILENT","items_purchased":[],"campfire_rested":0,"item_purchase_floors":[],"current_hp_per_floor":[59,59,41,41,41,41,41,41,41,39,39,39,35,35,35,28,57,53,49,49,49,49,49,49,49,49,49,49,31,0,0],"gold":108,"neow_bonus":"ONE_RARE_RELIC","is_daily":false,"chose_seed":false,"campfire_upgraded":6,"win_rate":0.0,"timestamp":1610808706,"path_taken":["M","?","?","M","?","R","M","R","T","M","M","?","M","M","R","BOSS","M","?","?","?","?","R","?","R","T","?","R","?","E"],"items_purchased_type":[],"build_version":"2020-12-22","purchased_purges":0,"victory":false,"max_hp_per_floor":[66,66,66,66,66,66,66,66,66,66,66,66,66,66,66,66,66,66,66,66,66,66,66,66,66,66,66,66,71,71,71],"card_choices":[{"not_picked":["Acrobatics","Dodge and Roll","Underhanded Strike"],"picked":"SKIP","floor":1.0},{"not_picked":["Dodge and Roll","Underhanded Strike"],"picked":"Acrobatics","floor":1.0},{"not_picked":["Caltrops","Dagger Spray"],"picked":"Blade Dance","floor":4.0},{"not_picked":["Backflip","Bane","Caltrops"],"picked":"SKIP","floor":7.0},{"not_picked":["Escape Plan","Underhanded Strike"],"picked":"Concentrate","floor":10.0},{"not_picked":["Deadly Poison","Bane","Prepared"],"picked":"SKIP","floor":11.0},{"not_picked":["Bane","Underhanded Strike"],"picked":"After Image","floor":13.0},{"not_picked":["Deflect","Bane"],"picked":"Dash","floor":14.0},{"not_picked":["Die Die Die","Doppelganger"],"picked":"After Image","floor":16},{"not_picked":["Blur","Deflect"],"picked":"Predator+1","floor":18},{"not_picked":["Backflip","Bane","Dagger Spray"],"picked":"SKIP","floor":22}],"player_experience":2262012,"relics_obtained":[{"floor":9.0,"key":"Dota2Spire:Vanguard"},{"floor":9.0,"key":"Meat on the Bone"},{"floor":26,"key":"Centennial Puzzle"},{"floor":26,"key":"Dota2Spire:ArcaneBoots"}],"event_choices":[{"damage_healed":0.0,"max_hp_gain":0.0,"max_hp_loss":0.0,"gold_gain":0.0,"event_name":"Living Wall","player_choice":"Grow","floor":2.0,"gold_loss":0.0,"damage_taken":0.0,"cards_upgraded":["Neutralize"]},{"damage_healed":0.0,"max_hp_gain":0.0,"max_hp_loss":0.0,"gold_gain":0.0,"event_name":"Scrap Ooze","player_choice":"Success","floor":3.0,"gold_loss":0.0,"damage_taken":18.0,"relics_obtained":["Matryoshka"]},{"damage_healed":0.0,"max_hp_gain":0.0,"max_hp_loss":0.0,"gold_gain":0.0,"event_name":"Liars Game","player_choice":"Ignored","floor":5.0,"gold_loss":0.0,"damage_taken":0.0},{"damage_healed":0.0,"max_hp_gain":0.0,"max_hp_loss":0.0,"gold_gain":0.0,"event_name":"The Cleric","player_choice":"Leave","floor":12.0,"gold_loss":0.0,"damage_taken":0.0},{"damage_healed":0,"gold_gain":0,"player_choice":"Bought 0 Potions","damage_taken":0,"max_hp_gain":0,"max_hp_loss":0,"event_name":"The Woman in Blue","floor":19,"gold_loss":0},{"cards_removed":["Strike_G"],"damage_healed":0,"gold_gain":0,"player_choice":"Upgrade and Remove","damage_taken":0,"max_hp_gain":0,"max_hp_loss":0,"event_name":"Designer","floor":21,"gold_loss":110,"cards_upgraded":["Defend_G"]},{"damage_healed":0,"gold_gain":0,"player_choice":"Ignored","damage_taken":0,"max_hp_gain":0,"max_hp_loss":0,"event_name":"The Mausoleum","floor":24,"gold_loss":0},{"damage_healed":0,"gold_gain":50,"player_choice":"Stole From Cult","damage_taken":0,"max_hp_gain":0,"max_hp_loss":0,"event_name":"Nest","floor":27,"gold_loss":0},{"damage_healed":0,"gold_gain":0,"player_choice":"Shed Blood","damage_taken":23,"max_hp_gain":5,"max_hp_loss":0,"event_name":"Forgotten Altar","floor":29,"gold_loss":0}],"is_beta":false,"boss_relics":[{"not_picked":["Busted Crown","Runic Dome"],"picked":"Cursed Key"}],"items_purged_floors":[],"is_endless":false,"potions_floor_spawned":[7,11,13,18],"killed_by":"Gremlin Leader","ascension_level":20}}