{"host":"q0qnzbgdx8oqogg9","time":1610763421,"event":{"mods":["BaseMod","Minty Spire (QoL Compilation)","Slay-I","StSLib"],"gold_per_floor":[99,31,31,31,31,31,31,31,31,31,31,31,31,31,31,31,31,31,31,31,31,31,31,31,31,31,31,31,31,31,31,31,31,31],"floor_reached":33,"language":"ENG","playtime":993,"items_purged":[],"score":485,"play_id":"7e35ae65-078c-40d1-9415-883b511285dc","local_time":"20210115211701","is_ascension_mode":true,"campfire_choices":[{"data":"Whirlwind","floor":6,"key":"SMITH"},{"data":"True Grit","floor":10,"key":"SMITH"},{"data":"Flex","floor":15,"key":"SMITH"},{"floor":23,"key":"REST"},{"floor":32,"key":"REST"}],"circlet_count":0,"master_deck":["Strike_R+1","Strike_R+1","Strike_R+1","Defend_R+1","Defend_R+1","Defend_R+1","Defend_R+1","Bash+1","Sword Boomerang","Whirlwind+1","Clothesline+1","Cleave","Flex+1","True Grit+1","Metallicize","Fiend Fire","Dual Wield","Shrug It Off","Ghostly Armor","Armaments","RitualDagger","Warcry"],"relics":["Ectoplasm","PreservedInsect","Red Skull","Empty Cage","Enchiridion","White Beast Statue","Toy Ornithopter","Pen Nib","Nunchaku","Torii"],"acts_visited":["Exordium","TheCity"],"potions_floor_usage":[21,22,24,25,27,28,30],"damage_taken":[{"damage":0,"enemies":"Cultist","floor":1,"turns":3},{"damage":2,"enemies":"Jaw Worm","floor":3,"turns":3},{"damage":0,"enemies":"Small Slimes","floor":4,"turns":2},{"damage":12,"enemies":"Exordium Wildlife","floor":5,"turns":3},{"damage":0,"enemies":"Gremlin Gang","floor":7,"turns":1},{"damage":0,"enemies":"Large Slime","floor":8,"turns":3},{"damage":0,"enemies":"3 Louse","floor":11,"turns":1},{"damage":7,"enemies":"Lagavulin","floor":14,"turns":4},{"damage":0,"enemies":"Slime Boss","floor":16,"turns":4},{"damage":0,"enemies":"3 Byrds","floor":18,"turns":3},{"damage":0,"enemies":"Spheric Guardian","floor":21,"turns":3},{"damage":14,"enemies":"Centurion and Healer","floor":22,"turns":2},{"damage":22,"enemies":"Shelled Parasite and Fungi","floor":24,"turns":4},{"damage":7,"enemies":"Slavers","floor":25,"turns":2},{"damage":10,"enemies":"Book of Stabbing","floor":27,"turns":3},{"damage":0,"enemies":"3 Cultists","floor":28,"turns":3},{"damage":22,"enemies":"Slavers","floor":30,"turns":3},{"damage":45,"enemies":"Champ","floor":33,"turns":6}],"seed_played":"-1414671385400088748","potions_obtained":[{"floor":1,"key":"Strength Potion"},{"floor":4,"key":"Strength Potion"},{"floor":8,"key":"PowerPotion"},{"floor":14,"key":"LiquidMemories"},{"floor":21,"key":"Fire Potion"},{"floor":22,"key":"Dexterity Potion"},{"floor":24,"key":"SpeedPotion"},{"floor":25,"key":"AttackPotion"},{"floor":27,"key":"Explosive Potion"},{"floor":28,"key":"FearPotion"},{"floor":30,"key":"Energy Potion"}],"is_trial":false,"path_per_floor":["M","$","M","M","M","R","M","M","T","R","M","?","$","E","R","B",null,"M","?","T","M","M","R","M","E","T","E","M","?","E","?","R","B"],"character_chosen":"IRONCLAD","items_purchased":["Whirlwind"],"campfire_rested":2,"item_purchase_floors":[2],"current_hp_per_floor":[72,72,70,70,58,58,58,58,58,58,58,42,42,35,35,35,69,69,53,53,53,39,63,41,34,34,29,34,28,11,11,35,0,0],"gold":31,"neow_bonus":"BOSS_RELIC","is_daily":false,"chose_seed":false,"campfire_upgraded":3,"win_rate":0.0,"timestamp":1610763421,"path_taken":["M","?","?","M","M","R","M","M","T","R","?","?","$","E","R","BOSS","M","?","?","M","?","R","M","E","T","E","M","?","E","?","R","BOSS"],"items_purchased_type":["Card"],"build_version":"2020-12-22","purchased_purges":0,"victory":false,"max_hp_per_floor":[80,80,80,80,80,80,80,80,80,80,80,80,80,80,80,80,80,80,80,80,80,80,80,80,80,80,80,80,80,80,80,80,80,80],"card_choices":[{"not_picked":["Warcry","Headbutt"],"picked":"Sword Boomerang","floor":1},{"not_picked":["Anger","Twin Strike"],"picked":"Clothesline","floor":3},{"not_picked":["Entrench","Havoc"],"picked":"Cleave","floor":4},{"not_picked":["Evolve","Combust","Body Slam"],"picked":"SKIP","floor":5},{"not_picked":["Intimidate","Twin Strike"],"picked":"Flex","floor":7},{"not_picked":["Searing Blow","Heavy Blade"],"picked":"True Grit","floor":8},{"not_picked":["Power Through","Anger"],"picked":"Metallicize","floor":11},{"not_picked":["Flex","Anger","Headbutt"],"picked":"SKIP","floor":14},{"not_picked":["Juggernaut","Exhume"],"picked":"Fiend Fire","floor":16},{"not_picked":["Warcry","True Grit","Twin Strike"],"picked":"SKIP","floor":18},{"not_picked":["Wild Strike","Clash"],"picked":"Dual Wield","floor":21},{"not_picked":["Reckless Charge","Twin Strike"],"picked":"Shrug It Off","floor":22},{"not_picked":["Clash","Sentinel+1"],"picked":"Ghostly Armor","floor":24},{"not_picked":["Wild Strike","Searing Blow","Entrench"],"picked":"SKIP","floor":25},{"not_picked":["Berserk","Heavy Blade+1"],"picked":"Armaments","floor":27},{"not_picked":["Dark Embrace+1","Pommel Strike","Clash"],"picked":"SKIP","floor":28},{"not_picked":["Flex","Pommel Strike"],"picked":"Warcry","floor":30}],"player_experience":222643,"relics_obtained":[{"floor":9,"key":"PreservedInsect"},{"floor":14,"key":"Red Skull"},{"floor":19,"key":"Enchiridion"},{"floor":20,"key":"White Beast Statue"},{"floor":25,"key":"Toy Ornithopter"},{"floor":26,"key":"Pen Nib"},{"floor":27,"key":"Nunchaku"},{"floor":30,"key":"Torii"}],"event_choices":[{"damage_healed":0,"gold_gain":0,"player_choice":"Entered Light","damage_taken":16,"max_hp_gain":0,"max_hp_loss":0,"event_name":"Shining Light","floor":12,"gold_loss":0,"cards_upgraded":["Bash","Clothesline"]},{"damage_healed":0,"gold_gain":0,"player_choice":"Obtained Book","damage_taken":16,"max_hp_gain":0,"max_hp_loss":0,"event_name":"Cursed Tome","floor":19,"gold_loss":0},{"damage_healed":0,"gold_gain":0,"player_choice":"Joined the Cult","damage_taken":6,"max_hp_gain":0,"max_hp_loss":0,"event_name":"Nest","floor":29,"gold_loss":0,"cards_obtained":["RitualDagger"]},{"damage_healed":0,"gold_gain":0,"player_choice":"Simplicity","damage_taken":0,"max_hp_gain":0,"max_hp_loss":0,"event_name":"Back to Basics","floor":31,"gold_loss":0,"cards_upgraded":["Strike_R","Strike_R","Strike_R","Defend_R","Defend_R","Defend_R","Defend_R"]}],"is_beta":false,"boss_relics":[{"not_picked":["Philosopher\u0027s Stone","Tiny House"],"picked":"Empty Cage"}],"items_purged_floors":[],"is_endless":false,"potions_floor_spawned":[1,4,8,14,16,18,21,22,24,25,27,28,30],"killed_by":"Champ","ascension_level":7}}