{"host":"cdcsem0stf6rethc","time":1610768752,"event":{"mods":["AchievementEnabler","BaseMod","Colored Map","Highlight Path","Minty Spire (QoL Compilation)","StSLib","The Bug Knight"],"gold_per_floor":[117,117,117,117,133,133,143,89,89,38,38,38,55,72,72,72,72],"floor_reached":16,"language":"ENG","playtime":674,"items_purged":[],"score":115,"play_id":"bae65994-3a48-4f89-abce-7c3367e867a0","local_time":"20210116114552","is_ascension_mode":false,"campfire_choices":[{"data":"HollowMod:SoulStrike","floor":6,"key":"SMITH"},{"data":"HollowMod:HeavyBlow","floor":12,"key":"SMITH"},{"data":"HollowMod:HowlingWraiths","floor":15,"key":"SMITH"}],"circlet_count":0,"master_deck":["HollowMod:NailStrikeStart","HollowMod:NailStrikeStart","HollowMod:NailStrikeStart","HollowMod:NailStrikeStart","HollowMod:QuickDashStart","HollowMod:QuickDashStart","HollowMod:QuickDashStart","HollowMod:FocusHealStart","HollowMod:PogoStrike","HollowMod:DashSlash","HollowMod:SoulStrike+1","HollowMod:SiblingsSouls","HollowMod:CloakDash","HollowMod:HeavyBlow+1","HollowMod:HowlingWraiths+1"],"relics":["HollowMod:VesselMask","Singing Bowl","Pear","FaceOfCleric"],"acts_visited":["Exordium"],"potions_floor_usage":[16,16,16],"damage_taken":[{"damage":4,"enemies":"Small Slimes","floor":1,"turns":3},{"damage":11,"enemies":"Jaw Worm","floor":5,"turns":3},{"damage":1,"enemies":"Cultist","floor":7,"turns":3},{"damage":11,"enemies":"Exordium Wildlife","floor":13,"turns":5},{"damage":13,"enemies":"Red Slaver","floor":14,"turns":2},{"damage":61,"enemies":"HollowMod:FalseKnight","floor":16,"turns":6}],"seed_played":"-4753846041158764582","potions_obtained":[{"floor":0,"key":"Swift Potion"},{"floor":0,"key":"BlessingOfTheForge"},{"floor":0,"key":"Fire Potion"},{"floor":7,"key":"SteroidPotion"},{"floor":13,"key":"Weak Potion"}],"is_trial":false,"path_per_floor":["M","?","?","?","M","R","M","$","T","$","?","R","M","M","R","B"],"character_chosen":"THE_BUGKNIGHT","items_purchased":["HollowMod:CloakDash","HollowMod:HeavyBlow"],"campfire_rested":0,"item_purchase_floors":[8,10],"current_hp_per_floor":[71,76,73,73,68,68,67,67,77,77,77,77,69,57,57,0,0],"gold":72,"neow_bonus":"THREE_SMALL_POTIONS","is_daily":false,"chose_seed":false,"campfire_upgraded":3,"win_rate":0.0,"timestamp":1610768752,"path_taken":["M","?","?","?","?","R","M","$","T","$","?","R","?","M","R","BOSS"],"items_purchased_type":["Card","Card"],"build_version":"2020-12-22","purchased_purges":0,"victory":false,"max_hp_per_floor":[75,80,80,80,80,80,80,80,90,90,90,90,93,94,94,94,94],"card_choices":[{"not_picked":["HollowMod:LifebloodCocoon","HollowMod:CoiledNail"],"picked":"HollowMod:DashSlash","floor":1},{"not_picked":["HollowMod:DoubleDash","HollowMod:ShapeofUnn"],"picked":"HollowMod:SoulStrike","floor":5},{"not_picked":["HollowMod:ShapeofUnn","HollowMod:DoubleDash"],"picked":"HollowMod:SiblingsSouls","floor":7},{"not_picked":["HollowMod:CloakDash","HollowMod:SiblingsSouls","HollowMod:LifebloodCocoon"],"picked":"Singing Bowl","floor":13},{"not_picked":["HollowMod:CloakDash","HollowMod:GoodIntentions"],"picked":"HollowMod:HowlingWraiths","floor":14}],"player_experience":74115,"relics_obtained":[{"floor":9,"key":"Pear"}],"event_choices":[{"damage_healed":0,"gold_gain":0,"player_choice":"Donut","damage_taken":0,"max_hp_gain":5,"max_hp_loss":0,"event_name":"Big Fish","floor":2,"gold_loss":0},{"damage_healed":0,"gold_gain":0,"player_choice":"Success","damage_taken":3,"relics_obtained":["Singing Bowl"],"max_hp_gain":0,"max_hp_loss":0,"event_name":"Scrap Ooze","floor":3,"gold_loss":0},{"cards_removed":["HollowMod:QuickDashStart"],"damage_healed":0,"gold_gain":0,"player_choice":"Purged","damage_taken":0,"max_hp_gain":0,"max_hp_loss":0,"event_name":"Purifier","floor":4,"gold_loss":0},{"damage_healed":0,"gold_gain":0,"player_choice":"Trade","damage_taken":0,"relics_obtained":["FaceOfCleric"],"max_hp_gain":0,"max_hp_loss":0,"event_name":"FaceTrader","floor":11,"gold_loss":0}],"is_beta":false,"boss_relics":[],"items_purged_floors":[],"is_endless":false,"potions_floor_spawned":[7,13],"killed_by":"HollowMod:FalseKnight","ascension_level":0}}