{"host":"01gbg40krdpein5y","time":1610755861,"event":{"mods":["BaseMod","BetterRewards","Minty Spire (QoL Compilation)","Permanent Neow","Remove Card Discount Mod","SuperFastMode","Transform Curses"],"gold_per_floor":[112,126,142,160,160,190,190,190,190,224,239,72,82,59,59,59,59],"floor_reached":16,"language":"ENG","playtime":757,"items_purged":[],"score":112,"play_id":"b7cf893b-1c42-4e4f-881d-ca3816a3b520","local_time":"20210115161101","is_ascension_mode":false,"campfire_choices":[{"floor":8,"key":"REST"},{"floor":15,"key":"REST"}],"circlet_count":0,"master_deck":["Strike_B","Strike_B","Strike_B","Strike_B","Defend_B","Defend_B","Defend_B","Defend_B","Zap","Dualcast","Double Energy+1","Self Repair","Seek","Conserve Battery","Heatsinks","Enlightenment"],"relics":["Cracked Core","Incense Burner","Blue Candle","White Beast Statue","Meat on the Bone"],"acts_visited":["Exordium"],"potions_floor_usage":[6,10,10,11,13,16],"damage_taken":[{"damage":1,"enemies":"Cultist","floor":1,"turns":3},{"damage":0,"enemies":"Small Slimes","floor":2,"turns":3},{"damage":0,"enemies":"2 Louse","floor":3,"turns":2},{"damage":4,"enemies":"Blue Slaver","floor":4,"turns":3},{"damage":21,"enemies":"Lagavulin","floor":6,"turns":6},{"damage":53,"enemies":"Gremlin Nob","floor":10,"turns":5},{"damage":8,"enemies":"Exordium Thugs","floor":11,"turns":4},{"damage":6,"enemies":"2 Fungi Beasts","floor":13,"turns":4},{"damage":61,"enemies":"The Guardian","floor":16,"turns":11}],"seed_played":"-656490833175598438","potions_obtained":[{"floor":1,"key":"Explosive Potion"},{"floor":2,"key":"FocusPotion"},{"floor":6,"key":"FocusPotion"},{"floor":10,"key":"AttackPotion"},{"floor":11,"key":"Energy Potion"},{"floor":13,"key":"SteroidPotion"}],"is_trial":false,"path_per_floor":["M","M","M","M","?","E","?","R","T","E","M","$","M","?","R","B"],"character_chosen":"DEFECT","items_purchased":["Heatsinks","Enlightenment"],"campfire_rested":2,"item_purchase_floors":[12,12],"current_hp_per_floor":[53,53,53,49,49,35,35,57,57,11,22,22,35,35,57,0,0],"gold":59,"neow_bonus":"ONE_RARE_RELIC","is_daily":false,"chose_seed":false,"campfire_upgraded":0,"win_rate":0.0,"timestamp":1610755861,"path_taken":["M","M","?","?","?","E","?","R","T","E","M","$","M","?","R","BOSS"],"items_purchased_type":["Card","Card"],"build_version":"2020-12-22","purchased_purges":0,"victory":false,"max_hp_per_floor":[75,75,75,75,75,75,75,75,75,75,75,75,75,75,75,75,75],"card_choices":[{"not_picked":["Skim","Stack"],"picked":"Double Energy","floor":1},{"not_picked":["Steam","Gash","Go for the Eyes"],"picked":"SKIP","floor":2},{"not_picked":["Rebound","Steam","Beam Cell"],"picked":"SKIP","floor":3},{"not_picked":["Cold Snap","Barrage"],"picked":"Self Repair","floor":4},{"not_picked":["Sunder","Gash","Coolheaded"],"picked":"SKIP","floor":6},{"not_picked":["Ball Lightning","Rebound"],"picked":"Seek","floor":10},{"not_picked":["Cold Snap","Fusion"],"picked":"Conserve Battery","floor":11},{"not_picked":["Steam Power","Chaos","Rip and Tear"],"picked":"SKIP","floor":13}],"player_experience":323621,"relics_obtained":[{"floor":6,"key":"Blue Candle"},{"floor":9,"key":"White Beast Statue"},{"floor":10,"key":"Meat on the Bone"}],"event_choices":[{"damage_healed":0,"gold_gain":0,"player_choice":"Ignored","damage_taken":0,"max_hp_gain":0,"max_hp_loss":0,"event_name":"Golden Wing","floor":5,"gold_loss":0},{"damage_healed":0,"gold_gain":0,"player_choice":"Grow","damage_taken":0,"max_hp_gain":0,"max_hp_loss":0,"event_name":"Living Wall","floor":7,"gold_loss":0,"cards_upgraded":["Double Energy"]},{"damage_healed":0,"gold_gain":0,"player_choice":"Left Gold","damage_taken":0,"max_hp_gain":0,"max_hp_loss":0,"event_name":"World of Goop","floor":14,"gold_loss":23}],"is_beta":false,"boss_relics":[],"items_purged_floors":[],"is_endless":false,"potions_floor_spawned":[1,2,6,10,11,13],"killed_by":"The Guardian","ascension_level":0}}