{"host":"k3d6qnel5hz5mlh4","time":1610818566,"event":{"mods":["AchievementEnabler","BaseMod","Better Note","Better Skull","Better Vampires","Card Forge","Displayed Cursed Tome","Downfall","Hero for Fun","Hyrulean Relics","Marked Mod","Minty Spire (QoL Compilation)","Permanent Neow","Small Relic Pack","StSLib","The Animator","The Death Knight","The Saiyan","The Wild Card","Wandering Minibosses"],"gold_per_floor":[99,119,119,119,119,19,65,79,113,128,157,169,69,102,115,215,215,215,215,225,225,325,342,342,372,386,398,436,465,477,501,523,634,646,658,686,708,739,768,807,819,831,843,888,920,962,984,32,42,42],"floor_reached":51,"language":"ENG","playtime":1989,"items_purged":[],"score":1306,"play_id":"085d852f-9de0-44b7-b856-30ff3f287b2b","local_time":"20210116183606","is_ascension_mode":false,"campfire_choices":[{"floor":1,"key":"RECALL"},{"floor":6,"key":"REST"},{"floor":13,"key":"REST"},{"floor":18,"key":"REST"},{"floor":30,"key":"REST"},{"floor":35,"key":"REST"},{"floor":43,"key":"REST"}],"circlet_count":0,"master_deck":["Serious_Punch+1","Saiyan:SenzuBean+1","Serious_Punch+1","Serious_Punch+1","Serious_Punch+1","Serious_Punch+1"],"relics":["champ:ChampionCrown","Hammer of Thor","Seething Fire","Anvil of the Gods","Centennial Puzzle","Boot","champ:BerserkersGuideToSlaughter","Ancient Tea Set","Regal Pillow","downfall:HeartBlessingRed","champ:DefensiveTrainingManual","Blood Vial","Lantern","DeathKnight:SindragosasSkull","Akabeko","Dream Catcher","Art of War","Toy Ornithopter","downfall:HeartBlessingGreen","Whetstone","Oddly Smooth Stone","Juzu Bracelet","Tiny Chest","SlaversCollar","MealTicket","champ:FightingForDummies","Orichalcum","Bag of Marbles","Prayer Wheel","MawBank","Bag of Preparation","Omamori","Smiling Mask","Anchor","Bronze Scales","Busted Crown","War Paint","Vajra","Happy Flower","Guardian:PocketSentry","Pen Nib","DeathKnight:PutricidesVial","PreservedInsect","hexamod:BolsterEngine","Pear","Blue Candle","StrikeDummy","Kunai","The Courier","relicPack:WeightedSword","Bottled Lightning","Thread and Needle","White Beast Statue","Darkstone Periapt","Letter Opener"],"acts_visited":["Exordium","TheCity","TheBeyond"],"potions_floor_usage":[50,50],"damage_taken":[{"damage":0,"enemies":"Jaw Worm","floor":2,"turns":2},{"damage":0,"enemies":"downfall:FleeingMerchant","floor":3,"turns":2},{"damage":0,"enemies":"Small Slimes","floor":8,"turns":2},{"damage":0,"enemies":"Lagavulin","floor":9,"turns":2},{"damage":0,"enemies":"2 Louse","floor":10,"turns":2},{"damage":0,"enemies":"3 Sentries","floor":11,"turns":2},{"damage":6,"enemies":"Lots of Slimes","floor":12,"turns":2},{"damage":0,"enemies":"Gremlin Nob","floor":14,"turns":2},{"damage":0,"enemies":"3 Louse","floor":15,"turns":2},{"damage":0,"enemies":"IC_STATUS_ARCHETYPE","floor":16,"turns":2},{"damage":0,"enemies":"Chosen","floor":20,"turns":2},{"damage":0,"enemies":"Shell Parasite","floor":23,"turns":2},{"damage":0,"enemies":"Gremlin Leader","floor":25,"turns":2},{"damage":0,"enemies":"3 Cultists","floor":26,"turns":2},{"damage":0,"enemies":"Snake Plant","floor":29,"turns":2},{"damage":0,"enemies":"Chosen and Byrds","floor":31,"turns":2},{"damage":0,"enemies":"Cultist and Chosen","floor":32,"turns":2},{"damage":0,"enemies":"DF_ARCHETYPE_CLAW","floor":33,"turns":2},{"damage":0,"enemies":"3 Shapes","floor":36,"turns":2},{"damage":0,"enemies":"Orb Walker","floor":37,"turns":2},{"damage":0,"enemies":"Writhing Mass","floor":38,"turns":2},{"damage":0,"enemies":"Sphere and 2 Shapes","floor":39,"turns":2},{"damage":0,"enemies":"Nemesis","floor":40,"turns":2},{"damage":0,"enemies":"Giant Head","floor":44,"turns":2},{"damage":0,"enemies":"Maw","floor":45,"turns":2},{"damage":0,"enemies":"Reptomancer","floor":46,"turns":2},{"damage":0,"enemies":"4 Shapes","floor":47,"turns":2},{"damage":0,"enemies":"Transient","floor":49,"turns":2},{"damage":0,"enemies":"SI_POISON_ARCHETYPE","floor":50,"turns":2}],"seed_played":"-3963005900907240055","potions_obtained":[{"floor":9,"key":"DuplicationPotion"},{"floor":12,"key":"Swift Potion"},{"floor":15,"key":"Slimebound:ThreeZeroPotion"},{"floor":23,"key":"Energy Potion"}],"is_trial":false,"path_per_floor":["R","M","$","?","?","R","T","M","E","M","E","M","R","E","M","B",null,"R","?","M","?","?","M","T","E","M","$","T","M","R","M","M","B",null,"R","M","M","M","M","E","T","?","R","E","M","E","M","$","M","B",null],"character_chosen":"THE_CHAMP","items_purchased":["champ:BerserkersGuideToSlaughter","Ancient Tea Set","relicPack:WeightedSword","Bottled Lightning","Thread and Needle","White Beast Statue","Darkstone Periapt"],"campfire_rested":6,"item_purchase_floors":[3,3,48,48,48,48,48],"current_hp_per_floor":[99,99,99,109,109,109,109,109,109,109,109,103,109,109,109,109,109,109,109,109,109,109,109,109,109,109,109,109,109,109,109,109,109,109,109,109,109,109,109,109,109,109,109,119,119,119,119,119,119,119],"gold":42,"neow_bonus":"TEN_PERCENT_HP_BONUS","is_daily":false,"chose_seed":false,"campfire_upgraded":0,"win_rate":0.0,"timestamp":1610818566,"path_taken":["R","M","$","?","?","R","T","M","E","M","E","M","R","E","M","BOSS","R","?","M","?","?","M","T","E","M","$","?","M","R","M","M","BOSS","R","M","M","M","M","E","T","?","R","E","M","E","M","$","M","BOSS"],"items_purchased_type":["Relic","Relic","Relic","Relic","Relic","Relic","Relic"],"build_version":"2020-12-22","purchased_purges":0,"victory":true,"max_hp_per_floor":[99,99,99,109,109,109,109,109,109,109,109,109,109,109,109,109,109,109,109,109,109,109,109,109,109,109,109,109,109,109,109,109,109,109,109,109,109,109,109,109,109,109,109,119,119,119,119,119,119,119],"card_choices":[{"not_picked":["champ:GutPunch","champ:GladiatorStyle","champ:Haymaker"],"picked":"SKIP","floor":2},{"not_picked":["champ:GladiatorStyle","champ:FaceSlap","champ:CalledShot"],"picked":"SKIP","floor":3},{"not_picked":["champ:BladeFlurry","champ:Backstep","champ:DefensiveShout"],"picked":"SKIP","floor":8},{"not_picked":["champ:PerfectedStrike","champ:FancyFootwork","champ:FlashCut"],"picked":"SKIP","floor":9},{"not_picked":["champ:TornadoPunch","champ:Circumvent","champ:Haymaker"],"picked":"SKIP","floor":10},{"not_picked":["champ:Shatter","champ:PreciseThrust","champ:GutPunch"],"picked":"SKIP","floor":11},{"not_picked":["champ:FalseCounter","champ:PreciseThrust","champ:HoldFirm"],"picked":"SKIP","floor":12},{"not_picked":["champ:FocusedDefense","champ:EnGarde","champ:ShieldWall"],"picked":"SKIP","floor":14},{"not_picked":["champ:TornadoPunch","champ:PreciseThrust","champ:ArenaPreparation"],"picked":"SKIP","floor":15},{"not_picked":["champ:FlashCut","champ:Backstep+1","champ:Encircle"],"picked":"SKIP","floor":20},{"not_picked":["champ:AdrenalArmor","champ:Circumvent","champ:BladeFlurry"],"picked":"SKIP","floor":23},{"not_picked":["champ:StanceDance","champ:EndlessRage","champ:Improvising"],"picked":"SKIP","floor":25},{"not_picked":["champ:PreciseThrust","champ:Haymaker","champ:TornadoPunch+1"],"picked":"SKIP","floor":26},{"not_picked":["champ:RapidStrikes","champ:DefensiveShout","champ:FalseCounter"],"picked":"SKIP","floor":26},{"not_picked":["champ:Circumvent","champ:CrownThrow","champ:SetATrap"],"picked":"SKIP","floor":29},{"not_picked":["champ:Lariat","champ:Shatter+1","champ:PreciseThrust"],"picked":"SKIP","floor":29},{"not_picked":["champ:BladeFlurry","champ:PreciseThrust+1","champ:Lariat"],"picked":"SKIP","floor":31},{"not_picked":["champ:AdrenalArmor","champ:Shatter","champ:EnGarde"],"picked":"SKIP","floor":31},{"not_picked":["champ:PerfectedStrike","champ:HeartStrike","champ:Duel"],"picked":"SKIP","floor":32},{"not_picked":["champ:FanOfKnives","champ:Parry","champ:Endure"],"picked":"SKIP","floor":32},{"not_picked":["champ:PreciseThrust"],"picked":"SKIP","floor":36},{"not_picked":["champ:AdrenalArmor"],"picked":"SKIP","floor":36},{"not_picked":["champ:PreemptiveStrike+1"],"picked":"SKIP","floor":37},{"not_picked":["champ:PerfectedStrike+1"],"picked":"SKIP","floor":37},{"not_picked":["champ:DefensiveShout+1"],"picked":"SKIP","floor":38},{"not_picked":["champ:RisingSlash"],"picked":"SKIP","floor":38},{"not_picked":["champ:Backstep"],"picked":"SKIP","floor":39},{"not_picked":["champ:BerserkersShout+1"],"picked":"SKIP","floor":39},{"not_picked":["champ:MurderStrike"],"picked":"SKIP","floor":40},{"not_picked":["champ:PerfectedStrike+1"],"picked":"SKIP","floor":44},{"not_picked":["champ:CrookedStrike+1"],"picked":"SKIP","floor":45},{"not_picked":["champ:RisingSlash+1"],"picked":"SKIP","floor":45},{"not_picked":["champ:DeathBlow"],"picked":"SKIP","floor":46},{"not_picked":["champ:Shatter"],"picked":"SKIP","floor":47},{"not_picked":["champ:FalseCounter+1"],"picked":"SKIP","floor":47},{"not_picked":["champ:FlashCut"],"picked":"SKIP","floor":49},{"not_picked":["champ:Lariat"],"picked":"SKIP","floor":49}],"player_experience":266691,"relics_obtained":[{"floor":2,"key":"Centennial Puzzle"},{"floor":3,"key":"Boot"},{"floor":7,"key":"champ:DefensiveTrainingManual"},{"floor":8,"key":"Blood Vial"},{"floor":9,"key":"Lantern"},{"floor":9,"key":"DeathKnight:SindragosasSkull"},{"floor":10,"key":"Akabeko"},{"floor":11,"key":"Dream Catcher"},{"floor":11,"key":"Art of War"},{"floor":12,"key":"Toy Ornithopter"},{"floor":14,"key":"Whetstone"},{"floor":14,"key":"Oddly Smooth Stone"},{"floor":15,"key":"Juzu Bracelet"},{"floor":16,"key":"Tiny Chest"},{"floor":20,"key":"MealTicket"},{"floor":23,"key":"champ:FightingForDummies"},{"floor":24,"key":"Orichalcum"},{"floor":25,"key":"Bag of Marbles"},{"floor":25,"key":"Prayer Wheel"},{"floor":26,"key":"MawBank"},{"floor":28,"key":"Bag of Preparation"},{"floor":29,"key":"Omamori"},{"floor":31,"key":"Smiling Mask"},{"floor":32,"key":"Anchor"},{"floor":33,"key":"Bronze Scales"},{"floor":36,"key":"War Paint"},{"floor":37,"key":"Vajra"},{"floor":38,"key":"Happy Flower"},{"floor":39,"key":"Guardian:PocketSentry"},{"floor":40,"key":"Pen Nib"},{"floor":40,"key":"DeathKnight:PutricidesVial"},{"floor":41,"key":"PreservedInsect"},{"floor":44,"key":"hexamod:BolsterEngine"},{"floor":44,"key":"Pear"},{"floor":45,"key":"Blue Candle"},{"floor":46,"key":"StrikeDummy"},{"floor":46,"key":"Kunai"},{"floor":47,"key":"The Courier"},{"floor":49,"key":"Letter Opener"}],"event_choices":[{"damage_healed":0,"gold_gain":0,"player_choice":"Box","damage_taken":0,"relics_obtained":["Regal Pillow"],"max_hp_gain":0,"max_hp_loss":0,"event_name":"Big Fish","floor":5,"gold_loss":0,"cards_obtained":["Regret"]},{"cards_removed":["Serious_Punch"],"damage_healed":0,"gold_gain":0,"player_choice":"Take \u0026 Give","damage_taken":0,"max_hp_gain":0,"max_hp_loss":0,"event_name":"betterNote:BetterNote","floor":19,"gold_loss":0,"cards_obtained":["Serious_Punch"]}],"is_beta":false,"boss_relics":[{"not_picked":["relicPack:ShieldShield","Snecko Eye"],"picked":"SlaversCollar"},{"not_picked":["Tiny House","Runic Pyramid"],"picked":"Busted Crown"}],"items_purged_floors":[],"is_endless":false,"potions_floor_spawned":[8,9,12,15,16,23,31,32,36,44,45,47,49],"ascension_level":0}}