{"host":"a1u4jo6xlg3w0wsm","time":1610799578,"event":{"mods":["BaseMod","Better Third Choice","DeckTracker","Downfall","Hermit","Hubris","Minty Spire (QoL Compilation)","Rare Cards Sparkle","Replay The Spire","StSLib","The Cursed"],"gold_per_floor":[130,158,169,169,169,40,40,70,139,151,163,163,186,48,65,65,65],"floor_reached":16,"playtime":1030,"items_purged":["hermit:Defend_Hermit"],"score":147,"play_id":"42a0e8f5-6ded-4d3a-ae8a-756e4fcbbd59","local_time":"20210117011938","is_ascension_mode":true,"campfire_choices":[],"circlet_count":0,"master_deck":["hermit:Strike_Hermit","hermit:Strike_Hermit","hermit:Strike_Hermit+1","hermit:Strike_Hermit","hermit:Defend_Hermit","hermit:Defend_Hermit","hermit:Defend_Hermit","hermit:Snapshot","hermit:Covet","hermit:DeadOrAlive+1","hermit:Quickdraw","hermit:CursedWeapon","Looming Evil","hermit:Maintenance","hermit:Quickdraw","hermit:Determination","hermit:Quickdraw","hermit:Vantage","hermit:Gestalt","hermit:ShadowCloak","hermit:Glare","hermit:ShadowCloak","hermit:Quickdraw"],"relics":["hermit:Momento","Ring of Fury","ReplayTheSpireMod:Ring of Exchange","Whetstone","Art of War","hubris:Icosahedron","ReplayFunnel"],"acts_visited":["Exordium"],"potions_floor_usage":[9,9,9],"damage_taken":[{"damage":0,"enemies":"Small Slimes","floor":2,"turns":3},{"damage":4,"enemies":"Jaw Worm","floor":3,"turns":3},{"damage":5,"enemies":"downfall:FleeingMerchant","floor":6,"turns":4},{"damage":0,"enemies":"Cultist","floor":8,"turns":2},{"damage":26,"enemies":"Lagavulin","floor":9,"turns":5},{"damage":5,"enemies":"Blue Slaver","floor":10,"turns":2},{"damage":0,"enemies":"Large Slime","floor":11,"turns":3},{"damage":13,"enemies":"downfall:FleeingMerchant","floor":14,"turns":4},{"damage":2,"enemies":"2 Fungi Beasts","floor":15,"turns":2},{"damage":23,"enemies":"downfall:Silent","floor":16,"turns":6}],"seed_played":"-7641805560504395365","potions_obtained":[{"floor":1,"key":"Flashbang"},{"floor":1,"key":"PowerPotion"},{"floor":1,"key":"champ:CounterPotion"},{"floor":9,"key":"hermit:BlackBile"},{"floor":10,"key":"Elixir"},{"floor":11,"key":"Elixir"},{"floor":15,"key":"FearPotion"}],"is_trial":false,"path_per_floor":["R","M","M","?","?","$","T","M","E","M","M","?","T","$","M","B"],"character_chosen":"HERMIT","items_purchased":["hermit:Determination","hermit:Quickdraw","hermit:Quickdraw"],"campfire_rested":0,"item_purchase_floors":[6,6,14],"current_hp_per_floor":[75,75,71,71,71,66,66,66,40,35,35,35,35,22,20,0,0],"gold":65,"neow_bonus":"ONE_RANDOM_RARE_CARD","is_daily":false,"chose_seed":false,"campfire_upgraded":0,"win_rate":0.0,"timestamp":1610799578,"path_taken":["R","M","M","?","?","$","T","M","E","M","M","?","?","$","M","BOSS"],"items_purchased_type":["Card","Card","Card"],"build_version":"2020-12-13","purchased_purges":1,"victory":false,"max_hp_per_floor":[75,75,75,75,75,75,75,75,75,75,75,75,75,75,75,75,75],"card_choices":[{"not_picked":["hermit:LowProfile","hermit:Manifest"],"picked":"hermit:Quickdraw","floor":1},{"not_picked":["hermit:Horror","hermit:Ricochet","hermit:LowProfile"],"picked":"SKIP","floor":2},{"not_picked":["hermit:HighCaliber","hermit:Coalescence"],"picked":"hermit:CursedWeapon","floor":3},{"not_picked":["hermit:Snipe","hermit:OverwhelmingPower"],"picked":"hermit:Quickdraw","floor":6},{"not_picked":["hermit:BodyArmor","hermit:HoleUp"],"picked":"hermit:Vantage","floor":8},{"not_picked":["hermit:Misfire","hermit:Manifest"],"picked":"hermit:Gestalt","floor":9},{"not_picked":["hermit:CursedWeapon","hermit:Enervate"],"picked":"hermit:ShadowCloak","floor":10},{"not_picked":["hermit:HighCaliber","hermit:Coalescence"],"picked":"hermit:Glare","floor":11},{"not_picked":["hermit:Feint","hermit:FromBeyond"],"picked":"hermit:ShadowCloak","floor":14},{"not_picked":["hermit:Misfire","hermit:Ricochet","hermit:Desperado"],"picked":"SKIP","floor":15}],"player_experience":346677,"relics_obtained":[{"floor":4,"key":"Ring of Fury"},{"floor":4,"key":"ReplayTheSpireMod:Ring of Exchange"},{"floor":7,"key":"Whetstone"},{"floor":9,"key":"Art of War"},{"floor":13,"key":"ReplayFunnel"}],"event_choices":[],"is_beta":false,"boss_relics":[],"items_purged_floors":[14],"is_endless":false,"potions_floor_spawned":[9,10,11,15],"killed_by":"downfall:Silent","ascension_level":4}}