{"host":"kwv5rcxiitoh7ssi","time":1610778044,"event":{"mods":["2.2 Compatiblity","A Magickal Journey","AchievementEnabler","Act Like it!","Aspiration","Astrologer","BaseMod","Better Altar","Better Match","Better Note","Better Sensory Stone","Better Skull","Better Third Choice","BetterRewards","Colored Map","Colored Powertips","Conspire","Dark Map","Elementarium","Energized Spire","GifTheSpireLib","Gold Saver","GungeonMod","Hubris","Infinite Spire","Marisa（霧雨　魔理沙）","Menagerie","Minty Spire (QoL Compilation)","Pale of the Ancients","Relic Stats","Replay The Spire","Somnambulant","Spicy Shops","Spikes Relics","StSLib","Stuff the Spire","The Animator","The Cursed","The Mystic","The Necromancer","The Runesmith","The Spell Scribe","Thieving Mod","Uncapped","UnlockEverythingMod","vexMod","【遗物卡牌】REMEMod"],"gold_per_floor":[113,123,123,123,135,135,135],"floor_reached":6,"language":"ENG","playtime":625,"items_purged":[],"score":36,"play_id":"da1d97a3-ef47-4198-993c-fa94611affc3","local_time":"20210116012044","is_ascension_mode":false,"campfire_choices":[],"circlet_count":0,"master_deck":["somnambulantmod: SomnambulantStrike","somnambulantmod: SomnambulantStrike","somnambulantmod: SomnambulantStrike","somnambulantmod: SomnambulantStrike","somnambulantmod: SomnambulantStrike","somnambulantmod: Defend_Somnambulant","somnambulantmod: Defend_Somnambulant","somnambulantmod: Defend_Somnambulant","somnambulantmod: Defend_Somnambulant","somnambulantmod: Defend_Somnambulant","somnambulantmod: QuickNap","somnambulantmod: PrimingPunch","DemoMod:FightSabre","somnambulantmod: Bruise","somnambulantmod: DeeperSleep","Menagerie:BeastSpirit","somnambulantmod: Trauma"],"relics":["somnambulantmod: DreamJournal","REME_ComplimentaryCards","Du-Vu Doll","hubris:Icosahedron"],"acts_visited":["Exordium"],"potions_floor_usage":[],"damage_taken":[{"damage":1,"enemies":"Menagerie:StygianBoar","floor":1,"turns":3},{"damage":10,"enemies":"Menagerie:2_RABBITS","floor":2,"turns":3},{"damage":18,"enemies":"Menagerie:WhisperingWraith","floor":5,"turns":6},{"damage":43,"enemies":"Menagerie:MaskedSummoner","floor":6,"turns":7}],"seed_played":"620264974797234992","potions_obtained":[],"is_trial":false,"path_per_floor":["M","M","?","?","M","E"],"character_chosen":"THE_SOMNAMBULANT","items_purchased":[],"campfire_rested":0,"item_purchase_floors":[],"current_hp_per_floor":[62,52,52,52,34,0,0],"gold":135,"neow_bonus":"ONE_RARE_RELIC","is_daily":false,"chose_seed":false,"campfire_upgraded":0,"win_rate":0.0,"timestamp":1610778044,"path_taken":["M","M","?","?","?","E"],"items_purchased_type":[],"build_version":"2020-12-22","purchased_purges":0,"victory":false,"max_hp_per_floor":[63,63,60,60,60,60,60],"relic_stats":{"counters":[4,19],"obtain_stats":[{"Du-Vu Doll":0,"hubris:Icosahedron":4,"somnambulantmod: DreamJournal":0,"REME_ComplimentaryCards":0},{"Du-Vu Doll":0,"hubris:Icosahedron":2,"somnambulantmod: DreamJournal":0,"REME_ComplimentaryCards":0},{"Du-Vu Doll":0,"hubris:Icosahedron":6,"somnambulantmod: DreamJournal":0,"REME_ComplimentaryCards":0}]},"card_choices":[{"not_picked":["somnambulantmod: Pinch","somnambulantmod: HeavyLids"],"picked":"somnambulantmod: Bruise","floor":1},{"not_picked":["somnambulantmod: Sleepyhead","somnambulantmod: Reject"],"picked":"somnambulantmod: DeeperSleep","floor":2},{"not_picked":["somnambulantmod: TimeCompression","somnambulantmod: LoseForm"],"picked":"somnambulantmod: Trauma","floor":5}],"player_experience":136859,"relics_obtained":[],"event_choices":[{"damage_healed":0,"gold_gain":0,"player_choice":"Knelt","damage_taken":0,"max_hp_gain":0,"max_hp_loss":3,"event_name":"Menagerie:BeastSpiritShrine","floor":3,"gold_loss":0,"cards_obtained":["Menagerie:BeastSpirit"]}],"is_beta":false,"boss_relics":[],"items_purged_floors":[],"is_endless":false,"potions_floor_spawned":[],"killed_by":"Menagerie:MaskedSummoner","ascension_level":0}}