{"host":"aq6j0shg22k0vr7s","time":1610768246,"event":{"mods":["2.2 Compatiblity","AchievementEnabler","BaseMod","Better Note","Colored Map","Downfall","Duelist Mod","GifTheSpireLib","Hermit","Marisa????????","Minty Spire (QoL Compilation)","Quick Restart","StSLib","Td1madao Mod","The Bug Knight","The Cursed"],"gold_per_floor":[117,137,199,212,212,212,232,79,79,30,60,60,79,40,40,40,40],"floor_reached":16,"language":"ENG","playtime":405,"items_purged":[],"score":98,"play_id":"024a2f5a-7b7e-475b-9f6a-f4637071c35f","local_time":"20210115193726","is_ascension_mode":false,"campfire_choices":[{"data":"hermit:Determination","floor":6,"key":"SMITH"},{"floor":15,"key":"REST"}],"circlet_count":0,"master_deck":["hermit:Strike_Hermit+1","hermit:Strike_Hermit","hermit:Strike_Hermit+1","hermit:Strike_Hermit","hermit:Defend_Hermit","hermit:Defend_Hermit","hermit:Defend_Hermit","hermit:Defend_Hermit","hermit:Snapshot","hermit:Covet","hermit:Determination+1","hermit:BodyArmor","hermit:Feint","hermit:Enervate","hermit:Desperado","hermit:HighNoon","hermit:Snipe","hermit:ShadowCloak"],"relics":["hermit:Momento","NeowsBlessing","Odd Mushroom","Juzu Bracelet","HornCleat","Tiny Chest"],"acts_visited":["Exordium"],"potions_floor_usage":[7,11],"damage_taken":[{"damage":0,"enemies":"2 Louse","floor":1,"turns":1},{"damage":0,"enemies":"Small Slimes","floor":2,"turns":1},{"damage":0,"enemies":"Jaw Worm","floor":4,"turns":1},{"damage":22,"enemies":"The Mushroom Lair","floor":7,"turns":5},{"damage":20,"enemies":"Gremlin Nob","floor":11,"turns":5},{"damage":13,"enemies":"Exordium Wildlife","floor":13,"turns":4},{"damage":28,"enemies":"The Guardian","floor":16,"turns":6}],"seed_played":"7951747246138610271","potions_obtained":[{"floor":1,"key":"Energy Potion"},{"floor":2,"key":"Swift Potion"},{"floor":7,"key":"Block Potion"}],"is_trial":false,"path_per_floor":["M","M","?","M","?","R","?","$","T","$","E","?","M","$","R","B"],"character_chosen":"HERMIT","items_purchased":["Juzu Bracelet","hermit:Desperado","hermit:ShadowCloak"],"campfire_rested":1,"item_purchase_floors":[8,10,14],"current_hp_per_floor":[75,75,75,75,60,60,38,38,38,38,18,18,5,5,27,0,0],"gold":40,"neow_bonus":"THREE_ENEMY_KILL","is_daily":false,"chose_seed":false,"campfire_upgraded":1,"win_rate":0.0,"timestamp":1610768246,"path_taken":["M","M","?","M","?","R","?","?","T","$","E","?","M","$","R","BOSS"],"items_purchased_type":["Relic","Card","Card"],"build_version":"2020-12-22","purchased_purges":0,"victory":false,"max_hp_per_floor":[75,75,75,75,75,75,75,75,75,75,75,75,75,75,75,75,75],"card_choices":[{"not_picked":["hermit:TakeCover","hermit:HoleUp"],"picked":"hermit:Determination","floor":1},{"not_picked":["hermit:Determination","hermit:CalledShot"],"picked":"hermit:BodyArmor","floor":2},{"not_picked":["hermit:Roulette","hermit:Determination"],"picked":"hermit:Feint","floor":4},{"not_picked":["hermit:SprayPray","hermit:Determination"],"picked":"hermit:Enervate","floor":7},{"not_picked":["hermit:Horror","hermit:SprayPray"],"picked":"hermit:HighNoon","floor":11},{"not_picked":["hermit:CalledShot","hermit:Misfire"],"picked":"hermit:Snipe","floor":13}],"player_experience":80284,"relics_obtained":[{"floor":7,"key":"Odd Mushroom"},{"floor":9,"key":"HornCleat"},{"floor":11,"key":"Tiny Chest"}],"event_choices":[{"damage_healed":0,"gold_gain":62,"player_choice":"Gained Gold","damage_taken":0,"max_hp_gain":0,"max_hp_loss":0,"event_name":"Golden Wing","floor":3,"gold_loss":0},{"damage_healed":0,"gold_gain":0,"player_choice":"Entered Light","damage_taken":15,"max_hp_gain":0,"max_hp_loss":0,"event_name":"Shining Light","floor":5,"gold_loss":0,"cards_upgraded":["hermit:Strike_Hermit","hermit:Strike_Hermit"]},{"damage_healed":0,"gold_gain":0,"player_choice":"Fought Mushrooms","damage_taken":0,"max_hp_gain":0,"max_hp_loss":0,"event_name":"Mushrooms","floor":7,"gold_loss":0},{"damage_healed":0,"gold_gain":0,"player_choice":"Ignored","damage_taken":0,"max_hp_gain":0,"max_hp_loss":0,"event_name":"Liars Game","floor":12,"gold_loss":0}],"is_beta":false,"boss_relics":[],"items_purged_floors":[],"is_endless":false,"potions_floor_spawned":[1,2,7],"killed_by":"The Guardian","ascension_level":0}}