{"host":"fre309isb0zq7f4i","time":1610757732,"event":{"mods":["BaseMod","Beaked The Cultist","Downfall","Mad Scientist","Minty Spire (QoL Compilation)","Quick Restart","StSLib","The Bug Knight","The Construct","The Mystic","The Senshi","The Servant 0.9.4","The Witch"],"gold_per_floor":[110,110,129,129,142,142,161,161,241,267,296,310,310,321,321,420,420,434,448,448,458,478,511,511,511,534,551,580,580,596,626,626,723,723,740,760,760,760,790,816,816,829,829,848,865,884,884,884,884,884,884,884,7,41,41,41],"floor_reached":55,"language":"ENG","playtime":4827,"items_purged":["HollowMod:NailStrikeStart+1"],"score":791,"play_id":"c532c152-daae-4e96-a9b7-25aa8eab14ee","local_time":"20210115174212","is_ascension_mode":false,"campfire_choices":[{"data":"HollowMod:QuickDashStart","floor":6.0,"key":"SMITH"},{"data":"HollowMod:DescendingDark","floor":8.0,"key":"SMITH"},{"data":"HollowMod:ShadowDash","floor":15.0,"key":"SMITH"},{"floor":24.0,"key":"RECALL"},{"data":"HollowMod:BlackTendrils","floor":32,"key":"SMITH"},{"data":"HollowMod:SiblingsShadow","floor":41,"key":"SMITH"},{"floor":49,"key":"REST"},{"data":"HollowMod:WraithStrike","floor":52,"key":"SMITH"}],"circlet_count":0,"master_deck":["HollowMod:NailStrikeStart+1","HollowMod:NailStrikeStart+1","HollowMod:NailStrikeStart+1","HollowMod:QuickDashStart+1","HollowMod:QuickDashStart+1","HollowMod:QuickDashStart+1","HollowMod:QuickDashStart+1","HollowMod:PogoStrike","HollowMod:DescendingDark+1","HollowMod:DreamGate+1","HollowMod:DescendingDark","HollowMod:BlackTendrils+1","HollowMod:CloakDash","HollowMod:WraithStrike+1","HollowMod:ShadowDash+1","HollowMod:GrimmsGift+1","HollowMod:MantisMark+1","HollowMod:SiblingsShadow+1","HollowMod:Hiveblood","CurseOfTheBell","HollowMod:VengefulVoid+1","HollowMod:DescendingDark","Deep Breath","HollowMod:VengefulVoid","Panache+1"],"relics":["HollowMod:VesselMask","Art of War","Odd Mushroom","War Paint","beaked:MawFillet","Gambling Chip","MutagenicStrength","Toy Ornithopter","Shuriken","Darkstone Periapt","Calling Bell","Potion Belt","Singing Bowl","Prayer Wheel","Blue Candle","Dream Catcher","HollowMod:StagPassRelic","TheAbacus","Mummified Hand","Blood Vial"],"acts_visited":["Exordium","TheCity","TheBeyond","TheEnding"],"potions_floor_usage":[33,36,39,40,45,46,46,54,54,54,54,55,55,55],"damage_taken":[{"damage":0.0,"enemies":"Cultist","floor":1.0,"turns":2.0},{"damage":0.0,"enemies":"2 Louse","floor":3.0,"turns":2.0},{"damage":0.0,"enemies":"Small Slimes","floor":5.0,"turns":2.0},{"damage":0.0,"enemies":"3 Louse","floor":7.0,"turns":2.0},{"damage":0.0,"enemies":"The Mushroom Lair","floor":10.0,"turns":2.0},{"damage":17.0,"enemies":"Gremlin Nob","floor":11.0,"turns":4.0},{"damage":4.0,"enemies":"Looter","floor":12.0,"turns":2.0},{"damage":0.0,"enemies":"Exordium Wildlife","floor":14.0,"turns":2.0},{"damage":19.0,"enemies":"The Guardian","floor":16.0,"turns":12.0},{"damage":0.0,"enemies":"Chosen","floor":18.0,"turns":3.0},{"damage":0.0,"enemies":"Spheric Guardian","floor":19.0,"turns":3.0},{"damage":19.0,"enemies":"Snecko","floor":21.0,"turns":4.0},{"damage":19.0,"enemies":"Snake Plant","floor":22.0,"turns":5.0},{"damage":17.0,"enemies":"Gremlin Leader","floor":23.0,"turns":4.0},{"damage":8.0,"enemies":"Chosen and Byrds","floor":27.0,"turns":2.0},{"damage":14.0,"enemies":"HollowMod:Nosk","floor":28.0,"turns":4.0},{"damage":0,"enemies":"Cultist and Chosen","floor":30,"turns":3},{"damage":0,"enemies":"Gremlin Leader","floor":31,"turns":2},{"damage":33,"enemies":"HollowMod:NKGrimm","floor":33,"turns":7},{"damage":16,"enemies":"3 Shapes","floor":35,"turns":3},{"damage":0,"enemies":"3 Darklings","floor":36,"turns":2},{"damage":19,"enemies":"HollowMod:StalkingDevout","floor":39,"turns":5},{"damage":34,"enemies":"Nemesis","floor":40,"turns":7},{"damage":27,"enemies":"Transient","floor":42,"turns":5},{"damage":35,"enemies":"Spire Growth","floor":44,"turns":3},{"damage":31,"enemies":"Maw","floor":45,"turns":6},{"damage":78,"enemies":"HollowMod:SlobberingHusk","floor":46,"turns":4},{"damage":37,"enemies":"HollowMod:Radiance","floor":50,"turns":11},{"damage":100,"enemies":"Shield and Spear","floor":54,"turns":6},{"damage":75,"enemies":"The Heart","floor":55,"turns":4}],"seed_played":"-3972829823804931205","potions_obtained":[{"floor":1.0,"key":"SkillPotion"},{"floor":5.0,"key":"hexamod:EctoCoolerPotion"},{"floor":10.0,"key":"ColorlessPotion"},{"floor":11.0,"key":"Weak Potion"},{"floor":14.0,"key":"Ancient Potion"},{"floor":19.0,"key":"BlessingOfTheForge"},{"floor":23.0,"key":"AttackPotion"},{"floor":30,"key":"hexamod:SoulburnPotion"},{"floor":31,"key":"Energy Potion"},{"floor":33,"key":"ColorlessPotion"},{"floor":36,"key":"SpeedPotion"},{"floor":39,"key":"Weak Potion"},{"floor":45,"key":"bronze:BurnAndBuffPotion"},{"floor":54,"key":"SpeedPotion"}],"is_trial":false,"path_per_floor":["M","?","M","?","M","R","M","R","T","?","E","M","?","M","R","B",null,"M","M","?","M","M","E","R","?","T","M","E","?","M","E","R","B",null,"M","M","?","?","E","E","R","M","T","M","M","M","?","?","R","B",null,"R","$","E","B"],"character_chosen":"THE_BUGKNIGHT","items_purchased":["TheAbacus","Panache","Mummified Hand","EntropicBrew","Fire Potion","AttackPotion"],"campfire_rested":1,"item_purchase_floors":[53,53,53,53,53,53],"current_hp_per_floor":[75,68,68,68,68,68,68,68,68,70,55,54,54,56,56,40,75,75,75,75,56,39,26,26,26,26,27,27,27,27,33,33,13,81,81,87,83,83,76,72,72,77,77,66,83,24,24,24,54,43,101,101,101,42,0,0],"gold":41,"neow_bonus":"RANDOM_COMMON_RELIC","is_daily":false,"chose_seed":false,"campfire_upgraded":6,"win_rate":0.0,"timestamp":1610757732,"path_taken":["M","?","M","?","M","R","?","R","T","?","E","M","?","M","R","BOSS","M","M","?","M","M","E","R","?","T","M","E","?","M","E","R","BOSS","M","M","?","?","E","E","R","M","T","?","?","M","?","?","R","BOSS","R","$","E","BOSS"],"items_purchased_type":["Relic","Card","Relic","Potion","Potion","Potion"],"build_version":"2020-12-22","purchased_purges":1,"victory":false,"max_hp_per_floor":[75,75,75,75,75,75,75,75,75,75,75,75,75,75,75,75,75,75,75,75,75,75,75,75,75,75,75,75,75,75,75,75,75,81,83,87,83,83,85,87,87,91,91,95,97,101,101,101,101,101,101,101,101,103,103,103],"card_choices":[{"not_picked":["HollowMod:NewLittleFool","HollowMod:CloakDash"],"picked":"HollowMod:DescendingDark","floor":1.0},{"not_picked":["HollowMod:HowlingWraiths","HollowMod:GoodIntentions"],"picked":"HollowMod:DreamGate","floor":3.0},{"not_picked":["HollowMod:PerfectDash","HollowMod:CornifersMapStart"],"picked":"HollowMod:DescendingDark","floor":5.0},{"not_picked":["HollowMod:VengefulVoid","HollowMod:DashSlash"],"picked":"HollowMod:BlackTendrils","floor":7.0},{"not_picked":["HollowMod:SoulStrike","HollowMod:HeavyBlow"],"picked":"HollowMod:CloakDash","floor":10.0},{"not_picked":["HollowMod:AwokenDreamNail","HollowMod:CrystalDash"],"picked":"HollowMod:WraithStrike","floor":11.0},{"not_picked":["HollowMod:FallenFury","HollowMod:InfectedCysts"],"picked":"HollowMod:ShadowDash","floor":12.0},{"not_picked":["HollowMod:DescendingDark","HollowMod:SoulSplash","HollowMod:HowlingWraiths"],"picked":"SKIP","floor":14.0},{"not_picked":["HollowMod:SiblingsSouls","HollowMod:InfectedCysts+1","HollowMod:TaintedHusks"],"picked":"SKIP","floor":18.0},{"not_picked":["HollowMod:HeavyBlow","HollowMod:ChannelNail"],"picked":"HollowMod:GrimmsGift+1","floor":19.0},{"not_picked":["HollowMod:SoulSplash","HollowMod:SoulShaman","HollowMod:PureNailStrike"],"picked":"SKIP","floor":21.0},{"not_picked":["HollowMod:DashSlash","HollowMod:WraithStrike"],"picked":"HollowMod:MantisMark+1","floor":22.0},{"not_picked":["HollowMod:ShadowDash+1","HollowMod:MothsMistake"],"picked":"HollowMod:SiblingsShadow","floor":23.0},{"not_picked":["HollowMod:NewLittleFool+1","HollowMod:ShapeofUnn","HollowMod:LifebloodCocoon"],"picked":"SKIP","floor":27.0},{"not_picked":["HollowMod:DungDefenderAura","HollowMod:theNailsmith","HollowMod:CornifersMapStart"],"picked":"SKIP","floor":28.0},{"not_picked":["HollowMod:RecoilStrike+1","HollowMod:SoulSplash","HollowMod:WraithStrike"],"picked":"SKIP","floor":30},{"not_picked":["HollowMod:CornifersMapStart","HollowMod:CloakDash","HollowMod:HeavyBlow"],"picked":"SKIP","floor":31},{"not_picked":["HollowMod:HornetsHelp","HollowMod:ZotesMagnificence"],"picked":"HollowMod:Hiveblood","floor":33},{"not_picked":["HollowMod:WraithStrike+1","HollowMod:NewLittleFool+1"],"picked":"HollowMod:VengefulVoid+1","floor":35},{"not_picked":["HollowMod:CycloneSlash+1","HollowMod:SiblingsSouls","HollowMod:DashSlash"],"picked":"Singing Bowl","floor":35},{"not_picked":["HollowMod:SharpenedShadows","HollowMod:SharpenedNail+1","HollowMod:SiblingsSouls+1"],"picked":"Singing Bowl","floor":36},{"not_picked":["HollowMod:GoodIntentions","HollowMod:WraithStrike","HollowMod:DoubleDash+1"],"picked":"Singing Bowl","floor":36},{"not_picked":["HollowMod:CycloneSlash","HollowMod:DashSlash","HollowMod:NewJinnsSoul"],"picked":"Singing Bowl","floor":39},{"not_picked":["HollowMod:SiblingsSouls","HollowMod:CornifersMapStart","HollowMod:MantisMark"],"picked":"Singing Bowl","floor":40},{"not_picked":["HollowMod:MothsMistake","HollowMod:NewJinnsSoul","HollowMod:GoodIntentions"],"picked":"Singing Bowl","floor":42},{"not_picked":["HollowMod:AbyssShriek","HollowMod:InfectedCysts","HollowMod:HeavyBlow"],"picked":"Singing Bowl","floor":42},{"not_picked":["HollowMod:HowlingWraiths","HollowMod:DoubleDash","HollowMod:VengefulSpirit+1"],"picked":"Singing Bowl","floor":44},{"not_picked":["HollowMod:HowlingWraiths+1","HollowMod:SoulSplash","HollowMod:GreatSlash"],"picked":"Singing Bowl","floor":44},{"not_picked":["HollowMod:DescendingDark","HollowMod:InfectedAttack","HollowMod:SlysStrikes"],"picked":"Singing Bowl","floor":45},{"not_picked":["HollowMod:SoulSplash+1","HollowMod:CycloneSlash"],"picked":"HollowMod:DescendingDark","floor":45},{"not_picked":["HollowMod:SoulStrike","HollowMod:QuirrelsAssistance","HollowMod:MawleksShell+1"],"picked":"Singing Bowl","floor":46},{"not_picked":["HollowMod:PerfectDash","HollowMod:SoulEater","HollowMod:TaintedHusks+1"],"picked":"Singing Bowl","floor":46},{"not_picked":["Finesse","Swift Strike"],"picked":"Deep Breath","floor":48},{"not_picked":["HollowMod:DreamGate+1","HollowMod:LifebloodCocoon"],"picked":"HollowMod:VengefulVoid","floor":49},{"not_picked":["HollowMod:InfectionAssault","HollowMod:DungDefenderAura+1","HollowMod:DreamGate"],"picked":"Singing Bowl","floor":54}],"player_experience":193184,"relics_obtained":[{"floor":10.0,"key":"Odd Mushroom"},{"floor":11.0,"key":"War Paint"},{"floor":23.0,"key":"Gambling Chip"},{"floor":26.0,"key":"Toy Ornithopter"},{"floor":28.0,"key":"Shuriken"},{"floor":31,"key":"Darkstone Periapt"},{"floor":34,"key":"Potion Belt"},{"floor":34,"key":"Singing Bowl"},{"floor":34,"key":"Prayer Wheel"},{"floor":39,"key":"Blue Candle"},{"floor":40,"key":"Dream Catcher"},{"floor":43,"key":"HollowMod:StagPassRelic"},{"floor":54,"key":"Blood Vial"}],"event_choices":[{"cards_removed":["HollowMod:FocusHealStart"],"damage_healed":0.0,"max_hp_gain":0.0,"max_hp_loss":0.0,"gold_gain":0.0,"event_name":"Golden Wing","player_choice":"Card Removal","floor":2.0,"gold_loss":0.0,"damage_taken":7.0},{"damage_healed":0.0,"max_hp_gain":0.0,"max_hp_loss":0.0,"gold_gain":0.0,"event_name":"The Woman in Blue","player_choice":"Bought 0 Potions","floor":4.0,"gold_loss":0.0,"damage_taken":0.0},{"damage_healed":0.0,"max_hp_gain":0.0,"max_hp_loss":0.0,"gold_gain":0.0,"event_name":"Mushrooms","player_choice":"Fought Mushrooms","floor":10.0,"gold_loss":0.0,"damage_taken":0.0},{"damage_healed":0.0,"max_hp_gain":0.0,"max_hp_loss":0.0,"gold_gain":0.0,"event_name":"The Cleric","player_choice":"Leave","floor":13.0,"gold_loss":0.0,"damage_taken":0.0},{"damage_healed":0.0,"max_hp_gain":0.0,"max_hp_loss":0.0,"gold_gain":0.0,"event_name":"Back to Basics","player_choice":"Simplicity","floor":20.0,"gold_loss":0.0,"damage_taken":0.0,"cards_upgraded":["HollowMod:NailStrikeStart","HollowMod:NailStrikeStart","HollowMod:NailStrikeStart","HollowMod:NailStrikeStart","HollowMod:QuickDashStart","HollowMod:QuickDashStart"]},{"damage_healed":0.0,"max_hp_gain":0.0,"max_hp_loss":0.0,"gold_gain":0.0,"event_name":"Drug Dealer","player_choice":"Inject Mutagens","floor":25.0,"gold_loss":0.0,"damage_taken":0.0,"relics_obtained":["MutagenicStrength"]},{"damage_healed":0,"gold_gain":0,"player_choice":"Max HP","damage_taken":0,"max_hp_gain":0,"max_hp_loss":4,"event_name":"Winding Halls","floor":37,"gold_loss":0},{"damage_healed":0,"gold_gain":0,"player_choice":"Ignored","damage_taken":0,"max_hp_gain":0,"max_hp_loss":0,"event_name":"The Moai Head","floor":47,"gold_loss":0},{"damage_healed":0,"gold_gain":0,"player_choice":"Memory 1","damage_taken":0,"max_hp_gain":0,"max_hp_loss":0,"event_name":"SensoryStone","floor":48,"gold_loss":0}],"is_beta":false,"boss_relics":[{"not_picked":["Astrolabe","SlaversCollar"],"picked":"beaked:MawFillet"},{"not_picked":["Velvet Choker","Philosopher\u0027s Stone"],"picked":"Calling Bell"}],"items_purged_floors":[53],"is_endless":false,"potions_floor_spawned":[1,5,10,11,14,19,23,30,31,33,36,39,45,54],"killed_by":"The Heart","ascension_level":0}}