{"host":"x21cvmfdo17nyhii","time":1610755276,"event":{"mods":["AchievementEnabler","BaseMod","Colored Map","Colored Powertips","DeckTracker","Highlight Path","Minty Spire (QoL Compilation)","Quick Restart","Rare Cards Sparkle","SuperFastMode"],"gold_per_floor":[116,116,128,59,59,59,85,85,135,145,165,194,212,231,231,331,331,341,360,57,57,67,96,96,124,124,124,124,124,74,102,102,201,201,216,236,236,286,301,301,3,3,30,45,56,87,87,106,106,106,106],"floor_reached":50,"language":"ENG","playtime":1342,"items_purged":["Strike_R"],"score":675,"play_id":"fcc89925-c854-4ca4-84f4-d4f7206678f8","local_time":"20210115160116","is_ascension_mode":true,"campfire_choices":[{"data":"Rampage","floor":6.0,"key":"SMITH"},{"data":"Flex","floor":8.0,"key":"SMITH"},{"floor":15.0,"key":"REST"},{"floor":24.0,"key":"REST"},{"floor":27.0,"key":"REST"},{"floor":29.0,"key":"REST"},{"floor":32.0,"key":"REST"},{"data":"1","floor":40.0,"key":"LIFT"},{"floor":42.0,"key":"REST"},{"floor":47.0,"key":"REST"},{"data":"Demon Form","floor":49.0,"key":"SMITH"}],"circlet_count":0,"master_deck":["Strike_R","Strike_R","Strike_R","Strike_R","Defend_R+1","Defend_R","Defend_R","Defend_R","Bash","Cleave","Flex+1","Rampage+1","Flex+1","Demon Form+1","Heavy Blade","Limit Break","Enlightenment","Warcry","Bloodletting+1","Necronomicurse","Berserk","Cleave+1","Madness","Madness","Burning Pact","Parasite"],"relics":["Black Star","White Beast Statue","StrikeDummy","Nunchaku","Potion Belt","Orichalcum","War Paint","Busted Crown","Juzu Bracelet","MutagenicStrength","Mummified Hand","Molten Egg 2","Bottled Tornado","TungstenRod","Mercury Hourglass","Necronomicon","FossilizedHelix","Red Skull","SlaversCollar","Girya","Meat on the Bone","Akabeko","Regal Pillow","Ornamental Fan"],"acts_visited":["Exordium","TheCity","TheBeyond"],"potions_floor_usage":[50,50,50],"damage_taken":[{"damage":0.0,"enemies":"2 Louse","floor":1.0,"turns":4.0},{"damage":1.0,"enemies":"Cultist","floor":3.0,"turns":4.0},{"damage":12.0,"enemies":"Gremlin Nob","floor":7.0,"turns":4.0},{"damage":3.0,"enemies":"Small Slimes","floor":10.0,"turns":3.0},{"damage":5.0,"enemies":"2 Fungi Beasts","floor":11.0,"turns":3.0},{"damage":5.0,"enemies":"3 Sentries","floor":12.0,"turns":2.0},{"damage":5.0,"enemies":"Blue Slaver","floor":13.0,"turns":2.0},{"damage":9.0,"enemies":"Red Slaver","floor":14.0,"turns":2.0},{"damage":29.0,"enemies":"Slime Boss","floor":16.0,"turns":5.0},{"damage":4.0,"enemies":"Chosen","floor":18.0,"turns":3.0},{"damage":9.0,"enemies":"3 Byrds","floor":19.0,"turns":5.0},{"damage":13.0,"enemies":"Centurion and Healer","floor":22.0,"turns":4.0},{"damage":15.0,"enemies":"Slavers","floor":23.0,"turns":5.0},{"damage":20.0,"enemies":"Gremlin Leader","floor":25.0,"turns":4.0},{"damage":19.0,"enemies":"Book of Stabbing","floor":31.0,"turns":3.0},{"damage":36.0,"enemies":"Automaton","floor":33.0,"turns":5.0},{"damage":0.0,"enemies":"3 Shapes","floor":35.0,"turns":5.0},{"damage":0.0,"enemies":"Orb Walker","floor":36.0,"turns":2.0},{"damage":20.0,"enemies":"Mind Bloom Boss Battle","floor":38.0,"turns":5.0},{"damage":8.0,"enemies":"Maw","floor":39.0,"turns":5.0},{"damage":23.0,"enemies":"Writhing Mass","floor":44.0,"turns":5.0},{"damage":4.0,"enemies":"3 Darklings","floor":45.0,"turns":4.0},{"damage":28.0,"enemies":"Reptomancer","floor":46.0,"turns":4.0},{"damage":17.0,"enemies":"4 Shapes","floor":48.0,"turns":4.0},{"damage":82,"enemies":"Time Eater","floor":50,"turns":5}],"seed_played":"7534025705053894842","potions_obtained":[{"floor":1.0,"key":"ColorlessPotion"},{"floor":2.0,"key":"FearPotion"},{"floor":2.0,"key":"Block Potion"},{"floor":7.0,"key":"SkillPotion"},{"floor":10.0,"key":"SteroidPotion"},{"floor":11.0,"key":"FearPotion"},{"floor":12.0,"key":"SpeedPotion"},{"floor":13.0,"key":"SkillPotion"},{"floor":14.0,"key":"ColorlessPotion"},{"floor":16.0,"key":"Ancient Potion"},{"floor":18.0,"key":"Ancient Potion"},{"floor":19.0,"key":"EssenceOfSteel"},{"floor":22.0,"key":"Ancient Potion"},{"floor":25.0,"key":"SpeedPotion"},{"floor":31.0,"key":"AttackPotion"},{"floor":33.0,"key":"BlessingOfTheForge"},{"floor":35.0,"key":"LiquidBronze"},{"floor":36.0,"key":"Block Potion"},{"floor":38.0,"key":"FearPotion"},{"floor":39.0,"key":"BloodPotion"},{"floor":44.0,"key":"Fruit Juice"},{"floor":45.0,"key":"ElixirPotion"},{"floor":46.0,"key":"SpeedPotion"},{"floor":48.0,"key":"CultistPotion"}],"is_trial":false,"path_per_floor":["M","?","M","$","T","R","E","R","T","M","M","E","M","M","R","B",null,"M","M","$","?","M","E","R","E","T","R","?","R","$","E","R","B",null,"M","M","?","?","M","R","$","R","T","M","M","E","R","M","R","B"],"character_chosen":"IRONCLAD","items_purchased":["Rampage","Juzu Bracelet","Enlightenment","Strength Potion","Meat on the Bone","Burning Pact"],"campfire_rested":7,"item_purchase_floors":[4,20,20,30,41,41],"current_hp_per_floor":[80,80,79,79,79,79,67,67,67,64,59,54,49,40,64,35,69,65,56,56,56,43,28,52,32,32,56,44,68,68,49,73,37,69,69,69,60,40,32,32,32,56,56,67,63,47,85,68,68,0,0],"gold":106,"neow_bonus":"BOSS_RELIC","is_daily":false,"chose_seed":false,"campfire_upgraded":3,"win_rate":0.0,"timestamp":1610755276,"path_taken":["M","?","?","$","?","R","E","R","T","M","M","E","M","M","R","BOSS","M","M","$","?","M","E","R","E","T","R","?","R","?","E","R","BOSS","M","M","?","?","M","R","$","R","T","M","M","E","R","M","R","BOSS"],"items_purchased_type":["Card","Relic","Card","Potion","Relic","Card"],"build_version":"2020-12-22","purchased_purges":1,"victory":false,"max_hp_per_floor":[80,80,80,80,80,80,80,80,80,80,80,80,80,80,80,80,80,80,80,80,80,80,80,80,80,80,80,80,80,80,80,80,80,80,80,80,80,80,80,80,80,80,80,85,85,85,85,85,85,85,85],"card_choices":[{"not_picked":["Spot Weakness","Clothesline"],"picked":"Cleave","floor":1.0},{"not_picked":["Perfected Strike","Warcry"],"picked":"Flex","floor":3.0},{"not_picked":["Metallicize","Pommel Strike","Infernal Blade"],"picked":"SKIP","floor":7.0},{"not_picked":["Disarm","Havoc","Infernal Blade"],"picked":"SKIP","floor":10.0},{"not_picked":["Heavy Blade","Twin Strike"],"picked":"Flex","floor":11.0},{"not_picked":["Power Through","Shrug It Off"],"picked":"Demon Form","floor":12.0},{"not_picked":["Sever Soul","Iron Wave","Clothesline"],"picked":"SKIP","floor":13.0},{"not_picked":["Burning Pact","Clash"],"picked":"Heavy Blade","floor":14.0},{"not_picked":["Feed","Corruption"],"picked":"Limit Break","floor":16.0},{"not_picked":["Wild Strike"],"picked":"SKIP","floor":18.0},{"not_picked":["Twin Strike+1"],"picked":"SKIP","floor":19.0},{"not_picked":["Clash"],"picked":"SKIP","floor":22.0},{"not_picked":[],"picked":"Warcry","floor":23.0},{"not_picked":[],"picked":"Bloodletting+1","floor":25.0},{"not_picked":[],"picked":"Berserk","floor":31.0},{"not_picked":["Twin Strike+1"],"picked":"SKIP","floor":35.0},{"not_picked":[],"picked":"Cleave+1","floor":36.0},{"not_picked":["Flame Barrier"],"picked":"SKIP","floor":39.0},{"not_picked":["Thunderclap+1"],"picked":"SKIP","floor":44.0},{"not_picked":["Flex"],"picked":"SKIP","floor":45.0},{"not_picked":["True Grit+1"],"picked":"SKIP","floor":46.0},{"not_picked":["Sword Boomerang+1"],"picked":"SKIP","floor":48.0}],"player_experience":414906,"relics_obtained":[{"floor":5.0,"key":"White Beast Statue"},{"floor":7.0,"key":"StrikeDummy"},{"floor":7.0,"key":"Nunchaku"},{"floor":9.0,"key":"Potion Belt"},{"floor":12.0,"key":"Orichalcum"},{"floor":12.0,"key":"War Paint"},{"floor":23.0,"key":"Mummified Hand"},{"floor":23.0,"key":"Molten Egg 2"},{"floor":25.0,"key":"Bottled Tornado"},{"floor":25.0,"key":"TungstenRod"},{"floor":26.0,"key":"Mercury Hourglass"},{"floor":28.0,"key":"Necronomicon"},{"floor":31.0,"key":"FossilizedHelix"},{"floor":31.0,"key":"Red Skull"},{"floor":38.0,"key":"Girya"},{"floor":43.0,"key":"Akabeko"},{"floor":46.0,"key":"Regal Pillow"},{"floor":46.0,"key":"Ornamental Fan"}],"event_choices":[{"damage_healed":0.0,"max_hp_gain":0.0,"max_hp_loss":0.0,"gold_gain":0.0,"event_name":"Lab","player_choice":"Got Potions","floor":2.0,"gold_loss":0.0,"damage_taken":0.0},{"damage_healed":0.0,"max_hp_gain":0.0,"max_hp_loss":0.0,"gold_gain":0.0,"event_name":"Drug Dealer","player_choice":"Inject Mutagens","floor":21.0,"gold_loss":0.0,"damage_taken":0.0,"relics_obtained":["MutagenicStrength"]},{"damage_healed":0.0,"max_hp_gain":0.0,"max_hp_loss":0.0,"gold_gain":0.0,"event_name":"Cursed Tome","player_choice":"Obtained Book","floor":28.0,"gold_loss":0.0,"damage_taken":16.0},{"damage_healed":0.0,"max_hp_gain":0.0,"max_hp_loss":0.0,"gold_gain":0.0,"event_name":"Winding Halls","player_choice":"Embrace Madness","floor":37.0,"gold_loss":0.0,"damage_taken":10.0,"cards_obtained":["Madness","Madness"]},{"damage_healed":0.0,"max_hp_gain":0.0,"max_hp_loss":0.0,"gold_gain":0.0,"event_name":"MindBloom","player_choice":"Fight","floor":38.0,"gold_loss":0.0,"damage_taken":0.0}],"is_beta":false,"boss_relics":[{"not_picked":["Empty Cage","Sozu"],"picked":"Busted Crown"},{"not_picked":["Pandora\u0027s Box","Cursed Key"],"picked":"SlaversCollar"}],"items_purged_floors":[20],"is_endless":false,"potions_floor_spawned":[1,3,7,10,11,12,13,14,16,18,19,22,23,25,31,33,35,36,38,39,44,45,46,48],"killed_by":"Time Eater","ascension_level":5}}