{"host":"1t0llcfp0lo7rmr4","time":1610821842,"event":{"mods":["AchievementEnabler","Aspiration","BaseMod","Beaked The Cultist","Better Note","Block Reminder","Colored Powertips","GifTheSpireLib","Hermit","Hubris","Jorbs\u0027s Wanderer Trilogy","Minty Spire (QoL Compilation)","Permanent Neow","Potionbrewer","Quick Restart","Relic Filter","Replay The Spire","StSLib","SuperFastMode","The Bladedancer","The Bug Knight","The Cursed","The Death Knight","The Druid","The Elementalist","The Exalted","The Forsaken","The Judge","The Poker Player","The Runesmith","vexMod"],"gold_per_floor":[113,113,113,113,38,38,77,92,92,107,131,131,209,228,228,352,352,370,280,130,144,144,144],"floor_reached":22,"language":"ENG","playtime":1034,"items_purged":["Injury"],"score":184,"play_id":"82b38d1d-76a5-4c2a-80d8-a06b530381f1","local_time":"20210117053042","is_ascension_mode":false,"campfire_choices":[{"floor":6,"key":"REST"},{"floor":12,"key":"REST"},{"floor":15,"key":"REST"}],"circlet_count":0,"master_deck":["HollowMod:NailStrikeStart","HollowMod:NailStrikeStart","HollowMod:NailStrikeStart","HollowMod:NailStrikeStart","HollowMod:QuickDashStart","HollowMod:QuickDashStart+1","HollowMod:QuickDashStart","HollowMod:QuickDashStart","HollowMod:PogoStrike","HollowMod:DescendingDark+1","HollowMod:WraithStrike+1","HollowMod:DescendingDark","HollowMod:NewLittleFool","HollowMod:ZotesMagnificence","HollowMod:DungDefenderAura","HollowMod:MantisMark","HollowMod:SiblingsSouls","HollowMod:SoulMaster","beaked:CrazyRituals+1"],"relics":["HollowMod:VesselMask","Runesmith:Locket","Golden Idol","Regal Pillow","Bromod:ArcaneGuardian","Bromod:ArcanePistoleer","aspiration:BeakedSkillbook","Runesmith:AutoHammer"],"acts_visited":["Exordium","TheCity"],"potions_floor_usage":[13,16],"damage_taken":[{"damage":2,"enemies":"Cultist","floor":1,"turns":3},{"damage":43,"enemies":"3 Sentries","floor":7,"turns":13},{"damage":8,"enemies":"Small Slimes","floor":8,"turns":2},{"damage":0,"enemies":"2 Louse","floor":10,"turns":1},{"damage":5,"enemies":"Looter","floor":11,"turns":2},{"damage":31,"enemies":"Lagavulin Event","floor":13,"turns":4},{"damage":0,"enemies":"Red Slaver","floor":14,"turns":3},{"damage":36,"enemies":"Hexaghost","floor":16,"turns":11},{"damage":48,"enemies":"HollowMod:HuskSentry","floor":18,"turns":7},{"damage":24,"enemies":"Spheric Guardian","floor":21,"turns":5},{"damage":5,"enemies":"Centurion and Healer","floor":22,"turns":1}],"seed_played":"5601318203113582735","potions_obtained":[{"floor":7,"key":"Strength Potion"},{"floor":13,"key":"Energy Potion"},{"floor":14,"key":"BlessingOfTheForge"},{"floor":16,"key":"Explosive Potion"},{"floor":18,"key":"potionbrewer:ToxicPotion"}],"is_trial":false,"path_per_floor":["M","?","?","?","$","R","E","M","T","M","M","R","?","M","R","B",null,"M","?","$","M","M"],"character_chosen":"THE_BUGKNIGHT","items_purchased":["Runesmith:AutoHammer"],"campfire_rested":3,"item_purchase_floors":[20],"current_hp_per_floor":[73,58,46,46,46,68,25,17,17,17,12,49,18,18,55,19,75,29,29,29,5,0,0],"gold":144,"neow_bonus":"RANDOM_EVENT","is_daily":false,"chose_seed":false,"campfire_upgraded":0,"win_rate":0.0,"timestamp":1610821842,"path_taken":["M","?","?","?","$","R","E","M","T","M","M","R","?","M","R","BOSS","M","?","?","M","M"],"items_purchased_type":["Relic"],"build_version":"2020-12-22","purchased_purges":1,"victory":false,"max_hp_per_floor":[75,75,75,75,75,75,75,75,75,75,75,75,75,75,75,75,75,75,75,75,75,75,75],"card_choices":[{"not_picked":["HollowMod:DashSlash","HollowMod:HuntersJournal"],"picked":"HollowMod:WraithStrike","floor":1},{"not_picked":["HollowMod:ChannelNail","HollowMod:NewGlowingWomb"],"picked":"HollowMod:DescendingDark","floor":7},{"not_picked":["HollowMod:DashSlash","HollowMod:TaintedHusks"],"picked":"HollowMod:NewLittleFool","floor":8},{"not_picked":["HollowMod:CycloneSlash","HollowMod:QuirrelsAssistance"],"picked":"HollowMod:ZotesMagnificence","floor":10},{"not_picked":["HollowMod:DashSlash","HollowMod:CrystalDash"],"picked":"HollowMod:DungDefenderAura","floor":11},{"not_picked":["HollowMod:DashSlash","HollowMod:DoubleDash"],"picked":"HollowMod:MantisMark","floor":13},{"not_picked":["HollowMod:SoulStrike","HollowMod:NewLittleFool"],"picked":"HollowMod:SiblingsSouls","floor":14},{"not_picked":["HollowMod:LifebloodCore","HollowMod:Weaversong"],"picked":"HollowMod:SoulMaster","floor":16},{"not_picked":["beaked:Daydream+1","HollowMod:DashSlash","beaked:Struggle","beaked:FeelMyPain"],"picked":"SKIP","floor":18},{"not_picked":["beaked:Pecker","beaked:BarbedWire","beaked:Overpower"],"picked":"beaked:CrazyRituals+1","floor":21}],"player_experience":859211,"relics_obtained":[{"floor":7,"key":"Regal Pillow"},{"floor":9,"key":"Bromod:ArcaneGuardian"},{"floor":13,"key":"Bromod:ArcanePistoleer"}],"event_choices":[{"damage_healed":0,"gold_gain":0,"player_choice":"Entered Light","damage_taken":15,"max_hp_gain":0,"max_hp_loss":0,"event_name":"Shining Light","floor":2,"gold_loss":0,"cards_upgraded":["HollowMod:WraithStrike","HollowMod:QuickDashStart"]},{"damage_healed":0,"gold_gain":0,"player_choice":"Success","damage_taken":12,"relics_obtained":["Runesmith:Locket"],"max_hp_gain":0,"max_hp_loss":0,"event_name":"Scrap Ooze","floor":3,"gold_loss":0},{"damage_healed":0,"gold_gain":0,"player_choice":"Take Wound","damage_taken":0,"relics_obtained":["Golden Idol"],"max_hp_gain":0,"max_hp_loss":0,"event_name":"Golden Idol","floor":4,"gold_loss":0,"cards_obtained":["Injury"]},{"damage_healed":0,"gold_gain":0,"player_choice":"Searched \u00272\u0027 times","damage_taken":0,"max_hp_gain":0,"max_hp_loss":0,"event_name":"Dead Adventurer","floor":13,"gold_loss":0},{"cards_removed":["HollowMod:FocusHealStart"],"damage_healed":0,"gold_gain":0,"player_choice":"Upgrade and Remove","damage_taken":0,"max_hp_gain":0,"max_hp_loss":0,"event_name":"Designer","floor":19,"gold_loss":90,"cards_upgraded":["HollowMod:DescendingDark"]}],"is_beta":false,"boss_relics":[{"not_picked":["beaked:MawFillet","hubris:Stopwatch"],"picked":"aspiration:BeakedSkillbook"}],"items_purged_floors":[5],"is_endless":false,"potions_floor_spawned":[7,13,14,16,18,21],"killed_by":"Centurion and Healer","ascension_level":0}}