{"host":"hcg1n1zeml53gytb","time":1610841341,"event":{"mods":["BaseMod","Better Third Choice","Colored Powertips","Displayed Cursed Tome","Hermit","Highlight Path","Minty Spire (QoL Compilation)","Quick Restart","Rare Cards Sparkle","Relic Stats","Replay The Spire","StSLib","The Cursed"],"gold_per_floor":[359,81,81,168,179,209,209,209,235,235,255,255,288,311,311,435,435,453,453,453],"floor_reached":19,"language":"ENG","playtime":878,"items_purged":["Sickly"],"score":210,"play_id":"2f3832e5-6f48-4096-99a7-0af4db2896cb","local_time":"20210116175541","is_ascension_mode":true,"campfire_choices":[{"data":"Offering","floor":8.0,"key":"SMITH"},{"floor":10.0,"key":"REST"},{"data":"Combust","floor":12.0,"key":"SMITH"},{"floor":15.0,"key":"REST"}],"circlet_count":0,"master_deck":["Strike_R","Strike_R","Strike_R","Strike_R","Defend_R","Defend_R","Defend_R","Defend_R","Bash","Sword Boomerang","Combust+1","Offering+1","ReplayTheSpireMod:Strike From Hell+1","Shockwave","Flame Barrier","Armaments","Bludgeon"],"relics":["Burning Blood","Omamori","Golden Idol","ReplayTheSpireMod:TigerMarble","Nunchaku","ChewingGum"],"acts_visited":["Exordium","TheCity"],"potions_floor_usage":[],"damage_taken":[{"damage":6.0,"enemies":"Cultist","floor":1.0,"turns":3.0},{"damage":21.0,"enemies":"2 Louse","floor":5.0,"turns":2.0},{"damage":30.0,"enemies":"3 Sentries","floor":6.0,"turns":5.0},{"damage":0.0,"enemies":"Small Slimes","floor":11.0,"turns":3.0},{"damage":38.0,"enemies":"Lagavulin","floor":13.0,"turns":7.0},{"damage":1.0,"enemies":"3 Louse","floor":14.0,"turns":4.0},{"damage":27.0,"enemies":"Hexaghost","floor":16.0,"turns":8.0},{"damage":31,"enemies":"2 Thieves","floor":18,"turns":4}],"seed_played":"7397418925810675023","potions_obtained":[{"floor":6.0,"key":"Languid Potion"},{"floor":11.0,"key":"Weak Potion"},{"floor":13.0,"key":"BlessingOfTheForge"},{"floor":18,"key":"Strength Potion"}],"is_trial":false,"path_per_floor":["M","$","?","?","M","E","?","R","T","R","M","R","E","M","R","B",null,"M","$"],"character_chosen":"IRONCLAD","items_purchased":["Combust","Offering"],"campfire_rested":2,"item_purchase_floors":[2,2],"current_hp_per_floor":[80,80,80,60,45,21,21,21,21,45,51,51,19,27,51,30,83,58,58,58],"gold":453,"neow_bonus":"TWO_FIFTY_GOLD","is_daily":false,"chose_seed":false,"campfire_upgraded":2,"win_rate":0.0,"timestamp":1610841341,"path_taken":["M","$","?","?","M","E","?","R","T","R","M","R","E","M","R","BOSS","M","$"],"items_purchased_type":["Card","Card"],"build_version":"2020-12-22","purchased_purges":1,"victory":false,"max_hp_per_floor":[80,80,80,80,80,80,80,80,80,80,80,80,80,83,83,83,83,83,83,83],"relic_stats":{"Nunchaku":[2],"counters":[8,36],"Golden Idol":45,"obtain_stats":[{"Nunchaku":13,"Golden Idol":7,"ChewingGum":17,"Omamori":6,"ReplayTheSpireMod:TigerMarble":9,"Burning Blood":0},{"Nunchaku":5,"Golden Idol":3,"ChewingGum":7,"Omamori":3,"ReplayTheSpireMod:TigerMarble":3,"Burning Blood":0},{"Nunchaku":20,"Golden Idol":10,"ChewingGum":32,"Omamori":10,"ReplayTheSpireMod:TigerMarble":10,"Burning Blood":0}],"Burning Blood":48},"card_choices":[{"not_picked":["Dual Wield","Dark Embrace"],"picked":"Sword Boomerang","floor":1.0},{"not_picked":["ReplayTheSpireMod:Corrosion Curse","Perfected Strike"],"picked":"Shockwave","floor":4.0},{"not_picked":["Rage","Iron Wave"],"picked":"Flame Barrier","floor":5.0},{"not_picked":["Juggernaut","Iron Wave"],"picked":"Armaments","floor":6.0},{"not_picked":["Replay:Undeath\u0027s Touch","Sword Boomerang","Warcry"],"picked":"SKIP","floor":11.0},{"not_picked":["Body Slam","Anger","Replay:Undeath\u0027s Touch"],"picked":"SKIP","floor":13.0},{"not_picked":["Fire Breathing","Shockwave","Clash"],"picked":"SKIP","floor":14.0},{"not_picked":["Immolate","Juggernaut"],"picked":"Bludgeon","floor":16.0},{"not_picked":["Iron Wave","Heavy Blade","Twin Strike"],"picked":"SKIP","floor":18}],"player_experience":477463,"relics_obtained":[{"floor":6.0,"key":"Omamori"},{"floor":9.0,"key":"ReplayTheSpireMod:TigerMarble"},{"floor":13.0,"key":"Nunchaku"}],"event_choices":[{"damage_healed":0.0,"max_hp_gain":0.0,"max_hp_loss":0.0,"gold_gain":0.0,"event_name":"Golden Idol","player_choice":"Take Wound","floor":7.0,"gold_loss":0.0,"damage_taken":0.0,"relics_obtained":["Golden Idol"],"cards_obtained":["Injury"]}],"is_beta":false,"boss_relics":[{"not_picked":["SlaversCollar","Black Star"],"picked":"ChewingGum"}],"items_purged_floors":[2],"is_endless":false,"potions_floor_spawned":[6,11,13,18],"ascension_level":4}}