{"host":"r5x84kjvb7jmsr8g","time":1610799912,"event":{"mods":["BaseMod","Minty Spire (QoL Compilation)","SuperFastMode"],"gold_per_floor":[110,129,148,148,161,189,189,199,223,258,274,288,288,363,363,363,363],"floor_reached":16,"language":"ZHT","playtime":557,"items_purged":[],"score":114,"play_id":"035a5591-a6d8-4307-992c-2c8a8a4f8e38","local_time":"20210116202512","is_ascension_mode":false,"campfire_choices":[{"data":"Bash","floor":7,"key":"SMITH"},{"data":"Barricade","floor":13,"key":"SMITH"},{"floor":15,"key":"REST"}],"circlet_count":0,"master_deck":["Strike_R","Strike_R","Strike_R","Strike_R","Strike_R","Defend_R","Defend_R","Defend_R","Bash+1","Clash","Heavy Blade","Pommel Strike","Shrug It Off","Shrug It Off","Bloodletting","Barricade+1","Sword Boomerang","Metallicize","Thunderclap","Carnage"],"relics":["Burning Blood","PreservedInsect","Red Skull","Dream Catcher"],"acts_visited":["Exordium"],"potions_floor_usage":[6,16,16],"damage_taken":[{"damage":6,"enemies":"Jaw Worm","floor":1,"turns":3},{"damage":0,"enemies":"2 Louse","floor":2,"turns":1},{"damage":0,"enemies":"Small Slimes","floor":3,"turns":4},{"damage":11,"enemies":"Exordium Wildlife","floor":5,"turns":3},{"damage":14,"enemies":"Lagavulin","floor":6,"turns":6},{"damage":3,"enemies":"2 Fungi Beasts","floor":8,"turns":3},{"damage":26,"enemies":"Gremlin Nob","floor":10,"turns":4},{"damage":4,"enemies":"Large Slime","floor":11,"turns":4},{"damage":21,"enemies":"Exordium Wildlife","floor":12,"turns":7},{"damage":67,"enemies":"The Guardian","floor":16,"turns":10}],"seed_played":"6328485069708399276","potions_obtained":[{"floor":3,"key":"Block Potion"},{"floor":5,"key":"BloodPotion"},{"floor":12,"key":"Fruit Juice"}],"is_trial":false,"path_per_floor":["M","M","M","?","M","E","R","M","T","E","M","M","R","?","R","B"],"character_chosen":"IRONCLAD","items_purchased":[],"campfire_rested":1,"item_purchase_floors":[],"current_hp_per_floor":[80,80,80,73,68,60,60,63,63,43,45,30,30,19,43,0,0],"gold":363,"neow_bonus":"THREE_CARDS","is_daily":false,"chose_seed":false,"campfire_upgraded":2,"win_rate":0.0,"timestamp":1610799912,"path_taken":["M","M","M","?","M","E","R","M","T","E","M","M","R","?","R","BOSS"],"items_purchased_type":[],"build_version":"2020-12-22","purchased_purges":0,"victory":false,"max_hp_per_floor":[80,80,80,80,80,80,80,80,80,80,80,80,80,80,80,85,85],"card_choices":[{"not_picked":["Anger","Rage"],"picked":"Clash","floor":0},{"not_picked":["Disarm","Sever Soul"],"picked":"Heavy Blade","floor":1},{"not_picked":["Havoc","Headbutt"],"picked":"Pommel Strike","floor":2},{"not_picked":["Pommel Strike","Clash"],"picked":"Shrug It Off","floor":3},{"not_picked":["Hemokinesis","Fire Breathing"],"picked":"Shrug It Off","floor":5},{"not_picked":["Blood for Blood","True Grit"],"picked":"Bloodletting","floor":6},{"not_picked":["Clothesline","Fire Breathing"],"picked":"Barricade","floor":8},{"not_picked":["True Grit","Infernal Blade"],"picked":"Sword Boomerang","floor":10},{"not_picked":["Reckless Charge","Intimidate"],"picked":"Metallicize","floor":11},{"not_picked":["Armaments","Searing Blow"],"picked":"Thunderclap","floor":12},{"not_picked":["Thunderclap","Armaments"],"picked":"Carnage","floor":15}],"player_experience":182888,"relics_obtained":[{"floor":6,"key":"PreservedInsect"},{"floor":9,"key":"Red Skull"},{"floor":10,"key":"Dream Catcher"}],"event_choices":[{"cards_removed":["Defend_R"],"damage_healed":0,"gold_gain":0,"player_choice":"Card Removal","damage_taken":7,"max_hp_gain":0,"max_hp_loss":0,"event_name":"Golden Wing","floor":4,"gold_loss":0},{"damage_healed":0,"gold_gain":75,"player_choice":"Gather Gold","damage_taken":11,"max_hp_gain":0,"max_hp_loss":0,"event_name":"World of Goop","floor":14,"gold_loss":0}],"is_beta":false,"boss_relics":[],"items_purged_floors":[],"is_endless":false,"potions_floor_spawned":[3,5,12],"killed_by":"The Guardian","ascension_level":0}}