{"host":"9u9ci7gr6x9ja244","time":1610785427,"event":{"mods":["BaseMod","Downfall","Minty Spire (QoL Compilation)","StSLib"],"gold_per_floor":[99,117,117,131,146,146,201,225,17,17,2,14,34,45,63,165,215,115,131,131,149,165,196,196,210,110,126,143,158,170,170,182,287,287,287,297,311,321,321,349,372,272,322,221,255,267,279,69,85,85,85,114,75,75,75,75,75,75],"floor_reached":56,"language":"ZHS","playtime":3504,"items_purged":["Slimebound:Strike_Slimebound","Injury"],"score":750,"play_id":"36d79625-17b2-4eb3-a4b8-e0473ba3bea2","local_time":"20210116162347","is_ascension_mode":false,"campfire_choices":[{"data":"Slimebound:Split","floor":1.0,"key":"SMITH"},{"data":"Slimebound:Prepare","floor":10.0,"key":"SMITH"},{"floor":18.0,"key":"RECALL"},{"floor":26.0,"key":"REST"},{"data":"Slimebound:OozeBath","floor":35.0,"key":"SMITH"},{"data":"Slimebound:ProtectTheBoss","floor":42.0,"key":"SMITH"},{"data":"Slimebound:LevelUp","floor":47.0,"key":"SMITH"},{"floor":54,"key":"REST"}],"circlet_count":0,"master_deck":["Slimebound:Strike_Slimebound","Slimebound:Tackle","Slimebound:Defend_Slimebound+1","Slimebound:Defend_Slimebound+1","Slimebound:Defend_Slimebound","Slimebound:Split+1","Slimebound:CorrosiveSpit+1","Slimebound:Prepare+1","Slimebound:PressTheAttack+1","Slimebound:ForwardTackle+1","Slimebound:LevelUp","Slimebound:LeechingTouch+1","Slimebound:Nibble+1","Slimebound:SplitMire+1","Slimebound:Schlurp","Slimebound:ForwardTackle+1","Slimebound:TagTeam+1","Slimebound:LeechEnergy+1","Slimebound:ComboTackle+1","Slimebound:SplitAcid","Slimebound:SplitAcid+1","Slimebound:LeadByExample+1","Slimebound:Recollect+1","Slimebound:ProtectTheBoss+1","Slimebound:OozeBath+1","Slimebound:AcidTongue+1","Slimebound:SplitBruiser+1","Slimebound:LevelUp+1","expansioncontent:DashGenerateEvil+1","Slimebound:AcidTongue","hexamod:Rewind+1","Slimebound:ProtectTheBoss"],"relics":["Slimebound:AbsorbEndCombat","Molten Egg 2","downfall:ShatteredFragment","Art of War","Tiny House","downfall:HeartBlessingBlue","Bag of Preparation","Sundial","downfall:HeartBlessingRed","Cursed Key","Toy Ornithopter","Pen Nib","downfall:HeartBlessingGreen","TungstenRod","PrismaticShard","MawBank","War Paint","StoneCalendar"],"acts_visited":["Exordium","TheCity","TheBeyond","TheEnding"],"potions_floor_usage":[55,55],"damage_taken":[{"damage":0.0,"enemies":"Small Slimes","floor":2.0,"turns":3.0},{"damage":1.0,"enemies":"Jaw Worm","floor":4.0,"turns":3.0},{"damage":0.0,"enemies":"Cultist","floor":5.0,"turns":3.0},{"damage":0.0,"enemies":"downfall:FleeingMerchant","floor":9.0,"turns":4.0},{"damage":3.0,"enemies":"downfall:FleeingMerchant","floor":11.0,"turns":4.0},{"damage":1.0,"enemies":"Large Slime","floor":12.0,"turns":2.0},{"damage":4.0,"enemies":"2 Fungi Beasts","floor":13.0,"turns":3.0},{"damage":0.0,"enemies":"Exordium Wildlife","floor":14.0,"turns":3.0},{"damage":0.0,"enemies":"Large Slime","floor":15.0,"turns":3.0},{"damage":13.0,"enemies":"SI_SHIV_ARCHETYPE","floor":16.0,"turns":7.0},{"damage":3.0,"enemies":"Chosen","floor":19.0,"turns":4.0},{"damage":13.0,"enemies":"3 Cultists","floor":21.0,"turns":4.0},{"damage":3.0,"enemies":"Chosen and Byrds","floor":22.0,"turns":4.0},{"damage":17.0,"enemies":"Slavers","floor":23.0,"turns":4.0},{"damage":14.0,"enemies":"Snecko","floor":25.0,"turns":4.0},{"damage":12.0,"enemies":"Snake Plant","floor":27.0,"turns":3.0},{"damage":3.0,"enemies":"Chosen and Byrds","floor":28.0,"turns":3.0},{"damage":9.0,"enemies":"Centurion and Healer","floor":29.0,"turns":4.0},{"damage":8.0,"enemies":"Cultist and Chosen","floor":30.0,"turns":4.0},{"damage":7.0,"enemies":"3 Cultists","floor":32.0,"turns":5.0},{"damage":41.0,"enemies":"WA_ARCHETYPE_CALM","floor":33.0,"turns":7.0},{"damage":3.0,"enemies":"Orb Walker","floor":36.0,"turns":3.0},{"damage":12.0,"enemies":"3 Darklings","floor":37.0,"turns":3.0},{"damage":0.0,"enemies":"Maw","floor":38.0,"turns":5.0},{"damage":6.0,"enemies":"Reptomancer","floor":40.0,"turns":5.0},{"damage":0.0,"enemies":"Reptomancer","floor":43.0,"turns":5.0},{"damage":9.0,"enemies":"downfall:FleeingMerchant","floor":44.0,"turns":4.0},{"damage":26.0,"enemies":"Nemesis","floor":45.0,"turns":7.0},{"damage":0.0,"enemies":"4 Shapes","floor":49.0,"turns":3.0},{"damage":4.0,"enemies":"IC_BLOCK_ARCHETYPE","floor":50.0,"turns":7.0},{"damage":79,"enemies":"downfall:CharBossMerchant","floor":52,"turns":7},{"damage":13,"enemies":"downfall:NeowBoss","floor":55,"turns":14},{"damage":177,"enemies":"downfall:NeowBossFinal","floor":56,"turns":8}],"seed_played":"6534635160648215486","potions_obtained":[{"floor":5.0,"key":"DuplicationPotion"},{"floor":14.0,"key":"ColorlessPotion"},{"floor":15.0,"key":"Swift Potion"},{"floor":16.0,"key":"Fire Potion"},{"floor":17.0,"key":"DistilledChaos"},{"floor":22.0,"key":"DuplicationPotion"},{"floor":23.0,"key":"Ancient Potion"},{"floor":25.0,"key":"Fire Potion"},{"floor":30.0,"key":"Fire Potion"},{"floor":33.0,"key":"DistilledChaos"},{"floor":36.0,"key":"SneckoOil"},{"floor":40.0,"key":"SkillPotion"},{"floor":43.0,"key":"ColorlessPotion"},{"floor":52,"key":"Guardian:BlockOnCardUsePotion"}],"is_trial":false,"path_per_floor":["R","M","?","M","M","?","T","T","$","R","$","M","M","M","M","B",null,"R","M","?","M","M","E","T","M","R","M","M","M","M","?","M","B",null,"R","M","M","M","?","E","T","R","?","$","E","?","R","$","M","B",null,"E","$","R","B","B"],"character_chosen":"SLIMEBOUND","items_purchased":["Slimebound:LevelUp","Slimebound:LeechingTouch+1","expansioncontent:DashGenerateEvil","PrismaticShard","War Paint","Slimebound:AcidTongue","Slimebound:ProtectTheBoss"],"campfire_rested":2,"item_purchase_floors":[9,9,44,44,48,48,53],"current_hp_per_floor":[65,65,62,63,65,47,47,47,49,49,50,50,48,52,56,49,70,80,78,78,71,70,55,55,44,68,58,60,55,51,51,45,11,80,80,80,71,79,79,80,80,80,80,75,55,55,55,55,58,72,80,5,5,29,34,0,0,0],"gold":75,"neow_bonus":"UPGRADE_CARD","is_daily":false,"chose_seed":false,"campfire_upgraded":5,"win_rate":0.0,"timestamp":1610785427,"path_taken":["R","M","?","M","M","?","T","?","$","R","$","M","?","M","M","BOSS","R","M","?","M","M","E","T","M","R","M","M","M","M","?","M","BOSS","R","M","M","M","?","E","T","R","?","?","E","?","R","$","M","BOSS","E","$","R","BOSS","BOSS"],"items_purchased_type":["Card","Card","Card","Relic","Relic","Card","Card"],"build_version":"2020-12-22","purchased_purges":2,"victory":false,"max_hp_per_floor":[65,65,65,65,65,65,65,65,65,65,65,65,65,65,65,65,70,80,80,80,80,80,80,80,80,80,80,80,80,80,80,80,80,80,80,80,80,80,80,80,80,80,80,80,80,80,80,80,80,80,80,80,80,80,80,80,80,80],"card_choices":[{"not_picked":["Slimebound:GoopTackle","Slimebound:Chomp"],"picked":"Slimebound:Prepare","floor":2.0},{"not_picked":["Slimebound:ItLooksTasty+1","Slimebound:SamplingLick"],"picked":"Slimebound:PressTheAttack+1","floor":4.0},{"not_picked":["Slimebound:ItLooksTasty+1","Slimebound:PressTheAttack+1","Slimebound:SlimeBrawl"],"picked":"SKIP","floor":5.0},{"not_picked":["Slimebound:Repurpose","Slimebound:SlimeSpikes"],"picked":"Slimebound:ForwardTackle+1","floor":9.0},{"not_picked":["Slimebound:DisruptingSlam+1","Slimebound:GoopSpray"],"picked":"Slimebound:Nibble+1","floor":11.0},{"not_picked":["Slimebound:GrowthPunch+1","Slimebound:ServeAndProtect","Slimebound:SplitSpecialist"],"picked":"SKIP","floor":12.0},{"not_picked":["Slimebound:ViciousTackle+1","Slimebound:FinishingTackle+1"],"picked":"Slimebound:SplitMire","floor":13.0},{"not_picked":["Slimebound:GrowthPunch+1","Slimebound:GoopSpray"],"picked":"Slimebound:Schlurp","floor":14.0},{"not_picked":["Slimebound:RainOfGoop","Slimebound:Schlurp"],"picked":"Slimebound:ForwardTackle+1","floor":15.0},{"not_picked":["Slimebound:MinionMaster","Slimebound:Recycling"],"picked":"Slimebound:TagTeam+1","floor":16.0},{"not_picked":["Slimebound:LivingWall","Slimebound:Schlurp"],"picked":"Slimebound:LeechEnergy+1","floor":17.0},{"not_picked":["Slimebound:SplitMire","Slimebound:GoopSpray","Slimebound:LeechEnergy+1"],"picked":"SKIP","floor":19.0},{"not_picked":["Slimebound:Nibble+1","Slimebound:FinishingTackle+1"],"picked":"Slimebound:ComboTackle+1","floor":21.0},{"not_picked":["Slimebound:GoopSpray","Slimebound:ComboTackle+1"],"picked":"Slimebound:SplitAcid","floor":22.0},{"not_picked":["Slimebound:ComboTackle+1","Slimebound:MegaLick+1"],"picked":"Slimebound:SplitAcid+1","floor":23.0},{"not_picked":["Slimebound:Grow+1","Slimebound:RollThrough+1"],"picked":"Slimebound:LeadByExample+1","floor":25.0},{"not_picked":["Slimebound:SplitLeeching","Slimebound:SplitMire"],"picked":"Slimebound:Recollect+1","floor":27.0},{"not_picked":["Slimebound:GoopTackle+1","Slimebound:SpikyOuterGoop","Slimebound:SlimeTap"],"picked":"SKIP","floor":28.0},{"not_picked":["Slimebound:FlameTackle+1","Slimebound:GoopTackle+1","Slimebound:SamplingLick"],"picked":"SKIP","floor":29.0},{"not_picked":["Slimebound:ComboTackle+1","Slimebound:GoopTackle+1","Slimebound:RejuvenatingLick"],"picked":"SKIP","floor":30.0},{"not_picked":["Slimebound:SlimeTap","Slimebound:FinishingTackle+1"],"picked":"Slimebound:ProtectTheBoss","floor":32.0},{"not_picked":["Slimebound:RallyTheTroops+1","Slimebound:MinionMaster"],"picked":"Slimebound:OozeBath","floor":33.0},{"not_picked":["Slimebound:Replication","Slimebound:RollThrough+1","Slimebound:LeechingTouch+1"],"picked":"SKIP","floor":36.0},{"not_picked":["Slimebound:SlimeSpikes","Slimebound:HungryTackle+1","Slimebound:ProtectTheBoss+1"],"picked":"SKIP","floor":37.0},{"not_picked":["Slimebound:GoopSpray","Slimebound:LeechingTouch+1"],"picked":"Slimebound:AcidTongue+1","floor":38.0},{"not_picked":["Slimebound:DivideAndConquer+1","Slimebound:FinishingTackle+1"],"picked":"Slimebound:SplitBruiser+1","floor":40.0},{"not_picked":["Slimebound:SplitLeeching","Slimebound:HauntingLick"],"picked":"Slimebound:LevelUp","floor":44.0},{"not_picked":["Guardian:BronzeArmor+1","Guardian:Gem_Red","bronze:BitShift"],"picked":"SKIP","floor":45.0},{"not_picked":["Pommel Strike+1","Poisoned Stab+1","JustLucky+1"],"picked":"SKIP","floor":49.0},{"not_picked":["Guardian:Gem_Synthetic","champ:Haymaker+1"],"picked":"hexamod:Rewind+1","floor":52}],"player_experience":259858,"relics_obtained":[{"floor":8.0,"key":"Art of War"},{"floor":23.0,"key":"Bag of Preparation"},{"floor":24.0,"key":"Sundial"},{"floor":40.0,"key":"Toy Ornithopter"},{"floor":41.0,"key":"Pen Nib"},{"floor":43.0,"key":"TungstenRod"},{"floor":45.0,"key":"MawBank"},{"floor":52,"key":"StoneCalendar"}],"event_choices":[{"damage_healed":0.0,"max_hp_gain":0.0,"max_hp_loss":0.0,"gold_gain":0.0,"event_name":"Scrap Ooze","player_choice":"Success","floor":3.0,"gold_loss":0.0,"damage_taken":3.0,"relics_obtained":["Molten Egg 2"]},{"damage_healed":0.0,"max_hp_gain":0.0,"max_hp_loss":0.0,"gold_gain":0.0,"event_name":"Vampires","player_choice":"Ignored","floor":20.0,"gold_loss":0.0,"damage_taken":0.0},{"cards_removed":["Slimebound:Defend_Slimebound"],"damage_healed":0.0,"max_hp_gain":0.0,"max_hp_loss":0.0,"gold_gain":0.0,"event_name":"Falling","player_choice":"Removed Skill","floor":39.0,"gold_loss":0.0,"damage_taken":0.0}],"is_beta":false,"boss_relics":[{"not_picked":["Runic Dome","Busted Crown"],"picked":"Tiny House"},{"not_picked":["Astrolabe","Snecko Eye"],"picked":"Cursed Key"}],"items_purged_floors":[9,44],"is_endless":false,"potions_floor_spawned":[5,14,15,16,22,23,25,30,33,36,40,43,52],"killed_by":"downfall:NeowBossFinal","ascension_level":0}}