{"host":"19t2eyow02s954g8","time":1610790394,"event":{"mods":["BaseMod","Colored Map","DeckTracker","Minty Spire (QoL Compilation)","StSLib","SuperFastMode"],"gold_per_floor":[114,114,114,133,133,166,166,166,239,249,14,0,10,23,23,96,96,106,119,9,9,26,26,59,73,73,73,73,106,116,166,166,240,240,251,251,47,66,391,419,439,468,522,522,553,296,308,320,320,320,320,320,320,16,49,49],"floor_reached":57,"language":"KOR","playtime":3344,"items_purged":["Strike_G","Strike_G","Strike_G"],"score":2885,"play_id":"aeee01b1-0d19-4eea-855e-52b3a4c2fbcb","local_time":"20210116184634","is_ascension_mode":true,"campfire_choices":[{"data":"Concentrate","floor":7.0,"key":"SMITH"},{"data":"Skewer","floor":15.0,"key":"SMITH"},{"data":"Neutralize","floor":23.0,"key":"SMITH"},{"data":"Adrenaline","floor":32.0,"key":"SMITH"},{"floor":49,"key":"RECALL"},{"floor":53,"key":"REST"}],"circlet_count":0,"master_deck":["AscendersBane","Defend_G","Defend_G","Defend_G","Defend_G","Defend_G","Survivor","Neutralize+1","Acrobatics","Concentrate+1","Adrenaline+1","Outmaneuver+1","Terror+1","Trip+1","Cloak And Dagger+1","Blade Dance+1","Skewer+1","Malaise+1","Blur+1","Reflex+1","Backflip+1","Prepared+1","Tactician+1","Phantasmal Killer+1","Malaise+1","Tactician+1","Backflip+1","Cloak And Dagger+1","Accuracy+1","Footwork+1","After Image+1","PiercingWail+1","Bouncing Flask+1"],"relics":["Ring of the Snake","NeowsBlessing","Bird Faced Urn","Juzu Bracelet","Frozen Egg 2","Toxic Egg 2","Membership Card","WristBlade","Orrery","Meat on the Bone","Eternal Feather","InkBottle","Fusion Hammer","Incense Burner","Old Coin","Shuriken","Orichalcum","Vajra","Mango","Bronze Scales","Lizard Tail","Pen Nib"],"acts_visited":["Exordium","TheCity","TheBeyond","TheEnding"],"potions_floor_usage":[45,47,51],"damage_taken":[{"damage":0.0,"enemies":"Small Slimes","floor":1.0,"turns":1.0},{"damage":0.0,"enemies":"2 Louse","floor":4.0,"turns":1.0},{"damage":0.0,"enemies":"Gremlin Nob","floor":6.0,"turns":1.0},{"damage":1.0,"enemies":"Cultist","floor":10.0,"turns":5.0},{"damage":6.0,"enemies":"Looter","floor":12.0,"turns":5.0},{"damage":3.0,"enemies":"Exordium Wildlife","floor":13.0,"turns":4.0},{"damage":0.0,"enemies":"Gremlin Gang","floor":14.0,"turns":4.0},{"damage":12.0,"enemies":"Slime Boss","floor":16.0,"turns":5.0},{"damage":6.0,"enemies":"Spheric Guardian","floor":18.0,"turns":4.0},{"damage":0.0,"enemies":"Shell Parasite","floor":19.0,"turns":1.0},{"damage":6.0,"enemies":"Centurion and Healer","floor":22.0,"turns":5.0},{"damage":18.0,"enemies":"Gremlin Leader","floor":24.0,"turns":6.0},{"damage":5.0,"enemies":"Snecko","floor":25.0,"turns":7.0},{"damage":22.0,"enemies":"Slavers","floor":29.0,"turns":3.0},{"damage":0.0,"enemies":"Sentry and Sphere","floor":30.0,"turns":3.0},{"damage":37.0,"enemies":"Collector","floor":33.0,"turns":8.0},{"damage":1,"enemies":"Orb Walker","floor":35,"turns":3},{"damage":0,"enemies":"3 Darklings","floor":38,"turns":4},{"damage":0,"enemies":"Mind Bloom Boss Battle","floor":39,"turns":6},{"damage":22,"enemies":"Nemesis","floor":40,"turns":10},{"damage":0,"enemies":"Sphere and 2 Shapes","floor":41,"turns":4},{"damage":0,"enemies":"Reptomancer","floor":42,"turns":3},{"damage":16,"enemies":"Giant Head","floor":45,"turns":5},{"damage":0,"enemies":"Jaw Worm Horde","floor":47,"turns":3},{"damage":0,"enemies":"Maw","floor":48,"turns":5},{"damage":16,"enemies":"Donu and Deca","floor":50,"turns":12},{"damage":2,"enemies":"Time Eater","floor":51,"turns":10},{"damage":55,"enemies":"Shield and Spear","floor":55,"turns":8},{"damage":43,"enemies":"The Heart","floor":56,"turns":8}],"seed_played":"-6488617526370441500","potions_obtained":[{"floor":4.0,"key":"Poison Potion"},{"floor":13.0,"key":"GamblersBrew"},{"floor":14.0,"key":"Weak Potion"},{"floor":16.0,"key":"PowerPotion"},{"floor":25.0,"key":"EssenceOfSteel"},{"floor":30.0,"key":"Explosive Potion"},{"floor":38,"key":"FearPotion"},{"floor":40,"key":"LiquidMemories"},{"floor":48,"key":"PowerPotion"}],"is_trial":false,"path_per_floor":["M","?","?","M","?","E","R","T","T","M","$","M","M","M","R","B",null,"M","M","$","?","M","R","E","M","T","?","?","E","M","?","R","B",null,"M","?","$","M","?","E","M","E","T","?","E","$","M","M","R","B","B",null,"R","$","E","B",null],"character_chosen":"THE_SILENT","items_purchased":["Membership Card","Terror+1","Trip+1","Orrery","Prepared+1","Incense Burner","Mango","Footwork+1","Bronze Scales","Lizard Tail"],"campfire_rested":1,"item_purchase_floors":[11,11,11,20,20,37,46,46,54,54],"current_hp_per_floor":[59,54,47,47,52,52,52,52,52,51,51,45,42,42,42,30,61,55,55,55,55,51,51,37,46,46,46,26,18,32,32,47,24,63,64,64,64,64,64,42,42,44,44,44,42,56,60,66,84,72,78,84,86,86,47,22],"gold":49,"neow_bonus":"THREE_ENEMY_KILL","is_daily":false,"chose_seed":false,"campfire_upgraded":4,"win_rate":0.0,"timestamp":1610790394,"path_taken":["M","?","?","M","?","E","R","?","T","M","$","M","M","M","R","BOSS","M","M","$","?","M","R","E","M","T","?","?","E","M","?","R","BOSS","M","?","$","M","?","E","M","E","T","?","E","$","M","M","R","BOSS","BOSS","R","$","E","BOSS"],"items_purchased_type":["Relic","Card","Card","Relic","Card","Relic","Relic","Card","Relic","Relic"],"build_version":"2020-12-22","purchased_purges":3,"victory":true,"max_hp_per_floor":[66,66,66,66,71,71,71,71,71,71,71,71,71,71,71,71,71,71,71,71,71,71,71,71,71,71,71,76,76,76,76,76,76,76,76,76,76,76,76,76,76,76,76,72,72,86,86,86,86,86,86,86,86,86,86,86],"card_choices":[{"not_picked":["Slice","Backflip"],"picked":"Acrobatics","floor":1.0},{"not_picked":["Poisoned Stab","Backflip"],"picked":"Concentrate","floor":4.0},{"not_picked":["Sucker Punch","PiercingWail"],"picked":"Adrenaline","floor":6.0},{"not_picked":["Backstab","Escape Plan+1"],"picked":"Outmaneuver+1","floor":10.0},{"not_picked":["Underhanded Strike","Outmaneuver+1"],"picked":"Cloak And Dagger+1","floor":12.0},{"not_picked":["Cloak And Dagger+1","Underhanded Strike"],"picked":"Blade Dance+1","floor":13.0},{"not_picked":["Prepared+1","Underhanded Strike"],"picked":"Skewer","floor":14.0},{"not_picked":["Storm of Steel+1","Venomology+1"],"picked":"Malaise+1","floor":16.0},{"not_picked":["Acrobatics+1","Outmaneuver+1","Flechettes"],"picked":"SKIP","floor":18.0},{"not_picked":["All Out Attack","Caltrops+1"],"picked":"Blur+1","floor":19.0},{"not_picked":["Dagger Spray","Deflect+1"],"picked":"Reflex+1","floor":20.0},{"not_picked":["Blur+1","Poisoned Stab"],"picked":"Backflip+1","floor":20.0},{"not_picked":["Poisoned Stab","Deadly Poison+1"],"picked":"Tools of the Trade+1","floor":20.0},{"not_picked":["Backstab","Dodge and Roll+1"],"picked":"Tactician+1","floor":22.0},{"not_picked":["Flying Knee","Flechettes"],"picked":"Phantasmal Killer+1","floor":24.0},{"not_picked":["Dagger Throw","Prepared+1","Underhanded Strike"],"picked":"SKIP","floor":25.0},{"not_picked":["Dagger Throw","Prepared+1","Underhanded Strike"],"picked":"SKIP","floor":25.0},{"not_picked":["Cloak And Dagger+1","Poisoned Stab","Flying Knee"],"picked":"SKIP","floor":29.0},{"not_picked":["Finisher","Dagger Spray","Night Terror+1"],"picked":"SKIP","floor":30.0},{"not_picked":["Unload","Envenom+1"],"picked":"Malaise+1","floor":33.0},{"not_picked":["Reflex+1","Sucker Punch","Bane"],"picked":"SKIP","floor":35},{"not_picked":["All Out Attack","Acrobatics+1"],"picked":"Tactician+1","floor":38},{"not_picked":["Riddle With Holes","Underhanded Strike"],"picked":"Backflip+1","floor":39},{"not_picked":["Dagger Throw","Quick Slash"],"picked":"Cloak And Dagger+1","floor":40},{"not_picked":["Underhanded Strike","Leg Sweep+1"],"picked":"Accuracy+1","floor":41},{"not_picked":["Deflect+1","Concentrate+1","Slice"],"picked":"SKIP","floor":42},{"not_picked":["Tactician+1","Sucker Punch+1","Noxious Fumes+1"],"picked":"SKIP","floor":45},{"not_picked":["Slice+1","Masterful Stab"],"picked":"After Image+1","floor":47},{"not_picked":["Dagger Spray","Underhanded Strike+1"],"picked":"PiercingWail+1","floor":48},{"not_picked":["Poisoned Stab+1","Tactician+1"],"picked":"Bouncing Flask+1","floor":55}],"player_experience":4276555,"relics_obtained":[{"floor":6.0,"key":"Juzu Bracelet"},{"floor":8.0,"key":"Frozen Egg 2"},{"floor":9.0,"key":"Toxic Egg 2"},{"floor":24.0,"key":"Meat on the Bone"},{"floor":26.0,"key":"Eternal Feather"},{"floor":29.0,"key":"InkBottle"},{"floor":39,"key":"Old Coin"},{"floor":40,"key":"Shuriken"},{"floor":42,"key":"Orichalcum"},{"floor":45,"key":"Vajra"},{"floor":55,"key":"Pen Nib"}],"event_choices":[{"damage_healed":0.0,"max_hp_gain":0.0,"max_hp_loss":0.0,"gold_gain":0.0,"event_name":"Scrap Ooze","player_choice":"Success","floor":2.0,"gold_loss":0.0,"damage_taken":5.0,"relics_obtained":["Bird Faced Urn"]},{"cards_removed":["Strike_G"],"damage_healed":0.0,"max_hp_gain":0.0,"max_hp_loss":0.0,"gold_gain":0.0,"event_name":"Golden Wing","player_choice":"Card Removal","floor":3.0,"gold_loss":0.0,"damage_taken":7.0},{"damage_healed":0.0,"max_hp_gain":5.0,"max_hp_loss":0.0,"gold_gain":0.0,"event_name":"Big Fish","player_choice":"Donut","floor":5.0,"gold_loss":0.0,"damage_taken":0.0},{"damage_healed":0.0,"max_hp_gain":0.0,"max_hp_loss":0.0,"gold_gain":0.0,"event_name":"Vampires","player_choice":"Ignored","floor":21.0,"gold_loss":0.0,"damage_taken":0.0},{"cards_removed":["Strike_G"],"damage_healed":0.0,"max_hp_gain":0.0,"max_hp_loss":0.0,"gold_gain":0.0,"event_name":"Back to Basics","player_choice":"Elegance","floor":27.0,"gold_loss":0.0,"damage_taken":0.0},{"damage_healed":0.0,"max_hp_gain":5.0,"max_hp_loss":0.0,"gold_gain":0.0,"event_name":"Forgotten Altar","player_choice":"Shed Blood","floor":28.0,"gold_loss":0.0,"damage_taken":25.0},{"damage_healed":0.0,"max_hp_gain":0.0,"max_hp_loss":0.0,"gold_gain":50.0,"event_name":"Golden Shrine","player_choice":"Pray","floor":31.0,"gold_loss":0.0,"damage_taken":0.0},{"cards_removed":["Tools of the Trade"],"damage_healed":0,"gold_gain":0,"player_choice":"Removed Power","damage_taken":0,"max_hp_gain":0,"max_hp_loss":0,"event_name":"Falling","floor":36,"gold_loss":0},{"damage_healed":0,"gold_gain":0,"player_choice":"Fight","damage_taken":0,"max_hp_gain":0,"max_hp_loss":0,"event_name":"MindBloom","floor":39,"gold_loss":0},{"damage_healed":0,"gold_gain":0,"player_choice":"Max HP","damage_taken":0,"max_hp_gain":0,"max_hp_loss":4,"event_name":"Winding Halls","floor":44,"gold_loss":0}],"is_beta":false,"boss_relics":[{"not_picked":["Cursed Key","Runic Dome"],"picked":"WristBlade"},{"not_picked":["Pandora\u0027s Box","Black Star"],"picked":"Fusion Hammer"}],"items_purged_floors":[37,46,54],"is_endless":false,"potions_floor_spawned":[4,13,14,16,19,25,30,38,40,41,48],"ascension_level":20}}