{"host":"uvd23xk3ig6bv7xx","time":1610813129,"event":{"mods":["BaseMod","Colored Powertips","Lobotomy","LobotomyExtend","Minty Spire (QoL Compilation)","Quick Restart","Shop Mod","Spicy Shops","StSLib","SuperFastMode"],"gold_per_floor":[119,119,135,135,155,155,155],"floor_reached":6,"language":"ZHS","playtime":230,"items_purged":[],"score":36,"play_id":"010c97e8-5776-4039-a7fb-fcab9ec682cb","local_time":"20210117000529","is_ascension_mode":false,"campfire_choices":[],"circlet_count":0,"master_deck":["Strike_R","Strike_R","Strike_R","Strike_R","Strike_R","Defend_R","Defend_R","Defend_R","Bash","LittleHelper","Flame Barrier","RedShoes","Intimidate","Heavy Blade"],"relics":["Burning Blood","CogitoBucket","LetterFromLob"],"acts_visited":["Exordium"],"potions_floor_usage":[6],"damage_taken":[{"damage":5,"enemies":"Jaw Worm","floor":1,"turns":5},{"damage":15,"enemies":"Cultist","floor":3,"turns":4},{"damage":8,"enemies":"2 Louse","floor":5,"turns":3},{"damage":89,"enemies":"Gremlin Nob","floor":6,"turns":5}],"seed_played":"-8124071999302287139","potions_obtained":[{"floor":3,"key":"EssenceOfSteel"}],"is_trial":false,"path_per_floor":["M","?","M","?","M","E"],"character_chosen":"IRONCLAD","items_purchased":[],"campfire_rested":0,"item_purchase_floors":[],"current_hp_per_floor":[80,80,71,71,69,0,0],"gold":155,"neow_bonus":"","is_daily":false,"chose_seed":false,"campfire_upgraded":0,"win_rate":0.0,"timestamp":1610813129,"path_taken":["M","?","M","?","M","E"],"items_purchased_type":[],"build_version":"2020-12-22","purchased_purges":0,"victory":false,"max_hp_per_floor":[80,80,80,80,80,80,80],"card_choices":[{"not_picked":["Murderer","MeatLantern"],"picked":"LittleHelper","floor":1},{"not_picked":["Havoc","Wild Strike"],"picked":"Flame Barrier","floor":1},{"not_picked":["MHz","UniverseFragment"],"picked":"RedShoes","floor":3},{"not_picked":["Dark Embrace","Pummel"],"picked":"Intimidate","floor":3},{"not_picked":["ShyLook","BeautyBeast","QueenBee"],"picked":"Singing Bowl","floor":5},{"not_picked":["Pummel","True Grit"],"picked":"Heavy Blade","floor":5}],"player_experience":333772,"relics_obtained":[{"floor":1,"key":"LetterFromLob"}],"event_choices":[{"cards_removed":["Defend_R"],"damage_healed":0,"gold_gain":0,"player_choice":"Card Removal","damage_taken":0,"max_hp_gain":0,"max_hp_loss":0,"event_name":"Wheel of Change","floor":4,"gold_loss":0}],"is_beta":false,"boss_relics":[],"items_purged_floors":[],"is_endless":false,"potions_floor_spawned":[3],"killed_by":"Gremlin Nob","ascension_level":0}}