{"host":"vucub2jtaeo9vgh1","time":1610802651,"event":{"mods":["BaseMod","BetterRewards","Minty Spire (QoL Compilation)","Quick Restart","Rare Cards Sparkle","Replay The Spire","StSLib"],"gold_per_floor":[113,125,125,136,136,175,175,196,248,119,137,156,156,179,179,300,300,316,13,29,45,58,102,27,27,27,40,40,40,76,144,144,265,265,283,37,51,51,67,67,67,67],"floor_reached":41,"language":"ENG","playtime":1564,"items_purged":["Strike_R","Strike_R","Bash"],"score":435,"play_id":"8fc74bba-7eca-4801-88c0-7e9bde96b394","local_time":"20210116141050","is_ascension_mode":false,"campfire_choices":[{"data":"Rampage","floor":13,"key":"SMITH"},{"data":"True Grit","floor":15,"key":"SMITH"},{"floor":29,"key":"REST"},{"floor":32,"key":"REST"},{"floor":40,"key":"REST"}],"circlet_count":0,"master_deck":["Strike_R+1","Strike_R+1","Defend_R","Defend_R","Defend_R","Iron Wave","Clothesline","Rampage+1","ReplayTheSpireMod:Stacked","Shrug It Off","Shockwave+1","True Grit+1","Offering+1","Headbutt+1","Headbutt","ReplayTheSpireMod:Strike From Hell+1","Headbutt","AbeCurse","ReplayTheSpireMod:Private Reserves+1","Mayhem+1","True Grit+1"],"relics":["Burning Blood","NeowsBlessing","Golden Idol","Golden Egg","Red Skull","ReplayTheSpireMod:DimensionalGlitch","Whetstone","Blue Doll","Counterbalance","ReplayTheSpireMod:Ring of Challenge","King of Hearts","Singing Bowl","Replay:Grab Bag","Sozu","Abe\u0027s Treasure","Empty Cage","ReplayTheSpireMod:ShopPack"],"acts_visited":["Exordium","TheCity","TheBeyond"],"potions_floor_usage":[6,7,16,23,33,33],"damage_taken":[{"damage":0,"enemies":"Jaw Worm","floor":1,"turns":1},{"damage":0,"enemies":"Cultist","floor":2,"turns":1},{"damage":0,"enemies":"2 Louse","floor":4,"turns":1},{"damage":31,"enemies":"3 Sentries","floor":6,"turns":11},{"damage":0,"enemies":"The Mushroom Lair","floor":7,"turns":1},{"damage":7,"enemies":"Exordium Wildlife","floor":8,"turns":3},{"damage":4,"enemies":"Blue Slaver","floor":11,"turns":3},{"damage":1,"enemies":"Exordium Thugs","floor":12,"turns":7},{"damage":8,"enemies":"Large Slime","floor":14,"turns":5},{"damage":28,"enemies":"Fading Forest","floor":16,"turns":11},{"damage":11,"enemies":"Chosen","floor":18,"turns":4},{"damage":10,"enemies":"2 Thieves","floor":20,"turns":4},{"damage":20,"enemies":"3 Cultists","floor":21,"turns":5},{"damage":10,"enemies":"Cultist and Chosen","floor":22,"turns":4},{"damage":20,"enemies":"Book of Stabbing","floor":23,"turns":4},{"damage":13,"enemies":"Snake Plant","floor":27,"turns":4},{"damage":15,"enemies":"Replay:Snechameleon","floor":30,"turns":6},{"damage":47,"enemies":"Collector","floor":33,"turns":7},{"damage":18,"enemies":"3 Darklings","floor":35,"turns":5},{"damage":18,"enemies":"Orb Walker","floor":37,"turns":3},{"damage":57,"enemies":"4 Shapes","floor":39,"turns":5},{"damage":35,"enemies":"Jaw Worm Horde","floor":41,"turns":2}],"seed_played":"-3207913705050777949","potions_obtained":[{"floor":1,"key":"FearPotion"},{"floor":3,"key":"Dexterity Potion"},{"floor":3,"key":"Elixir"},{"floor":6,"key":"SmokeBomb"},{"floor":11,"key":"LifebloodPotion"},{"floor":16,"key":"SteroidPotion"},{"floor":30,"key":"LiquidBronze"}],"is_trial":false,"path_per_floor":["M","M","?","M","?","E","?","M","T","$","M","M","R","M","R","B",null,"M","$","M","M","M","E","?","?","T","M","?","R","E","T","R","B",null,"M","$","M","?","M","R","M"],"character_chosen":"IRONCLAD","items_purchased":["Shockwave+1","Headbutt","Whetstone","ReplayTheSpireMod:ShopPack"],"campfire_rested":3,"item_purchase_floors":[10,19,19,36],"current_hp_per_floor":[80,80,80,80,60,35,41,40,40,40,42,47,47,45,45,35,80,72,72,65,48,41,24,24,24,24,14,14,38,26,26,50,8,82,69,73,60,60,6,33,0,0],"gold":67,"neow_bonus":"THREE_ENEMY_KILL","is_daily":false,"chose_seed":false,"campfire_upgraded":2,"win_rate":0.0,"timestamp":1610802650,"path_taken":["M","M","?","?","?","E","?","M","T","$","M","M","R","M","R","BOSS","M","$","M","M","M","E","?","?","T","?","?","R","E","?","R","BOSS","M","$","M","?","M","R","M"],"items_purchased_type":["Card","Card","Relic","Relic"],"build_version":"2020-12-22","purchased_purges":3,"victory":false,"max_hp_per_floor":[80,80,80,80,80,80,80,80,80,80,80,80,80,80,80,80,80,80,80,80,80,80,80,80,80,80,80,80,80,80,80,80,82,82,84,88,90,90,90,90,90,90],"card_choices":[{"not_picked":["Sever Soul","Body Slam"],"picked":"Iron Wave","floor":1},{"not_picked":["Iron Wave","Sentinel"],"picked":"Clothesline","floor":2},{"not_picked":["Combust","ReplayTheSpireMod:Strike From Hell"],"picked":"Rampage","floor":4},{"not_picked":["Body Slam","Demon Form"],"picked":"ReplayTheSpireMod:Stacked","floor":6},{"not_picked":["Pommel Strike","Heavy Blade"],"picked":"Shrug It Off","floor":8},{"not_picked":["Replay:Undeath\u0027s Touch","Bloodletting","Pommel Strike"],"picked":"SKIP","floor":11},{"not_picked":["Barricade","Perfected Strike","Pummel"],"picked":"SKIP","floor":12},{"not_picked":["Rampage","Twin Strike"],"picked":"True Grit","floor":14},{"not_picked":["Bludgeon","Corruption"],"picked":"Offering","floor":16},{"not_picked":["Battle Trance","Havoc","Burning Pact"],"picked":"SKIP","floor":18},{"not_picked":["Replay:Undeath\u0027s Touch","Body Slam+1"],"picked":"Headbutt","floor":20},{"not_picked":["Sword Boomerang","Pummel"],"picked":"ReplayTheSpireMod:Strike From Hell+1","floor":21},{"not_picked":["Armaments","Perfected Strike","Pummel+1"],"picked":"SKIP","floor":22},{"not_picked":["Power Through","Anger"],"picked":"Headbutt","floor":23},{"not_picked":["Headbutt","ReplayTheSpireMod:Corrosion Curse","Perfected Strike+1"],"picked":"SKIP","floor":27},{"not_picked":["Fire Breathing","Dark Embrace","Sword Boomerang"],"picked":"SKIP","floor":30},{"not_picked":["Exhume","Brutality","Bludgeon"],"picked":"Singing Bowl","floor":33},{"not_picked":["Warcry","ReplayTheSpireMod:Corrosion Curse+1","Replay:Undeath\u0027s Touch+1"],"picked":"Singing Bowl","floor":35},{"not_picked":["Thinking Ahead","Midas Touch","Secret Technique"],"picked":"Singing Bowl","floor":36},{"not_picked":["Replay:Parry","Chrysalis"],"picked":"ReplayTheSpireMod:Private Reserves","floor":36},{"not_picked":["ReplayTheSpireMod:Brewmster","Bandage Up","Swift Strike"],"picked":"Singing Bowl","floor":36},{"not_picked":["ReplayTheSpireMod:Strike From Hell+1","Replay:Undeath\u0027s Touch","Sword Boomerang+1"],"picked":"Singing Bowl","floor":37},{"not_picked":["Deep Breath","PanicButton"],"picked":"Mayhem","floor":38},{"not_picked":["Clothesline+1","Searing Blow+1"],"picked":"True Grit+1","floor":39}],"player_experience":282413,"relics_obtained":[{"floor":6,"key":"Golden Egg"},{"floor":9,"key":"Red Skull"},{"floor":23,"key":"Blue Doll"},{"floor":26,"key":"Counterbalance"},{"floor":28,"key":"ReplayTheSpireMod:Ring of Challenge"},{"floor":30,"key":"King of Hearts"},{"floor":31,"key":"Singing Bowl"}],"event_choices":[{"damage_healed":0,"gold_gain":0,"player_choice":"Got Potions","damage_taken":0,"max_hp_gain":0,"max_hp_loss":0,"event_name":"Lab","floor":3,"gold_loss":0},{"damage_healed":0,"gold_gain":0,"player_choice":"Take Damage","damage_taken":20,"relics_obtained":["Golden Idol"],"max_hp_gain":0,"max_hp_loss":0,"event_name":"Golden Idol","floor":5,"gold_loss":0},{"damage_healed":0,"gold_gain":0,"player_choice":"Fought Mushrooms","damage_taken":0,"max_hp_gain":0,"max_hp_loss":0,"event_name":"Mushrooms","floor":7,"gold_loss":0},{"cards_removed":["Strike_R"],"damage_healed":0,"gold_gain":0,"player_choice":"Gave Gold","damage_taken":0,"max_hp_gain":0,"max_hp_loss":0,"event_name":"Beggar","floor":24,"gold_loss":75},{"damage_healed":0,"gold_gain":0,"player_choice":"0 cards matched","damage_taken":0,"max_hp_gain":0,"max_hp_loss":0,"event_name":"Match and Keep!","floor":25,"gold_loss":0,"cards_obtained":[]},{"damage_healed":0,"gold_gain":0,"player_choice":"Memory 1","damage_taken":0,"max_hp_gain":0,"max_hp_loss":0,"event_name":"SensoryStone","floor":38,"gold_loss":0}],"is_beta":false,"boss_relics":[{"not_picked":["Fusion Hammer","Replay:Ancient Bell"],"picked":"ReplayTheSpireMod:DimensionalGlitch"},{"not_picked":["Replay:Wanted Poster","ChewingGum"],"picked":"Replay:Grab Bag"},{"not_picked":["Coffee Dripper","Velvet Choker"],"picked":"Sozu"},{"not_picked":["ReplayTheSpireMod:Onyx Gauntlets","Runic Dome"],"picked":"Abe\u0027s Treasure"},{"not_picked":["Black Star","Ring of Chaos"],"picked":"Empty Cage"}],"items_purged_floors":[10,19,36],"is_endless":false,"potions_floor_spawned":[1,6,11,12,16,22,30,35,39],"killed_by":"Jaw Worm Horde","ascension_level":0}}