{"host":"2ovd97vxlcfh2ypd","time":1610789248,"event":{"mods":["BaseMod","Colored Map","Colored Powertips","Highlight Path","Minty Spire (QoL Compilation)","Quick Restart","Relic Stats","StSLib","SuperFastMode","Waifu the Spire"],"gold_per_floor":[112,112,124,28,38,38,69,69,69,97,97,111,128,141,141,242,242,255,275,127,127,127,127,127],"floor_reached":23,"language":"ZHS","playtime":475,"items_purged":["Strike_B"],"score":211,"play_id":"6cc6f34f-64ca-45f8-92e3-d7759cc514b3","local_time":"20210116172728","is_ascension_mode":true,"campfire_choices":[{"data":"Streamline","floor":6.0,"key":"SMITH"},{"data":"Gash","floor":8.0,"key":"SMITH"},{"data":"Scrape","floor":15,"key":"SMITH"}],"circlet_count":0,"master_deck":["Defend_B","Defend_B","Defend_B","Defend_B","Zap","Dualcast","Hologram","Skim","Rebound","Streamline+1","Hologram","Go for the Eyes","Gash+1","Scrape+1","Rebound","Sweeping Beam","Go for the Eyes","All For One","Auto Shields","Turbo","Gash","Conserve Battery"],"relics":["Cracked Core","NeowsBlessing","Darkstone Periapt","Ornamental Fan","Bottled Lightning","Empty Cage","Enchiridion"],"acts_visited":["Exordium","TheCity"],"potions_floor_usage":[],"damage_taken":[{"damage":0.0,"enemies":"Cultist","floor":1.0,"turns":1.0},{"damage":0.0,"enemies":"2 Louse","floor":3.0,"turns":1.0},{"damage":0.0,"enemies":"Jaw Worm","floor":5.0,"turns":1.0},{"damage":23.0,"enemies":"3 Sentries","floor":7.0,"turns":5.0},{"damage":13.0,"enemies":"Gremlin Nob","floor":10.0,"turns":3.0},{"damage":0.0,"enemies":"2 Fungi Beasts","floor":12.0,"turns":2.0},{"damage":0.0,"enemies":"Blue Slaver","floor":13.0,"turns":3.0},{"damage":0,"enemies":"Large Slime","floor":14,"turns":4},{"damage":41,"enemies":"Hexaghost","floor":16,"turns":8},{"damage":10,"enemies":"Chosen","floor":18,"turns":4},{"damage":6,"enemies":"Spheric Guardian","floor":19,"turns":3},{"damage":65,"enemies":"Gremlin Leader","floor":23,"turns":8}],"seed_played":"-7249732423407844054","potions_obtained":[{"floor":3.0,"key":"Fruit Juice"},{"floor":14,"key":"FocusPotion"},{"floor":16,"key":"Explosive Potion"},{"floor":18,"key":"Weak Potion"}],"is_trial":false,"path_per_floor":["M","?","M","$","M","R","E","R","T","E","?","M","M","M","R","B",null,"M","M","$","?","?","E"],"character_chosen":"DEFECT","items_purchased":["Streamline","Hologram","Gash","Conserve Battery"],"campfire_rested":0,"item_purchase_floors":[4,4,20,20],"current_hp_per_floor":[75,75,80,80,80,80,57,57,57,44,49,49,49,49,49,8,85,75,69,69,69,53,0,0],"gold":127,"neow_bonus":"THREE_ENEMY_KILL","is_daily":false,"chose_seed":false,"campfire_upgraded":3,"win_rate":0.0,"timestamp":1610789248,"path_taken":["M","?","?","$","M","R","E","R","T","E","?","M","M","M","R","BOSS","M","M","$","?","?","E"],"items_purchased_type":["Card","Card","Card","Card"],"build_version":"2020-12-22","purchased_purges":1,"victory":false,"max_hp_per_floor":[75,75,80,80,80,80,80,80,80,80,85,85,85,85,85,85,85,85,85,85,85,85,85,85],"relic_stats":{"Darkstone Periapt":0,"counters":[12,43],"Ornamental Fan":[80],"obtain_stats":[{"Darkstone Periapt":7,"NeowsBlessing":0,"Ornamental Fan":9,"Enchiridion":22,"Bottled Lightning":10,"Cracked Core":0,"Empty Cage":17},{"Darkstone Periapt":4,"NeowsBlessing":0,"Ornamental Fan":4,"Enchiridion":11,"Bottled Lightning":5,"Cracked Core":0,"Empty Cage":9},{"Darkstone Periapt":8,"NeowsBlessing":0,"Ornamental Fan":8,"Enchiridion":35,"Bottled Lightning":11,"Cracked Core":0,"Empty Cage":28}]},"card_choices":[{"not_picked":["Compile Driver","Conserve Battery"],"picked":"Hologram","floor":1.0},{"not_picked":["Compile Driver","Lockon"],"picked":"Rebound","floor":3.0},{"not_picked":["Sweeping Beam","Auto Shields"],"picked":"Go for the Eyes","floor":5.0},{"not_picked":["Turbo","Loop"],"picked":"Gash","floor":7.0},{"not_picked":["Blizzard","Ball Lightning"],"picked":"Scrape","floor":10.0},{"not_picked":["Leap","Go for the Eyes"],"picked":"Rebound","floor":12.0},{"not_picked":["Cold Snap","Double Energy"],"picked":"Sweeping Beam","floor":13.0},{"not_picked":["Stack","Skim"],"picked":"Go for the Eyes","floor":14},{"not_picked":["Electrodynamics","Echo Form"],"picked":"All For One","floor":16},{"not_picked":["Storm+1","Redo"],"picked":"Auto Shields","floor":18},{"not_picked":["Sweeping Beam","Hologram+1"],"picked":"Turbo","floor":19}],"player_experience":291722,"relics_obtained":[{"floor":7.0,"key":"Darkstone Periapt"},{"floor":9.0,"key":"Ornamental Fan"},{"floor":10.0,"key":"Bottled Lightning"},{"floor":22,"key":"Enchiridion"}],"event_choices":[{"damage_healed":0.0,"max_hp_gain":0.0,"max_hp_loss":0.0,"gold_gain":0.0,"cards_transformed":["Strike_B"],"event_name":"Transmorgrifier","player_choice":"Transformed","floor":2.0,"gold_loss":0.0,"damage_taken":0.0,"cards_obtained":["Skim"]},{"damage_healed":0.0,"max_hp_gain":5.0,"max_hp_loss":0.0,"gold_gain":0.0,"event_name":"Big Fish","player_choice":"Donut","floor":11.0,"gold_loss":0.0,"damage_taken":0.0},{"damage_healed":0,"gold_gain":0,"player_choice":"Ignored","damage_taken":0,"max_hp_gain":0,"max_hp_loss":0,"event_name":"Ghosts","floor":21,"gold_loss":0},{"damage_healed":0,"gold_gain":0,"player_choice":"Obtained Book","damage_taken":16,"max_hp_gain":0,"max_hp_loss":0,"event_name":"Cursed Tome","floor":22,"gold_loss":0}],"is_beta":false,"boss_relics":[{"not_picked":["Runic Pyramid","FrozenCore"],"picked":"Empty Cage"}],"items_purged_floors":[20],"is_endless":false,"potions_floor_spawned":[3,14,16,18],"killed_by":"Gremlin Leader","ascension_level":1}}