{"host":"x3q4ieql2tr7v8o6","time":1610813953,"event":{"mods":["BaseMod","Bestiary","Better Altar","Better Match","Better Note","Better Sensory Stone","Better Skull","Better Third Choice","Colored Map","Colored Powertips","Curses Come First","Minty Spire (QoL Compilation)","StSLib"],"gold_per_floor":[112,126,5,21,21,21,64,80,135,135,158,3,3,23,23,118,118,134,59,59,59,109,109,121,140,163,179,179,45,57,77,77,77,77],"floor_reached":33,"language":"ENG","playtime":3153,"items_purged":["Injury","Pain"],"score":436,"play_id":"21989d45-fd39-4048-ba95-ef9936a9f9a6","local_time":"20210116161913","is_ascension_mode":true,"campfire_choices":[{"data":"Neutralize","floor":6,"key":"SMITH"},{"floor":13,"key":"REST"},{"floor":15,"key":"REST"},{"data":"Footwork","floor":23,"key":"SMITH"},{"floor":28,"key":"REST"},{"floor":32,"key":"REST"}],"circlet_count":0,"master_deck":["AscendersBane","Strike_G","Strike_G","Strike_G","Strike_G","Strike_G","Defend_G","Defend_G","Defend_G","Defend_G","Defend_G","Survivor","Neutralize+1","Flying Knee","Blade Dance","Deadly Poison","Eviscerate","Finisher","Leg Sweep","Accuracy","Phantasmal Killer","Footwork+1","Bullet Time","Acrobatics","Regret","Deflect","Endless Agony","Terror","Footwork","Slice"],"relics":["Ring of the Snake","NeowsBlessing","Bloody Idol","Letter Opener","Boot","OrangePellets","Cursed Key","HornCleat","Vajra"],"acts_visited":["Exordium","TheCity"],"potions_floor_usage":[8,11,16,25,31,33],"damage_taken":[{"damage":0,"enemies":"Cultist","floor":1,"turns":1},{"damage":0,"enemies":"Small Slimes","floor":2,"turns":1},{"damage":0,"enemies":"Jaw Worm","floor":4,"turns":1},{"damage":35,"enemies":"3 Sentries","floor":7,"turns":9},{"damage":3,"enemies":"Lots of Slimes","floor":8,"turns":4},{"damage":2,"enemies":"Exordium Wildlife","floor":11,"turns":3},{"damage":6,"enemies":"2 Fungi Beasts","floor":14,"turns":3},{"damage":40,"enemies":"The Guardian","floor":16,"turns":19},{"damage":13,"enemies":"Shell Parasite","floor":18,"turns":7},{"damage":0,"enemies":"3 Byrds","floor":24,"turns":4},{"damage":36,"enemies":"3 Cultists","floor":25,"turns":7},{"damage":2,"enemies":"Centurion and Healer","floor":27,"turns":7},{"damage":10,"enemies":"Shelled Parasite and Fungi","floor":30,"turns":6},{"damage":10,"enemies":"Cultist and Chosen","floor":31,"turns":6},{"damage":55,"enemies":"Automaton","floor":33,"turns":6}],"seed_played":"-694247513770078785","potions_obtained":[{"floor":4,"key":"AttackPotion"},{"floor":7,"key":"AttackPotion"},{"floor":14,"key":"Dexterity Potion"},{"floor":16,"key":"BlessingOfTheForge"},{"floor":25,"key":"LiquidBronze"},{"floor":27,"key":"LiquidMemories"}],"is_trial":false,"path_per_floor":["M","M","$","M","?","R","E","M","T","?","M","$","R","M","R","B",null,"M","$","?","T","?","R","M","M","T","M","R","$","M","M","R","B"],"character_chosen":"THE_SILENT","items_purchased":["Deadly Poison","Eviscerate","OrangePellets","Footwork"],"campfire_rested":4,"item_purchase_floors":[3,3,12,29],"current_hp_per_floor":[59,59,59,59,59,59,24,21,21,12,10,10,29,23,42,2,50,37,37,36,36,41,41,46,15,20,23,42,42,37,32,51,0,0],"gold":77,"neow_bonus":"THREE_ENEMY_KILL","is_daily":false,"chose_seed":false,"campfire_upgraded":2,"win_rate":0.0,"timestamp":1610813953,"path_taken":["M","?","$","?","?","R","E","M","T","?","?","$","R","M","R","BOSS","M","$","?","?","?","R","M","M","T","M","R","$","M","M","R","BOSS"],"items_purchased_type":["Card","Card","Relic","Card"],"build_version":"2020-12-22","purchased_purges":2,"victory":false,"max_hp_per_floor":[66,66,66,66,66,66,66,66,66,66,66,66,66,66,66,66,66,66,66,66,66,66,66,66,66,66,66,66,66,66,66,66,66,66],"card_choices":[{"not_picked":["Endless Agony","Masterful Stab"],"picked":"Flying Knee","floor":1},{"not_picked":["Backflip","Endless Agony"],"picked":"Blade Dance","floor":2},{"not_picked":["Concentrate","Dagger Throw"],"picked":"Finisher","floor":4},{"not_picked":["Poisoned Stab","Outmaneuver"],"picked":"Leg Sweep","floor":7},{"not_picked":["Blade Dance","Cloak And Dagger"],"picked":"Accuracy","floor":8},{"not_picked":["Quick Slash","Bane"],"picked":"Phantasmal Killer","floor":11},{"not_picked":["Reflex","Leg Sweep"],"picked":"Footwork","floor":14},{"not_picked":["Phantasmal Killer","Burst"],"picked":"Bullet Time","floor":16},{"not_picked":["Finisher","Deadly Poison"],"picked":"Acrobatics","floor":18},{"not_picked":["PiercingWail","Quick Slash"],"picked":"Deflect","floor":24},{"not_picked":["Underhanded Strike","Flying Knee"],"picked":"Endless Agony","floor":25},{"not_picked":["Leg Sweep","Dodge and Roll"],"picked":"Terror","floor":27},{"not_picked":["Outmaneuver","Heel Hook"],"picked":"Slice","floor":30},{"not_picked":["Infinite Blades","Poisoned Stab","Catalyst"],"picked":"SKIP","floor":31}],"player_experience":722975,"relics_obtained":[{"floor":7,"key":"Letter Opener"},{"floor":9,"key":"Boot"},{"floor":21,"key":"HornCleat"},{"floor":26,"key":"Vajra"}],"event_choices":[{"damage_healed":0,"gold_gain":0,"player_choice":"Take Wound","damage_taken":0,"relics_obtained":["Golden Idol"],"max_hp_gain":0,"max_hp_loss":0,"event_name":"Golden Idol","floor":5,"gold_loss":0,"cards_obtained":["Injury"]},{"damage_healed":0,"gold_gain":0,"player_choice":"Damaged","damage_taken":9,"max_hp_gain":0,"max_hp_loss":0,"event_name":"Wheel of Change","floor":10,"gold_loss":0},{"damage_healed":0,"gold_gain":0,"player_choice":" GoldIdol ","damage_taken":1,"relics_obtained":["Bloody Idol"],"max_hp_gain":37,"max_hp_loss":36,"event_name":"betterAltar:BetterAltar","floor":20,"potions_obtained":[],"relics_lost":["Golden Idol"],"gold_loss":0},{"damage_healed":0,"gold_gain":50,"player_choice":"Steal","damage_taken":0,"max_hp_gain":0,"max_hp_loss":0,"event_name":"betterThird:BetterNest","floor":22,"gold_loss":0}],"is_beta":false,"boss_relics":[{"not_picked":["SacredBark","Ring of the Serpent"],"picked":"Cursed Key"}],"items_purged_floors":[19,29],"is_endless":false,"potions_floor_spawned":[4,7,14,16,25,27],"killed_by":"Automaton","ascension_level":15}}