{"host":"jkgg7n5hn1slsm35","time":1610789016,"event":{"mods":["Aspiration","BaseMod","BetterRewards","Conspire","Googly Eyes","Gremlin Skip","Halation","Highlight Path","Hubris","Infinite Spire","Minty Spire (QoL Compilation)","Permanent Neow","StSLib","SuperFastMode","vexMod"],"gold_per_floor":[114,32,47,47,47,47,47,47,72,72,110,110,110,110,110,235,235,254,254,254],"floor_reached":19,"language":"ENG","playtime":591,"items_purged":[],"score":161,"play_id":"1d39698c-3012-4d2c-be0b-bad5857eef13","local_time":"20210116102336","daily_mods":["Allstar","Flight","Night Terrors"],"is_ascension_mode":false,"campfire_choices":[{"data":"Dramatic Entrance","floor":6,"key":"SMITH"},{"data":"Trip","floor":8,"key":"SMITH"},{"data":"Good Instincts","floor":10,"key":"SMITH"},{"floor":12,"key":"REST"},{"data":"Footwork","floor":13,"key":"SMITH"},{"data":"Secret Technique","floor":15,"key":"SMITH"}],"circlet_count":0,"master_deck":["Strike_G","Strike_G","Strike_G","Strike_G","Strike_G","Defend_G","Defend_G","Defend_G","Defend_G","Defend_G","Survivor","Neutralize","Good Instincts+1","Madness","Jack Of All Trades","Secret Technique+1","Trip+1","Deflect","Dramatic Entrance+1","Footwork+1","Bane"],"relics":["Ring of the Snake","Golden Idol","halation:AfternoonTea","infinitespire:Satchel","infinitespire:Cupcake"],"acts_visited":["Exordium","TheCity"],"potions_floor_usage":[18,19],"damage_taken":[{"damage":0,"enemies":"Small Slimes","floor":1,"turns":5},{"damage":1,"enemies":"Jaw Worm","floor":3,"turns":2},{"damage":40,"enemies":"Lagavulin","floor":11,"turns":9},{"damage":59,"enemies":"Slime Boss","floor":16,"turns":25},{"damage":40,"enemies":"Chosen","floor":18,"turns":11},{"damage":24,"enemies":"conspire:FuzzyDice","floor":19,"turns":7}],"seed_played":"2700428786693623746","potions_obtained":[{"floor":11,"key":"Weak Potion"},{"floor":18,"key":"EssenceOfSteel"}],"is_trial":false,"path_per_floor":["M","$","M","?","?","R","$","R","T","R","E","R","R","?","R","B",null,"M","M"],"character_chosen":"THE_SILENT","items_purchased":["Dramatic Entrance"],"campfire_rested":1,"item_purchase_floors":[2],"current_hp_per_floor":[70,70,69,65,65,65,65,65,65,65,25,60,60,60,60,1,60,20,0,0],"gold":254,"neow_bonus":"","is_daily":true,"chose_seed":false,"campfire_upgraded":5,"win_rate":0.0,"timestamp":1610789016,"path_taken":["M","$","M","?","?","R","?","R","T","R","E","R","R","?","R","BOSS","M","M"],"items_purchased_type":["Card"],"build_version":"2020-12-22","purchased_purges":0,"victory":false,"max_hp_per_floor":[70,70,70,65,65,65,65,65,65,65,65,60,60,60,60,60,60,60,60,60],"card_choices":[{"not_picked":["Concentrate","Eviscerate"],"picked":"Deflect","floor":1},{"not_picked":["All Out Attack","Slice","Underhanded Strike"],"picked":"SKIP","floor":3},{"not_picked":["Tactician","Poisoned Stab"],"picked":"Footwork","floor":11},{"not_picked":["Acrobatics+1","Riddle With Holes"],"picked":"Bane","floor":18}],"player_experience":1841160,"relics_obtained":[{"floor":9,"key":"halation:AfternoonTea"},{"floor":11,"key":"infinitespire:Satchel"}],"event_choices":[{"damage_healed":0,"gold_gain":0,"player_choice":"Lose Max HP","damage_taken":0,"relics_obtained":["Golden Idol"],"max_hp_gain":0,"max_hp_loss":5,"event_name":"Golden Idol","floor":4,"gold_loss":0}],"is_beta":false,"boss_relics":[{"not_picked":["vexMod:TanglingVine","Ring of the Serpent"],"picked":"infinitespire:Cupcake"}],"items_purged_floors":[],"is_endless":false,"potions_floor_spawned":[11,18],"killed_by":"conspire:FuzzyDice","ascension_level":0}}