{"host":"oc9z8cublggqyfxu","time":1610805305,"event":{"mods":["AchievementEnabler","Act Like it!","Aspiration","BaseMod","Colored Map","Colored Powertips","Friendly Minions","Gensokyo","Hallownest","Hermit","Highlight Path","Infinite Spire","KinomotoSakuraMod(木之本樱)","Koishi","Lobotomy","LobotomyExtend","Marisa（F雨　魔理沙）","Minty Spire (QoL Compilation)","Quick Restart","Reimu（博丽灵梦）","Relic Stats","Remilia（蕾米莉亚）","Replay The Spire","RumiaBox-露米娅的神秘盒子","StSLib","The Administrix","The Animator","The Blackbeard","The Bug Knight","The Cursed","The Hierophant","The Mystic","The Runesmith","The Servant 0.9.4","Youmu（魂魄妖梦）","Yuyuko","vexMod","【功能Mod】混沌之环修复补丁","【功能Mod】聪明的最终Boss"],"gold_per_floor":[276,32,32,52,52,72,87,98,98,123,123,173,187,205,205,221,238,238,238,238],"floor_reached":16,"language":"ZHS","playtime":1258,"items_purged":[],"score":166,"play_id":"b2ad8740-e7ef-42a0-a265-4dc46d25327c","local_time":"20210116215505","is_ascension_mode":true,"campfire_choices":[{"data":"aspiration:Polymerization","floor":6.0,"key":"SMITH"},{"data":"aspiration:Polymerization","floor":8.0,"key":"SMITH"},{"data":"Genetic Algorithm","floor":12,"key":"SMITH"},{"data":"Crystallizer","floor":15,"key":"SMITH"}],"circlet_count":0,"master_deck":["Strike_B","Strike_B","Strike_B","Strike_B","Defend_B","Defend_B","Defend_B","Defend_B","Zap","Sunder","infinitespire:Starlight","aspiration:Polymerization+1","Skim","aspiration:Polymerization+1","Ball Lightning","Crystallizer+1","Genetic Algorithm+1","Glacier"],"relics":["Cracked Core","infinitespire:Eraser","LetterFromLob","aspiration:ChemicalBlood"],"acts_visited":["Exordium"],"potions_floor_usage":[13,14,14,16],"damage_taken":[{"damage":1.0,"enemies":"Cultist","floor":1.0,"turns":3.0},{"damage":7.0,"enemies":"2 Louse","floor":1.0,"turns":2.0},{"damage":5.0,"enemies":"Small Slimes","floor":3.0,"turns":3.0},{"damage":6.0,"enemies":"Cultist","floor":4.0,"turns":3.0},{"damage":0.0,"enemies":"Large Slime","floor":5.0,"turns":5.0},{"damage":14.0,"enemies":"Gremlin Nob","floor":7.0,"turns":3.0},{"damage":15,"enemies":"Exordium Wildlife","floor":10,"turns":5},{"damage":16,"enemies":"3 Louse","floor":11,"turns":4},{"damage":20,"enemies":"Exordium Thugs","floor":13,"turns":3},{"damage":6,"enemies":"Looter","floor":14,"turns":3},{"damage":18,"enemies":"Fading Forest","floor":16,"turns":9}],"seed_played":"-6242905325551221866","potions_obtained":[{"floor":3.0,"key":"Energy Potion"},{"floor":4.0,"key":"Fire Potion"},{"floor":10,"key":"Languid Potion"},{"floor":11,"key":"FearPotion"}],"is_trial":false,"path_per_floor":["M","$","?","?","M","?","M","M","M","R","E","R","T","M","M","R","M","M","R","B"],"character_chosen":"DEFECT","items_purchased":["infinitespire:Eraser"],"campfire_rested":0,"item_purchase_floors":[2],"current_hp_per_floor":[74,74,56,68,68,63,67,75,75,61,61,61,56,50,50,40,44,44,46,46],"gold":238,"neow_bonus":"","is_daily":false,"chose_seed":false,"campfire_upgraded":4,"win_rate":0.0,"timestamp":1610805305,"path_taken":["M","$","?","?","M","?","?","M","M","R","E","R","T","M","M","R","M","M","R","BOSS"],"items_purchased_type":["Relic"],"build_version":"2020-12-22","purchased_purges":0,"victory":false,"max_hp_per_floor":[75,75,75,75,75,75,75,75,75,75,75,75,75,75,75,75,75,75,75,75],"relic_stats":{"counters":[11,43],"obtain_stats":[{"CogitoBucket":0,"LetterFromLob":1,"infinitespire:Eraser":2,"Cracked Core":0,"aspiration:ChemicalBlood":7},{"CogitoBucket":0,"LetterFromLob":1,"infinitespire:Eraser":1,"Cracked Core":0,"aspiration:ChemicalBlood":6},{"CogitoBucket":0,"LetterFromLob":3,"infinitespire:Eraser":3,"Cracked Core":0,"aspiration:ChemicalBlood":19}]},"card_choices":[{"not_picked":["Barrage","Capacitor"],"picked":"Sunder","floor":1.0},{"not_picked":["infinitespire:FutureSight","infinitespire:Fortify"],"picked":"infinitespire:Starlight","floor":3.0},{"not_picked":["Ball Lightning","Doom and Gloom"],"picked":"aspiration:Polymerization","floor":1.0},{"not_picked":["Hello World","Conserve Battery"],"picked":"Skim","floor":3.0},{"not_picked":["Stack","Coolheaded"],"picked":"aspiration:Polymerization","floor":4.0},{"not_picked":["Storm","Conserve Battery"],"picked":"Ball Lightning","floor":5.0},{"not_picked":["Beam Cell","Panic Button","Stack"],"picked":"SKIP","floor":7.0},{"not_picked":["Ball Lightning","Barrage"],"picked":"Crystallizer","floor":10},{"not_picked":["Panic Button","ReplaySolidLightProjector"],"picked":"Genetic Algorithm","floor":11},{"not_picked":["Stack","BasicCrystalCard","Steam"],"picked":"SKIP","floor":13},{"not_picked":["Hologram","Go for the Eyes"],"picked":"Glacier","floor":14}],"player_experience":273204,"relics_obtained":[{"floor":1.0,"key":"LetterFromLob"},{"floor":1.0,"key":"LetterFromLob"},{"floor":7.0,"key":"aspiration:ChemicalBlood"}],"event_choices":[{"cards_removed":["Dualcast"],"damage_healed":0.0,"max_hp_gain":0.0,"max_hp_loss":0.0,"gold_gain":0.0,"event_name":"Bonfire Elementals","player_choice":"Offered Basic","floor":2.0,"gold_loss":0.0,"damage_taken":0.0}],"is_beta":false,"boss_relics":[],"items_purged_floors":[],"is_endless":false,"potions_floor_spawned":[3,4,10,11],"killed_by":"Fading Forest","ascension_level":1}}