{"host":"ojme7g6xlqwffsso","time":1610816394,"event":{"mods":["BaseMod","Downfall","Minty Spire (QoL Compilation)","Shop Mod","StSLib"],"gold_per_floor":[99,4,17,36,53,87,87,97,114,125,58,92,92,4,22,125,125,25,39,57,76,61,61,61,61,80,96,96,122,22,48,64,64,64],"floor_reached":33,"language":"ENG","playtime":2030,"items_purged":[],"score":351,"play_id":"48ba2589-3c8c-4110-aa3d-c8388c677866","local_time":"20210117015954","is_ascension_mode":false,"campfire_choices":[{"data":"bronze:Goto","floor":1.0,"key":"SMITH"},{"floor":13.0,"key":"REST"},{"data":"bronze:BuggyMess","floor":18,"key":"SMITH"},{"data":"bronze:Replicate","floor":23,"key":"SMITH"},{"floor":30,"key":"RECALL"}],"circlet_count":0,"master_deck":["bronze:Strike","bronze:Strike","bronze:Strike","bronze:Strike","bronze:Defend","bronze:Defend","bronze:Defend","bronze:Defend","bronze:Replicate+1","bronze:Goto+1","bronze:DelayedSlice","bronze:Repulsor","bronze:Flail","bronze:Iterate","bronze:WhirlingStrike","bronze:Frontload","bronze:DarkDash","bronze:OilSpill","bronze:FineTuning","bronze:CutThrough","bronze:BuggyMess+1","bronze:Safeguard","bronze:Shell","bronze:Format","bronze:BugBarrage","bronze:CloningBeam","bronze:Boost+1","bronze:GetLatest","bronze:Shield"],"relics":["bronze:BronzeCore","CaptainsWheel","Matryoshka","SlaversCollar","downfall:HeartBlessingGreen","Toy Ornithopter","Lantern","Ornamental Fan","downfall:HeartBlessingBlue","StoneCalendar"],"acts_visited":["Exordium","TheCity"],"potions_floor_usage":[16,16,16,20,21,27,31],"damage_taken":[{"damage":5.0,"enemies":"downfall:FleeingMerchant","floor":2.0,"turns":4.0},{"damage":0.0,"enemies":"Cultist","floor":3.0,"turns":3.0},{"damage":2.0,"enemies":"2 Louse","floor":4.0,"turns":2.0},{"damage":6.0,"enemies":"Jaw Worm","floor":5.0,"turns":2.0},{"damage":31.0,"enemies":"3 Sentries","floor":6.0,"turns":7.0},{"damage":1.0,"enemies":"Red Slaver","floor":8.0,"turns":3.0},{"damage":7.0,"enemies":"Blue Slaver","floor":9.0,"turns":4.0},{"damage":0.0,"enemies":"Gremlin Gang","floor":10.0,"turns":2.0},{"damage":2.0,"enemies":"downfall:FleeingMerchant","floor":11.0,"turns":4.0},{"damage":0.0,"enemies":"Lagavulin","floor":12.0,"turns":4.0},{"damage":11.0,"enemies":"downfall:FleeingMerchant","floor":14.0,"turns":4.0},{"damage":12,"enemies":"Blue Slaver","floor":15,"turns":2},{"damage":1,"enemies":"WA_ARCHETYPE_RETAIN","floor":16,"turns":4},{"damage":18,"enemies":"Spheric Guardian","floor":19,"turns":8},{"damage":0,"enemies":"Chosen","floor":20,"turns":4},{"damage":8,"enemies":"Sentry and Sphere","floor":21,"turns":6},{"damage":4,"enemies":"downfall:FleeingMerchant","floor":22,"turns":4},{"damage":23,"enemies":"Chosen and Byrds","floor":26,"turns":7},{"damage":7,"enemies":"Snecko","floor":27,"turns":9},{"damage":28,"enemies":"Slavers","floor":29,"turns":7},{"damage":45,"enemies":"Gremlin Leader","floor":31,"turns":6},{"damage":9,"enemies":"Sentry and Sphere","floor":32,"turns":7},{"damage":13,"enemies":"DF_ARCHETYPE_CLAW","floor":33,"turns":5}],"seed_played":"-1908251611071560158","potions_obtained":[{"floor":0.0,"key":"Strength Potion"},{"floor":0.0,"key":"Weak Potion"},{"floor":0.0,"key":"SpeedPotion"},{"floor":6.0,"key":"Guardian:BlockOnCardUsePotion"},{"floor":10.0,"key":"LiquidMemories"},{"floor":12.0,"key":"SneckoOil"},{"floor":16,"key":"Energy Potion"},{"floor":19,"key":"Block Potion"},{"floor":21,"key":"Energy Potion"},{"floor":29,"key":"LiquidBronze"}],"is_trial":false,"path_per_floor":["R","$","M","M","M","E","T","M","M","M","$","E","R","$","M","B",null,"R","M","M","M","$","R","T","?","M","M","?","E","R","E","M","B"],"character_chosen":"THE_AUTOMATON","items_purchased":["bronze:Repulsor","bronze:BuggyMess","bronze:Shell"],"campfire_rested":1,"item_purchase_floors":[2,11,14],"current_hp_per_floor":[70,65,65,63,57,26,26,25,18,18,16,16,37,26,14,13,70,70,52,52,44,40,40,40,40,17,15,80,52,62,22,13,0,0],"gold":64,"neow_bonus":"THREE_SMALL_POTIONS","is_daily":false,"chose_seed":false,"campfire_upgraded":3,"win_rate":0.0,"timestamp":1610816394,"path_taken":["R","?","M","M","M","E","T","M","M","?","$","E","R","$","M","BOSS","R","M","M","M","$","R","T","?","M","M","?","E","R","E","M","BOSS"],"items_purchased_type":["Card","Card","Card"],"build_version":"2020-12-22","purchased_purges":0,"victory":false,"max_hp_per_floor":[70,70,70,70,70,70,70,70,70,70,70,70,70,70,70,70,70,70,70,70,70,70,70,70,70,70,70,80,80,90,90,90,90,90],"card_choices":[{"not_picked":["bronze:Frontload","bronze:WhirlingStrike"],"picked":"bronze:DelayedSlice","floor":2.0},{"not_picked":["bronze:Return","bronze:Assembly"],"picked":"bronze:Flail","floor":3.0},{"not_picked":["bronze:Invalidate","bronze:WildBeam"],"picked":"bronze:Iterate","floor":4.0},{"not_picked":["bronze:BitShift","bronze:Overheat"],"picked":"bronze:WhirlingStrike","floor":5.0},{"not_picked":["bronze:ForLoop","bronze:OilSpill"],"picked":"bronze:Frontload","floor":6.0},{"not_picked":["bronze:Philosophize","bronze:Shell"],"picked":"bronze:DarkDash","floor":8.0},{"not_picked":["bronze:Frontload","bronze:Backtrace"],"picked":"bronze:OilSpill","floor":9.0},{"not_picked":["bronze:Shield","bronze:Frontload"],"picked":"bronze:FineTuning","floor":10.0},{"not_picked":["bronze:DelayedSlice","bronze:Allocate"],"picked":"bronze:CutThrough","floor":11.0},{"not_picked":["bronze:BitShift","bronze:Deprecate","bronze:Backtrace"],"picked":"SKIP","floor":12.0},{"not_picked":["bronze:Iterate","bronze:BugBarrage"],"picked":"bronze:Safeguard","floor":14.0},{"not_picked":["bronze:ItsAFeature","bronze:ChosenStrike"],"picked":"bronze:AlphaBuild","floor":15},{"not_picked":["bronze:FindAndReplace","bronze:Verify"],"picked":"bronze:Format","floor":16},{"not_picked":["bronze:Invalidate","bronze:Branch+1"],"picked":"bronze:BugBarrage","floor":19},{"not_picked":["bronze:BugBarrage","bronze:BitShift+1","bronze:Branch"],"picked":"SKIP","floor":20},{"not_picked":["bronze:Deprecate","bronze:BitShift","bronze:AlphaBuild"],"picked":"SKIP","floor":21},{"not_picked":["bronze:Iterate+1","bronze:BugBarrage"],"picked":"bronze:CloningBeam","floor":22},{"not_picked":["bronze:Flail+1","bronze:FollowUp","bronze:FineTuning"],"picked":"SKIP","floor":26},{"not_picked":["bronze:Deprecate","bronze:BuggyMess"],"picked":"bronze:Boost+1","floor":27},{"not_picked":["bronze:Format","bronze:Flail","bronze:CloningBeam"],"picked":"SKIP","floor":29},{"not_picked":["bronze:CleanCode","bronze:WhirlingStrike+1"],"picked":"bronze:GetLatest","floor":31},{"not_picked":["bronze:CutThrough","bronze:BronzeArmor"],"picked":"bronze:Shield","floor":32}],"player_experience":862107,"relics_obtained":[{"floor":6.0,"key":"CaptainsWheel"},{"floor":12.0,"key":"Matryoshka"},{"floor":24,"key":"Toy Ornithopter"},{"floor":24,"key":"Lantern"},{"floor":29,"key":"Ornamental Fan"},{"floor":31,"key":"StoneCalendar"}],"event_choices":[],"is_beta":false,"boss_relics":[{"not_picked":["Busted Crown","Runic Pyramid"],"picked":"SlaversCollar"}],"items_purged_floors":[],"is_endless":false,"potions_floor_spawned":[6,10,12,15,16,19,21,29],"killed_by":"DF_ARCHETYPE_CLAW","ascension_level":0}}