{"host":"c6u7e77myxvw4d0m","time":1610825169,"event":{"mods":["AchievementEnabler","BaseMod","Bestiary","Colored Map","Colored Powertips","Minty Spire (QoL Compilation)","Rare Cards Sparkle","Relic Stats","everything is the same but u backflip on backflip"],"gold_per_floor":[115,135,209,228,239,267,267,299,299,374,56,56,56,391,391,467,467,478,106,106,122,136,136,171,171,171,171,171,183,183,217,217,295,295,313,313,313,38,51,76,90,119,145,145,158,186,206,225,225,225],"floor_reached":51,"language":"ENG","playtime":3688,"items_purged":["Strike_G","Strike_G"],"score":1613,"play_id":"663c7e63-3e0b-415b-885e-b9f64bcc3957","local_time":"20210116212609","is_ascension_mode":true,"campfire_choices":[{"floor":12.0,"key":"REST"},{"data":"Cloak And Dagger","floor":15.0,"key":"SMITH"},{"floor":23.0,"key":"REST"},{"data":"Terror","floor":25.0,"key":"SMITH"},{"floor":28.0,"key":"REST"},{"data":"After Image","floor":30.0,"key":"SMITH"},{"data":"Dagger Spray","floor":32.0,"key":"SMITH"},{"data":"A Thousand Cuts","floor":44,"key":"SMITH"},{"floor":49,"key":"REST"}],"circlet_count":0,"master_deck":["AscendersBane","Strike_G+1","Strike_G+1","Defend_G+1","Defend_G+1","Defend_G+1","Defend_G+1","Survivor","Neutralize","Blade Dance","Backflip","Flying Knee","Infinite Blades","Finisher","Corpse Explosion","Backstab","Cloak And Dagger+1","Footwork","Dagger Spray+1","Phantasmal Killer","PiercingWail","Endless Agony","Blade Dance","PiercingWail","Predator","Prepared","Terror+1","After Image+1","Leg Sweep","Wraith Form v2","Dark Shackles","Dramatic Entrance","Panacea","Footwork","Cloak And Dagger+1","Blade Dance+1","A Thousand Cuts+1","Cloak And Dagger+1","Accuracy","Accuracy"],"relics":["HoveringKite","Shuriken","Question Card","Sundial","Regal Pillow","Happy Flower","Old Coin","Empty Cage","Toolbox","Dream Catcher","White Beast Statue","Bottled Flame","Runic Pyramid","Orichalcum","Mummified Hand","TungstenRod","Akabeko","StrikeDummy"],"acts_visited":["Exordium","TheCity","TheBeyond"],"potions_floor_usage":[42],"damage_taken":[{"damage":4.0,"enemies":"Cultist","floor":1.0,"turns":5.0},{"damage":0.0,"enemies":"Small Slimes","floor":2.0,"turns":3.0},{"damage":2.0,"enemies":"Jaw Worm","floor":4.0,"turns":5.0},{"damage":4.0,"enemies":"Large Slime","floor":5.0,"turns":6.0},{"damage":7.0,"enemies":"3 Sentries","floor":6.0,"turns":8.0},{"damage":25.0,"enemies":"Gremlin Nob","floor":8.0,"turns":4.0},{"damage":0.0,"enemies":"3 Sentries","floor":14.0,"turns":3.0},{"damage":0.0,"enemies":"Slime Boss","floor":16.0,"turns":5.0},{"damage":9.0,"enemies":"Shell Parasite","floor":18.0,"turns":5.0},{"damage":0.0,"enemies":"3 Byrds","floor":21.0,"turns":3.0},{"damage":24.0,"enemies":"Snake Plant","floor":22.0,"turns":4.0},{"damage":27.0,"enemies":"Gremlin Leader","floor":24.0,"turns":3.0},{"damage":0.0,"enemies":"Snecko","floor":29.0,"turns":2.0},{"damage":9.0,"enemies":"Book of Stabbing","floor":31.0,"turns":4.0},{"damage":33.0,"enemies":"Collector","floor":33.0,"turns":6.0},{"damage":0.0,"enemies":"Orb Walker","floor":35.0,"turns":2.0},{"damage":0.0,"enemies":"3 Darklings","floor":39.0,"turns":4.0},{"damage":0.0,"enemies":"Reptomancer","floor":40.0,"turns":5.0},{"damage":26.0,"enemies":"Spire Growth","floor":41.0,"turns":6.0},{"damage":0,"enemies":"Giant Head","floor":42,"turns":6},{"damage":1,"enemies":"4 Shapes","floor":45,"turns":3},{"damage":16,"enemies":"Reptomancer","floor":46,"turns":4},{"damage":1,"enemies":"Writhing Mass","floor":47,"turns":5},{"damage":0,"enemies":"3 Darklings","floor":48,"turns":5},{"damage":25,"enemies":"Donu and Deca","floor":50,"turns":5}],"seed_played":"1406309816991799788","potions_obtained":[{"floor":2.0,"key":"EntropicBrew"},{"floor":8.0,"key":"Regen Potion"},{"floor":14.0,"key":"LiquidBronze"},{"floor":16.0,"key":"Strength Potion"},{"floor":29.0,"key":"Fruit Juice"},{"floor":31.0,"key":"GhostInAJar"},{"floor":35.0,"key":"Explosive Potion"},{"floor":41.0,"key":"Regen Potion"},{"floor":42,"key":"Fire Potion"},{"floor":46,"key":"Fire Potion"}],"is_trial":false,"path_per_floor":["M","M","T","M","M","E","?","E","T","?","$","R","$","E","R","B",null,"M","$","?","M","M","R","E","R","T","?","R","M","R","E","R","B",null,"M","?","?","$","M","E","M","E","T","R","M","E","M","M","R","B",null],"character_chosen":"THE_SILENT","items_purchased":["Backstab","Cloak And Dagger","Footwork","Block Potion","Endless Agony","Toolbox","Blade Dance","PiercingWail","Footwork","Orichalcum","SteroidPotion"],"campfire_rested":4,"item_purchase_floors":[11,11,11,11,19,19,19,19,38,38,38],"current_hp_per_floor":[55,55,55,53,49,57,52,27,27,16,16,50,50,59,59,59,64,55,55,55,55,31,65,38,38,38,38,66,66,66,62,62,29,61,61,51,51,51,51,51,25,40,40,40,39,23,22,22,57,32],"gold":225,"neow_bonus":"BOSS_RELIC","is_daily":false,"chose_seed":false,"campfire_upgraded":5,"win_rate":0.0,"timestamp":1610825169,"path_taken":["M","M","?","?","M","E","?","E","T","?","$","R","?","E","R","BOSS","M","$","?","M","M","R","E","R","T","?","R","M","R","E","R","BOSS","M","?","?","$","M","E","M","E","T","R","M","E","M","M","R","BOSS"],"items_purchased_type":["Card","Card","Card","Potion","Card","Relic","Card","Card","Card","Relic","Potion"],"build_version":"2020-12-22","purchased_purges":2,"victory":true,"max_hp_per_floor":[66,66,66,66,66,66,66,66,66,66,66,66,66,66,66,66,66,66,66,66,66,66,66,66,66,66,66,66,66,66,71,71,71,71,71,71,67,67,67,67,67,67,67,67,67,67,67,67,67,67],"relic_stats":{"Regal Pillow":54,"Dream Catcher":2,"Happy Flower":[26],"counters":[25,111],"Shuriken":[85],"Sundial":[2],"Mummified Hand":[34],"HoveringKite":[23],"Orichalcum":[18],"Question Card":24,"obtain_stats":[{"Regal Pillow":8,"Happy Flower":9,"HoveringKite":0,"Orichalcum":38,"Question Card":6,"Empty Cage":17,"White Beast Statue":26,"Akabeko":43,"Old Coin":14,"Dream Catcher":24,"Bottled Flame":31,"Shuriken":3,"Sundial":7,"Mummified Hand":40,"Toolbox":19,"StrikeDummy":46,"TungstenRod":42,"Ring of the Snake":0,"Runic Pyramid":34},{"Regal Pillow":6,"Happy Flower":6,"HoveringKite":0,"Orichalcum":16,"Question Card":5,"Empty Cage":8,"White Beast Statue":12,"Akabeko":20,"Old Coin":7,"Dream Catcher":12,"Bottled Flame":14,"Shuriken":2,"Sundial":5,"Mummified Hand":18,"Toolbox":9,"StrikeDummy":22,"TungstenRod":20,"Ring of the Snake":0,"Runic Pyramid":15},{"Regal Pillow":31,"Happy Flower":31,"HoveringKite":0,"Orichalcum":68,"Question Card":27,"Empty Cage":39,"White Beast Statue":54,"Akabeko":89,"Old Coin":34,"Dream Catcher":54,"Bottled Flame":60,"Shuriken":8,"Sundial":27,"Mummified Hand":77,"Toolbox":44,"StrikeDummy":96,"TungstenRod":89,"Ring of the Snake":0,"Runic Pyramid":66}],"TungstenRod":7},"card_choices":[{"not_picked":["Deadly Poison","Endless Agony"],"picked":"Blade Dance","floor":1.0},{"not_picked":["Expertise","Prepared"],"picked":"Backflip","floor":2.0},{"not_picked":["Cloak And Dagger","Sucker Punch"],"picked":"Flying Knee","floor":4.0},{"not_picked":["Sucker Punch","Quick Slash"],"picked":"Infinite Blades","floor":5.0},{"not_picked":["Tools of the Trade","Acrobatics"],"picked":"Finisher","floor":6.0},{"not_picked":["Bouncing Flask","Bane","Flying Knee"],"picked":"Corpse Explosion","floor":8.0},{"not_picked":["Grand Finale","Backflip","Acrobatics"],"picked":"Dagger Spray","floor":14.0},{"not_picked":["Envenom","Unload","Corpse Explosion"],"picked":"Phantasmal Killer","floor":16.0},{"not_picked":["Prepared","Acrobatics","Heel Hook"],"picked":"PiercingWail","floor":18.0},{"not_picked":["Eviscerate","Reflex","Tactician"],"picked":"Prepared","floor":21.0},{"not_picked":["Underhanded Strike","Deflect","Outmaneuver+1"],"picked":"Terror","floor":22.0},{"not_picked":["Acrobatics","Tactician","Sucker Punch"],"picked":"After Image","floor":24.0},{"not_picked":["Blade Dance","Deadly Poison","Dagger Throw","Quick Slash"],"picked":"SKIP","floor":29.0},{"not_picked":["Cloak And Dagger","Unload","Sucker Punch"],"picked":"Leg Sweep","floor":31.0},{"not_picked":["Corpse Explosion","Burst","Envenom"],"picked":"Wraith Form v2","floor":33.0},{"not_picked":["Sucker Punch","Dagger Spray","Dodge and Roll","Dash"],"picked":"SKIP","floor":35.0},{"not_picked":["Violence","Panacea","Blind"],"picked":"Dark Shackles","floor":36.0},{"not_picked":["Chrysalis","Impatience","Madness"],"picked":"Dramatic Entrance","floor":36.0},{"not_picked":["Transmutation","Forethought","The Bomb"],"picked":"Panacea","floor":36.0},{"not_picked":["Blade Dance","Eviscerate","Reflex"],"picked":"Cloak And Dagger+1","floor":39.0},{"not_picked":["Outmaneuver","Endless Agony","Well Laid Plans","Dagger Throw"],"picked":"SKIP","floor":40.0},{"not_picked":["PiercingWail","Dagger Spray","Deadly Poison"],"picked":"Blade Dance+1","floor":41.0},{"not_picked":["Deflect+1","Skewer+1","Finisher+1"],"picked":"A Thousand Cuts","floor":42},{"not_picked":["Dagger Throw","Bane","Poisoned Stab","Quick Slash"],"picked":"SKIP","floor":45},{"not_picked":["Cloak And Dagger","Slice","Deflect","Heel Hook+1"],"picked":"SKIP","floor":46},{"not_picked":["Cloak And Dagger","Slice","Deflect","Heel Hook+1"],"picked":"SKIP","floor":46},{"not_picked":["Sucker Punch","Flechettes+1","Masterful Stab"],"picked":"Cloak And Dagger+1","floor":47},{"not_picked":["Tactician","Dagger Spray","Predator"],"picked":"Accuracy","floor":48},{"not_picked":["Flechettes+1","Blur","Acrobatics"],"picked":"Accuracy","floor":49}],"player_experience":377103,"relics_obtained":[{"floor":3.0,"key":"Shuriken"},{"floor":6.0,"key":"Question Card"},{"floor":8.0,"key":"Regal Pillow"},{"floor":9.0,"key":"Happy Flower"},{"floor":14.0,"key":"Old Coin"},{"floor":24.0,"key":"Dream Catcher"},{"floor":26.0,"key":"White Beast Statue"},{"floor":31.0,"key":"Bottled Flame"},{"floor":40.0,"key":"Mummified Hand"},{"floor":42,"key":"TungstenRod"},{"floor":43,"key":"Akabeko"},{"floor":46,"key":"StrikeDummy"}],"event_choices":[{"damage_healed":0.0,"max_hp_gain":0.0,"max_hp_loss":0.0,"gold_gain":0.0,"event_name":"Scrap Ooze","player_choice":"Success","floor":7.0,"gold_loss":0.0,"damage_taken":5.0,"relics_obtained":["Sundial"]},{"damage_healed":0.0,"max_hp_gain":0.0,"max_hp_loss":0.0,"gold_gain":75.0,"event_name":"World of Goop","player_choice":"Gather Gold","floor":10.0,"gold_loss":0.0,"damage_taken":11.0},{"damage_healed":0.0,"max_hp_gain":0.0,"max_hp_loss":0.0,"gold_gain":0.0,"event_name":"The Library","player_choice":"Read","floor":20.0,"gold_loss":0.0,"damage_taken":0.0,"cards_obtained":["Predator"]},{"damage_healed":0.0,"max_hp_gain":0.0,"max_hp_loss":0.0,"gold_gain":0.0,"event_name":"Back to Basics","player_choice":"Simplicity","floor":27.0,"gold_loss":0.0,"damage_taken":0.0,"cards_upgraded":["Strike_G","Strike_G","Defend_G","Defend_G","Defend_G","Defend_G"]},{"damage_healed":0.0,"max_hp_gain":0.0,"max_hp_loss":0.0,"gold_gain":0.0,"event_name":"SensoryStone","player_choice":"Memory 3","floor":36.0,"gold_loss":0.0,"damage_taken":10.0},{"damage_healed":0.0,"max_hp_gain":0.0,"max_hp_loss":4.0,"gold_gain":0.0,"event_name":"Winding Halls","player_choice":"Max HP","floor":37.0,"gold_loss":0.0,"damage_taken":0.0}],"is_beta":false,"boss_relics":[{"not_picked":["Pandora\u0027s Box","SacredBark"],"picked":"Empty Cage"},{"not_picked":["Snecko Eye","Calling Bell"],"picked":"Runic Pyramid"}],"items_purged_floors":[11,19],"is_endless":false,"potions_floor_spawned":[2,8,14,16,18,21,29,31,33,35,39,40,41,42,45,46,47,48],"ascension_level":15}}