{"host":"f5y45f7z7ziu0smp","time":1610803794,"event":{"mods":["AchievementEnabler","BaseMod","Marisa£¨Ùöéë¡¡Øª×âÞÞ£©","Minty Spire (QoL Compilation)","Permanent Neow","Starting Relic: Pandora\u0027s Box","SuperFastMode","¡¼?Úª?ø«¡½REMEMod"],"gold_per_floor":[110,122,122,47,47,72,1,1,1,1,1,26,38,49,49,149,149,166,15,15,35,55,55,67,67,67,67,84,84,101,119,119,119,119],"floor_reached":33,"language":"KOR","playtime":758,"items_purged":["Perfected Strike"],"score":332,"play_id":"a3a5ab47-2f75-4227-bc79-16347d7bb8b4","local_time":"20210116222954","is_ascension_mode":false,"campfire_choices":[{"data":"Searing Blow","floor":8,"key":"SMITH"},{"data":"Searing Blow+1","floor":10,"key":"SMITH"},{"data":"Searing Blow+3","floor":15,"key":"SMITH"},{"data":"Searing Blow+4","floor":23,"key":"SMITH"},{"data":"Searing Blow+5","floor":25,"key":"SMITH"},{"data":"Searing Blow+6","floor":29,"key":"SMITH"},{"floor":32,"key":"RECALL"}],"circlet_count":0,"master_deck":["Bash","Battle Trance","Searing Blow+7","Inflame","Armaments","Pummel","Recycle+1","Flex","Brutality","Flex","Sword Boomerang","Clash","Limit Break","Heavy Blade","Decay","Clash","Twin Strike+1","Bloodletting"],"relics":["Pandora\u0027s Box","REME_ComplimentaryCards","Self Forming Clay","Art of War","Mango","Empty Cage","Brimstone","Prayer Wheel","Happy Flower"],"acts_visited":["Exordium","TheCity"],"potions_floor_usage":[31,31,33,33],"damage_taken":[{"damage":0,"enemies":"Cultist","floor":1,"turns":2},{"damage":2,"enemies":"2 Louse","floor":2,"turns":2},{"damage":16,"enemies":"3 Sentries","floor":6,"turns":5},{"damage":1,"enemies":"Gremlin Nob","floor":12,"turns":2},{"damage":0,"enemies":"Jaw Worm","floor":13,"turns":1},{"damage":0,"enemies":"Looter","floor":14,"turns":1},{"damage":2,"enemies":"Slime Boss","floor":16,"turns":3},{"damage":12,"enemies":"Chosen","floor":18,"turns":3},{"damage":0,"enemies":"Spheric Guardian","floor":21,"turns":1},{"damage":19,"enemies":"Shelled Parasite and Fungi","floor":22,"turns":2},{"damage":25,"enemies":"Centurion and Healer","floor":24,"turns":3},{"damage":3,"enemies":"Snecko","floor":28,"turns":2},{"damage":9,"enemies":"3 Cultists","floor":30,"turns":3},{"damage":20,"enemies":"Centurion and Healer","floor":31,"turns":2},{"damage":27,"enemies":"Automaton","floor":33,"turns":3}],"seed_played":"-4112558235129242248","potions_obtained":[{"floor":2,"key":"SpeedPotion"},{"floor":6,"key":"SteroidPotion"},{"floor":14,"key":"Fire Potion"},{"floor":30,"key":"BloodPotion"},{"floor":31,"key":"GamblersBrew"}],"is_trial":false,"path_per_floor":["M","M","?","$","?","E","$","R","T","R","?","E","M","M","R","B",null,"M","$","?","M","M","R","M","R","T","?","M","R","M","M","R","B"],"character_chosen":"IRONCLAD","items_purchased":["Flex","Sword Boomerang","Brimstone"],"campfire_rested":0,"item_purchase_floors":[7,7,19],"current_hp_per_floor":[80,78,66,66,59,43,43,43,43,43,43,56,56,56,56,54,94,82,82,82,82,63,63,38,38,38,38,35,35,26,24,24,0,0],"gold":119,"neow_bonus":"UPGRADE_CARD","is_daily":false,"chose_seed":false,"campfire_upgraded":6,"win_rate":0.0,"timestamp":1610803794,"path_taken":["M","?","?","?","?","E","$","R","T","R","?","E","M","M","R","BOSS","M","$","?","M","?","R","M","R","T","?","M","R","M","M","R","BOSS"],"items_purchased_type":["Card","Card","Relic"],"build_version":"2020-12-22","purchased_purges":1,"victory":false,"max_hp_per_floor":[80,80,80,80,80,80,80,80,80,80,80,94,94,94,94,94,94,94,94,94,94,94,94,94,94,94,94,94,94,94,94,94,94,94],"card_choices":[{"not_picked":["Iron Wave","Armaments","Clothesline"],"picked":"SKIP","floor":1},{"not_picked":["Dark Embrace","Pommel Strike"],"picked":"Flex","floor":2},{"not_picked":["Metallicize","Ghostly Armor"],"picked":"Brutality","floor":6},{"not_picked":["Pommel Strike","Thunderclap"],"picked":"Clash","floor":12},{"not_picked":["Whirlwind","Iron Wave","Hemokinesis"],"picked":"SKIP","floor":13},{"not_picked":["Armaments","REME_SingleHolding","Warcry"],"picked":"SKIP","floor":14},{"not_picked":["Bludgeon","Corruption"],"picked":"Limit Break","floor":16},{"not_picked":["Flex","Headbutt"],"picked":"Heavy Blade","floor":18},{"not_picked":["Heavy Blade","Wild Strike"],"picked":"Clash","floor":21},{"not_picked":["Battle Trance","Searing Blow"],"picked":"Twin Strike+1","floor":22},{"not_picked":["Berserk","Clothesline","Perfected Strike"],"picked":"SKIP","floor":24},{"not_picked":["Twin Strike+1","Thunderclap"],"picked":"Bloodletting","floor":28},{"not_picked":["Power Through+1","Pommel Strike","Uppercut"],"picked":"SKIP","floor":28},{"not_picked":["Uppercut","Flex","Reckless Charge"],"picked":"SKIP","floor":30},{"not_picked":["Pummel","Rampage+1","Shrug It Off+1"],"picked":"SKIP","floor":30},{"not_picked":["True Grit","Iron Wave","Pommel Strike"],"picked":"SKIP","floor":31},{"not_picked":["Headbutt","Clothesline+1","Iron Wave"],"picked":"SKIP","floor":31}],"player_experience":116728,"relics_obtained":[{"floor":6,"key":"Art of War"},{"floor":12,"key":"Mango"},{"floor":26,"key":"Prayer Wheel"}],"event_choices":[{"damage_healed":0,"gold_gain":0,"player_choice":"Success","damage_taken":12,"relics_obtained":["Self Forming Clay"],"max_hp_gain":0,"max_hp_loss":0,"event_name":"Scrap Ooze","floor":3,"gold_loss":0},{"cards_removed":["Headbutt"],"damage_healed":0,"gold_gain":0,"player_choice":"Card Removal","damage_taken":7,"max_hp_gain":0,"max_hp_loss":0,"event_name":"Golden Wing","floor":5,"gold_loss":0},{"damage_healed":0,"gold_gain":0,"player_choice":"Grow","damage_taken":0,"max_hp_gain":0,"max_hp_loss":0,"event_name":"Living Wall","floor":11,"gold_loss":0,"cards_upgraded":["Searing Blow"]},{"damage_healed":0,"gold_gain":0,"player_choice":"Cursed","damage_taken":0,"max_hp_gain":0,"max_hp_loss":0,"event_name":"Wheel of Change","floor":20,"gold_loss":0,"cards_obtained":["Decay"]},{"damage_healed":0,"gold_gain":0,"player_choice":"Opened","damage_taken":0,"relics_obtained":["Happy Flower"],"max_hp_gain":0,"max_hp_loss":0,"event_name":"The Mausoleum","floor":27,"gold_loss":0}],"is_beta":false,"boss_relics":[{"not_picked":["Velvet Choker","Astrolabe"],"picked":"Empty Cage"}],"items_purged_floors":[4],"is_endless":false,"potions_floor_spawned":[2,6,14,16,21,30,31],"killed_by":"Automaton","ascension_level":0}}