{"host":"63yhhrjweyj22b0v","time":1610784346,"event":{"mods":["BaseMod","Minty Spire (QoL Compilation)","Quick Restart"],"gold_per_floor":[119,119,69,87,162,193,193,205,205,215,215,250,260,275,275,375,375,386,396,14,14,14,14,47,66,90,90,90,90,107,122,122,224,224,234,50,50,50,63,63,63,76,76,76,76],"floor_reached":44,"language":"ENG","playtime":1534,"items_purged":["Defend_B","Strike_B"],"score":463,"play_id":"6144bb64-e9ab-457e-b487-ed23d013b148","local_time":"20210116020546","is_ascension_mode":false,"campfire_choices":[{"data":"Zap","floor":7,"key":"SMITH"},{"floor":15,"key":"REST"},{"floor":23,"key":"REST"},{"floor":27,"key":"REST"},{"data":"Redo","floor":29,"key":"SMITH"},{"data":"Loop","floor":32,"key":"SMITH"},{"floor":40,"key":"REST"}],"circlet_count":0,"master_deck":["Strike_B","Strike_B","Strike_B","Defend_B","Defend_B","Zap+1","Dualcast","Glacier","Ball Lightning","Redo+1","Double Energy","White Noise+1","Rainbow","Chaos","Thunder Strike","Conserve Battery","Conserve Battery+1","Capacitor","Loop+1","Reinforced Body+1","White Noise+1","Capacitor","Redo","Sweeping Beam+1"],"relics":["Cracked Core","NeowsBlessing","Turnip","Bottled Lightning","The Courier","Nunchaku","Nuclear Battery","Mummified Hand","HornCleat","Pocketwatch","Darkstone Periapt"],"acts_visited":["Exordium","TheCity","TheBeyond"],"potions_floor_usage":[12,13,14,24,25,31,37,39,44],"damage_taken":[{"damage":0,"enemies":"Cultist","floor":1,"turns":1},{"damage":0,"enemies":"Small Slimes","floor":4,"turns":1},{"damage":0,"enemies":"3 Sentries","floor":6,"turns":1},{"damage":7,"enemies":"2 Louse","floor":8,"turns":2},{"damage":1,"enemies":"2 Fungi Beasts","floor":10,"turns":3},{"damage":15,"enemies":"Lagavulin","floor":12,"turns":5},{"damage":19,"enemies":"Gremlin Gang","floor":13,"turns":4},{"damage":3,"enemies":"Large Slime","floor":14,"turns":4},{"damage":29,"enemies":"The Guardian","floor":16,"turns":11},{"damage":8,"enemies":"Shell Parasite","floor":18,"turns":3},{"damage":29,"enemies":"2 Thieves","floor":19,"turns":5},{"damage":10,"enemies":"Gremlin Leader","floor":24,"turns":5},{"damage":0,"enemies":"Snecko","floor":25,"turns":5},{"damage":2,"enemies":"Snake Plant","floor":30,"turns":3},{"damage":6,"enemies":"Centurion and Healer","floor":31,"turns":6},{"damage":16,"enemies":"Champ","floor":33,"turns":7},{"damage":45,"enemies":"3 Shapes","floor":35,"turns":4},{"damage":19,"enemies":"3 Darklings","floor":39,"turns":5},{"damage":24,"enemies":"Sphere and 2 Shapes","floor":42,"turns":6},{"damage":45,"enemies":"4 Shapes","floor":44,"turns":3}],"seed_played":"7160913354300632122","potions_obtained":[{"floor":6,"key":"FearPotion"},{"floor":8,"key":"FearPotion"},{"floor":10,"key":"Energy Potion"},{"floor":14,"key":"Ancient Potion"},{"floor":16,"key":"FocusPotion"},{"floor":19,"key":"EssenceOfDarkness"},{"floor":24,"key":"LiquidBronze"},{"floor":33,"key":"PotionOfCapacity"},{"floor":37,"key":"Fruit Juice"},{"floor":37,"key":"Fire Potion"},{"floor":42,"key":"Regen Potion"}],"is_trial":false,"path_per_floor":["M","?","?","M","?","E","R","M","T","M","?","E","M","M","R","B",null,"M","M","$","?","$","R","E","M","T","R","?","R","M","M","R","B",null,"M","$","?","$","M","R","?","M","T","M"],"character_chosen":"DEFECT","items_purchased":["Mummified Hand","Capacitor","Loop","Capacitor","Redo"],"campfire_rested":4,"item_purchase_floors":[20,20,20,36,36],"current_hp_per_floor":[75,68,68,68,57,57,57,50,50,49,49,34,15,12,34,5,75,67,38,38,38,38,60,50,50,50,72,72,72,70,64,64,48,75,30,30,35,35,16,40,40,16,16,0,0],"gold":76,"neow_bonus":"THREE_ENEMY_KILL","is_daily":false,"chose_seed":false,"campfire_upgraded":3,"win_rate":0.0,"timestamp":1610784346,"path_taken":["M","?","?","M","?","E","R","M","T","M","?","E","?","M","R","BOSS","M","M","$","?","?","R","E","M","T","R","?","R","M","?","R","BOSS","M","$","?","$","?","R","?","M","T","M"],"items_purchased_type":["Relic","Card","Card","Card","Card"],"build_version":"2020-12-22","purchased_purges":2,"victory":false,"max_hp_per_floor":[75,75,75,75,75,75,75,75,75,75,75,75,75,75,75,75,75,75,75,75,75,75,75,75,75,75,75,75,75,75,75,75,75,75,75,75,80,80,80,80,80,80,80,80,80],"card_choices":[{"not_picked":["Cold Snap","Aggregate"],"picked":"Glacier","floor":1},{"not_picked":["Blizzard","Sweeping Beam"],"picked":"Ball Lightning","floor":4},{"not_picked":["Scrape","Beam Cell"],"picked":"Redo","floor":6},{"not_picked":["Undo","Steam"],"picked":"Double Energy","floor":8},{"not_picked":["Steam","Force Field"],"picked":"White Noise","floor":10},{"not_picked":["Rebound","Auto Shields"],"picked":"Rainbow","floor":12},{"not_picked":["Stack","Barrage"],"picked":"Chaos","floor":13},{"not_picked":["Turbo","Barrage","Coolheaded"],"picked":"SKIP","floor":14},{"not_picked":["Core Surge","Meteor Strike"],"picked":"Thunder Strike","floor":16},{"not_picked":["Coolheaded","Turbo"],"picked":"Conserve Battery","floor":18},{"not_picked":["Steam","Stack+1"],"picked":"Conserve Battery+1","floor":19},{"not_picked":["Undo","Gash","Go for the Eyes"],"picked":"SKIP","floor":24},{"not_picked":["Streamline","Stack+1","Coolheaded"],"picked":"SKIP","floor":25},{"not_picked":["Chaos+1","Conserve Battery"],"picked":"Reinforced Body+1","floor":30},{"not_picked":["Rebound","Streamline","Hologram+1"],"picked":"SKIP","floor":31},{"not_picked":["Barrage+1","Leap+1"],"picked":"White Noise+1","floor":35},{"not_picked":["Rebound+1","Hologram+1","Ball Lightning"],"picked":"SKIP","floor":39},{"not_picked":["Leap","Stack"],"picked":"Sweeping Beam+1","floor":42}],"player_experience":584398,"relics_obtained":[{"floor":6,"key":"Bottled Lightning"},{"floor":9,"key":"The Courier"},{"floor":12,"key":"Nunchaku"},{"floor":24,"key":"HornCleat"},{"floor":28,"key":"Pocketwatch"},{"floor":43,"key":"Darkstone Periapt"}],"event_choices":[{"damage_healed":0,"gold_gain":0,"player_choice":"Success","damage_taken":7,"relics_obtained":["Turnip"],"max_hp_gain":0,"max_hp_loss":0,"event_name":"Scrap Ooze","floor":2,"gold_loss":0},{"cards_removed":["Defend_B"],"damage_healed":0,"gold_gain":0,"player_choice":"Card Removal","damage_taken":0,"max_hp_gain":0,"max_hp_loss":0,"event_name":"The Cleric","floor":3,"gold_loss":50},{"damage_healed":0,"gold_gain":75,"player_choice":"Gather Gold","damage_taken":11,"max_hp_gain":0,"max_hp_loss":0,"event_name":"World of Goop","floor":5,"gold_loss":0},{"damage_healed":0,"gold_gain":0,"player_choice":"Forge","damage_taken":0,"max_hp_gain":0,"max_hp_loss":0,"event_name":"Accursed Blacksmith","floor":11,"gold_loss":0,"cards_upgraded":["White Noise"]},{"damage_healed":0,"gold_gain":0,"player_choice":"Ignored","damage_taken":0,"max_hp_gain":0,"max_hp_loss":0,"event_name":"NoteForYourself","floor":21,"gold_loss":0},{"damage_healed":0,"gold_gain":0,"player_choice":"Relic","damage_taken":0,"max_hp_gain":0,"max_hp_loss":0,"event_name":"Wheel of Change","floor":28,"gold_loss":0},{"damage_healed":0,"gold_gain":0,"player_choice":"Got Potions","damage_taken":0,"max_hp_gain":0,"max_hp_loss":0,"event_name":"Lab","floor":37,"gold_loss":0},{"damage_healed":0,"gold_gain":0,"player_choice":"Ignored","damage_taken":0,"max_hp_gain":0,"max_hp_loss":0,"event_name":"Mysterious Sphere","floor":41,"gold_loss":0}],"is_beta":false,"boss_relics":[{"not_picked":["Coffee Dripper","Astrolabe"],"picked":"Nuclear Battery"},{"not_picked":["Sozu","Runic Dome","Runic Pyramid"]}],"items_purged_floors":[20,36],"is_endless":false,"potions_floor_spawned":[6,8,10,14,16,19,24,33,42],"killed_by":"4 Shapes","ascension_level":0}}