{"host":"dftyqn972q7tuon4","time":1610823698,"event":{"mods":["AchievementEnabler","BaseMod","Better Altar","Better Match","Better Note","Better Sensory Stone","Better Skull","Better Third Choice","Colored Powertips","Highlight Path","Minty Spire (QoL Compilation)","Permanent Neow","Quick Restart","StSLib"],"gold_per_floor":[111,60,76,89,104,133,133,163,236,236,264,276,276,290,290,390,390,400,137,187,35,52,52,69,69,149,182,194,194,223,239,239,340,340,354,369,369,72,72,72,100,100,100,100,0,18,48,65,65,65],"floor_reached":51,"language":"ENG","playtime":2395,"items_purged":["Strike_R","Strike_R"],"score":1109,"play_id":"dcf54ceb-4483-468d-9ffd-6bdede12049c","local_time":"20210116200138","is_ascension_mode":true,"campfire_choices":[{"data":"1","floor":7.0,"key":"LIFT"},{"data":"2","floor":13.0,"key":"LIFT"},{"data":"3","floor":15.0,"key":"LIFT"},{"data":"Limit Break","floor":23.0,"key":"SMITH"},{"floor":29.0,"key":"REST"},{"floor":32,"key":"REST"},{"data":"Mayhem","floor":40,"key":"SMITH"},{"floor":42,"key":"REST"},{"data":"Rupture","floor":44,"key":"SMITH"},{"floor":49,"key":"REST"}],"circlet_count":0,"master_deck":["Strike_R","Strike_R","Defend_R","Defend_R","Defend_R","Defend_R","Bash","Limit Break+1","Sword Boomerang+1","Headbutt+1","Disarm+1","Infernal Blade","Spot Weakness","Pummel","Intimidate","Shrug It Off","Brutality","Armaments+1","Mayhem+1","Pummel+1","Ghostly Armor","Demon Form","Rupture+1","Heavy Blade+1","Flame Barrier+1","Body Slam+1","Impervious","Pommel Strike+1","Sword Boomerang+1","Reaper+1","Reaper+1","Combust+1","Impervious"],"relics":["Burning Blood","Girya","Omamori","Bottled Lightning","Regal Pillow","Cursed Key","Pen Nib","Matryoshka","Molten Egg 2","Self Forming Clay","Black Star","DollysMirror","Toy Ornithopter","Ancient Tea Set","War Paint","Mercury Hourglass","Whetstone","Turnip"],"acts_visited":["Exordium","TheCity","TheBeyond"],"potions_floor_usage":[33,41,50,50],"damage_taken":[{"damage":7.0,"enemies":"Small Slimes","floor":1.0,"turns":4.0},{"damage":1.0,"enemies":"Cultist","floor":3.0,"turns":3.0},{"damage":0.0,"enemies":"2 Louse","floor":4.0,"turns":3.0},{"damage":11.0,"enemies":"Blue Slaver","floor":5.0,"turns":5.0},{"damage":31.0,"enemies":"Gremlin Nob","floor":6.0,"turns":5.0},{"damage":26.0,"enemies":"Lagavulin","floor":11.0,"turns":5.0},{"damage":12.0,"enemies":"Exordium Wildlife","floor":12.0,"turns":3.0},{"damage":0.0,"enemies":"Exordium Thugs","floor":14.0,"turns":3.0},{"damage":13.0,"enemies":"The Guardian","floor":16.0,"turns":11.0},{"damage":7.0,"enemies":"Shell Parasite","floor":18.0,"turns":4.0},{"damage":16.0,"enemies":"2 Thieves","floor":22.0,"turns":3.0},{"damage":0.0,"enemies":"Snecko","floor":24.0,"turns":3.0},{"damage":33.0,"enemies":"Slavers","floor":27.0,"turns":6.0},{"damage":23.0,"enemies":"Sentry and Sphere","floor":28.0,"turns":5.0},{"damage":23,"enemies":"Gremlin Leader","floor":30,"turns":4},{"damage":16,"enemies":"Snake Plant","floor":31,"turns":4},{"damage":43,"enemies":"Champ","floor":33,"turns":5},{"damage":1,"enemies":"Orb Walker","floor":35,"turns":3},{"damage":9,"enemies":"3 Darklings","floor":36,"turns":4},{"damage":59,"enemies":"Reptomancer","floor":41,"turns":5},{"damage":38,"enemies":"Transient","floor":46,"turns":5},{"damage":46,"enemies":"Giant Head","floor":47,"turns":7},{"damage":16,"enemies":"4 Shapes","floor":48,"turns":5},{"damage":45,"enemies":"Time Eater","floor":50,"turns":5}],"seed_played":"2125370694583060250","potions_obtained":[{"floor":6.0,"key":"FairyPotion"},{"floor":12.0,"key":"SneckoOil"},{"floor":14.0,"key":"Block Potion"},{"floor":16.0,"key":"Explosive Potion"},{"floor":28.0,"key":"Swift Potion"},{"floor":31,"key":"Energy Potion"},{"floor":35,"key":"GamblersBrew"},{"floor":36,"key":"Weak Potion"},{"floor":47,"key":"FearPotion"}],"is_trial":false,"path_per_floor":["M","?","M","M","M","E","R","?","T","?","E","M","R","M","R","B",null,"M","$","?","$","M","R","M","?","T","E","M","R","E","M","R","B",null,"M","M","?","$","?","R","E","R","T","R","$","M","E","M","R","B",null],"character_chosen":"IRONCLAD","items_purchased":["Mayhem","Pen Nib","Reaper+1","DollysMirror"],"campfire_rested":4,"item_purchase_floors":[19,21,38,38],"current_hp_per_floor":[71,71,76,80,75,50,50,50,50,76,56,50,50,56,56,49,72,71,71,71,71,61,61,67,51,51,24,7,46,29,19,58,21,65,70,67,67,67,67,67,26,65,65,65,65,41,34,50,80,68],"gold":65,"neow_bonus":"ONE_RANDOM_RARE_CARD","is_daily":false,"chose_seed":false,"campfire_upgraded":3,"win_rate":0.0,"timestamp":1610823698,"path_taken":["M","?","?","M","M","E","R","?","T","?","E","M","R","M","R","BOSS","M","$","?","?","M","R","M","?","T","E","M","R","E","M","R","BOSS","M","M","?","$","?","R","E","R","T","R","$","M","E","M","R","BOSS"],"items_purchased_type":["Card","Relic","Card","Relic"],"build_version":"2020-12-22","purchased_purges":2,"victory":true,"max_hp_per_floor":[80,80,80,80,80,80,80,80,80,80,80,80,80,80,80,80,80,80,80,80,80,80,80,80,80,80,80,80,80,80,80,80,80,80,80,80,80,80,80,80,80,80,80,80,80,80,80,80,80,80],"card_choices":[{"not_picked":["Havoc","Twin Strike"],"picked":"Sword Boomerang","floor":1.0},{"not_picked":["Perfected Strike","Thunderclap"],"picked":"Headbutt","floor":3.0},{"not_picked":["Perfected Strike","Clothesline"],"picked":"Disarm","floor":4.0},{"not_picked":["Intimidate","Clash"],"picked":"Infernal Blade","floor":5.0},{"not_picked":["Entrench","Barricade"],"picked":"Spot Weakness","floor":6.0},{"not_picked":["Flex","Inflame"],"picked":"Pummel","floor":11.0},{"not_picked":["Hemokinesis","Cleave"],"picked":"Intimidate","floor":12.0},{"not_picked":["Havoc","Iron Wave"],"picked":"Shrug It Off","floor":14.0},{"not_picked":["Juggernaut","Bludgeon"],"picked":"Brutality","floor":16.0},{"not_picked":["Rage","Fire Breathing"],"picked":"Armaments+1","floor":18.0},{"not_picked":["Anger","Warcry"],"picked":"Pummel+1","floor":22.0},{"not_picked":["Searing Blow","Combust+1"],"picked":"Ghostly Armor","floor":24.0},{"not_picked":["Blood for Blood+1","Metallicize"],"picked":"Rupture","floor":27.0},{"not_picked":["Evolve","Clash+1"],"picked":"Heavy Blade+1","floor":28.0},{"not_picked":["True Grit","Headbutt+1"],"picked":"Flame Barrier","floor":30},{"not_picked":["Rage+1","Heavy Blade+1"],"picked":"Body Slam+1","floor":31},{"not_picked":["Demon Form","Berserk"],"picked":"Impervious","floor":33},{"not_picked":["Thunderclap+1","True Grit"],"picked":"Pommel Strike+1","floor":35},{"not_picked":["Anger+1","Thunderclap+1"],"picked":"Sword Boomerang+1","floor":36},{"not_picked":["Sword Boomerang+1","Pummel+1"],"picked":"Combust+1","floor":41},{"not_picked":["Perfected Strike+1","Twin Strike+1","Clothesline+1"],"picked":"SKIP","floor":46},{"not_picked":["Wild Strike+1","Pommel Strike+1","Clothesline+1"],"picked":"SKIP","floor":47},{"not_picked":["Wild Strike+1","Flex+1"],"picked":"Impervious","floor":48}],"player_experience":669304,"relics_obtained":[{"floor":6.0,"key":"Omamori"},{"floor":9.0,"key":"Bottled Lightning"},{"floor":11.0,"key":"Regal Pillow"},{"floor":26.0,"key":"Matryoshka"},{"floor":27.0,"key":"Molten Egg 2"},{"floor":30,"key":"Self Forming Clay"},{"floor":41,"key":"Toy Ornithopter"},{"floor":41,"key":"Ancient Tea Set"},{"floor":43,"key":"War Paint"},{"floor":43,"key":"Mercury Hourglass"},{"floor":47,"key":"Whetstone"},{"floor":47,"key":"Turnip"}],"event_choices":[{"damage_healed":0.0,"max_hp_gain":0.0,"max_hp_loss":0.0,"gold_gain":0.0,"event_name":"WeMeetAgain","player_choice":"Paid Gold","floor":2.0,"gold_loss":51.0,"damage_taken":0.0,"relics_obtained":["Girya"]},{"damage_healed":0.0,"max_hp_gain":0.0,"max_hp_loss":0.0,"gold_gain":30.0,"event_name":"Dead Adventurer","player_choice":"Searched \u00271\u0027 times","floor":8.0,"gold_loss":0.0,"damage_taken":0.0},{"damage_healed":26.0,"max_hp_gain":0.0,"max_hp_loss":0.0,"gold_gain":0.0,"event_name":"Big Fish","player_choice":"Banana","floor":10.0,"gold_loss":0.0,"damage_taken":0.0},{"damage_healed":0.0,"max_hp_gain":0.0,"max_hp_loss":0.0,"gold_gain":100.0,"event_name":"The Joust","player_choice":"Bet on Murderer","floor":20.0,"gold_loss":50.0,"damage_taken":0.0},{"damage_healed":0.0,"max_hp_gain":0.0,"max_hp_loss":16.0,"gold_gain":2.0,"event_name":"betterStone:BetterStone","player_choice":"2","floor":25.0,"gold_loss":0.0,"damage_taken":0.0},{"damage_healed":0,"gold_gain":0,"player_choice":"Ignored","damage_taken":0,"max_hp_gain":0,"max_hp_loss":0,"event_name":"Tomb of Lord Red Mask","floor":37,"gold_loss":0},{"cards_removed":["Strike_R"],"damage_healed":0,"gold_gain":0,"player_choice":"Offered Basic","damage_taken":0,"max_hp_gain":0,"max_hp_loss":0,"event_name":"Bonfire Elementals","floor":39,"gold_loss":0}],"is_beta":false,"boss_relics":[{"not_picked":["Sozu","Tiny House"],"picked":"Cursed Key"},{"not_picked":["Mark of Pain","SlaversCollar"],"picked":"Black Star"}],"items_purged_floors":[19,45],"is_endless":false,"potions_floor_spawned":[6,12,14,16,28,31,35,36,47],"ascension_level":9}}