{"host":"6to8m083wj0ro91z","time":1610798839,"event":{"mods":["100% Spire Juice","BaseMod","Better Third Choice","BetterRewards","CatGirl Mod","ChefMod","Friendly Minions","GungeonMod","Hubris","Mad Scientist","Marisa????????","Minty Spire (QoL Compilation)","Railgun Mod","Robot Space Explorer","Shade Mod","Spicy Shops","StSLib","The Blackbeard","The Death Knight","The Gatherer","The Marked","The Mystic","The Necromancer","The Servant 0.9.4"],"gold_per_floor":[109,124,138,138,152,177,177,177,177,177,192,224,224,72,72,168,168,181,81,111,11,30,65,65,88,115,135,135,15,33,60,60,155,155,179,190,207,220,180,180,180,215,251,262,294,294,359,359,359,359,359,359,97,130,135],"floor_reached":56,"language":"ENG","playtime":4339,"items_purged":["DemoMod:Strike_Huntress","DemoMod:Strike_Huntress","DemoMod:Strike_Huntress","DemoMod:CrossBow"],"score":1152,"play_id":"27f0fce7-d2a1-42ef-bc14-6f52b1fc0961","local_time":"20210116130719","is_ascension_mode":true,"campfire_choices":[{"data":"DemoMod:ManualReload","floor":7,"key":"SMITH"},{"data":"DemoMod:TeaPot","floor":10,"key":"SMITH"},{"data":"DemoMod:Behold!","floor":15,"key":"SMITH"},{"data":"DemoMod:DoubleVision","floor":28,"key":"SMITH"},{"data":"DemoMod:TeaPot","floor":32,"key":"SMITH"},{"floor":40,"key":"RECALL"},{"data":"DemoMod:MachoBrace","floor":41,"key":"SMITH"},{"data":"DemoMod:Roll","floor":46,"key":"SMITH"},{"data":"Master of Strategy","floor":49,"key":"SMITH"},{"data":"DemoMod:Eureka","floor":52,"key":"SMITH"}],"circlet_count":0,"master_deck":["DemoMod:Defend_Huntress","DemoMod:Defend_Huntress+1","DemoMod:Defend_Huntress","DemoMod:Defend_Huntress","DemoMod:Roll+1","DemoMod:ManualReload+1","DemoMod:RustySidearm+1","DemoMod:TeaPot+1","DemoMod:MachoBrace+1","DemoMod:TeaPot+1","DemoMod:ManualReload+1","DemoMod:Behold!+1","DemoMod:DoubleVision+1","DemoMod:CursedBullets","DemoMod:Eureka+1","DemoMod:TableSutra+1","DemoMod:TableSutra+1","DemoMod:ConditionalReflex+1","Master of Strategy+1"],"relics":["DemoMod:Dog","HornCleat","DemoMod:AgedBell","Du-Vu Doll","DollysMirror","hubris:VirtuousBlindfold","The Courier","DemoMod:LamentConfigurum","MealTicket","hubris:Potato","Vajra","DemoMod:DecoyRelic","hubris:RunicObelisk","WingedGreaves","DemoMod:Plus1Bullets","Mango","hubris:MedicalManual","DemoMod:ResourcefulSack","DeathKnight:PutricidesVial","Bag of Marbles","DemoMod:SilverBullets"],"acts_visited":["Exordium","TheCity","TheBeyond","TheEnding"],"potions_floor_usage":[25,30,31,43,55,55,55],"damage_taken":[{"damage":1,"enemies":"Cultist","floor":1,"turns":3},{"damage":1,"enemies":"Jaw Worm","floor":2,"turns":3},{"damage":0,"enemies":"2 Louse","floor":3,"turns":2},{"damage":2,"enemies":"Gremlin Gang","floor":5,"turns":4},{"damage":3,"enemies":"3 Sentries","floor":6,"turns":8},{"damage":7,"enemies":"Lots of Slimes","floor":11,"turns":4},{"damage":22,"enemies":"Lagavulin","floor":12,"turns":6},{"damage":25,"enemies":"Hexaghost","floor":16,"turns":7},{"damage":6,"enemies":"Shell Parasite","floor":18,"turns":3},{"damage":0,"enemies":"2 Thieves","floor":20,"turns":3},{"damage":0,"enemies":"2 Thieves","floor":22,"turns":2},{"damage":8,"enemies":"Book of Stabbing","floor":23,"turns":4},{"damage":13,"enemies":"3 Cultists","floor":25,"turns":4},{"damage":0,"enemies":"Snecko","floor":27,"turns":4},{"damage":0,"enemies":"Snake Plant","floor":30,"turns":3},{"damage":13,"enemies":"Slavers","floor":31,"turns":4},{"damage":37,"enemies":"Automaton","floor":33,"turns":8},{"damage":4,"enemies":"Orb Walker","floor":35,"turns":4},{"damage":0,"enemies":"3 Shapes","floor":36,"turns":3},{"damage":6,"enemies":"Writhing Mass","floor":37,"turns":4},{"damage":11,"enemies":"Spire Growth","floor":38,"turns":4},{"damage":0,"enemies":"Reptomancer","floor":42,"turns":5},{"damage":0,"enemies":"Transient","floor":43,"turns":4},{"damage":0,"enemies":"Transient","floor":44,"turns":5},{"damage":0,"enemies":"Nemesis","floor":45,"turns":5},{"damage":0,"enemies":"Giant Head","floor":47,"turns":5},{"damage":9,"enemies":"Donu and Deca","floor":50,"turns":6},{"damage":14,"enemies":"Shield and Spear","floor":54,"turns":5},{"damage":66,"enemies":"The Heart","floor":55,"turns":5}],"seed_played":"7336301728390012103","potions_obtained":[{"floor":5,"key":"PowerPotion"},{"floor":11,"key":"Energy Potion"},{"floor":12,"key":"LiquidMemories"},{"floor":23,"key":"FearPotion"},{"floor":25,"key":"Block Potion"},{"floor":33,"key":"PowerPotion"},{"floor":35,"key":"Dexterity Potion"},{"floor":47,"key":"Swift Potion"}],"is_trial":false,"path_per_floor":["M","M","M","T","M","E","R","?","T","R","M","E","?","$","R","B",null,"M","$","?","$","M","E","?","M","T","M","R","$","M","E","R","B",null,"M","M","M","M","?","R","R","E","T","M","E","R","E","?","R","B",null,"R","$","E","B",null],"character_chosen":"HUNTRESS","items_purchased":["DollysMirror","DemoMod:Behold!","hubris:Potato","Bag of Marbles","DemoMod:SilverBullets"],"campfire_rested":0,"item_purchase_floors":[14,14,29,53,53],"current_hp_per_floor":[76,75,75,75,73,70,70,70,70,70,63,41,77,77,77,52,77,71,71,71,71,71,63,63,50,50,50,50,65,65,52,52,15,77,73,73,67,56,56,56,56,56,70,70,70,70,70,70,70,61,91,91,91,77,11],"gold":135,"neow_bonus":"TEN_PERCENT_HP_BONUS","is_daily":false,"chose_seed":false,"campfire_upgraded":9,"win_rate":0.0,"timestamp":1610798839,"path_taken":["M","M","M","?","M","E","R","?","T","R","M","E","?","$","R","BOSS","M","$","?","?","M","E","?","M","T","M","R","$","M","E","R","BOSS","M","M","M","M","?","R","R","E","T","M","E","R","E","?","R","BOSS","R","$","E","BOSS"],"items_purchased_type":["Relic","Card","Relic","Relic","Relic"],"build_version":"2020-12-22","purchased_purges":4,"victory":true,"max_hp_per_floor":[77,77,77,77,77,77,77,77,77,77,77,77,77,77,77,77,77,77,77,77,77,77,77,77,77,77,77,77,77,77,77,77,77,77,77,77,77,77,77,77,77,77,91,91,91,91,91,91,91,91,91,91,91,91,91],"card_choices":[{"not_picked":["DemoMod:MachoBrace","DemoMod:AC15"],"picked":"DemoMod:TeaPot","floor":1},{"not_picked":["DemoMod:FortunesFavor","DemoMod:FeignSurrender"],"picked":"DemoMod:MachoBrace","floor":2},{"not_picked":["DemoMod:DoubleSwitch","DemoMod:MachoBrace"],"picked":"DemoMod:TeaPot","floor":2},{"not_picked":["DemoMod:AWP","DemoMod:StickyCrossBow","DemoMod:HungryBullets"],"picked":"SKIP","floor":3},{"not_picked":["DemoMod:GunstockTap","DemoMod:Elimentaler","DemoMod:AC15"],"picked":"SKIP","floor":5},{"not_picked":["DemoMod:Casey","DemoMod:DirectionalPad"],"picked":"DemoMod:Evolver","floor":6},{"not_picked":["DemoMod:JK47","DemoMod:AWP","DemoMod:Casey"],"picked":"SKIP","floor":11},{"not_picked":["DemoMod:MegaHand","DemoMod:StrategicReserve","DemoMod:HardPowerCard"],"picked":"SKIP","floor":12},{"not_picked":["DemoMod:FightSabre","DemoMod:Gungine"],"picked":"DemoMod:DoubleVision","floor":16},{"not_picked":["DemoMod:HardPowerCard+1","DemoMod:ConditionalReflex","DemoMod:TableSutra"],"picked":"SKIP","floor":18},{"not_picked":["DemoMod:PotionOfGunFriendShip","DemoMod:GunstockTap","DemoMod:FastSwitch"],"picked":"SKIP","floor":20},{"not_picked":["DemoMod:GunstockTap","DemoMod:EasyReloadBullets","DemoMod:SAA+1"],"picked":"SKIP","floor":22},{"not_picked":["DemoMod:Rummage+1","DemoMod:GunstockTap+1"],"picked":"DemoMod:CursedBullets","floor":23},{"not_picked":["DemoMod:ProbeStrike","DemoMod:AC15","DemoMod:RadGun"],"picked":"SKIP","floor":25},{"not_picked":["DemoMod:AC15","DemoMod:Evolver","DemoMod:TableSutra"],"picked":"SKIP","floor":27},{"not_picked":["DemoMod:Replace","DemoMod:StickyCrossBow","DemoMod:GunstockTap"],"picked":"SKIP","floor":30},{"not_picked":["DemoMod:LifeOrb+1","DemoMod:Polaris","DemoMod:RadGun"],"picked":"SKIP","floor":31},{"not_picked":["DemoMod:BlackHoleGun","DemoMod:DoubleVision"],"picked":"DemoMod:Eureka","floor":33},{"not_picked":["DemoMod:AWP","DemoMod:AbyssalTentacle","DemoMod:HighKaliber"],"picked":"SKIP","floor":35},{"not_picked":["DemoMod:AC15+1","DemoMod:ConditionalReflex"],"picked":"DemoMod:TableSutra+1","floor":36},{"not_picked":["DemoMod:Ejector","DemoMod:AC15"],"picked":"DemoMod:TableSutra+1","floor":37},{"not_picked":["DemoMod:StrategicReserve","DemoMod:TeaPot","DemoMod:RadGun"],"picked":"SKIP","floor":38},{"not_picked":["DemoMod:Purify+1","DemoMod:ZorGun+1","DemoMod:FastSwitch"],"picked":"SKIP","floor":42},{"not_picked":["DemoMod:BoxingGlove","DemoMod:FortunesFavor+1","DemoMod:SniperShot+1"],"picked":"SKIP","floor":43},{"not_picked":["DemoMod:EasyReloadBullets","DemoMod:ProbeStrike"],"picked":"DemoMod:ConditionalReflex+1","floor":44},{"not_picked":["DemoMod:Casey","DemoMod:MachoBrace+1","DemoMod:BoxingGlove+1"],"picked":"SKIP","floor":45},{"not_picked":["DemoMod:HighKaliber+1","DemoMod:Rummage+1","DemoMod:DoubleSwitch"],"picked":"SKIP","floor":47},{"not_picked":["Enlightenment","Violence"],"picked":"Master of Strategy","floor":48},{"not_picked":["DemoMod:BoxingGlove","DemoMod:SpreadAmmo+1","DemoMod:DoubleSwitch"],"picked":"SKIP","floor":54}],"player_experience":1127090,"relics_obtained":[{"floor":4,"key":"HornCleat"},{"floor":6,"key":"DemoMod:AgedBell"},{"floor":12,"key":"Du-Vu Doll"},{"floor":20,"key":"The Courier"},{"floor":23,"key":"DemoMod:LamentConfigurum"},{"floor":26,"key":"MealTicket"},{"floor":31,"key":"Vajra"},{"floor":42,"key":"DemoMod:Plus1Bullets"},{"floor":43,"key":"Mango"},{"floor":45,"key":"hubris:MedicalManual"},{"floor":47,"key":"DeathKnight:PutricidesVial"}],"event_choices":[{"damage_healed":0,"gold_gain":0,"player_choice":"Ignored","damage_taken":177,"max_hp_gain":0,"max_hp_loss":0,"event_name":"betterThird:BetterSerpent","floor":8,"gold_loss":0},{"cards_removed":["DemoMod:Evolver"],"damage_healed":36,"gold_gain":0,"player_choice":"Offered Uncommon","damage_taken":0,"max_hp_gain":0,"max_hp_loss":0,"event_name":"Bonfire Elementals","floor":13,"gold_loss":0},{"damage_healed":0,"gold_gain":0,"player_choice":"Upgraded Two","damage_taken":0,"max_hp_gain":0,"max_hp_loss":0,"event_name":"Designer","floor":39,"gold_loss":40,"cards_upgraded":["DemoMod:RustySidearm","DemoMod:Defend_Huntress"]},{"damage_healed":0,"gold_gain":0,"player_choice":"Memory 1","damage_taken":0,"max_hp_gain":0,"max_hp_loss":0,"event_name":"SensoryStone","floor":48,"gold_loss":0}],"is_beta":false,"boss_relics":[{"not_picked":["DemoMod:WaxWing","Astrolabe"],"picked":"hubris:VirtuousBlindfold"},{"not_picked":["Pandora\u0027s Box","DemoMod:ElasticCartridgeClip"],"picked":"hubris:RunicObelisk"}],"items_purged_floors":[14,19,21,29],"is_endless":false,"potions_floor_spawned":[5,11,12,18,23,25,27,33,35,36,38,47],"ascension_level":1}}