{"host":"cv77zuuuekizn3ic","time":1610811991,"event":{"mods":["AchievementEnabler","Act Like it!","BaseMod","Gensokyo","Marisa£®ÏF”Í°°ƒß¿Ì…≥£©","Minty Spire (QoL Compilation)","StSLib","Waifu the Spire","everything is the same but u backflip on backflip","slay the spire mod where everything is the same but ironclad has a cowboy hat"],"gold_per_floor":[115,290,303,78,78,78,90,90,144,144,154,154,166,166,166,262,262,273,147,165,27,45,45,76,104,116,148,180,205,70,102,102,102,102],"floor_reached":33,"language":"ZHS","playtime":1564,"items_purged":["Doubt","Strike_G","Strike_G","Strike_G"],"score":304,"play_id":"8861db11-e873-4c45-9e13-83145ea51fb7","local_time":"20210116234631","is_ascension_mode":false,"campfire_choices":[{"data":"Blade Dance","floor":6.0,"key":"SMITH"},{"data":"Acrobatics","floor":8.0,"key":"SMITH"},{"data":"Acrobatics","floor":10.0,"key":"SMITH"},{"data":"Survivor","floor":12.0,"key":"SMITH"},{"data":"Defend_G","floor":15.0,"key":"SMITH"},{"data":"Blade Dance","floor":23.0,"key":"SMITH"},{"data":"Backflip","floor":32.0,"key":"SMITH"}],"circlet_count":0,"master_deck":["Strike_G","Strike_G","Defend_G","Defend_G","Defend_G+1","Defend_G","Defend_G","Survivor+1","Neutralize+1","Acrobatics+1","Acrobatics+1","Blade Dance+1","Flying Knee","Slice","Underhanded Strike","Outmaneuver+1","Deflect","Blade Dance+1","Dagger Spray+1","Backflip+1","Dodge and Roll+1"],"relics":["Ring of the Snake","Membership Card","Happy Flower","StrikeDummy","Runic Dome","Bag of Marbles","Oddly Smooth Stone","MawBank","HornCleat","Sling","Letter Opener"],"acts_visited":["Exordium","TheCity"],"potions_floor_usage":[33,33],"damage_taken":[{"damage":0.0,"enemies":"Small Slimes","floor":1.0,"turns":3.0},{"damage":6.0,"enemies":"Jaw Worm","floor":3.0,"turns":6.0},{"damage":1.0,"enemies":"Cultist","floor":7.0,"turns":4.0},{"damage":9.0,"enemies":"Large Slime","floor":11.0,"turns":8.0},{"damage":0.0,"enemies":"Red Slaver","floor":13.0,"turns":4.0},{"damage":19.0,"enemies":"The Guardian","floor":16.0,"turns":14.0},{"damage":2.0,"enemies":"Spheric Guardian","floor":18.0,"turns":3.0},{"damage":1.0,"enemies":"Shell Parasite","floor":20.0,"turns":3.0},{"damage":3.0,"enemies":"Shelled Parasite and Fungi","floor":22.0,"turns":5.0},{"damage":0.0,"enemies":"Gremlin Leader","floor":24.0,"turns":6.0},{"damage":0.0,"enemies":"Centurion and Healer","floor":25.0,"turns":5.0},{"damage":3.0,"enemies":"Snake Plant","floor":27.0,"turns":4.0},{"damage":2.0,"enemies":"Cultist and Chosen","floor":28.0,"turns":4.0},{"damage":5.0,"enemies":"Chosen and Byrds","floor":29.0,"turns":3.0},{"damage":4.0,"enemies":"Slavers","floor":31.0,"turns":2.0},{"damage":56,"enemies":"Champ","floor":33,"turns":14}],"seed_played":"8075386711726350052","potions_obtained":[{"floor":1.0,"key":"Poison Potion"},{"floor":3.0,"key":"GamblersBrew"},{"floor":18.0,"key":"LiquidMemories"},{"floor":25.0,"key":"Energy Potion"},{"floor":27.0,"key":"CunningPotion"}],"is_trial":false,"path_per_floor":["M","?","M","$","?","R","M","R","T","R","M","R","M","?","R","B",null,"M","$","M","$","M","R","E","M","T","M","M","M","$","E","R","B"],"character_chosen":"THE_SILENT","items_purchased":["Membership Card","Blade Dance","Flying Knee","Bag of Marbles","Oddly Smooth Stone","Sling"],"campfire_rested":0,"item_purchase_floors":[4,4,4,19,21,30],"current_hp_per_floor":[70,70,64,64,64,64,63,63,63,63,54,54,54,54,54,35,70,68,68,67,67,64,64,64,64,64,61,59,54,54,50,50,0,0],"gold":102,"neow_bonus":"THREE_CARDS","is_daily":false,"chose_seed":false,"campfire_upgraded":7,"win_rate":0.0,"timestamp":1610811991,"path_taken":["M","?","M","$","?","R","M","R","T","R","M","R","?","?","R","BOSS","M","$","M","$","M","R","E","M","T","M","M","M","?","E","R","BOSS"],"items_purchased_type":["Relic","Card","Card","Relic","Relic","Relic"],"build_version":"2020-12-22","purchased_purges":4,"victory":false,"max_hp_per_floor":[70,70,70,70,70,70,70,70,70,70,70,70,70,70,70,70,70,70,70,70,70,70,70,70,70,70,70,70,70,70,70,70,70,70],"card_choices":[{"not_picked":["Deflect","Choke"],"picked":"Acrobatics","floor":0.0},{"not_picked":["Endless Agony","Choke"],"picked":"Acrobatics","floor":1.0},{"not_picked":["Acrobatics","Cloak And Dagger","Noxious Fumes"],"picked":"SKIP","floor":3.0},{"not_picked":["Eviscerate","Noxious Fumes","Endless Agony"],"picked":"SKIP","floor":7.0},{"not_picked":["Cloak And Dagger","Dagger Throw"],"picked":"Slice","floor":11.0},{"not_picked":["Reflex","Well Laid Plans"],"picked":"Underhanded Strike","floor":13.0},{"not_picked":["Acrobatics+1","Bane"],"picked":"Outmaneuver+1","floor":18.0},{"not_picked":["Skewer","Concentrate+1"],"picked":"Deflect","floor":20.0},{"not_picked":["Deadly Poison+1","Accuracy"],"picked":"Blade Dance","floor":22.0},{"not_picked":["Quick Slash+1","Bane","Cloak And Dagger"],"picked":"SKIP","floor":24.0},{"not_picked":["A Thousand Cuts","Slice+1"],"picked":"Dagger Spray+1","floor":25.0},{"not_picked":["Endless Agony","Bane","Caltrops"],"picked":"SKIP","floor":27.0},{"not_picked":["Endless Agony","Quick Slash"],"picked":"Backflip","floor":28.0},{"not_picked":["Infinite Blades","Acrobatics"],"picked":"Dodge and Roll+1","floor":29.0},{"not_picked":["Accuracy","Eviscerate","Adrenaline"],"picked":"SKIP","floor":31.0}],"player_experience":926452,"relics_obtained":[{"floor":9.0,"key":"Happy Flower"},{"floor":24.0,"key":"MawBank"},{"floor":26.0,"key":"HornCleat"},{"floor":31.0,"key":"Letter Opener"}],"event_choices":[{"damage_healed":0.0,"max_hp_gain":0.0,"max_hp_loss":0.0,"gold_gain":175.0,"event_name":"Liars Game","player_choice":"AGREE","floor":2.0,"gold_loss":0.0,"damage_taken":0.0,"cards_obtained":["Doubt"]},{"damage_healed":0.0,"max_hp_gain":0.0,"max_hp_loss":0.0,"gold_gain":0.0,"event_name":"Upgrade Shrine","player_choice":"Upgraded","floor":5.0,"gold_loss":0.0,"damage_taken":0.0,"cards_upgraded":["Neutralize"]},{"damage_healed":0.0,"max_hp_gain":0.0,"max_hp_loss":0.0,"gold_gain":0.0,"event_name":"WeMeetAgain","player_choice":"Gave Potion","floor":14.0,"gold_loss":0.0,"damage_taken":0.0,"relics_obtained":["StrikeDummy"]}],"is_beta":false,"boss_relics":[{"not_picked":["Calling Bell","Sozu"],"picked":"Runic Dome"}],"items_purged_floors":[4,19,21,30],"is_endless":false,"potions_floor_spawned":[1,3,18,25,27,28],"killed_by":"Champ","ascension_level":0}}