{"host":"jdbhgql29eqg6e2t","time":1610775728,"event":{"mods":["BaseMod","Hermit","Infinite Spire","Minty Spire (QoL Compilation)","Replay The Spire","Shop Mod","StSLib","The Cursed","The Disciple"],"gold_per_floor":[123,137,137,137,22,52,82,116,142,142,164,197,197,236,248,368,380,411,773,810,747,8,8,8,8,32,32,32,32,21,51,51,172,172,207,231,231,231,2,2,50,50,118,118,0,72,115,99,99,107],"floor_reached":51,"language":"ENG","playtime":5408,"items_purged":["Writhe","infinitespire:Pacifist","Writhe"],"score":1073,"play_id":"b44781ee-8995-4947-8595-ea52934285db","local_time":"20210116024208","daily_mods":["SealedDeck","Heirloom","Time Dilation","Flight","Elite Swarm"],"is_ascension_mode":false,"campfire_choices":[{"floor":13,"key":"REST"},{"data":"DevaForm","floor":15,"key":"SMITH"},{"floor":23,"key":"DIG"},{"data":"Establishment","floor":24,"key":"SMITH"},{"data":"ReplayTheSpireMod:Faulty Equipment","floor":25,"key":"SMITH"},{"floor":28,"key":"DIG"},{"floor":32,"key":"DIG"},{"floor":40,"key":"DIG"},{"floor":49,"key":"DIG"}],"circlet_count":0,"master_deck":["Evaluate","MentalFortress","Protect","FollowUp","Swivel+1","Evaluate+1","EmptyFist","Collect","Replay:Battleflow+1","BowlingBash+1","WindmillStrike+1","CrushJoints+1","Replay:LoomingThreat","Devotion","MasterReality","Crescendo+1","Omniscience+1","DevaForm+1","ConjureBlade+1","FlurryOfBlows+1","DeceiveReality+1","Establishment+1","BattleHymn","ClearTheMind+1","LockedMawBank","ReplayTheSpireMod:Brewmster","Prepared+1","TheCursedMod:Dregs","Pot Of Greed+1","Pot Of Greed+1","Pot Of Greed+1","infinitespire:Pacifist","Hallucinations","Replay:Hysterical Blindness","Protect+1","Pot Of Greed+1","Voices","Regret","Decay","LessonLearned+1","Calculated Gamble+1","ReplayTheSpireMod:Faulty Equipment","Slice+1"],"relics":["PureWater","Ice Cream","infinitespire:Lucky Rock","Boot","The Courier","Orichalcum","Replay:Bandana","Toxic Egg 2","Regal Pillow","Honey Jar","ReplayTheSpireMod:Ring of Collecting","Ring of Greed","Replay:Wax Seal","Old Coin","MerchantsRug","Membership Card","Tiny Chest","Molten Egg 2","Art of War","Shovel","CloakClasp","Ring of Misfortune","War Paint","TungstenRod","Toolbox","Durian","PrismaticShard","infinitespire:Bottled Soul","Blue Candle","Cursed Key","Grinning Jar","ReplayTheSpireMod:Ring of Addiction","Chameleon Ring","SacredBark","ReplayTheSpireMod:CursedCoin","infinitespire:Magic Flask","Oddly Smooth Stone","ReplayTheSpireMod:Lightbulb","ReplayFunnel","Blue Doll","Replay:Ringing Soul","infinitespire:Midas Blood","ReplayTheSpireMod:Ring of Exchange","infinitespire:WardingShard","Red Mask","Unceasing Top"],"acts_visited":["Exordium","TheCity","TheBeyond"],"potions_floor_usage":[6,12,14,35,39,41,41,47,48,48,48,50,50],"damage_taken":[{"damage":0,"enemies":"Cultist","floor":2,"turns":3},{"damage":0,"enemies":"3 Sentries","floor":6,"turns":4},{"damage":20,"enemies":"Gremlin Nob","floor":7,"turns":4},{"damage":14,"enemies":"Lagavulin","floor":8,"turns":5},{"damage":5,"enemies":"Jaw Worm","floor":11,"turns":3},{"damage":0,"enemies":"Gremlin Nob","floor":12,"turns":2},{"damage":13,"enemies":"3 Sentries","floor":14,"turns":7},{"damage":0,"enemies":"Slime Boss","floor":16,"turns":6},{"damage":4,"enemies":"Chosen","floor":18,"turns":4},{"damage":28,"enemies":"2 Thieves","floor":20,"turns":4},{"damage":6,"enemies":"Centurion and Healer","floor":31,"turns":4},{"damage":14,"enemies":"Automaton","floor":33,"turns":6},{"damage":3,"enemies":"Orb Walker","floor":35,"turns":5},{"damage":0,"enemies":"3 Darklings","floor":41,"turns":5},{"damage":1,"enemies":"Writhing Mass","floor":47,"turns":6},{"damage":0,"enemies":"Sphere and 2 Shapes","floor":48,"turns":5},{"damage":12,"enemies":"Donu and Deca","floor":50,"turns":6}],"seed_played":"-8118604860671564215","potions_obtained":[{"floor":2,"key":"AttackPotion"},{"floor":8,"key":"Strength Potion"},{"floor":11,"key":"SkillPotion"},{"floor":18,"key":"Milkshake"},{"floor":33,"key":"Toxic Potion"},{"floor":35,"key":"Fruit Juice"},{"floor":36,"key":"ColorlessPotion"},{"floor":36,"key":"Dexterity Potion"},{"floor":41,"key":"Elixir"}],"is_trial":true,"path_per_floor":["T","M","?","?","$","E","E","E","T","T","M","E","R","E","R","B",null,"M","?","M","?","$","R","R","R","T","?","R","AVR","$","M","R","B",null,"M","T","?","?","$","R","M","AVR","T","T","?","$","M","M","R","B",null],"character_chosen":"WATCHER","items_purchased":["CrushJoints+1","Meditate","MerchantsRug","Membership Card","Establishment","BattleHymn","Tiny Chest","Molten Egg 2","Art of War","Shovel","ClearTheMind+1","Durian","PrismaticShard","infinitespire:Bottled Soul","ReplayTheSpireMod:CursedCoin","infinitespire:Magic Flask","Oddly Smooth Stone","ReplayTheSpireMod:Lightbulb","ReplayFunnel","LessonLearned+1"],"campfire_rested":1,"item_purchase_floors":[5,5,22,22,22,22,22,22,22,22,22,30,30,30,39,39,39,39,39,46],"current_hp_per_floor":[72,72,72,72,72,72,52,38,38,38,33,33,69,56,56,56,72,68,68,40,40,40,40,40,40,40,64,64,64,69,63,63,49,77,74,74,74,74,89,89,89,89,92,95,95,98,100,103,103,91],"gold":107,"neow_bonus":"","is_daily":false,"chose_seed":false,"campfire_upgraded":3,"win_rate":0.0,"timestamp":1610775728,"path_taken":["?","?","?","?","?","E","E","E","T","?","?","E","R","E","R","BOSS","M","?","M","?","$","R","R","R","T","?","R","AVR","?","?","R","BOSS","M","?","?","?","$","R","?","AVR","T","?","?","?","M","?","R","BOSS"],"items_purchased_type":["Card","Card","Relic","Relic","Card","Card","Relic","Relic","Relic","Relic","Card","Relic","Relic","Relic","Relic","Relic","Relic","Relic","Relic","Card"],"build_version":"2020-12-22","purchased_purges":3,"victory":true,"max_hp_per_floor":[72,72,72,72,72,72,72,72,72,72,72,72,72,72,72,72,72,72,72,72,72,72,72,72,72,72,72,72,72,77,77,77,77,77,77,77,77,77,92,92,92,92,95,98,96,99,102,105,105,105],"card_choices":[{"not_picked":["Crescendo","Swivel"],"picked":"Replay:Battleflow","floor":2},{"not_picked":["Blasphemy","SpiritShield"],"picked":"Replay:LoomingThreat","floor":6},{"not_picked":["MasterReality","Brilliance"],"picked":"Devotion","floor":7},{"not_picked":["ConjureBlade","Replay:LoomingThreat"],"picked":"MasterReality","floor":8},{"not_picked":["PathToVictory+1","EmptyFist"],"picked":"Crescendo+1","floor":11},{"not_picked":["SpiritShield+1","Brilliance"],"picked":"Omniscience+1","floor":12},{"not_picked":["Scrawl+1","Ragnarok"],"picked":"DevaForm","floor":14},{"not_picked":["MasterReality","Scrawl+1"],"picked":"ConjureBlade+1","floor":16},{"not_picked":["CrushJoints","Crescendo+1","BowlingBash+1"],"picked":"FlurryOfBlows+1","floor":18},{"not_picked":["Pray+1","Crescendo+1","Prostrate+1"],"picked":"DeceiveReality+1","floor":20},{"not_picked":["TheCursedMod:VitalStrike+1","TheCursedMod:CursedShiv+1","Iron Wave+1"],"picked":"LockedMawBank","floor":31},{"not_picked":["Multi-Cast+1","Unload+1","Fission+1"],"picked":"ReplayTheSpireMod:Brewmster","floor":33},{"not_picked":["Underhanded Strike+1","Bloodletting+1","TheCursedMod:Wield+1"],"picked":"Prepared+1","floor":35},{"not_picked":["hermit:Showdown+1","BasicCrystalCard+1","hermit:Manifest+1"],"picked":"Protect+1","floor":41},{"not_picked":["Clash+1","Dagger Throw+1","Hologram+1"],"picked":"Calculated Gamble+1","floor":47},{"not_picked":["hermit:EyeOfTheStorm+1","hermit:ItchyTrigger+1","Redo+1"],"picked":"Slice+1","floor":48}],"player_experience":529123,"relics_obtained":[{"floor":1,"key":"infinitespire:Lucky Rock"},{"floor":6,"key":"Boot"},{"floor":7,"key":"The Courier"},{"floor":8,"key":"Orichalcum"},{"floor":9,"key":"Replay:Bandana"},{"floor":10,"key":"Toxic Egg 2"},{"floor":12,"key":"Regal Pillow"},{"floor":14,"key":"MawBank"},{"floor":19,"key":"ReplayTheSpireMod:Ring of Collecting"},{"floor":19,"key":"Ring of Greed"},{"floor":19,"key":"Replay:Wax Seal"},{"floor":19,"key":"Old Coin"},{"floor":23,"key":"CloakClasp"},{"floor":26,"key":"Ring of Misfortune"},{"floor":26,"key":"War Paint"},{"floor":28,"key":"TungstenRod"},{"floor":32,"key":"Blue Candle"},{"floor":36,"key":"Grinning Jar"},{"floor":36,"key":"ReplayTheSpireMod:Ring of Addiction"},{"floor":36,"key":"Chameleon Ring"},{"floor":36,"key":"SacredBark"},{"floor":40,"key":"Blue Doll"},{"floor":43,"key":"infinitespire:Midas Blood"},{"floor":44,"key":"ReplayTheSpireMod:Ring of Exchange"},{"floor":44,"key":"infinitespire:WardingShard"},{"floor":49,"key":"Unceasing Top"}],"event_choices":[{"cards_removed":["hermit:ImpendingDoom"],"damage_healed":0,"gold_gain":0,"player_choice":"Gave Gold","damage_taken":0,"max_hp_gain":0,"max_hp_loss":0,"event_name":"Beggar","floor":21,"gold_loss":75},{"damage_healed":24,"gold_gain":0,"player_choice":"Heal","damage_taken":0,"max_hp_gain":0,"max_hp_loss":0,"event_name":"The Library","floor":27,"gold_loss":0},{"cards_removed":["Meditate"],"damage_healed":0,"gold_gain":0,"player_choice":"Removed Skill","damage_taken":0,"max_hp_gain":0,"max_hp_loss":0,"event_name":"Falling","floor":37,"gold_loss":0},{"damage_healed":0,"gold_gain":0,"player_choice":"Ignored","damage_taken":0,"max_hp_gain":0,"max_hp_loss":0,"event_name":"Transmorgrifier","floor":38,"gold_loss":0},{"damage_healed":0,"gold_gain":0,"player_choice":"Paid","damage_taken":0,"relics_obtained":["Red Mask"],"max_hp_gain":0,"max_hp_loss":0,"event_name":"Tomb of Lord Red Mask","floor":45,"gold_loss":118}],"is_beta":false,"boss_relics":[{"not_picked":["Tiny House","Snecko Eye"],"picked":"Honey Jar"},{"not_picked":["Painkiller Herb","Replay:Ancient Bell"],"picked":"Cursed Key"}],"items_purged_floors":[22,39,42],"is_endless":false,"potions_floor_spawned":[2,8,11,18,33,35,41],"ascension_level":0}}