{"host":"lnt5dzsuhru0aonl","time":1610818259,"event":{"mods":["2.2 Compatiblity","BaseMod","Colored Map","DeckTracker","Keyboard Shortcuts","Minty Spire (QoL Compilation)","Permanent Neow","StSLib","SuperFastMode","everything is the same but u backflip on backflip"],"gold_per_floor":[113,113,113,125,150,162,194,231,267,300,8,33,33,33,33,182,182,201,201,77,96,96,121,133,103,130,130,157,157,58,68,68,143,143,162,43,43,63,80,80,80,110,110,110,122,147,147,147,147,147],"floor_reached":51,"language":"KOR","playtime":1909,"items_purged":["Strike_P","Defend_P","Defend_P","Strike_P"],"score":1595,"play_id":"3137c8a5-f6b3-4372-bbcc-c2d8ae68d725","local_time":"20210117023059","is_ascension_mode":true,"campfire_choices":[{"data":"Adaptation","floor":6.0,"key":"SMITH"},{"data":"Eruption","floor":15.0,"key":"SMITH"},{"data":"SandsOfTime","floor":27.0,"key":"SMITH"},{"data":"Vigilance","floor":29.0,"key":"SMITH"},{"data":"Strike_P","floor":32.0,"key":"SMITH"},{"floor":40.0,"key":"RECALL"},{"floor":47.0,"key":"REST"},{"floor":49,"key":"REST"}],"circlet_count":0,"master_deck":["AscendersBane","Strike_P+1","Strike_P","Eruption+1","Vigilance+1","Adaptation+1","SandsOfTime+1","MentalFortress+1","Flash of Steel"],"relics":["PureWater","CloakClasp","Bloody Idol","MawBank","Happy Flower","Membership Card","Ornamental Fan","Kunai","SlaversCollar","Pen Nib","Yang","MealTicket","Frozen Egg 2","Fusion Hammer","Unceasing Top","Darkstone Periapt","Mummified Hand"],"acts_visited":["Exordium","TheCity","TheBeyond"],"potions_floor_usage":[50,50],"damage_taken":[{"damage":0.0,"enemies":"Small Slimes","floor":1.0,"turns":3.0},{"damage":0.0,"enemies":"Jaw Worm","floor":5.0,"turns":3.0},{"damage":0.0,"enemies":"2 Louse","floor":7.0,"turns":2.0},{"damage":1.0,"enemies":"Exordium Wildlife","floor":8.0,"turns":3.0},{"damage":0.0,"enemies":"Red Slaver","floor":10.0,"turns":2.0},{"damage":2.0,"enemies":"Exordium Thugs","floor":12.0,"turns":3.0},{"damage":0.0,"enemies":"Slime Boss","floor":16.0,"turns":11.0},{"damage":2.0,"enemies":"3 Byrds","floor":18.0,"turns":7.0},{"damage":0.0,"enemies":"Chosen","floor":21.0,"turns":4.0},{"damage":0.0,"enemies":"Gremlin Leader","floor":23.0,"turns":5.0},{"damage":12.0,"enemies":"3 Cultists","floor":24.0,"turns":5.0},{"damage":1.0,"enemies":"Slavers","floor":28.0,"turns":3.0},{"damage":1.0,"enemies":"Chosen and Byrds","floor":31.0,"turns":4.0},{"damage":31.0,"enemies":"Automaton","floor":33.0,"turns":7.0},{"damage":18.0,"enemies":"3 Darklings","floor":35.0,"turns":4.0},{"damage":0.0,"enemies":"Orb Walker","floor":38.0,"turns":2.0},{"damage":0.0,"enemies":"Spire Growth","floor":39.0,"turns":3.0},{"damage":12.0,"enemies":"Nemesis","floor":42.0,"turns":5.0},{"damage":0.0,"enemies":"Maw","floor":45.0,"turns":5.0},{"damage":13.0,"enemies":"Reptomancer","floor":46.0,"turns":4.0},{"damage":22,"enemies":"Time Eater","floor":50,"turns":8}],"seed_played":"7606396717565324171","potions_obtained":[{"floor":1.0,"key":"EntropicBrew"},{"floor":8.0,"key":"EntropicBrew"},{"floor":16.0,"key":"ColorlessPotion"},{"floor":18.0,"key":"Weak Potion"},{"floor":25.0,"key":"ColorlessPotion"},{"floor":25.0,"key":"Block Potion"},{"floor":33.0,"key":"BottledMiracle"},{"floor":35.0,"key":"Swift Potion"},{"floor":42.0,"key":"LiquidBronze"},{"floor":45.0,"key":"LiquidBronze"},{"floor":46.0,"key":"SpeedPotion"}],"is_trial":false,"path_per_floor":["M","?","?","?","M","R","M","M","T","M","$","M","$","T","R","B",null,"M","?","$","M","?","E","M","?","T","R","E","R","$","M","R","B",null,"M","$","?","M","M","R","?","E","T","?","M","E","R","?","R","B",null],"character_chosen":"WATCHER","items_purchased":["Membership Card","Ornamental Fan","Pen Nib","MentalFortress+1","Flash of Steel"],"campfire_rested":2,"item_purchase_floors":[11,11,20,30,36],"current_hp_per_floor":[61,56,45,38,38,38,38,37,37,37,37,35,35,35,35,35,51,49,49,49,54,54,56,49,49,54,54,56,56,56,56,56,30,50,37,52,52,56,56,56,56,49,49,49,53,45,53,53,53,31],"gold":147,"neow_bonus":"ONE_RARE_RELIC","is_daily":false,"chose_seed":false,"campfire_upgraded":5,"win_rate":0.0,"timestamp":1610818259,"path_taken":["M","?","?","?","M","R","M","M","T","?","$","M","?","?","R","BOSS","M","?","$","M","?","E","M","?","T","R","E","R","$","?","R","BOSS","M","$","?","?","M","R","?","E","T","?","M","E","R","?","R","BOSS"],"items_purchased_type":["Relic","Relic","Relic","Card","Card"],"build_version":"2020-12-22","purchased_purges":4,"victory":true,"max_hp_per_floor":[62,56,56,56,56,56,56,56,56,56,56,56,56,56,56,56,56,56,56,56,56,56,56,56,56,56,56,56,56,56,56,56,56,56,56,56,56,56,56,56,56,56,56,53,53,53,53,53,53,53],"card_choices":[{"not_picked":["Vengeance","JustLucky"],"picked":"Adaptation","floor":1.0},{"not_picked":["FollowUp","ClearTheMind","ReachHeaven"],"picked":"SKIP","floor":5.0},{"not_picked":["Halt","FlyingSleeves","CrushJoints"],"picked":"SKIP","floor":7.0},{"not_picked":["JustLucky","Protect","Nirvana"],"picked":"SKIP","floor":8.0},{"not_picked":["SashWhip","Swivel"],"picked":"SandsOfTime","floor":10.0},{"not_picked":["CrushJoints","Swivel","Judgement"],"picked":"SKIP","floor":12.0},{"not_picked":["CrushJoints","Swivel","Judgement"],"picked":"SKIP","floor":12.0},{"not_picked":["EmptyBody","ThirdEye","Consecrate"],"picked":"SKIP","floor":18.0},{"not_picked":["Prostrate","ReachHeaven+1","PathToVictory"],"picked":"SKIP","floor":21.0},{"not_picked":["ReachHeaven","EmptyBody+1","ThirdEye"],"picked":"SKIP","floor":23.0},{"not_picked":["ForeignInfluence","BowlingBash","Nirvana"],"picked":"SKIP","floor":24.0},{"not_picked":["JustLucky","Swivel+1","Protect"],"picked":"SKIP","floor":28.0},{"not_picked":["Conclude","Protect","Crescendo"],"picked":"SKIP","floor":31.0},{"not_picked":["BattleHymn+1","Evaluate","ClearTheMind"],"picked":"SKIP","floor":35.0},{"not_picked":["EmptyBody","ClearTheMind+1","Fasting2+1"],"picked":"SKIP","floor":38.0},{"not_picked":["FlyingSleeves","EmptyBody","Prostrate"],"picked":"SKIP","floor":39.0},{"not_picked":["Weave","Evaluate","Halt"],"picked":"SKIP","floor":42.0},{"not_picked":["ThirdEye+1","Study+1","Consecrate+1"],"picked":"SKIP","floor":45.0},{"not_picked":["BattleHymn+1","BowlingBash+1","Collect"],"picked":"SKIP","floor":46.0}],"player_experience":675694,"relics_obtained":[{"floor":9.0,"key":"Happy Flower"},{"floor":14.0,"key":"Kunai"},{"floor":23.0,"key":"Yang"},{"floor":26.0,"key":"MealTicket"},{"floor":28.0,"key":"Frozen Egg 2"},{"floor":42.0,"key":"Unceasing Top"},{"floor":43.0,"key":"Darkstone Periapt"},{"floor":46.0,"key":"Mummified Hand"}],"event_choices":[{"damage_healed":0.0,"max_hp_gain":0.0,"max_hp_loss":6.0,"gold_gain":0.0,"event_name":"Golden Idol","player_choice":"Lose Max HP","floor":2.0,"gold_loss":0.0,"damage_taken":0.0,"relics_obtained":["Golden Idol"]},{"damage_healed":0.0,"max_hp_gain":0.0,"max_hp_loss":0.0,"gold_gain":0.0,"event_name":"Scrap Ooze","player_choice":"Success","floor":3.0,"gold_loss":0.0,"damage_taken":11.0,"relics_obtained":["MawBank"]},{"cards_removed":["Defend_P"],"damage_healed":0.0,"max_hp_gain":0.0,"max_hp_loss":0.0,"gold_gain":0.0,"event_name":"Golden Wing","player_choice":"Card Removal","floor":4.0,"gold_loss":0.0,"damage_taken":7.0},{"damage_healed":0.0,"max_hp_gain":0.0,"max_hp_loss":0.0,"gold_gain":0.0,"event_name":"Forgotten Altar","player_choice":"Gave Idol","floor":19.0,"relics_lost":["Golden Idol"],"gold_loss":0.0,"damage_taken":0.0,"relics_obtained":["Bloody Idol"]},{"damage_healed":0.0,"max_hp_gain":0.0,"max_hp_loss":0.0,"gold_gain":0.0,"event_name":"Ghosts","player_choice":"Ignored","floor":22.0,"gold_loss":0.0,"damage_taken":0.0},{"damage_healed":0.0,"max_hp_gain":0.0,"max_hp_loss":0.0,"gold_gain":0.0,"event_name":"The Woman in Blue","player_choice":"Bought 2 Potions","floor":25.0,"gold_loss":0.0,"damage_taken":0.0},{"cards_removed":["Defend_P"],"damage_healed":0.0,"max_hp_gain":0.0,"max_hp_loss":0.0,"gold_gain":0.0,"event_name":"Purifier","player_choice":"Purged","floor":37.0,"gold_loss":0.0,"damage_taken":0.0},{"damage_healed":0.0,"max_hp_gain":0.0,"max_hp_loss":0.0,"gold_gain":0.0,"event_name":"SensoryStone","player_choice":"Memory 1","floor":41.0,"gold_loss":0.0,"damage_taken":0.0},{"damage_healed":0.0,"max_hp_gain":0.0,"max_hp_loss":3.0,"gold_gain":0.0,"event_name":"Winding Halls","player_choice":"Max HP","floor":44.0,"gold_loss":0.0,"damage_taken":0.0},{"damage_healed":0,"gold_gain":0,"player_choice":"Ignored","damage_taken":0,"max_hp_gain":0,"max_hp_loss":0,"event_name":"Mysterious Sphere","floor":48,"gold_loss":0}],"is_beta":false,"boss_relics":[{"not_picked":["Runic Dome","Ectoplasm"],"picked":"SlaversCollar"},{"not_picked":["Tiny House","Velvet Choker"],"picked":"Fusion Hammer"}],"items_purged_floors":[11,20,30,36],"is_endless":false,"potions_floor_spawned":[1,8,16,18,33,35,42,45,46],"ascension_level":15}}