{"host":"gk9qdtkqd8dwfeg2","time":1610803768,"event":{"mods":["Act Like it!","Aspiration","BaseMod","Colored Powertips","KomeijiMod","Minty Spire (QoL Compilation)","Quick Restart","Replay The Spire","Shop Mod","StSLib","TestMod","The Gatherer","The Servant 0.9.4","Waifu the Spire","WarShipGirlsR/’ΩΩ¢…Ÿ≈ÆR mod","Yuri Mod"],"gold_per_floor":[114,134,150,165,240,240,240,240,240,253,17,17,17,34,34,107,107,125,125,125,145,157,157,182,202,271,300,320,306,333,349,349,427,427,439,429,429,441,454,480,499,533,533,8,27,57,57,70,70,70,70,70,9,43,43],"floor_reached":56,"language":"ZHS","playtime":1645,"items_purged":["Defend_R","Parasite"],"score":1881,"play_id":"ea8795fb-97d5-474c-af91-8559136e5dfa","local_time":"20210116212928","is_ascension_mode":true,"campfire_choices":[{"data":"ReplayTheSpireMod:LeadingStrike","floor":6.0,"key":"SMITH"},{"data":"Shockwave","floor":13.0,"key":"SMITH"},{"data":"Replay:Undeath\u0027s Touch","floor":15.0,"key":"SMITH"},{"data":"Body Slam","floor":23.0,"key":"SMITH"},{"floor":32.0,"key":"RECALL"},{"data":"Life Link","floor":47,"key":"SMITH"},{"data":"Feel No Pain","floor":49,"key":"SMITH"},{"data":"Intimidate","floor":52,"key":"SMITH"}],"circlet_count":0,"master_deck":["Defend_R","ReplayTheSpireMod:LeadingStrike+1","Feel No Pain+1","Shockwave+1","Feel No Pain+1","Feel No Pain+1","Replay:Undeath\u0027s Touch+1","Life Link+1","Body Slam+1","Spot Weakness+1","Inflame+1","Intimidate+1","Reaper+1","Limit Break+1","Shrug It Off+1","Abandon+1","Body Slam+1","Replay:Undeath\u0027s Touch+1","ReplayTheSpireMod:Muscle Training+1"],"relics":["Burning Blood","testmod-TestBox","testmod-ThousandKnives","NeowsBlessing","Golden Egg","Pocketwatch","MerchantsRug","testmod-D®¶j®§vu","testmod-IntensifyImprint","Potion Belt","testmod-ObsoleteBoomerang","Lantern","Brimstone","Turnip"],"acts_visited":["Exordium","TheCity","TheBeyond","TheEnding"],"potions_floor_usage":[38,39,46,50,55,55,55],"damage_taken":[{"damage":0.0,"enemies":"Jaw Worm","floor":1.0,"turns":1.0},{"damage":0.0,"enemies":"2 Louse","floor":2.0,"turns":1.0},{"damage":0.0,"enemies":"Cultist","floor":3.0,"turns":1.0},{"damage":14.0,"enemies":"Gremlin Gang","floor":4.0,"turns":6.0},{"damage":6.0,"enemies":"2 Fungi Beasts","floor":10.0,"turns":4.0},{"damage":12.0,"enemies":"Exordium Thugs","floor":14.0,"turns":7.0},{"damage":1.0,"enemies":"Slime Boss","floor":16.0,"turns":7.0},{"damage":9.0,"enemies":"Chosen","floor":18.0,"turns":5.0},{"damage":7.0,"enemies":"Spheric Guardian","floor":21.0,"turns":4.0},{"damage":16.0,"enemies":"3 Cultists","floor":22.0,"turns":5.0},{"damage":7.0,"enemies":"Gremlin Leader","floor":24.0,"turns":4.0},{"damage":15.0,"enemies":"Snake Plant","floor":25.0,"turns":2.0},{"damage":0.0,"enemies":"Slavers","floor":27.0,"turns":4.0},{"damage":4.0,"enemies":"Chosen and Byrds","floor":28.0,"turns":4.0},{"damage":7.0,"enemies":"Book of Stabbing","floor":30.0,"turns":3.0},{"damage":9.0,"enemies":"Centurion and Healer","floor":31.0,"turns":3.0},{"damage":18.0,"enemies":"Champ","floor":33.0,"turns":3.0},{"damage":5,"enemies":"Orb Walker","floor":35,"turns":2},{"damage":19,"enemies":"3 Darklings","floor":38,"turns":3},{"damage":7,"enemies":"Writhing Mass","floor":39,"turns":4},{"damage":26,"enemies":"Reptomancer","floor":40,"turns":3},{"damage":36,"enemies":"Sphere and 2 Shapes","floor":41,"turns":4},{"damage":0,"enemies":"Giant Head","floor":42,"turns":4},{"damage":0,"enemies":"Maw","floor":45,"turns":4},{"damage":0,"enemies":"Nemesis","floor":46,"turns":1},{"damage":6,"enemies":"Writhing Mass","floor":48,"turns":3},{"damage":15,"enemies":"Replay:Hell Engine","floor":50,"turns":7},{"damage":6,"enemies":"Shield and Spear","floor":54,"turns":3},{"damage":96,"enemies":"The Heart","floor":55,"turns":5}],"seed_played":"2538859421043101424","potions_obtained":[{"floor":1.0,"key":"Block Potion"},{"floor":14.0,"key":"Elixir"},{"floor":22.0,"key":"ColorlessPotion"},{"floor":25.0,"key":"LifebloodPotion"},{"floor":31.0,"key":"AttackPotion"},{"floor":33.0,"key":"Block Potion"},{"floor":41,"key":"Energy Potion"},{"floor":45,"key":"CalmPotion"},{"floor":46,"key":"Block Potion"},{"floor":54,"key":"BlessingOfTheForge"}],"is_trial":false,"path_per_floor":["M","M","M","M","?","R","?","T","T","M","$","T","R","M","R","B",null,"M","?","?","M","M","R","E","M","T","E","M","$","E","M","R","B",null,"M","?","?","M","M","E","M","E","T","$","M","E","R","M","R","B",null,"R","$","E","B",null],"character_chosen":"IRONCLAD","items_purchased":["MerchantsRug","Feel No Pain","Inflame+1","testmod-ObsoleteBoomerang","Orrery","Replay:Undeath\u0027s Touch+1","ColorlessPotion","BloodPotion","Brimstone"],"campfire_rested":0,"item_purchase_floors":[11,11,29,44,44,44,44,44,53],"current_hp_per_floor":[74,75,75,67,56,56,61,61,61,61,61,61,61,55,55,60,75,72,72,72,71,61,61,60,51,51,57,59,59,72,69,69,57,85,86,86,86,87,94,74,57,63,63,63,85,91,91,91,91,82,89,89,89,89,17],"gold":43,"neow_bonus":"THREE_ENEMY_KILL","is_daily":false,"chose_seed":false,"campfire_upgraded":7,"win_rate":0.0,"timestamp":1610803768,"path_taken":["M","M","M","M","?","R","?","?","T","M","$","?","R","M","R","BOSS","M","?","?","M","?","R","E","?","T","E","M","$","E","M","R","BOSS","M","?","?","M","M","E","M","E","T","$","?","E","R","M","R","BOSS","R","$","E","BOSS"],"items_purchased_type":["Relic","Card","Card","Relic","Relic","Card","Potion","Potion","Relic"],"build_version":"2020-12-22","purchased_purges":2,"victory":true,"max_hp_per_floor":[75,75,75,75,75,75,80,80,80,80,80,80,80,80,80,80,80,80,80,80,80,80,80,80,80,80,80,80,80,94,94,94,94,94,94,94,94,94,94,94,94,94,94,91,91,91,91,91,91,91,91,91,91,91,91],"card_choices":[{"not_picked":["Life Link","Cleave","Run Through"],"picked":"SKIP","floor":1.0},{"not_picked":["Heavy Blade","Iron Wave"],"picked":"ReplayTheSpireMod:LeadingStrike","floor":2.0},{"not_picked":["Disarm","Pummel"],"picked":"Feel No Pain","floor":3.0},{"not_picked":["ReplayTheSpireMod:Strike From Hell","Warcry"],"picked":"Shockwave","floor":4.0},{"not_picked":["Inflame","Hemokinesis","Evolve"],"picked":"SKIP","floor":10.0},{"not_picked":["Hemokinesis","ReplayTheSpireMod:Muscle Training"],"picked":"Replay:Undeath\u0027s Touch","floor":14.0},{"not_picked":["Flex","Whirlwind+1","Havoc"],"picked":"SKIP","floor":18.0},{"not_picked":["Shrug It Off","Whirlwind+1","ReplayTheSpireMod:Limb From Limb"],"picked":"SKIP","floor":21.0},{"not_picked":["Heavy Blade","Disarm+1"],"picked":"Body Slam","floor":22.0},{"not_picked":["Shrug It Off","Limit Break"],"picked":"Spot Weakness","floor":24.0},{"not_picked":["Perfected Strike","Clash+1","Armaments"],"picked":"SKIP","floor":25.0},{"not_picked":["Thunderclap","Rage","Eclipse"],"picked":"SKIP","floor":27.0},{"not_picked":["Replay:Undeath\u0027s Touch","True Grit","Rampage+1"],"picked":"SKIP","floor":28.0},{"not_picked":["Clash","Hemokinesis+1"],"picked":"Intimidate","floor":30.0},{"not_picked":["Cleave","Iron Wave+1","Flex"],"picked":"SKIP","floor":31.0},{"not_picked":["Double Tap","Corruption"],"picked":"Reaper","floor":33.0},{"not_picked":["Run Through","Pummel","Metallicize"],"picked":"SKIP","floor":35},{"not_picked":[],"picked":"Limit Break","floor":36},{"not_picked":["Sword Boomerang","Clash"],"picked":"Shrug It Off+1","floor":38},{"not_picked":["Twin Strike","Flex","Sever Soul"],"picked":"SKIP","floor":39},{"not_picked":["Defy Death","Heavy Blade","Bloodletting+1"],"picked":"SKIP","floor":40},{"not_picked":["Rage","Iron Wave","Armaments"],"picked":"SKIP","floor":41},{"not_picked":["ReplayTheSpireMod:Strike From Hell","Bloodletting","Infernal Blade+1"],"picked":"SKIP","floor":42},{"not_picked":["ReplayTheSpireMod:Strike From Hell+1","Immolate"],"picked":"Abandon+1","floor":44},{"not_picked":["Bloodletting","Demonic Infusion"],"picked":"Body Slam+1","floor":44},{"not_picked":["Sword Boomerang","Body Slam","Run Through"],"picked":"SKIP","floor":45},{"not_picked":["Thunderclap+1","Perfected Strike+1"],"picked":"ReplayTheSpireMod:Muscle Training+1","floor":46},{"not_picked":["Second Wind","Massacre+1","Uppercut+1"],"picked":"SKIP","floor":48},{"not_picked":["Burning Pact","Corruption","Perfected Strike"],"picked":"SKIP","floor":54}],"player_experience":638150,"relics_obtained":[{"floor":8.0,"key":"Golden Egg"},{"floor":9.0,"key":"Pocketwatch"},{"floor":12.0,"key":"testmod-D®¶j®§vu"},{"floor":24.0,"key":"testmod-IntensifyImprint"},{"floor":26.0,"key":"Kunai"},{"floor":27.0,"key":"StrikeDummy"},{"floor":30.0,"key":"Mango"},{"floor":40,"key":"Potion Belt"},{"floor":42,"key":"Art of War"},{"floor":46,"key":"Lantern"},{"floor":54,"key":"Turnip"}],"event_choices":[{"damage_healed":0.0,"max_hp_gain":0.0,"max_hp_loss":0.0,"gold_gain":75.0,"event_name":"World of Goop","player_choice":"Gather Gold","floor":5.0,"gold_loss":0.0,"damage_taken":11.0},{"damage_healed":0.0,"max_hp_gain":5.0,"max_hp_loss":0.0,"gold_gain":0.0,"event_name":"Big Fish","player_choice":"Donut","floor":7.0,"gold_loss":0.0,"damage_taken":0.0},{"damage_healed":0.0,"max_hp_gain":0.0,"max_hp_loss":0.0,"gold_gain":0.0,"cards_transformed":["Strike_R"],"event_name":"Transmorgrifier","player_choice":"Transformed","floor":20.0,"gold_loss":0.0,"damage_taken":0.0,"cards_obtained":["Life Link"]},{"damage_healed":0,"gold_gain":0,"player_choice":"Upgraded","damage_taken":0,"max_hp_gain":0,"max_hp_loss":0,"event_name":"Upgrade Shrine","floor":37,"gold_loss":0,"cards_upgraded":["Spot Weakness"]}],"is_beta":false,"boss_relics":[{"not_picked":["aspiration:SecretTechniqueScroll","SacredBark"],"picked":"testmod-KeyOfTheVoid"},{"not_picked":["testmod-Nine","testmod-BatchProcessingSystem"],"picked":"Ooze Armor"}],"items_purged_floors":[29,44],"is_endless":false,"potions_floor_spawned":[1,14,22,24,25,31,33,35,41,45,46,54],"ascension_level":17}}