{"host":"y3h3n3f7seyagppx","time":1610823636,"event":{"mods":["AlwaysNeverKeys","BaseMod","Better Vampires","Colored Powertips","DeckTracker","Emptier Cage","Minty Spire (QoL Compilation)","Permanent Neow","Quick Restart","Rare Cards Sparkle","Relic Sorter","Relic Stats","StSLib","Transform Curses"],"gold_per_floor":[110,121,48,48,66,66,66],"floor_reached":6,"language":"ENG","playtime":429,"items_purged":[],"score":72,"play_id":"e5e1f860-291f-4343-8af9-662e68e43a47","local_time":"20210116140036","is_ascension_mode":true,"campfire_choices":[],"circlet_count":0,"master_deck":["AscendersBane","Strike_B","Strike_B","Strike_B","Defend_B","Defend_B","Defend_B","Defend_B","Zap","Dualcast","Loop","Conserve Battery","Doom and Gloom","Undo"],"relics":["Cracked Core","Tiny Chest"],"acts_visited":["Exordium"],"potions_floor_usage":[6],"damage_taken":[{"damage":1.0,"enemies":"Cultist","floor":1.0,"turns":3.0},{"damage":5.0,"enemies":"2 Louse","floor":2.0,"turns":3.0},{"damage":4.0,"enemies":"Jaw Worm","floor":5.0,"turns":4.0},{"damage":58,"enemies":"Gremlin Nob","floor":6,"turns":4}],"seed_played":"-8241999285216898975","potions_obtained":[{"floor":2.0,"key":"Dexterity Potion"}],"is_trial":false,"path_per_floor":["M","M","?","?","M","E"],"character_chosen":"DEFECT","items_purchased":[],"campfire_rested":0,"item_purchase_floors":[],"current_hp_per_floor":[63,58,58,58,54,0,0],"gold":66,"neow_bonus":"RANDOM_COMMON_RELIC","is_daily":false,"chose_seed":false,"campfire_upgraded":0,"win_rate":0.0,"timestamp":1610823636,"path_taken":["M","M","?","?","M","E"],"items_purchased_type":[],"build_version":"2020-12-22","purchased_purges":0,"victory":false,"max_hp_per_floor":[71,71,71,71,71,71,71],"relic_stats":{"counters":[4,14],"Tiny Chest":0,"obtain_stats":[{"Tiny Chest":0,"Cracked Core":0},{"Tiny Chest":0,"Cracked Core":0},{"Tiny Chest":0,"Cracked Core":0}]},"card_choices":[{"not_picked":["Sweeping Beam","Conserve Battery"],"picked":"Loop","floor":1.0},{"not_picked":["Conserve Battery","Steam","Turbo"],"picked":"SKIP","floor":2.0},{"not_picked":["Steam","Turbo"],"picked":"Conserve Battery","floor":2.0},{"not_picked":["Sweeping Beam","Streamline"],"picked":"Undo","floor":5.0}],"player_experience":21085991,"relics_obtained":[],"event_choices":[{"damage_healed":0.0,"max_hp_gain":0.0,"max_hp_loss":0.0,"gold_gain":0.0,"event_name":"World of Goop","player_choice":"Left Gold","floor":3.0,"gold_loss":73.0,"damage_taken":0.0},{"damage_healed":0.0,"max_hp_gain":0.0,"max_hp_loss":0.0,"gold_gain":0.0,"cards_transformed":["Strike_B"],"event_name":"Living Wall","player_choice":"Change","floor":4.0,"gold_loss":0.0,"damage_taken":0.0,"cards_obtained":["Doom and Gloom"]}],"is_beta":false,"boss_relics":[],"items_purged_floors":[],"is_endless":false,"potions_floor_spawned":[2],"killed_by":"Gremlin Nob","ascension_level":20}}