{"host":"1a3cjta80tad0aqj","time":1610824824,"event":{"mods":["2.2 Compatiblity","AchievementEnabler","BaseMod","Colored Map","DeckTracker","KOR Keyword Fix","Keyboard Shortcuts","Minty Spire (QoL Compilation)","Permanent Neow","Quick Restart","Random Character Button","StSLib","SuperFastMode","everything is the same but u backflip on backflip"],"gold_per_floor":[112,127,147,222,222,251,265,293,293,293,293,318,318,331,331,331,331],"floor_reached":16,"language":"KOR","playtime":537,"items_purged":[],"score":128,"play_id":"17604979-f847-4b49-8622-e6489d2d0f0b","local_time":"20210117042024","is_ascension_mode":true,"campfire_choices":[{"floor":11,"key":"REST"},{"floor":13,"key":"REST"},{"floor":15,"key":"REST"}],"circlet_count":0,"master_deck":["Strike_B","Strike_B","Strike_B","Strike_B+1","Defend_B","Defend_B","Defend_B","Defend_B+1","Zap","Dualcast","Barrage","Rebound","Turbo","Chill","Coolheaded","Streamline","Defragment","Beam Cell","Compile Driver"],"relics":["Cracked Core","NeowsBlessing","Pocketwatch","Tiny Chest","Dream Catcher","InkBottle"],"acts_visited":["Exordium"],"potions_floor_usage":[6,8,10],"damage_taken":[{"damage":0,"enemies":"2 Louse","floor":1,"turns":1},{"damage":0,"enemies":"Small Slimes","floor":2,"turns":1},{"damage":0,"enemies":"Cultist","floor":3,"turns":1},{"damage":25,"enemies":"3 Sentries","floor":6,"turns":7},{"damage":0,"enemies":"Large Slime","floor":7,"turns":4},{"damage":6,"enemies":"Lagavulin","floor":8,"turns":5},{"damage":0,"enemies":"Gremlin Gang","floor":10,"turns":3},{"damage":23,"enemies":"Gremlin Nob","floor":12,"turns":4},{"damage":10,"enemies":"3 Louse","floor":14,"turns":3},{"damage":29,"enemies":"The Guardian","floor":16,"turns":5}],"seed_played":"5116110350101250393","potions_obtained":[{"floor":1,"key":"Weak Potion"},{"floor":3,"key":"LiquidBronze"},{"floor":8,"key":"SmokeBomb"},{"floor":12,"key":"FairyPotion"}],"is_trial":false,"path_per_floor":["M","M","M","?","?","E","M","E","T","M","R","E","R","M","R","B"],"character_chosen":"DEFECT","items_purchased":[],"campfire_rested":3,"item_purchase_floors":[],"current_hp_per_floor":[75,75,75,64,49,24,24,18,18,18,40,17,39,29,51,22,22],"gold":331,"neow_bonus":"THREE_ENEMY_KILL","is_daily":false,"chose_seed":false,"campfire_upgraded":0,"win_rate":0.0,"timestamp":1610824824,"path_taken":["M","M","M","?","?","E","M","E","T","M","R","E","R","M","R","BOSS"],"items_purchased_type":[],"build_version":"2020-12-22","purchased_purges":0,"victory":false,"max_hp_per_floor":[75,75,75,75,75,75,75,75,75,75,75,75,75,75,75,75,75],"card_choices":[{"not_picked":["Undo","Fusion"],"picked":"Barrage","floor":1},{"not_picked":["Barrage","Steam"],"picked":"Rebound","floor":2},{"not_picked":["Rip and Tear","Skim"],"picked":"Turbo","floor":3},{"not_picked":["Go for the Eyes","Undo","Steam Power"],"picked":"SKIP","floor":6},{"not_picked":["Beam Cell","Turbo"],"picked":"Chill","floor":7},{"not_picked":["Sweeping Beam","Recycle"],"picked":"Coolheaded","floor":8},{"not_picked":["Gash","Scrape"],"picked":"Streamline","floor":11},{"not_picked":["Rainbow","Leap"],"picked":"Defragment","floor":12},{"not_picked":["Go for the Eyes","Consume"],"picked":"Beam Cell","floor":14},{"not_picked":["Streamline","Doom and Gloom"],"picked":"Compile Driver","floor":15}],"player_experience":687667,"relics_obtained":[{"floor":6,"key":"Pocketwatch"},{"floor":8,"key":"Tiny Chest"},{"floor":9,"key":"Dream Catcher"},{"floor":12,"key":"InkBottle"}],"event_choices":[{"damage_healed":0,"gold_gain":75,"player_choice":"Gather Gold","damage_taken":11,"max_hp_gain":0,"max_hp_loss":0,"event_name":"World of Goop","floor":4,"gold_loss":0},{"damage_healed":0,"gold_gain":0,"player_choice":"Entered Light","damage_taken":15,"max_hp_gain":0,"max_hp_loss":0,"event_name":"Shining Light","floor":5,"gold_loss":0,"cards_upgraded":["Defend_B","Strike_B"]}],"is_beta":false,"boss_relics":[],"items_purged_floors":[],"is_endless":false,"potions_floor_spawned":[1,3,8,10,12],"killed_by":"The Guardian","ascension_level":1}}