{"host":"xbs6xfa3tvu21mfl","time":1610786134,"event":{"mods":["Arknights The Spire","BaseMod","Downfall","Minty Spire (QoL Compilation)","Quick Restart","StSLib"],"gold_per_floor":[17,28,28,43,57,84,96,133,191,232,255,267,293,6,6,111,111,130,140,155,230,28,28,28,47,124,124,124,150,150,160,160,160,160],"floor_reached":33,"language":"ZHS","playtime":2043,"items_purged":["ats:Defend"],"score":312,"play_id":"99d96396-fb66-4d9b-b4e3-7d4974e5d534","local_time":"20210116163534","is_ascension_mode":false,"campfire_choices":[{"floor":7.0,"key":"REST"},{"floor":15,"key":"REST"},{"floor":23,"key":"REST"},{"floor":28,"key":"REST"},{"floor":30,"key":"REST"},{"floor":32,"key":"REST"}],"circlet_count":0,"master_deck":["ats:Strike G","ats:Strike S","ats:Armor Crushing Shot","ats:Defend","ats:Defend","ats:Defend","ats:Emotion Absorption","ats:Sunburst","ats:Apocalypse","ats:Powerful Strike","ats:Cat Scratch","ats:Blood Oath","ats:Closed Bolt Burst Fire","ats:Charging Defense","ats:Blood Oath","ats:Hammer On","ats:Composite Medical Shells","ats:Shadow Assault","ats:Hook Shot","ats:Healing Strengthening","ats:Revitalization","ats:Shell Defense","ats:Roar Of Ursus","Bash","ats:Dogmatic Field+1","ats:Apocalypse"],"relics":["ats:Sanity","Mango","ats:Originium","MawBank","Gremlin Horn","Lantern","Strawberry","SlaversCollar","ats:Arts","Bottled Tornado","Frozen Egg 2"],"acts_visited":["Exordium","TheCity"],"potions_floor_usage":[11,29,31,33],"damage_taken":[{"damage":0.0,"enemies":"2 Louse","floor":1.0,"turns":3.0},{"damage":7.0,"enemies":"Small Slimes","floor":2.0,"turns":3.0},{"damage":10.0,"enemies":"Cultist","floor":4.0,"turns":4.0},{"damage":6.0,"enemies":"2 Fungi Beasts","floor":5.0,"turns":4.0},{"damage":44.0,"enemies":"3 Sentries","floor":6.0,"turns":9.0},{"damage":40.0,"enemies":"Lagavulin","floor":8.0,"turns":6.0},{"damage":33.0,"enemies":"Gremlin Nob","floor":10.0,"turns":5.0},{"damage":9,"enemies":"Exordium Thugs","floor":11,"turns":5},{"damage":7,"enemies":"Looter","floor":13,"turns":4},{"damage":82,"enemies":"The Guardian","floor":16,"turns":15},{"damage":10,"enemies":"3 Byrds","floor":18,"turns":4},{"damage":25,"enemies":"2 Thieves","floor":19,"turns":4},{"damage":33,"enemies":"Cultist and Chosen","floor":20,"turns":7},{"damage":78,"enemies":"Centurion and Healer","floor":25,"turns":11},{"damage":59,"enemies":"Slavers","floor":29,"turns":5},{"damage":41,"enemies":"Snake Plant","floor":31,"turns":6},{"damage":117,"enemies":"Collector","floor":33,"turns":8}],"seed_played":"-1036357840394817372","potions_obtained":[{"floor":4.0,"key":"Weak Potion"},{"floor":6.0,"key":"LiquidMemories"},{"floor":10.0,"key":"ats:Emergency Sanity Potion"},{"floor":25,"key":"ColorlessPotion"},{"floor":29,"key":"Weak Potion"},{"floor":31,"key":"GamblersBrew"}],"is_trial":false,"path_per_floor":["M","M","?","M","M","E","R","E","T","E","M","?","M","$","R","B",null,"M","M","M","?","$","R","?","M","T","?","R","E","R","M","R","B"],"character_chosen":"DOCTOR_CLASS","items_purchased":["ats:Composite Medical Shells","Strawberry","ats:Arts","PowerPotion"],"campfire_rested":6,"item_purchase_floors":[14,14,22,22],"current_hp_per_floor":[86,79,79,77,79,43,68,41,41,15,13,13,16,23,50,11,93,89,70,63,54,54,81,81,58,58,58,85,42,69,52,79,0,0],"gold":160,"neow_bonus":"ONE_RARE_RELIC","is_daily":false,"chose_seed":false,"campfire_upgraded":0,"win_rate":0.0,"timestamp":1610786134,"path_taken":["M","M","?","M","M","E","R","E","T","E","M","?","M","$","R","BOSS","M","M","?","?","?","R","?","M","T","?","R","E","R","?","R","BOSS"],"items_purchased_type":["Card","Relic","Relic","Potion"],"build_version":"2020-12-22","purchased_purges":1,"victory":false,"max_hp_per_floor":[86,86,86,86,86,86,86,86,86,86,86,86,86,93,93,93,93,93,93,93,93,93,93,93,93,93,93,93,93,93,93,93,93,93],"card_choices":[{"not_picked":["ats:Leaping Hammer","ats:Steam Pump"],"picked":"ats:Sunburst","floor":1.0},{"not_picked":["ats:Explosion Area Strengthen","ats:Beaten Up"],"picked":"ats:Apocalypse","floor":2.0},{"not_picked":["ats:Red Shift","ats:Apocalypse"],"picked":"ats:Powerful Strike","floor":4.0},{"not_picked":["ats:Apocalypse","ats:Assault Order"],"picked":"ats:Cat Scratch","floor":5.0},{"not_picked":["ats:Assault Order","ats:Rapid Magazine"],"picked":"ats:Blood Oath","floor":6.0},{"not_picked":["ats:Explosion Area Strengthen","ats:Wolf Pack"],"picked":"ats:Closed Bolt Burst Fire","floor":8.0},{"not_picked":["ats:Flexible Camouflage","ats:Neurotoxin"],"picked":"ats:Charging Defense","floor":10.0},{"not_picked":["ats:Shadow Raid","ats:Beaten Up"],"picked":"ats:Blood Oath","floor":11},{"not_picked":["ats:Childhood Dance","ats:Cat Scratch"],"picked":"ats:Hammer On","floor":13},{"not_picked":["ats:Rat Pack","ats:Fractured Body"],"picked":"ats:Shadow Assault","floor":16},{"not_picked":["ats:Childhood Dance","ats:Shell Defense"],"picked":"ats:Hook Shot","floor":18},{"not_picked":["ats:Shell Defense","ats:Sword Rain"],"picked":"ats:Healing Strengthening","floor":19},{"not_picked":["ats:Shell Defense","ats:Childhood Dance"],"picked":"ats:Revitalization","floor":20},{"not_picked":["ats:Explosion Area Strengthen","ats:Consecutive Shot Auto"],"picked":"ats:Shell Defense","floor":25},{"not_picked":["ats:Shell Defense","ats:Curse Doll"],"picked":"ats:Dogmatic Field+1","floor":29},{"not_picked":["ats:Consecutive Shot Auto+1","ats:Hammer On"],"picked":"ats:Apocalypse","floor":31}],"player_experience":125374,"relics_obtained":[{"floor":6.0,"key":"ats:Originium"},{"floor":6.0,"key":"MawBank"},{"floor":8.0,"key":"ats:Originium"},{"floor":8.0,"key":"Gremlin Horn"},{"floor":10.0,"key":"ats:Originium"},{"floor":10.0,"key":"Lantern"},{"floor":26,"key":"Bottled Tornado"},{"floor":29,"key":"Frozen Egg 2"}],"event_choices":[{"cards_removed":["ats:Strike C"],"damage_healed":0.0,"max_hp_gain":0.0,"max_hp_loss":0.0,"gold_gain":0.0,"event_name":"Living Wall","player_choice":"Forget","floor":3.0,"gold_loss":0.0,"damage_taken":0.0},{"cards_removed":["ats:Strike V"],"damage_healed":0,"gold_gain":0,"player_choice":"Card Removal","damage_taken":0,"max_hp_gain":0,"max_hp_loss":0,"event_name":"Wheel of Change","floor":12,"gold_loss":0},{"damage_healed":0,"gold_gain":75,"player_choice":"Touch","damage_taken":9,"max_hp_gain":0,"max_hp_loss":0,"event_name":"FaceTrader","floor":21,"gold_loss":0},{"damage_healed":0,"gold_gain":0,"player_choice":"Ignored","damage_taken":0,"max_hp_gain":0,"max_hp_loss":0,"event_name":"Ghosts","floor":24,"gold_loss":0},{"damage_healed":0,"gold_gain":0,"player_choice":"2 cards matched","damage_taken":0,"max_hp_gain":0,"max_hp_loss":0,"event_name":"Match and Keep!","floor":27,"gold_loss":0,"cards_obtained":["ats:Roar Of Ursus","Bash"]}],"is_beta":false,"boss_relics":[{"not_picked":["ats:Omniscience","Black Star"],"picked":"SlaversCollar"}],"items_purged_floors":[14],"is_endless":false,"potions_floor_spawned":[4,6,10,25,29,31],"killed_by":"Collector","ascension_level":0}}