{"host":"ii5w5xfjx95sugaa","time":1610794099,"event":{"mods":["BaseMod","Minty Spire (QoL Compilation)","Quick Restart","SOS（斯巴达之子）","StSLib","The Bladedancer"],"gold_per_floor":[119,135,135,135,148,148,181,181,181,181,249,249,249,267,267,391,391,474,519,479,96,118,118,145,176,176,188,261,373,443,524,536,659,671,747,781,540,596,160,160,160,160,215,215,215,252,279,279,279,279,279],"floor_reached":50,"language":"ZHS","playtime":3776,"items_purged":["Defend_Dante","Doubt","Shock+1"],"score":471,"play_id":"db8f7bb7-6e5d-4cb8-ac17-3bd79f576d4d","local_time":"20210116184819","is_ascension_mode":false,"campfire_choices":[{"data":"Stinger","floor":6.0,"key":"SMITH"},{"data":"Millionstab","floor":8.0,"key":"SMITH"},{"data":"Provocation","floor":15.0,"key":"SMITH"},{"floor":23.0,"key":"REST"},{"floor":32.0,"key":"REST"},{"floor":40.0,"key":"REST"},{"floor":41.0,"key":"REST"},{"floor":45.0,"key":"REST"},{"floor":49.0,"key":"REST"}],"circlet_count":0,"master_deck":["Attack_a","Attack_a","Attack_b","Shoot","Shoot","Provocation+1","Defend_Dante","Defend_Dante","Defend_Dante","Redorb","Greenorb","Straight","Stinger+1","Millionstab+1","Rebellion","Trickster+1","SSScard+1","Weaponchange+1","Stinger+1","Dash1","DT","GilgameshcomboA+1","Stinger+1","Injury","Darkslayer","Master of Strategy"],"relics":["SSS","Combocheck","NeowsBlessing","WarpedTongs","CaptainsWheel","Peace Pipe","Matryoshka","Cursed Key","Nunchaku","DollysMirror","MawBank","Molten Egg 2","Sozu","Orrery","WingedGreaves","HornCleat","Ancient Tea Set"],"acts_visited":["Exordium","TheCity","TheBeyond"],"potions_floor_usage":[50],"damage_taken":[{"damage":0.0,"enemies":"2 Louse","floor":1.0,"turns":1.0},{"damage":0.0,"enemies":"Small Slimes","floor":2.0,"turns":1.0},{"damage":0.0,"enemies":"Cultist","floor":5.0,"turns":1.0},{"damage":22.0,"enemies":"Gremlin Nob","floor":7.0,"turns":5.0},{"damage":10.0,"enemies":"Exordium Thugs","floor":11.0,"turns":5.0},{"damage":0.0,"enemies":"3 Louse","floor":14.0,"turns":2.0},{"damage":48.0,"enemies":"Hexaghost","floor":16.0,"turns":6.0},{"damage":14.0,"enemies":"3 Byrds","floor":18.0,"turns":4.0},{"damage":19.0,"enemies":"Shell Parasite","floor":19.0,"turns":2.0},{"damage":31.0,"enemies":"Snake Plant","floor":22.0,"turns":3.0},{"damage":11.0,"enemies":"3 Cultists","floor":24.0,"turns":2.0},{"damage":28.0,"enemies":"Centurion and Healer","floor":25.0,"turns":3.0},{"damage":2.0,"enemies":"Snake Plant","floor":28.0,"turns":4.0},{"damage":0.0,"enemies":"Chosen and Byrds","floor":30.0,"turns":2.0},{"damage":12.0,"enemies":"3 Cultists","floor":31.0,"turns":4.0},{"damage":14.0,"enemies":"Automaton","floor":33.0,"turns":5.0},{"damage":63.0,"enemies":"3 Shapes","floor":35.0,"turns":3.0},{"damage":20.0,"enemies":"3 Darklings","floor":36.0,"turns":4.0},{"damage":0.0,"enemies":"Transient","floor":38.0,"turns":5.0},{"damage":21.0,"enemies":"Writhing Mass","floor":46.0,"turns":8.0},{"damage":48.0,"enemies":"4 Shapes","floor":47.0,"turns":4.0},{"damage":55,"enemies":"Time Eater","floor":50,"turns":6}],"seed_played":"4657020715612665589","potions_obtained":[{"floor":2.0,"key":"LiquidBronze"},{"floor":11.0,"key":"EntropicBrew"},{"floor":16.0,"key":"SpeedPotion"},{"floor":25.0,"key":"FearPotion"}],"is_trial":false,"path_per_floor":["M","M","?","?","M","R","E","R","T","T","M","?","$","M","R","B",null,"M","M","?","$","M","R","M","M","T","?","M","?","M","M","R","B",null,"M","M","$","M","$","R","R","?","T","?","R","M","M","?","R","B"],"character_chosen":"DANTE","items_purchased":["Nunchaku","DollysMirror","Orrery","WingedGreaves"],"campfire_rested":6,"item_purchase_floors":[21,21,37,39],"current_hp_per_floor":[80,80,80,80,80,80,61,61,61,61,60,60,60,69,69,28,80,75,62,62,62,37,61,54,35,35,35,35,35,36,33,57,45,80,25,12,12,16,16,40,64,64,64,64,76,60,14,14,36,0,0],"gold":279,"neow_bonus":"THREE_ENEMY_KILL","is_daily":false,"chose_seed":false,"campfire_upgraded":3,"win_rate":0.0,"timestamp":1610794099,"path_taken":["M","M","?","?","?","R","E","R","T","?","M","?","$","M","R","BOSS","M","M","?","$","M","R","?","M","T","?","M","?","?","M","R","BOSS","M","M","$","M","$","R","R","?","T","?","R","?","M","?","R","BOSS"],"items_purchased_type":["Relic","Relic","Relic","Relic"],"build_version":"2020-12-22","purchased_purges":3,"victory":false,"max_hp_per_floor":[80,80,80,80,80,80,80,80,80,80,80,80,80,80,80,80,80,80,80,80,80,80,80,80,80,80,80,80,80,80,80,80,80,80,80,80,80,80,80,80,80,76,76,76,76,76,76,76,76,76,76],"card_choices":[{"not_picked":["VitalstarS","LucifercomboA"],"picked":"Greenorb","floor":1.0},{"not_picked":["Weaponchange","Airhike"],"picked":"Straight","floor":2.0},{"not_picked":["DT","Gunslinger"],"picked":"Stinger","floor":5.0},{"not_picked":["Gunstinger","BeastUppercut"],"picked":"Millionstab","floor":7.0},{"not_picked":["Dash2","Splesh"],"picked":"Rebellion","floor":11.0},{"not_picked":["Chargeshoot2","Blueorb","Millionkick"],"picked":"SKIP","floor":14.0},{"not_picked":["Airtrick","Royalguard"],"picked":"Trickster","floor":16.0},{"not_picked":["GilgameshcomboA+1","EbonyIvory"],"picked":"SSScard","floor":18.0},{"not_picked":["Dash2+1","Gunstinger"],"picked":"Weaponchange+1","floor":19.0},{"not_picked":["Chargeshoot","SSScard"],"picked":"Dash1","floor":22.0},{"not_picked":["BeastUppercut","Millionkick+1","Weaponupgrade+1"],"picked":"SKIP","floor":24.0},{"not_picked":["LucifercomboA","Straight","Honeycombofire+1"],"picked":"SKIP","floor":25.0},{"not_picked":["Pandora","Kick13+1","Doubleshoot+1"],"picked":"SKIP","floor":28.0},{"not_picked":["Gunstinger+1","Gilgamesh"],"picked":"DT","floor":30.0},{"not_picked":["Pandora+1","Millionkick+1"],"picked":"Shock+1","floor":31.0},{"not_picked":["EbonyIvory+1","Honeycombofire+1","VitalstarS"],"picked":"SKIP","floor":35.0},{"not_picked":["Pandora","DT","Hightime"],"picked":"SKIP","floor":36.0},{"not_picked":["Whiteorb+1","Gunslinger"],"picked":"GilgameshcomboA+1","floor":37.0},{"not_picked":["Whiteorb+1","Weaponchange"],"picked":"Stinger+1","floor":37.0},{"not_picked":["LucifercomboC+1","Weaponupgrade+1","Fullhouse+1"],"picked":"SKIP","floor":38.0},{"not_picked":["SSScard","Lucifer","Royaldefend"],"picked":"SKIP","floor":46.0},{"not_picked":["Gunslinger","Chargeshoot2+1"],"picked":"Darkslayer","floor":47.0},{"not_picked":["Deep Breath","Jack Of All Trades"],"picked":"Master of Strategy","floor":48.0}],"player_experience":106837,"relics_obtained":[{"floor":7.0,"key":"CaptainsWheel"},{"floor":9.0,"key":"Peace Pipe"},{"floor":10.0,"key":"Matryoshka"},{"floor":26.0,"key":"MawBank"},{"floor":26.0,"key":"Molten Egg 2"},{"floor":43.0,"key":"HornCleat"},{"floor":43.0,"key":"Ancient Tea Set"}],"event_choices":[{"damage_healed":0.0,"max_hp_gain":0.0,"max_hp_loss":0.0,"gold_gain":0.0,"event_name":"Golden Wing","player_choice":"Ignored","floor":3.0,"gold_loss":0.0,"damage_taken":0.0},{"damage_healed":0.0,"max_hp_gain":0.0,"max_hp_loss":0.0,"gold_gain":0.0,"event_name":"Accursed Blacksmith","player_choice":"Rummage","floor":4.0,"gold_loss":0.0,"damage_taken":0.0,"relics_obtained":["WarpedTongs"],"cards_obtained":["Pain"]},{"damage_healed":0.0,"max_hp_gain":0.0,"max_hp_loss":0.0,"gold_gain":0.0,"event_name":"Golden Idol","player_choice":"Ignored","floor":12.0,"gold_loss":0.0,"damage_taken":0.0},{"damage_healed":0.0,"max_hp_gain":0.0,"max_hp_loss":0.0,"gold_gain":0.0,"event_name":"Designer","player_choice":"Upgrade","floor":20.0,"gold_loss":40.0,"damage_taken":0.0,"cards_upgraded":["Trickster"]},{"cards_removed":["Pain"],"damage_healed":0.0,"max_hp_gain":0.0,"max_hp_loss":0.0,"gold_gain":0.0,"event_name":"Back to Basics","player_choice":"Elegance","floor":27.0,"gold_loss":0.0,"damage_taken":0.0},{"damage_healed":0.0,"max_hp_gain":0.0,"max_hp_loss":0.0,"gold_gain":100.0,"event_name":"Golden Shrine","player_choice":"Pray","floor":29.0,"gold_loss":0.0,"damage_taken":0.0},{"damage_healed":0.0,"max_hp_gain":0.0,"max_hp_loss":4.0,"gold_gain":0.0,"event_name":"Winding Halls","player_choice":"Max HP","floor":42.0,"gold_loss":0.0,"damage_taken":0.0},{"damage_healed":0.0,"max_hp_gain":0.0,"max_hp_loss":0.0,"gold_gain":0.0,"event_name":"Upgrade Shrine","player_choice":"Upgraded","floor":44.0,"gold_loss":0.0,"damage_taken":0.0,"cards_upgraded":["SSScard"]},{"damage_healed":0.0,"max_hp_gain":0.0,"max_hp_loss":0.0,"gold_gain":0.0,"event_name":"SensoryStone","player_choice":"Memory 1","floor":48.0,"gold_loss":0.0,"damage_taken":0.0}],"is_beta":false,"boss_relics":[{"not_picked":["Empty Cage","Coffee Dripper"],"picked":"Cursed Key"},{"not_picked":["Fusion Hammer","Tiny House"],"picked":"Sozu"}],"items_purged_floors":[21,37,39],"is_endless":false,"potions_floor_spawned":[2,11,16,25,28,35,46],"killed_by":"Time Eater","ascension_level":0}}