{"host":"oe6yjh9x9s1jtd6c","time":1610770301,"event":{"mods":["Act Like it!","BaseMod","Jorbs\u0027s Wanderer Trilogy","Minty Spire (QoL Compilation)","Permanent Neow","Relic Stats","StSLib","The Jungle"],"gold_per_floor":[363,363,379,34,46,46,82,166,166,166,166,166],"floor_reached":11,"language":"ENG","playtime":785,"items_purged":[],"score":78,"play_id":"6d788bc1-fcf2-4a41-8137-468678476cb9","local_time":"20210116041141","is_ascension_mode":true,"campfire_choices":[{"data":"stsjorbsmod:ChatteringStrike","floor":6,"key":"SMITH"}],"circlet_count":0,"master_deck":["stsjorbsmod:ForbiddenGrimoire+1","stsjorbsmod:Strike_Wanderer","stsjorbsmod:Strike_Wanderer","stsjorbsmod:Strike_Wanderer","stsjorbsmod:Strike_Wanderer","stsjorbsmod:Defend_Wanderer","stsjorbsmod:Defend_Wanderer","stsjorbsmod:Defend_Wanderer","stsjorbsmod:Defend_Wanderer+1","stsjorbsmod:FreshAdventure","stsjorbsmod:EyeOfTheStorm","stsjorbsmod:ChatteringStrike+1","stsjorbsmod:OldPocket","stsjorbsmod:FindFamiliar+1","stsjorbsmod:WanderingMind","stsjorbsmod:Mania","stsjorbsmod:Introspection","stsjorbsmod:LocateObject","stsjorbsmod:Prestidigitation+1"],"relics":["stsjorbsmod:GrimoireRelic","Sling","Frozen Egg 2","Prayer Wheel","Mummified Hand"],"acts_visited":["Exordium"],"potions_floor_usage":[],"damage_taken":[{"damage":8,"enemies":"Small Slimes","floor":1,"turns":5},{"damage":7,"enemies":"Jaw Worm","floor":3,"turns":4},{"damage":6,"enemies":"Cultist","floor":5,"turns":4},{"damage":18,"enemies":"3 Sentries","floor":7,"turns":5},{"damage":23,"enemies":"3 Sentries","floor":8,"turns":5},{"damage":10,"enemies":"Lagavulin","floor":11,"turns":2}],"seed_played":"-1414701522275861113","potions_obtained":[{"floor":5,"key":"SteroidPotion"}],"is_trial":false,"path_per_floor":["M","$","M","$","M","R","E","?","T","?","E"],"character_chosen":"WANDERER","items_purchased":["Sling","stsjorbsmod:FindFamiliar","stsjorbsmod:WanderingMind","stsjorbsmod:Mania"],"campfire_rested":0,"item_purchase_floors":[4,4,4,4],"current_hp_per_floor":[48,48,43,43,42,42,27,7,7,7,0,0],"gold":166,"neow_bonus":"TWO_FIFTY_GOLD","is_daily":false,"chose_seed":false,"campfire_upgraded":1,"win_rate":0.0,"timestamp":1610770301,"path_taken":["M","$","M","$","M","R","E","?","T","?","E"],"items_purchased_type":["Relic","Card","Card","Card"],"build_version":"2020-12-22","purchased_purges":0,"victory":false,"max_hp_per_floor":[70,70,70,70,72,72,72,72,72,72,72,72],"relic_stats":{"counters":[6,25],"Mummified Hand":[4],"Prayer Wheel":0,"obtain_stats":[{"Mummified Hand":9,"stsjorbsmod:GrimoireRelic":0,"Prayer Wheel":8,"Frozen Egg 2":7,"Sling":4},{"Mummified Hand":5,"stsjorbsmod:GrimoireRelic":0,"Prayer Wheel":5,"Frozen Egg 2":4,"Sling":2},{"Mummified Hand":23,"stsjorbsmod:GrimoireRelic":0,"Prayer Wheel":23,"Frozen Egg 2":18,"Sling":9}]},"card_choices":[{"not_picked":["stsjorbsmod:DoubleCheck","stsjorbsmod:FracturedMind"],"picked":"stsjorbsmod:ChatteringStrike","floor":1},{"not_picked":["stsjorbsmod:FranticSearch","stsjorbsmod:ChainLightning"],"picked":"stsjorbsmod:OldPocket","floor":3},{"not_picked":["stsjorbsmod:SchoolsOfMagic","stsjorbsmod:Prestidigitation"],"picked":"stsjorbsmod:Introspection","floor":5},{"not_picked":["stsjorbsmod:AnimateObjects","stsjorbsmod:FaerieFire"],"picked":"stsjorbsmod:LocateObject","floor":7},{"not_picked":["stsjorbsmod:ParryingBlow","stsjorbsmod:Hibernate"],"picked":"stsjorbsmod:Prestidigitation+1","floor":8}],"player_experience":475960,"relics_obtained":[{"floor":7,"key":"Frozen Egg 2"},{"floor":8,"key":"Prayer Wheel"},{"floor":9,"key":"Mummified Hand"}],"event_choices":[{"damage_healed":0,"gold_gain":30,"player_choice":"Searched \u00272\u0027 times","damage_taken":0,"max_hp_gain":0,"max_hp_loss":0,"event_name":"Dead Adventurer","floor":8,"gold_loss":0},{"damage_healed":0,"gold_gain":0,"player_choice":"Upgraded","damage_taken":0,"max_hp_gain":0,"max_hp_loss":0,"event_name":"Upgrade Shrine","floor":10,"gold_loss":0,"cards_upgraded":["stsjorbsmod:FindFamiliar"]}],"is_beta":false,"boss_relics":[],"items_purged_floors":[],"is_endless":false,"potions_floor_spawned":[5],"killed_by":"Lagavulin","ascension_level":2}}