{"host":"cjhtzh7tp54jdfyv","time":1610813248,"event":{"mods":["AchievementEnabler","BaseMod","Colored Map","Colored Powertips","Curses Come First","DeckTracker","Filter the Spire","Minty Spire (QoL Compilation)","RNG Fix","Relic Sorter","Relic Stats","StSLib","UnlockEverythingMod","ojb\u0027s Better Paths Mod","ojb\u0027s Info Mod"],"gold_per_floor":[117,392,403,418,75,75,106,116,116,116,126,126,69,107,107,107,107],"floor_reached":16,"language":"ENG","playtime":827,"items_purged":["Regret"],"score":220,"play_id":"00ab6fb5-8f0b-419a-8187-d2a04f075d7c","local_time":"20210116110728","is_ascension_mode":true,"campfire_choices":[{"data":"Cloak And Dagger","floor":6.0,"key":"SMITH"},{"data":"Cloak And Dagger","floor":10.0,"key":"SMITH"},{"data":"Noxious Fumes","floor":15,"key":"SMITH"}],"circlet_count":0,"master_deck":["AscendersBane","Strike_G","Strike_G","Strike_G","Strike_G","Strike_G","Defend_G","Defend_G","Defend_G","Defend_G","Defend_G","Survivor","Neutralize","Underhanded Strike","Cloak And Dagger+1","Cloak And Dagger+1","Backstab","Noxious Fumes+1"],"relics":["WristBlade","Question Card","Centennial Puzzle","InkBottle","Golden Idol","Paper Crane"],"acts_visited":["Exordium"],"potions_floor_usage":[14,16],"damage_taken":[{"damage":1.0,"enemies":"Cultist","floor":1.0,"turns":4.0},{"damage":10.0,"enemies":"2 Louse","floor":3.0,"turns":2.0},{"damage":9.0,"enemies":"Jaw Worm","floor":4.0,"turns":4.0},{"damage":26.0,"enemies":"Lagavulin","floor":7.0,"turns":8.0},{"damage":1.0,"enemies":"Looter","floor":8.0,"turns":3.0},{"damage":0,"enemies":"Large Slime","floor":11,"turns":4},{"damage":2,"enemies":"3 Sentries","floor":14,"turns":4},{"damage":12,"enemies":"Hexaghost","floor":16,"turns":7}],"seed_played":"4334203949746850775","potions_obtained":[{"floor":3.0,"key":"Swift Potion"},{"floor":4.0,"key":"Explosive Potion"},{"floor":8.0,"key":"Explosive Potion"}],"is_trial":false,"path_per_floor":["M","?","M","M","$","R","E","M","T","R","M","?","$","E","R","B"],"character_chosen":"THE_SILENT","items_purchased":["Question Card","Swift Potion"],"campfire_rested":0,"item_purchase_floors":[5,13],"current_hp_per_floor":[58,58,48,39,39,39,13,12,12,12,12,12,12,10,10,0,0],"gold":107,"neow_bonus":"BOSS_RELIC","is_daily":false,"chose_seed":false,"campfire_upgraded":3,"win_rate":0.0,"timestamp":1610813248,"path_taken":["M","?","M","M","$","R","E","M","T","R","M","?","$","E","R","BOSS"],"items_purchased_type":["Relic","Potion"],"build_version":"2020-12-22","purchased_purges":1,"victory":false,"max_hp_per_floor":[66,66,66,66,66,66,66,66,66,66,66,60,60,60,60,60,60],"relic_stats":{"Centennial Puzzle":[9],"counters":[8,36],"Golden Idol":8,"Question Card":4,"obtain_stats":[{"Centennial Puzzle":7,"WristBlade":0,"Golden Idol":12,"Paper Crane":14,"Question Card":5,"InkBottle":9,"Ring of the Snake":0},{"Centennial Puzzle":4,"WristBlade":0,"Golden Idol":6,"Paper Crane":7,"Question Card":3,"InkBottle":5,"Ring of the Snake":0},{"Centennial Puzzle":18,"WristBlade":0,"Golden Idol":25,"Paper Crane":29,"Question Card":10,"InkBottle":21,"Ring of the Snake":0}],"InkBottle":[6]},"card_choices":[{"not_picked":["Deadly Poison","Acrobatics"],"picked":"Underhanded Strike","floor":1.0},{"not_picked":["Dodge and Roll","Tactician","Deflect"],"picked":"SKIP","floor":3.0},{"not_picked":["Caltrops","Poisoned Stab"],"picked":"Cloak And Dagger","floor":4.0},{"not_picked":["Caltrops","Prepared","Backflip"],"picked":"Cloak And Dagger","floor":7.0},{"not_picked":["Calculated Gamble","Choke","Backflip"],"picked":"Backstab","floor":8.0},{"not_picked":["Deadly Poison","Eviscerate","Dagger Spray","Outmaneuver"],"picked":"SKIP","floor":11},{"not_picked":["Caltrops","Unload","Flying Knee"],"picked":"Noxious Fumes","floor":14}],"player_experience":4382772,"relics_obtained":[{"floor":7.0,"key":"Centennial Puzzle"},{"floor":9.0,"key":"InkBottle"},{"floor":14,"key":"Paper Crane"}],"event_choices":[{"damage_healed":0.0,"max_hp_gain":0.0,"max_hp_loss":0.0,"gold_gain":275.0,"event_name":"Golden Shrine","player_choice":"Desecrate","floor":2.0,"gold_loss":0.0,"damage_taken":0.0,"cards_obtained":["Regret"]},{"damage_healed":0,"gold_gain":0,"player_choice":"Lose Max HP","damage_taken":0,"relics_obtained":["Golden Idol"],"max_hp_gain":0,"max_hp_loss":6,"event_name":"Golden Idol","floor":12,"gold_loss":0}],"is_beta":false,"boss_relics":[],"items_purged_floors":[5],"is_endless":false,"potions_floor_spawned":[3,4,8],"killed_by":"Hexaghost","ascension_level":20}}