{"host":"szp1d6dso4pv7ddl","time":1610760590,"event":{"mods":["AchievementEnabler","Alarm Clock","BaseMod","Bestiary","Block Reminder","Colored Map","Colored Powertips","Curses Come First","Dark Map","Displayed Cursed Tome","Highlight Path","Minty Spire (QoL Compilation)","Permanent Neow","Quick Restart","Relic Sorter","Relic Stats","StSLib","Synergy Search"],"gold_per_floor":[13,13,13,24,38,38,67,67,67,85,85,10,10,10,10,109,159,176,176,8,22,40,40,51,64,90,90,51,51,71,25,25,25,25],"floor_reached":33,"language":"ENG","playtime":1262,"items_purged":["Strike_B"],"score":331,"play_id":"254df904-9ea6-4ea8-bc2c-ef46686f777f","local_time":"20210115172950","is_ascension_mode":true,"campfire_choices":[{"data":"Streamline","floor":6,"key":"SMITH"},{"data":"Streamline","floor":11,"key":"SMITH"},{"data":"Zap","floor":15,"key":"SMITH"},{"floor":23,"key":"REST"},{"floor":29,"key":"REST"},{"floor":32,"key":"REST"}],"circlet_count":0,"master_deck":["Strike_B+1","Defend_B","Defend_B","Defend_B","Zap+1","Dualcast","Beam Cell","Streamline+1","Streamline+1","Machine Learning","Conserve Battery","Panache","Recycle","Gash","Scrape","Beam Cell","Steam","Steam"],"relics":["Cracked Core","Letter Opener","Unceasing Top","Dream Catcher","FaceOfCleric","Tiny House","Bag of Preparation","MutagenicStrength"],"acts_visited":["Exordium","TheCity"],"potions_floor_usage":[16,16,21,25,33,33],"damage_taken":[{"damage":6,"enemies":"Jaw Worm","floor":1,"turns":4},{"damage":6,"enemies":"Cultist","floor":4,"turns":4},{"damage":0,"enemies":"Small Slimes","floor":5,"turns":3},{"damage":18,"enemies":"Gremlin Nob","floor":7,"turns":3},{"damage":1,"enemies":"Exordium Thugs","floor":10,"turns":3},{"damage":6,"enemies":"Hexaghost","floor":16,"turns":7},{"damage":4,"enemies":"3 Byrds","floor":18,"turns":4},{"damage":14,"enemies":"Shell Parasite","floor":21,"turns":3},{"damage":33,"enemies":"Centurion and Healer","floor":22,"turns":7},{"damage":6,"enemies":"Snecko","floor":24,"turns":3},{"damage":42,"enemies":"Shelled Parasite and Fungi","floor":25,"turns":5},{"damage":12,"enemies":"Chosen and Byrds","floor":30,"turns":4},{"damage":58,"enemies":"Automaton","floor":33,"turns":6}],"seed_played":"-6911390949809787861","potions_obtained":[{"floor":1,"key":"ColorlessPotion"},{"floor":4,"key":"Strength Potion"},{"floor":10,"key":"SkillPotion"},{"floor":17,"key":"GamblersBrew"},{"floor":22,"key":"BlessingOfTheForge"},{"floor":24,"key":"SneckoOil"},{"floor":25,"key":"FearPotion"}],"is_trial":false,"path_per_floor":["M","$","?","M","M","R","E","?","T","M","R","$","?","$","R","B",null,"M","?","$","M","M","R","M","M","T","?","$","R","M","$","R","B"],"character_chosen":"DEFECT","items_purchased":["Panache","Scrape","Steam"],"campfire_rested":3,"item_purchase_floors":[20,28,31],"current_hp_per_floor":[62,62,62,56,56,56,38,38,38,38,38,38,38,38,38,33,71,68,68,68,55,23,48,43,2,2,2,2,28,17,17,43,0,0],"gold":25,"neow_bonus":"ONE_RARE_RELIC","is_daily":false,"chose_seed":false,"campfire_upgraded":3,"win_rate":0.0,"timestamp":1610760590,"path_taken":["M","$","?","M","M","R","E","?","T","?","R","$","?","?","R","BOSS","M","?","$","M","?","R","M","M","T","?","?","R","M","$","R","BOSS"],"items_purchased_type":["Card","Card","Card"],"build_version":"2020-12-22","purchased_purges":1,"victory":false,"max_hp_per_floor":[75,75,75,75,75,75,75,75,75,76,76,76,76,76,76,77,82,83,83,83,84,85,85,86,87,87,87,87,87,88,88,88,88,88],"relic_stats":{"Dream Catcher":3,"FaceOfCleric":8,"counters":[13,56],"Bag of Preparation":[4],"Letter Opener":[135],"obtain_stats":[{"Dream Catcher":7,"Tiny House":17,"FaceOfCleric":8,"MutagenicStrength":27,"Bag of Preparation":26,"Letter Opener":9,"Cracked Core":0,"Unceasing Top":0},{"Dream Catcher":4,"Tiny House":6,"FaceOfCleric":4,"MutagenicStrength":11,"Bag of Preparation":11,"Letter Opener":4,"Cracked Core":0,"Unceasing Top":0},{"Dream Catcher":14,"Tiny House":24,"FaceOfCleric":14,"MutagenicStrength":46,"Bag of Preparation":46,"Letter Opener":14,"Cracked Core":0,"Unceasing Top":0}],"Unceasing Top":[14]},"card_choices":[{"not_picked":["Turbo","Barrage"],"picked":"Beam Cell","floor":1},{"not_picked":["Compile Driver","Reinforced Body"],"picked":"Streamline","floor":4},{"not_picked":["Cold Snap","Hologram"],"picked":"Streamline","floor":5},{"not_picked":["Streamline","Glacier","Fusion"],"picked":"SKIP","floor":7},{"not_picked":["Meteor Strike","Ball Lightning","Fusion"],"picked":"SKIP","floor":10},{"not_picked":["Meteor Strike","Creative AI"],"picked":"Machine Learning","floor":16},{"not_picked":["Streamline","Blizzard"],"picked":"Conserve Battery","floor":17},{"not_picked":["Rebound","White Noise","Streamline"],"picked":"SKIP","floor":18},{"not_picked":["Redo","Glacier","Doom and Gloom"],"picked":"SKIP","floor":21},{"not_picked":["Undo","Stack+1","Compile Driver"],"picked":"SKIP","floor":22},{"not_picked":["Barrage","Streamline"],"picked":"Recycle","floor":23},{"not_picked":["Conserve Battery","Leap","Cold Snap"],"picked":"SKIP","floor":24},{"not_picked":["Go for the Eyes","Blizzard"],"picked":"Gash","floor":25},{"not_picked":["Turbo+1","Hello World"],"picked":"Beam Cell","floor":29},{"not_picked":["Undo","Fission"],"picked":"Steam","floor":30}],"player_experience":1180415,"relics_obtained":[{"floor":7,"key":"Dream Catcher"},{"floor":9,"key":"Letter Opener"},{"floor":26,"key":"Bag of Preparation"}],"event_choices":[{"cards_removed":["Strike_B"],"damage_healed":0,"gold_gain":0,"player_choice":"Forget","damage_taken":0,"max_hp_gain":0,"max_hp_loss":0,"event_name":"Living Wall","floor":3,"gold_loss":0},{"damage_healed":0,"gold_gain":0,"player_choice":"Trade","damage_taken":0,"relics_obtained":["FaceOfCleric"],"max_hp_gain":0,"max_hp_loss":0,"event_name":"FaceTrader","floor":8,"gold_loss":0},{"cards_removed":["Defend_B"],"damage_healed":0,"gold_gain":0,"player_choice":"Offered Basic","damage_taken":0,"max_hp_gain":0,"max_hp_loss":0,"event_name":"Bonfire Elementals","floor":13,"gold_loss":0},{"cards_removed":["Strike_B"],"damage_healed":0,"gold_gain":0,"player_choice":"Purged","damage_taken":0,"max_hp_gain":0,"max_hp_loss":0,"event_name":"Purifier","floor":19,"gold_loss":0},{"damage_healed":0,"gold_gain":0,"player_choice":"Inject Mutagens","damage_taken":0,"relics_obtained":["MutagenicStrength"],"max_hp_gain":0,"max_hp_loss":0,"event_name":"Drug Dealer","floor":27,"gold_loss":0}],"is_beta":false,"boss_relics":[{"not_picked":["Snecko Eye","Coffee Dripper"],"picked":"Tiny House"}],"items_purged_floors":[12],"is_endless":false,"potions_floor_spawned":[1,4,10,22,24,25],"killed_by":"Automaton","ascension_level":7}}