{"host":"mydft8i2zzydgggw","time":1610839862,"event":{"mods":["AchievementEnabler","BaseMod","BetterRewards","Colored Map","Colored Powertips","DeckTracker","Keyboard Shortcuts","Minty Spire (QoL Compilation)","Rare Cards Sparkle","StSLib","SuperFastMode","everything is the same but u backflip on backflip"],"gold_per_floor":[111,127,141,160,160,187,187,216,239,254,289,289,305,316,316,316,316],"floor_reached":16,"language":"KOR","playtime":365,"items_purged":[],"score":186,"play_id":"224f17d2-0854-4da2-be5b-b626af364074","local_time":"20210117083102","is_ascension_mode":true,"campfire_choices":[{"floor":7,"key":"REST"},{"data":"Coolheaded","floor":12,"key":"SMITH"},{"floor":15,"key":"REST"}],"circlet_count":0,"master_deck":["AscendersBane","Strike_B","Strike_B","Strike_B","Defend_B","Defend_B","Defend_B","Defend_B","Zap","Dualcast","Coolheaded","Cold Snap","Heatsinks","Creative AI","Echo Form","Electrodynamics","Coolheaded+1"],"relics":["Cracked Core","NeowsBlessing","Bird Faced Urn","Vajra","Nunchaku","Strawberry"],"acts_visited":["Exordium"],"potions_floor_usage":[6,11,11,13],"damage_taken":[{"damage":0,"enemies":"Cultist","floor":1,"turns":1},{"damage":0,"enemies":"Jaw Worm","floor":2,"turns":1},{"damage":0,"enemies":"2 Louse","floor":3,"turns":1},{"damage":7,"enemies":"Exordium Thugs","floor":4,"turns":5},{"damage":40,"enemies":"3 Sentries","floor":6,"turns":9},{"damage":10,"enemies":"Lagavulin","floor":8,"turns":10},{"damage":12,"enemies":"Looter","floor":10,"turns":4},{"damage":17,"enemies":"Gremlin Nob","floor":11,"turns":4},{"damage":11,"enemies":"Gremlin Gang","floor":13,"turns":3},{"damage":26,"enemies":"Lots of Slimes","floor":14,"turns":2},{"damage":44,"enemies":"Slime Boss","floor":16,"turns":7}],"seed_played":"-3476295515454271226","potions_obtained":[{"floor":4,"key":"ColorlessPotion"},{"floor":6,"key":"Energy Potion"},{"floor":8,"key":"PotionOfCapacity"},{"floor":11,"key":"AttackPotion"}],"is_trial":false,"path_per_floor":["M","M","M","M","?","E","R","E","T","M","E","R","M","M","R","B"],"character_chosen":"DEFECT","items_purchased":[],"campfire_rested":2,"item_purchase_floors":[],"current_hp_per_floor":[68,68,68,61,61,21,43,37,37,33,33,33,30,8,32,0,0],"gold":316,"neow_bonus":"THREE_ENEMY_KILL","is_daily":false,"chose_seed":false,"campfire_upgraded":1,"win_rate":0.0,"timestamp":1610839862,"path_taken":["M","M","?","M","?","E","R","E","T","M","E","R","M","M","R","BOSS"],"items_purchased_type":[],"build_version":"2020-12-22","purchased_purges":0,"victory":false,"max_hp_per_floor":[75,75,75,75,75,75,75,75,75,75,82,82,82,82,82,82,82],"card_choices":[{"not_picked":["Sweeping Beam","Gash","Double Energy"],"picked":"SKIP","floor":1},{"not_picked":["BootSequence","Cold Snap"],"picked":"Coolheaded","floor":2},{"not_picked":["Barrage","Sweeping Beam"],"picked":"Cold Snap","floor":3},{"not_picked":["Reprogram","Redo"],"picked":"Heatsinks","floor":4},{"not_picked":["Steam Power","Glacier"],"picked":"Echo Form","floor":6},{"not_picked":["Redo","Lockon"],"picked":"Electrodynamics","floor":8},{"not_picked":["Chaos","Barrage","Redo"],"picked":"SKIP","floor":10},{"not_picked":["Hologram","Leap"],"picked":"Coolheaded","floor":11},{"not_picked":["Fusion","Barrage","Steam"],"picked":"SKIP","floor":13},{"not_picked":["Streamline","Go for the Eyes","Turbo"],"picked":"SKIP","floor":14}],"player_experience":175816,"relics_obtained":[{"floor":6,"key":"Bird Faced Urn"},{"floor":8,"key":"Vajra"},{"floor":9,"key":"Nunchaku"},{"floor":11,"key":"Strawberry"}],"event_choices":[{"damage_healed":0,"gold_gain":0,"cards_transformed":["Strike_B"],"player_choice":"Transformed","damage_taken":0,"max_hp_gain":0,"max_hp_loss":0,"event_name":"Transmorgrifier","floor":5,"gold_loss":0,"cards_obtained":["Creative AI"]}],"is_beta":false,"boss_relics":[],"items_purged_floors":[],"is_endless":false,"potions_floor_spawned":[4,6,8,11],"killed_by":"Slime Boss","ascension_level":10}}