{"host":"msa0wxqjs3jv1k3j","time":1610809998,"event":{"mods":["AchievementEnabler","BaseMod","BetterRewards","Colored Map","Highlight Path","KOR Keyword Fix","Keyboard Shortcuts","Minty Spire (QoL Compilation)","Quick Restart","SuperFastMode","everything is the same but u backflip on backflip"],"gold_per_floor":[14,27,127,143,143,143,143,155,180,180,191,210,19,35,35,136,136,152,67,85,10,30,30,30,97,179,129,154,234,254,280,280,280,280],"floor_reached":33,"language":"KOR","playtime":1334,"items_purged":["Strike_G","Defend_G"],"score":329,"play_id":"204819dd-f9d7-4f58-a377-2a2e1e8f3e4e","local_time":"20210117001318","is_ascension_mode":false,"campfire_choices":[{"data":"PiercingWail","floor":6,"key":"SMITH"},{"data":"Blade Dance","floor":10,"key":"SMITH"},{"floor":15,"key":"REST"},{"data":"After Image","floor":23,"key":"SMITH"},{"floor":32,"key":"REST"}],"circlet_count":0,"master_deck":["Strike_G","Strike_G","Strike_G","Defend_G+1","Defend_G+1","Survivor","Neutralize","Deadly Poison","PiercingWail+1","Infinite Blades","Blade Dance+1","Infinite Blades","Finisher","After Image+1","Blade Dance"],"relics":["Ring of the Snake","PreservedInsect","Membership Card","Blood Vial","SsserpentHead","Mercury Hourglass","HornCleat","Red Mask","War Paint"],"acts_visited":["Exordium","TheCity"],"potions_floor_usage":[14,16,28,31,31,33,33],"damage_taken":[{"damage":4.0,"enemies":"Jaw Worm","floor":1.0,"turns":5.0},{"damage":4.0,"enemies":"Cultist","floor":2.0,"turns":4.0},{"damage":0,"enemies":"2 Louse","floor":4,"turns":3},{"damage":1,"enemies":"Red Slaver","floor":8,"turns":5},{"damage":6,"enemies":"Blue Slaver","floor":11,"turns":4},{"damage":2,"enemies":"Looter","floor":12,"turns":3},{"damage":18,"enemies":"Exordium Thugs","floor":14,"turns":4},{"damage":26,"enemies":"Hexaghost","floor":16,"turns":9},{"damage":5,"enemies":"Shell Parasite","floor":18,"turns":7},{"damage":0,"enemies":"3 Byrds","floor":20,"turns":5},{"damage":25,"enemies":"Centurion and Healer","floor":22,"turns":7},{"damage":7,"enemies":"Snake Plant","floor":25,"turns":6},{"damage":0,"enemies":"Gremlin Leader","floor":28,"turns":4},{"damage":24,"enemies":"Masked Bandits","floor":29,"turns":4},{"damage":9,"enemies":"Shelled Parasite and Fungi","floor":30,"turns":6},{"damage":0,"enemies":"Book of Stabbing","floor":31,"turns":4},{"damage":44,"enemies":"Champ","floor":33,"turns":10}],"seed_played":"-5547767434960211890","potions_obtained":[{"floor":8,"key":"Explosive Potion"},{"floor":11,"key":"AttackPotion"},{"floor":12,"key":"AttackPotion"},{"floor":14,"key":"DistilledChaos"},{"floor":16,"key":"SpeedPotion"},{"floor":28,"key":"PowerPotion"},{"floor":31,"key":"Energy Potion"}],"is_trial":false,"path_per_floor":["M","M","?","M","$","R","?","M","T","R","M","M","$","M","R","B",null,"M","?","M","?","M","R","?","M","T","$","E","?","M","E","R","B"],"character_chosen":"THE_SILENT","items_purchased":["Membership Card"],"campfire_rested":2,"item_purchase_floors":[13],"current_hp_per_floor":[66,62,62,62,62,62,62,61,61,61,55,53,53,35,56,30,70,65,65,67,67,44,44,44,39,39,39,41,19,12,14,35,0,0],"gold":280,"neow_bonus":"REMOVE_TWO","is_daily":false,"chose_seed":false,"campfire_upgraded":3,"win_rate":0.0,"timestamp":1610809998,"path_taken":["M","M","?","?","?","R","?","M","T","R","M","M","$","M","R","BOSS","M","?","M","?","M","R","?","?","T","$","E","?","M","E","R","BOSS"],"items_purchased_type":["Relic"],"build_version":"2020-12-22","purchased_purges":2,"victory":false,"max_hp_per_floor":[70,70,70,70,70,70,70,70,70,70,70,70,70,70,70,70,70,70,70,70,70,70,70,70,70,70,70,70,70,70,70,70,70,70],"card_choices":[{"not_picked":["Flying Knee","Calculated Gamble"],"picked":"Deadly Poison","floor":1.0},{"not_picked":["Setup","Footwork"],"picked":"Backflip","floor":2.0},{"not_picked":["Underhanded Strike","Dagger Throw"],"picked":"PiercingWail","floor":4},{"not_picked":["Deflect","Poisoned Stab"],"picked":"Blade Dance","floor":8},{"not_picked":["Distraction","Outmaneuver"],"picked":"Infinite Blades","floor":11},{"not_picked":["Prepared","Deflect"],"picked":"Finisher","floor":12},{"not_picked":["Choke","Prepared","Concentrate"],"picked":"SKIP","floor":14},{"not_picked":["Envenom","Venomology"],"picked":"After Image","floor":16},{"not_picked":["Setup+1","Finisher+1","PiercingWail"],"picked":"SKIP","floor":18},{"not_picked":["Backflip","Prepared","Slice"],"picked":"SKIP","floor":20},{"not_picked":["Deflect","Outmaneuver","Acrobatics"],"picked":"SKIP","floor":22},{"not_picked":["Dagger Throw+1","Venomology"],"picked":"Blade Dance","floor":25},{"not_picked":["Setup","Masterful Stab","Poisoned Stab"],"picked":"SKIP","floor":28},{"not_picked":["Prepared","Slice","Flechettes"],"picked":"SKIP","floor":30},{"not_picked":["Outmaneuver","Predator","Deflect"],"picked":"SKIP","floor":31}],"player_experience":121402,"relics_obtained":[{"floor":9,"key":"PreservedInsect"},{"floor":26,"key":"Mercury Hourglass"},{"floor":28,"key":"HornCleat"},{"floor":29,"key":"Red Mask"},{"floor":31,"key":"War Paint"}],"event_choices":[{"damage_healed":0.0,"max_hp_gain":0.0,"max_hp_loss":0.0,"gold_gain":100.0,"event_name":"Golden Shrine","player_choice":"Pray","floor":3.0,"gold_loss":0.0,"damage_taken":0.0},{"cards_removed":["Backflip"],"damage_healed":0,"gold_gain":0,"player_choice":"Took Card","damage_taken":0,"max_hp_gain":0,"max_hp_loss":0,"event_name":"NoteForYourself","floor":7,"gold_loss":0,"cards_obtained":["Infinite Blades"]},{"damage_healed":0,"gold_gain":0,"player_choice":"Obtained Relic","damage_taken":0,"relics_obtained":["Blood Vial"],"max_hp_gain":0,"max_hp_loss":0,"event_name":"Addict","floor":19,"gold_loss":85},{"cards_removed":["Defend_G"],"damage_healed":0,"gold_gain":0,"player_choice":"Gave Gold","damage_taken":0,"max_hp_gain":0,"max_hp_loss":0,"event_name":"Beggar","floor":21,"gold_loss":75},{"damage_healed":0,"gold_gain":0,"player_choice":"Trade","damage_taken":0,"relics_obtained":["SsserpentHead"],"max_hp_gain":0,"max_hp_loss":0,"event_name":"FaceTrader","floor":24,"gold_loss":0},{"damage_healed":0,"gold_gain":0,"player_choice":"Fought Bandits","damage_taken":0,"max_hp_gain":0,"max_hp_loss":0,"event_name":"Masked Bandits","floor":29,"gold_loss":0}],"is_beta":false,"boss_relics":[{"not_picked":["Runic Dome","Fusion Hammer","Busted Crown"]}],"items_purged_floors":[13,27],"is_endless":false,"potions_floor_spawned":[8,11,12,14,16,22,28,30,31],"killed_by":"Champ","ascension_level":0}}