{"host":"5dk97cf2ubw2v967","time":1610782857,"event":{"mods":["AlwaysNeverKeys","BaseMod","Better Altar","Better Vampires","Block Reminder","Colored Powertips","Downfall","Googly Eyes","Highlight Path","Minty Spire (QoL Compilation)","Permanent Neow","Potion Indicator Mod","Quick Restart","Relic Filter","Relic Stats","Say the Spire","Spicy Shops","StSLib","Waifu the Spire","everything is the same but u backflip on backflip"],"gold_per_floor":[99,119,119,131,131,141,190,215,225,244,44,74,74,106,117,216,216,216,228,242,242,9,9,9,21,221,221,246,265,25,43,55,153,153,153,172,172,20,372,399,399,299,313,333,345,372,200,200,217,217,217,246,14,14,14,14],"floor_reached":57,"language":"ENG","playtime":7983,"items_purged":["Normality","downfall:Haunted","Guardian:Strike_Guardian","Guardian:Strike_Guardian","Guardian:Strike_Guardian"],"score":1224,"play_id":"9bab46b4-e15b-4d34-add1-fd9af5167044","local_time":"20210116074057","is_ascension_mode":false,"campfire_choices":[{"floor":1.0,"key":"RECALL"},{"data":"Guardian:TimeSifter","floor":11.0,"key":"SMITH"},{"floor":13.0,"key":"REST"},{"data":"Guardian:ChargeUp","floor":18.0,"key":"SMITH"},{"data":"Guardian:ShieldCharger","floor":27.0,"key":"SMITH"},{"data":"expansioncontent:PolyBeam","floor":42,"key":"SMITH"},{"data":"Guardian:FuturePlans","floor":54,"key":"SMITH"}],"circlet_count":0,"master_deck":["Guardian:Defend_Guardian","Guardian:Defend_Guardian","Guardian:Defend_Guardian","Guardian:Defend_Guardian","Guardian:CurlUp+1","Guardian:TwinSlam+1","Guardian:TimeSifter+1","Guardian:ChargeUp+1","Strike_B","Guardian:Recover","Guardian:Incinerate+1","Guardian:TimeBomb+1","Guardian:Reroute","Guardian:ChargeUp+1","Guardian:BronzeOrb","Guardian:ShieldCharger+1","Guardian:GemFinder","Guardian:ArmoredProtocol+1","Guardian:TimeCapacitor","Guardian:ChargeCore","Guardian:Planning","Guardian:Gem_White","Guardian:FuturePlans+1","expansioncontent:LastStand","expansioncontent:LastStand","expansioncontent:PolyBeam+1","Guardian:WalkerClaw","Guardian:WalkerClaw","Guardian:TimeBomb+1","Guardian:SentryBeam+1","Guardian:ChargeUp+1","Guardian:FloatingOrbs","Guardian:ShieldCharger","Guardian:Repulse+1"],"relics":["Guardian:ModeShifter","Oddly Smooth Stone","Bird Faced Urn","downfall:HeartBlessingRed","downfall:HeartBlessingGreen","PreservedInsect","Singing Bowl","Black Star","Bloody Idol","Guardian:DefensiveModeMoreBlock","Gremlin Horn","Guardian:PickAxe","Pantograph","Philosopher\u0027s Stone","Old Coin","Vajra","downfall:HeartBlessingBlue","Sundial","Bag of Preparation","Torii","Whetstone","War Paint"],"acts_visited":["Exordium","TheCity","TheBeyond","TheEnding"],"potions_floor_usage":[38,43,47,47,50,55,55,55,55,55],"damage_taken":[{"damage":5.0,"enemies":"Jaw Worm","floor":2.0,"turns":6.0},{"damage":1.0,"enemies":"Cultist","floor":4.0,"turns":4.0},{"damage":0.0,"enemies":"Small Slimes","floor":6.0,"turns":4.0},{"damage":14.0,"enemies":"Lagavulin","floor":8.0,"turns":9.0},{"damage":12.0,"enemies":"Exordium Wildlife","floor":9.0,"turns":4.0},{"damage":6.0,"enemies":"2 Fungi Beasts","floor":10.0,"turns":4.0},{"damage":32.0,"enemies":"Gremlin Nob","floor":12.0,"turns":4.0},{"damage":10.0,"enemies":"3 Sentries","floor":14.0,"turns":3.0},{"damage":5.0,"enemies":"Blue Slaver","floor":15.0,"turns":3.0},{"damage":29.0,"enemies":"WA_ARCHETYPE_RETAIN","floor":16.0,"turns":11.0},{"damage":0.0,"enemies":"Shell Parasite","floor":19.0,"turns":5.0},{"damage":0.0,"enemies":"3 Byrds","floor":20.0,"turns":5.0},{"damage":0.0,"enemies":"downfall:FleeingMerchant","floor":22.0,"turns":4.0},{"damage":8.0,"enemies":"Cultist and Chosen","floor":25.0,"turns":8.0},{"damage":1.0,"enemies":"Gremlin Leader","floor":28.0,"turns":6.0},{"damage":9.0,"enemies":"Snecko","floor":29.0,"turns":7.0},{"damage":0.0,"enemies":"downfall:FleeingMerchant","floor":30.0,"turns":4.0},{"damage":7.0,"enemies":"3 Cultists","floor":31.0,"turns":7.0},{"damage":13.0,"enemies":"Snake Plant","floor":32.0,"turns":6.0},{"damage":21.0,"enemies":"IC_MUSHROOM_ARCHETYPE","floor":33.0,"turns":11.0},{"damage":1.0,"enemies":"3 Shapes","floor":36.0,"turns":4.0},{"damage":0,"enemies":"downfall:FleeingMerchant","floor":38,"turns":4},{"damage":20,"enemies":"2 Orb Walkers","floor":39,"turns":6},{"damage":17,"enemies":"3 Darklings","floor":43,"turns":6},{"damage":15,"enemies":"Maw","floor":44,"turns":9},{"damage":1,"enemies":"4 Shapes","floor":45,"turns":7},{"damage":43,"enemies":"Nemesis","floor":46,"turns":7},{"damage":7,"enemies":"downfall:FleeingMerchant","floor":47,"turns":4},{"damage":14,"enemies":"Writhing Mass","floor":49,"turns":7},{"damage":34,"enemies":"DF_ARCHETYPE_ORBS","floor":50,"turns":11},{"damage":31,"enemies":"downfall:CharBossMerchant","floor":52,"turns":8},{"damage":19,"enemies":"downfall:NeowBoss","floor":55,"turns":5},{"damage":21,"enemies":"downfall:NeowBossFinal","floor":56,"turns":11}],"seed_played":"1586497017893027957","potions_obtained":[{"floor":2.0,"key":"DuplicationPotion"},{"floor":4.0,"key":"Guardian:DefensiveModePotion"},{"floor":8.0,"key":"Swift Potion"},{"floor":15.0,"key":"Guardian:DefensiveModePotion"},{"floor":19.0,"key":"FearPotion"},{"floor":31.0,"key":"DuplicationPotion"},{"floor":32.0,"key":"EntropicBrew"},{"floor":33.0,"key":"Block Potion"},{"floor":39,"key":"FearPotion"},{"floor":46,"key":"Guardian:BlockOnCardUsePotion"},{"floor":49,"key":"sneckomod:MuddlingPotion"},{"floor":52,"key":"sneckomod:MuddlingPotion"}],"is_trial":false,"path_per_floor":["R","M","?","M","?","M","T","E","M","M","R","E","R","E","M","B",null,"R","M","M","?","$","?","T","M","?","R","E","M","$","M","M","B",null,"R","M","?","$","?","T","T","R","M","M","M","E","$","?","M","B",null,"E","$","R","B","B",null],"character_chosen":"GUARDIAN","items_purchased":["Guardian:DefensiveModeMoreBlock","Guardian:Gem_Synthetic","Guardian:FloatingOrbs","Regen Potion","bronze:BurnAndBuffPotion","War Paint"],"campfire_rested":1,"item_purchase_floors":[22,38,47,47,53,53],"current_hp_per_floor":[80,75,75,74,74,74,74,60,50,46,46,16,40,32,29,2,80,80,80,82,41,45,45,45,52,57,57,69,67,75,85,87,86,96,96,98,88,100,100,102,102,112,110,106,118,90,90,90,97,105,122,108,108,108,113,104],"gold":14,"neow_bonus":"ONE_RANDOM_RARE_CARD","is_daily":false,"chose_seed":false,"campfire_upgraded":5,"win_rate":0.0,"timestamp":1610782857,"path_taken":["R","M","?","?","?","M","T","E","?","M","R","E","R","E","M","BOSS","R","M","M","?","$","?","T","M","?","R","E","?","$","M","M","BOSS","R","M","?","$","?","?","T","R","M","M","?","E","$","?","M","BOSS","E","$","R","BOSS","BOSS"],"items_purchased_type":["Relic","Card","Card","Potion","Potion","Relic"],"build_version":"2020-12-22","purchased_purges":5,"victory":true,"max_hp_per_floor":[80,80,80,80,80,80,80,80,80,80,80,80,80,80,80,80,80,80,80,82,82,82,82,82,86,86,86,88,88,88,92,94,96,96,96,98,98,100,102,102,102,112,114,116,118,120,120,120,122,122,122,124,124,124,124,124],"relic_stats":{"Singing Bowl":34,"Gremlin Horn":[23,23],"Torii":5,"counters":[33,202],"PreservedInsect":324,"Bag of Preparation":[12],"Whetstone":["Guardian:SentryBeam","Guardian:Incinerate"],"War Paint":["Guardian:CurlUp","Guardian:TimeBomb"],"Sundial":[4],"Bird Faced Urn":[147],"Bloody Idol":77,"Pantograph":59,"Black Star":3,"obtain_stats":[{"Guardian:DefensiveModeMoreBlock":22,"downfall:HeartBlessingRed":11,"Singing Bowl":14,"Gremlin Horn":24,"Torii":52,"Guardian:ModeShifter":0,"Oddly Smooth Stone":7,"Vajra":40,"downfall:HeartBlessingGreen":11,"PreservedInsect":12,"Bag of Preparation":46,"Whetstone":52,"War Paint":53,"Old Coin":39,"Guardian:PickAxe":28,"downfall:HeartBlessingBlue":42,"Sundial":46,"Bird Faced Urn":8,"Bloody Idol":21,"Pantograph":28,"Philosopher\u0027s Stone":34,"Black Star":17},{"Guardian:DefensiveModeMoreBlock":13,"downfall:HeartBlessingRed":6,"Singing Bowl":8,"Gremlin Horn":13,"Torii":31,"Guardian:ModeShifter":0,"Oddly Smooth Stone":3,"Vajra":23,"downfall:HeartBlessingGreen":6,"PreservedInsect":7,"Bag of Preparation":27,"Whetstone":31,"War Paint":31,"Old Coin":23,"Guardian:PickAxe":15,"downfall:HeartBlessingBlue":23,"Sundial":27,"Bird Faced Urn":4,"Bloody Idol":12,"Pantograph":15,"Philosopher\u0027s Stone":20,"Black Star":10},{"Guardian:DefensiveModeMoreBlock":66,"downfall:HeartBlessingRed":31,"Singing Bowl":38,"Gremlin Horn":66,"Torii":187,"Guardian:ModeShifter":0,"Oddly Smooth Stone":14,"Vajra":129,"downfall:HeartBlessingGreen":31,"PreservedInsect":35,"Bag of Preparation":158,"Whetstone":187,"War Paint":187,"Old Coin":129,"Guardian:PickAxe":80,"downfall:HeartBlessingBlue":129,"Sundial":158,"Bird Faced Urn":23,"Bloody Idol":62,"Pantograph":80,"Philosopher\u0027s Stone":115,"Black Star":52}]},"card_choices":[{"not_picked":["Guardian:Gem_Green","Guardian:Gem_Lightblue"],"picked":"Guardian:ChargeUp","floor":2.0},{"not_picked":["Guardian:PrismaticBarrier","Guardian:Gem_White"],"picked":"Guardian:Recover","floor":4.0},{"not_picked":["Guardian:ConstructionForm","Guardian:PrismaticBeam"],"picked":"Guardian:Incinerate","floor":6.0},{"not_picked":["Guardian:DonusPower","Guardian:RollAttack"],"picked":"Guardian:TimeBomb","floor":8.0},{"not_picked":["Guardian:TemporalShield","Guardian:TimeCapacitor"],"picked":"Guardian:Gem_Cyan","floor":9.0},{"not_picked":["Guardian:TemporalStrike","Guardian:RollAttack"],"picked":"Guardian:Reroute","floor":10.0},{"not_picked":["Guardian:BronzeArmor","Guardian:SpikerProtocol"],"picked":"Guardian:ChargeUp","floor":12.0},{"not_picked":["Guardian:Planning","Guardian:RevengeProtocol"],"picked":"Guardian:BronzeOrb","floor":14.0},{"not_picked":["Guardian:PrimingBeam","Guardian:Gem_Green"],"picked":"Guardian:ShieldCharger","floor":15.0},{"not_picked":["Guardian:Gem_Synthetic","Guardian:FastForward"],"picked":"Guardian:GemFinder","floor":16.0},{"not_picked":["Guardian:Gem_Lightblue","Guardian:Gem_Green"],"picked":"Guardian:Gem_Cyan","floor":19.0},{"not_picked":["Guardian:WalkerClaw","Guardian:CrystalBeam"],"picked":"Guardian:Gem_Cyan","floor":19.0},{"not_picked":["Guardian:Gem_Green","Guardian:Gem_Lightblue"],"picked":"Guardian:Gem_Cyan","floor":20.0},{"not_picked":["Guardian:Gem_Green","Guardian:Incinerate","Guardian:Gem_Cyan"],"picked":"Singing Bowl","floor":20.0},{"not_picked":["Guardian:Gem_Lightblue","Guardian:Suspension"],"picked":"Guardian:ArmoredProtocol+1","floor":22.0},{"not_picked":["Guardian:Gem_Cyan","Guardian:Gem_Green","Guardian:Gem_Lightblue"],"picked":"Singing Bowl","floor":25.0},{"not_picked":["Guardian:TemporalShield","Guardian:WalkerClaw","Guardian:MultiBeam+1"],"picked":"Singing Bowl","floor":25.0},{"not_picked":["Guardian:Gem_Red","Guardian:Gem_Lightblue","Guardian:Gem_Green"],"picked":"Singing Bowl","floor":28.0},{"not_picked":["Guardian:HyperBeam_Guardian","Guardian:PrimingBeam"],"picked":"Guardian:TimeCapacitor","floor":28.0},{"not_picked":["Guardian:PrimingBeam","Guardian:Gem_Crimson"],"picked":"Guardian:ChargeCore","floor":29.0},{"not_picked":["Guardian:RevengeProtocol","Guardian:PolyBeam"],"picked":"Guardian:Gem_Cyan","floor":30.0},{"not_picked":["Guardian:Gem_Cyan","Guardian:Gem_Lightblue","Guardian:Gem_Red"],"picked":"Singing Bowl","floor":31.0},{"not_picked":["Guardian:Recover","Guardian:Reroute","Guardian:Gem_Blue"],"picked":"Singing Bowl","floor":31.0},{"not_picked":["Guardian:Gem_Green","Guardian:Gem_Red","Guardian:Gem_Cyan"],"picked":"Singing Bowl","floor":32.0},{"not_picked":["Guardian:Incinerate","Guardian:GemFire"],"picked":"Guardian:Planning","floor":32.0},{"not_picked":["Guardian:Gem_Cyan","Guardian:Gem_Green","Guardian:Gem_Red"],"picked":"Singing Bowl","floor":33.0},{"not_picked":["Guardian:GemFire","Guardian:ExploitGems"],"picked":"Guardian:Gem_Synthetic","floor":33.0},{"not_picked":["Guardian:Gem_Cyan","Guardian:Gem_Red","Guardian:Gem_Green"],"picked":"Singing Bowl","floor":36.0},{"not_picked":["Guardian:Suspension","Guardian:PiercingHide"],"picked":"Guardian:FuturePlans","floor":36.0},{"not_picked":["expansioncontent:PolyBeam","expansioncontent:AwakenDeath"],"picked":"expansioncontent:LastStand","floor":37.0},{"not_picked":["expansioncontent:PrepareCrush","expansioncontent:AwakenDeath"],"picked":"expansioncontent:LastStand","floor":37.0},{"not_picked":["expansioncontent:HyperBeam","expansioncontent:YouAreMine"],"picked":"expansioncontent:PolyBeam","floor":37.0},{"not_picked":["Guardian:CrystalBeam","Guardian:Planning+1","Guardian:PrimingBeam"],"picked":"Singing Bowl","floor":38},{"not_picked":["Guardian:Gem_Blue","Guardian:CrystalBeam","Guardian:MultiBeam+1"],"picked":"Singing Bowl","floor":39},{"not_picked":["Guardian:Gem_Red","Guardian:Gem_Green","Guardian:Gem_Cyan"],"picked":"Singing Bowl","floor":43},{"not_picked":["Guardian:VentSteam","Guardian:BronzeArmor"],"picked":"Guardian:WalkerClaw","floor":43},{"not_picked":["Guardian:Gem_Red","Guardian:Gem_Cyan","Guardian:Gem_Green"],"picked":"Singing Bowl","floor":44},{"not_picked":["Guardian:Suspension","Guardian:Gem_Green"],"picked":"Guardian:WalkerClaw","floor":44},{"not_picked":["Guardian:Gem_Green","Guardian:Gem_Red","Guardian:Gem_Lightblue"],"picked":"Singing Bowl","floor":45},{"not_picked":["Guardian:Incinerate","Guardian:BodySlam"],"picked":"Guardian:TimeBomb+1","floor":45},{"not_picked":["Guardian:Gem_Red","Guardian:Gem_Lightblue","Guardian:Gem_Green"],"picked":"Singing Bowl","floor":46},{"not_picked":["Guardian:TimeCapacitor+1","Guardian:Preprogram+1"],"picked":"Guardian:SentryBeam","floor":46},{"not_picked":["Guardian:PolyBeam","Guardian:Suspension"],"picked":"Guardian:ChargeUp+1","floor":47},{"not_picked":["Guardian:Gem_Cyan","Guardian:Gem_Red","Guardian:Gem_Lightblue"],"picked":"Singing Bowl","floor":49},{"not_picked":["Guardian:RollAttack","Guardian:ExploitGems"],"picked":"Guardian:ShieldCharger","floor":49},{"not_picked":["Guardian:Gem_Red","Guardian:Gem_Green","Guardian:Gem_Cyan"],"picked":"Singing Bowl","floor":52},{"not_picked":["Guardian:WalkerClaw","Guardian:TemporalShield+1"],"picked":"Guardian:Repulse+1","floor":52}],"player_experience":1170428,"relics_obtained":[{"floor":7.0,"key":"Oddly Smooth Stone"},{"floor":8.0,"key":"Bird Faced Urn"},{"floor":12.0,"key":"PreservedInsect"},{"floor":14.0,"key":"Singing Bowl"},{"floor":24.0,"key":"Gremlin Horn"},{"floor":28.0,"key":"Guardian:PickAxe"},{"floor":28.0,"key":"Pantograph"},{"floor":39,"key":"Old Coin"},{"floor":40,"key":"Vajra"},{"floor":46,"key":"Sundial"},{"floor":46,"key":"Bag of Preparation"},{"floor":52,"key":"Torii"},{"floor":52,"key":"Whetstone"}],"event_choices":[{"cards_removed":["Guardian:Strike_Guardian"],"damage_healed":0.0,"max_hp_gain":0.0,"max_hp_loss":0.0,"gold_gain":0.0,"event_name":"NoteForYourself","player_choice":"Took Card","floor":3.0,"gold_loss":0.0,"damage_taken":0.0,"cards_obtained":["Strike_B"]},{"damage_healed":0.0,"max_hp_gain":82.0,"max_hp_loss":41.0,"gold_gain":0.0,"event_name":"betterAltar:BetterAltar","player_choice":" Idol ","floor":21.0,"potions_obtained":[],"relics_lost":[],"gold_loss":0.0,"damage_taken":41.0,"relics_obtained":["Bloody Idol"]},{"damage_healed":0,"gold_gain":0,"player_choice":"Fight","damage_taken":0,"max_hp_gain":0,"max_hp_loss":0,"event_name":"Mysterious Sphere","floor":39,"gold_loss":0}],"is_beta":false,"boss_relics":[{"not_picked":["Snecko Eye","SacredBark"],"picked":"Black Star"},{"not_picked":["Coffee Dripper","Sozu"],"picked":"Philosopher\u0027s Stone"}],"items_purged_floors":[22,30,30,47,47],"is_endless":false,"potions_floor_spawned":[2,4,8,15,19,31,32,33,39,46,49,52],"ascension_level":0}}