{"host":"qxeepl7ydvsgmfdb","time":1610803002,"event":{"mods":["AchievementEnabler","BaseMod","Colored Powertips","Minty Spire (QoL Compilation)","Quick Restart","slay the spire mod where everything is the same but ironclad has a cowboy hat"],"gold_per_floor":[112,112,129,129,129,164,164,164,191,217,236,270,270,284,284,384,384,399,399,415,415,105,105,138,151,151,151,151,183,31,50,50,152,152,171,171,96,142,94,94,94],"floor_reached":40,"language":"ENG","playtime":1091,"items_purged":["Strike_B"],"score":509,"play_id":"fa97b60e-e733-4594-814e-873efc1b89a6","local_time":"20210116081642","is_ascension_mode":true,"campfire_choices":[{"floor":7.0,"key":"REST"},{"floor":15.0,"key":"REST"},{"floor":23,"key":"REST"},{"data":"Chaos","floor":27,"key":"SMITH"},{"data":"Rainbow","floor":32,"key":"SMITH"}],"circlet_count":0,"master_deck":["Strike_B","Strike_B","Defend_B+1","Defend_B+1","Defend_B","Defend_B+1","Zap","Dualcast","Doom and Gloom+1","Cold Snap","Chaos","Electrodynamics","Chaos+1","CurseOfTheBell","Cold Snap+1","White Noise+1","White Noise+1","Ball Lightning","Darkness+1","Rainbow+1","Cold Snap+1"],"relics":["Cracked Core","NeowsBlessing","Art of War","Vajra","Letter Opener","War Paint","Eternal Feather","HornCleat","Calling Bell","PreservedInsect","Frozen Egg 2","Emotion Chip","Happy Flower","Regal Pillow","Juzu Bracelet","Centennial Puzzle","Darkstone Periapt","Strawberry","Nunchaku","Black Star","CaptainsWheel"],"acts_visited":["Exordium","TheCity","TheBeyond"],"potions_floor_usage":[33,40],"damage_taken":[{"damage":0.0,"enemies":"Small Slimes","floor":1.0,"turns":1.0},{"damage":0.0,"enemies":"2 Louse","floor":3.0,"turns":1.0},{"damage":0.0,"enemies":"Gremlin Nob","floor":6.0,"turns":1.0},{"damage":15.0,"enemies":"Lagavulin","floor":10.0,"turns":4.0},{"damage":4.0,"enemies":"Cultist","floor":11.0,"turns":3.0},{"damage":23.0,"enemies":"Gremlin Nob","floor":12.0,"turns":4.0},{"damage":0.0,"enemies":"3 Louse","floor":14.0,"turns":1.0},{"damage":26,"enemies":"Slime Boss","floor":16,"turns":8},{"damage":2,"enemies":"3 Byrds","floor":18,"turns":3},{"damage":19,"enemies":"Spheric Guardian","floor":20,"turns":6},{"damage":5,"enemies":"Gremlin Leader","floor":24,"turns":4},{"damage":6,"enemies":"Centurion and Healer","floor":25,"turns":4},{"damage":3,"enemies":"Slavers","floor":29,"turns":3},{"damage":8,"enemies":"Snecko","floor":31,"turns":4},{"damage":58,"enemies":"Collector","floor":33,"turns":8},{"damage":27,"enemies":"Orb Walker","floor":35,"turns":3},{"damage":36,"enemies":"2 Orb Walkers","floor":38,"turns":4},{"damage":44,"enemies":"Nemesis","floor":40,"turns":4}],"seed_played":"-8713045273144291120","potions_obtained":[{"floor":3.0,"key":"FocusPotion"},{"floor":6.0,"key":"Swift Potion"},{"floor":12.0,"key":"Explosive Potion"},{"floor":16,"key":"BlessingOfTheForge"},{"floor":24,"key":"FearPotion"},{"floor":25,"key":"Block Potion"},{"floor":33,"key":"FearPotion"}],"is_trial":false,"path_per_floor":["M","?","M","?","?","E","R","?","T","E","M","E","$","M","R","B",null,"M","T","M","?","$","R","E","M","T","R","?","E","$","M","R","B",null,"M","?","$","?","$","E"],"character_chosen":"DEFECT","items_purchased":["Regal Pillow","Juzu Bracelet","Nunchaku","SkillPotion"],"campfire_rested":3,"item_purchase_floors":[22,22,30,39],"current_hp_per_floor":[75,60,60,53,28,28,50,50,50,35,31,8,8,8,36,10,75,73,73,54,38,38,75,70,64,64,73,73,77,77,69,81,23,82,55,55,55,19,19,0,0],"gold":94,"neow_bonus":"THREE_ENEMY_KILL","is_daily":false,"chose_seed":false,"campfire_upgraded":2,"win_rate":0.0,"timestamp":1610803002,"path_taken":["M","?","M","?","?","E","R","?","T","E","M","E","$","M","R","BOSS","M","?","M","?","?","R","E","M","T","R","?","E","$","M","R","BOSS","M","?","$","?","?","E"],"items_purchased_type":["Relic","Relic","Relic","Potion"],"build_version":"2020-12-22","purchased_purges":1,"victory":false,"max_hp_per_floor":[75,75,75,75,75,75,75,75,75,75,75,75,75,75,75,75,75,75,75,75,75,75,75,75,75,75,75,75,82,82,82,82,82,82,82,82,82,82,82,82,82],"card_choices":[{"not_picked":["Gash","Barrage"],"picked":"Doom and Gloom","floor":1.0},{"not_picked":["Genetic Algorithm","Compile Driver"],"picked":"Cold Snap","floor":3.0},{"not_picked":["Barrage","Stack","Beam Cell"],"picked":"SKIP","floor":6.0},{"not_picked":["Rebound","Hello World","Barrage"],"picked":"SKIP","floor":10.0},{"not_picked":["Steam Power","Go for the Eyes"],"picked":"Chaos","floor":11.0},{"not_picked":["Leap","Rebound"],"picked":"Electrodynamics","floor":12.0},{"not_picked":["Cold Snap","Go for the Eyes"],"picked":"Chaos","floor":14.0},{"not_picked":["Steam+1","Beam Cell+1"],"picked":"Cold Snap+1","floor":18},{"not_picked":["Hologram","Barrage"],"picked":"White Noise+1","floor":20},{"not_picked":["Turbo","Hologram"],"picked":"White Noise+1","floor":24},{"not_picked":["Beam Cell","Go for the Eyes"],"picked":"Ball Lightning","floor":25},{"not_picked":["Cold Snap","Hologram"],"picked":"Darkness+1","floor":29},{"not_picked":["Sweeping Beam","Coolheaded+1"],"picked":"Rainbow","floor":31},{"not_picked":["Glacier","Fusion","Tempest+1"],"picked":"SKIP","floor":35},{"not_picked":["Skim","Rip and Tear+1"],"picked":"Cold Snap+1","floor":38}],"player_experience":152507,"relics_obtained":[{"floor":6.0,"key":"Vajra"},{"floor":8.0,"key":"Letter Opener"},{"floor":9.0,"key":"War Paint"},{"floor":10.0,"key":"Eternal Feather"},{"floor":12.0,"key":"HornCleat"},{"floor":17,"key":"PreservedInsect"},{"floor":17,"key":"Frozen Egg 2"},{"floor":17,"key":"Emotion Chip"},{"floor":19,"key":"Happy Flower"},{"floor":24,"key":"Centennial Puzzle"},{"floor":26,"key":"Darkstone Periapt"},{"floor":29,"key":"Strawberry"},{"floor":38,"key":"CaptainsWheel"}],"event_choices":[{"damage_healed":0.0,"max_hp_gain":0.0,"max_hp_loss":0.0,"gold_gain":0.0,"event_name":"Shining Light","player_choice":"Entered Light","floor":2.0,"gold_loss":0.0,"damage_taken":15.0,"cards_upgraded":["Defend_B","Doom and Gloom"]},{"cards_removed":["Strike_B"],"damage_healed":0.0,"max_hp_gain":0.0,"max_hp_loss":0.0,"gold_gain":0.0,"event_name":"Golden Wing","player_choice":"Card Removal","floor":4.0,"gold_loss":0.0,"damage_taken":7.0},{"damage_healed":0.0,"max_hp_gain":0.0,"max_hp_loss":0.0,"gold_gain":0.0,"event_name":"Scrap Ooze","player_choice":"Success","floor":5.0,"gold_loss":0.0,"damage_taken":25.0,"relics_obtained":["Art of War"]},{"damage_healed":0.0,"max_hp_gain":0.0,"max_hp_loss":0.0,"gold_gain":0.0,"event_name":"Wheel of Change","player_choice":"Relic","floor":8.0,"gold_loss":0.0,"damage_taken":0.0},{"damage_healed":0,"gold_gain":0,"player_choice":"Obtained Book","damage_taken":16,"max_hp_gain":0,"max_hp_loss":0,"event_name":"Cursed Tome","floor":21,"gold_loss":0},{"damage_healed":0,"gold_gain":0,"player_choice":"Ignored","damage_taken":0,"max_hp_gain":0,"max_hp_loss":0,"event_name":"Ghosts","floor":28,"gold_loss":0},{"damage_healed":0,"gold_gain":0,"player_choice":"Ignored","damage_taken":0,"max_hp_gain":0,"max_hp_loss":0,"event_name":"Tomb of Lord Red Mask","floor":36,"gold_loss":0},{"damage_healed":0,"gold_gain":0,"player_choice":"Fight","damage_taken":0,"max_hp_gain":0,"max_hp_loss":0,"event_name":"Mysterious Sphere","floor":38,"gold_loss":0}],"is_beta":false,"boss_relics":[{"not_picked":["Nuclear Battery","Empty Cage"],"picked":"Calling Bell"},{"not_picked":["Philosopher\u0027s Stone","Sozu"],"picked":"Black Star"}],"items_purged_floors":[37],"is_endless":false,"potions_floor_spawned":[3,6,12,16,24,25,29,33,38],"killed_by":"Nemesis","ascension_level":2}}