{"host":"r53pw7z744tg3fxg","time":1610806102,"event":{"mods":["AchievementEnabler","BaseMod","Colored Map","Colored Powertips","Highlight Path","Minty Spire (QoL Compilation)","Quick Restart","Transform Curses"],"gold_per_floor":[115,133,133,41,57,85,85,31,85,85,95,123,123,151,151,224,224,239,239,258,258,3,3,29,29,29,43,43,43,43,43],"floor_reached":30,"language":"ENG","playtime":1156,"items_purged":[],"score":462,"play_id":"33c3fb34-fbc9-4d9a-82fd-3c40b363900f","local_time":"20210116070822","is_ascension_mode":true,"campfire_choices":[{"floor":7.0,"key":"REST"},{"floor":10.0,"key":"REST"},{"floor":13.0,"key":"REST"},{"floor":15,"key":"REST"},{"floor":23,"key":"REST"},{"floor":25,"key":"REST"},{"floor":29,"key":"REST"}],"circlet_count":0,"master_deck":["AscendersBane","Strike_P","Strike_P","Strike_P","Strike_P","Defend_P","Defend_P","Defend_P","Defend_P","Eruption+1","Vigilance","Ragnarok","Evaluate","Weave","Mind Blast","Halt","PathToVictory","EmptyBody","WindmillStrike","Judgement","BowlingBash","Writhe","Wallop","Prostrate","ThirdEye","Conclude","ClearTheMind"],"relics":["PureWater","Happy Flower","Boot","Ancient Tea Set","PreservedInsect","VioletLotus","StrikeDummy","Pantograph","Damaru","Tiny Chest","Centennial Puzzle"],"acts_visited":["Exordium","TheCity"],"potions_floor_usage":[18,24,27],"damage_taken":[{"damage":7.0,"enemies":"Jaw Worm","floor":1.0,"turns":4.0},{"damage":0.0,"enemies":"Cultist","floor":2.0,"turns":4.0},{"damage":0.0,"enemies":"Small Slimes","floor":5.0,"turns":2.0},{"damage":28.0,"enemies":"3 Sentries","floor":6.0,"turns":3.0},{"damage":3.0,"enemies":"Exordium Wildlife","floor":11.0,"turns":3.0},{"damage":62.0,"enemies":"Gremlin Nob","floor":12.0,"turns":6.0},{"damage":3,"enemies":"Lagavulin","floor":14,"turns":3},{"damage":35,"enemies":"The Guardian","floor":16,"turns":11},{"damage":13,"enemies":"3 Byrds","floor":18,"turns":4},{"damage":25,"enemies":"2 Thieves","floor":20,"turns":4},{"damage":8,"enemies":"Slavers","floor":24,"turns":5},{"damage":5,"enemies":"Snecko","floor":27,"turns":3},{"damage":57,"enemies":"Shelled Parasite and Fungi","floor":30,"turns":5}],"seed_played":"-1248022394754351698","potions_obtained":[{"floor":5.0,"key":"Swift Potion"},{"floor":11.0,"key":"Ancient Potion"},{"floor":14,"key":"Ancient Potion"},{"floor":16,"key":"Energy Potion"},{"floor":24,"key":"Strength Potion"}],"is_trial":false,"path_per_floor":["M","M","?","$","M","E","R","$","T","R","M","E","R","E","R","B",null,"M","?","M","T","$","R","E","R","T","M","?","R","M"],"character_chosen":"WATCHER","items_purchased":["Mind Blast","EmptyBody","Damaru","Prostrate","ThirdEye"],"campfire_rested":7,"item_purchase_floors":[4,8,22,22,22],"current_hp_per_floor":[54,54,54,54,54,26,46,46,46,66,63,1,21,18,38,3,52,39,39,14,14,14,34,26,46,46,41,22,43,0,0],"gold":43,"neow_bonus":"ONE_RANDOM_RARE_CARD","is_daily":false,"chose_seed":false,"campfire_upgraded":0,"win_rate":0.0,"timestamp":1610806102,"path_taken":["M","M","?","$","M","E","R","?","T","R","M","E","R","E","R","BOSS","M","?","M","?","$","R","E","R","T","M","?","R","M"],"items_purchased_type":["Card","Card","Relic","Card","Card"],"build_version":"2020-12-22","purchased_purges":0,"victory":false,"max_hp_per_floor":[68,68,68,68,68,68,68,68,68,68,68,68,68,68,68,68,68,68,68,68,68,68,68,68,68,68,68,73,73,73,73],"card_choices":[{"not_picked":["FlurryOfBlows","EmptyFist"],"picked":"Evaluate","floor":1.0},{"not_picked":["Protect","EmptyFist"],"picked":"Weave","floor":2.0},{"not_picked":["Protect","CrushJoints"],"picked":"Halt","floor":5.0},{"not_picked":["Adaptation","InnerPeace"],"picked":"PathToVictory","floor":6.0},{"not_picked":["Halt","Protect","Adaptation"],"picked":"SKIP","floor":11.0},{"not_picked":["ClearTheMind","Swivel"],"picked":"WindmillStrike","floor":12.0},{"not_picked":["EmptyMind","Nirvana","Protect"],"picked":"SKIP","floor":14},{"not_picked":["Wish","Vault"],"picked":"Judgement","floor":16},{"not_picked":["ThirdEye","FollowUp"],"picked":"BowlingBash","floor":18},{"not_picked":["Protect","EmptyMind"],"picked":"Wallop","floor":20},{"not_picked":["Sanctity","EmptyMind"],"picked":"Conclude","floor":24},{"not_picked":["Swivel","PathToVictory"],"picked":"ClearTheMind","floor":27}],"player_experience":1274563,"relics_obtained":[{"floor":6.0,"key":"Happy Flower"},{"floor":9.0,"key":"Boot"},{"floor":12.0,"key":"Ancient Tea Set"},{"floor":14,"key":"PreservedInsect"},{"floor":21,"key":"Pantograph"},{"floor":24,"key":"Tiny Chest"},{"floor":26,"key":"Centennial Puzzle"}],"event_choices":[{"damage_healed":0.0,"max_hp_gain":0.0,"max_hp_loss":0.0,"gold_gain":0.0,"event_name":"Accursed Blacksmith","player_choice":"Forge","floor":3.0,"gold_loss":0.0,"damage_taken":0.0,"cards_upgraded":["Eruption"]},{"damage_healed":0,"gold_gain":0,"player_choice":"Opened","damage_taken":0,"relics_obtained":["StrikeDummy"],"max_hp_gain":0,"max_hp_loss":0,"event_name":"The Mausoleum","floor":19,"gold_loss":0,"cards_obtained":["Writhe"]},{"damage_healed":0,"gold_gain":0,"player_choice":"Shed Blood","damage_taken":24,"max_hp_gain":5,"max_hp_loss":0,"event_name":"Forgotten Altar","floor":28,"gold_loss":0}],"is_beta":false,"boss_relics":[{"not_picked":["Runic Pyramid","Snecko Eye"],"picked":"VioletLotus"}],"items_purged_floors":[],"is_endless":false,"potions_floor_spawned":[5,11,14,16,24],"killed_by":"Shelled Parasite and Fungi","ascension_level":15}}