{"host":"19r1ww88x2tc73i0","time":1610783785,"event":{"mods":["BaseMod","BetterRewards","Colored Map","Minty Spire (QoL Compilation)","Relic Stats","StSLib","SuperFastMode","slay the spire mod where everything is the same but ironclad has a cowboy hat"],"gold_per_floor":[114,134,145,110,128,128,78,78,154,154,154,174,174,203,203,277,277,290,290,305,38,0,0,0,0],"floor_reached":24,"language":"ENG","playtime":1024,"items_purged":["Strike_B","Zap"],"score":368,"play_id":"10610249-4465-491b-aece-9d1bed822abe","local_time":"25640116145625","is_ascension_mode":true,"campfire_choices":[{"data":"Reprogram","floor":8.0,"key":"SMITH"},{"data":"Hologram","floor":10.0,"key":"SMITH"},{"data":"Hologram","floor":15.0,"key":"SMITH"},{"floor":23,"key":"REST"}],"circlet_count":0,"master_deck":["AscendersBane","Strike_B","Strike_B","Strike_B","Defend_B","Defend_B","Defend_B","Defend_B","Dualcast","Reprogram+1","Hologram+1","BootSequence","Hologram+1","Conserve Battery","Sweeping Beam","Rebound","Meteor Strike","Leap"],"relics":["Cracked Core","Shuriken","Singing Bowl","HornCleat","Odd Mushroom","Inserter","PrismaticShard"],"acts_visited":["Exordium","TheCity"],"potions_floor_usage":[16,16],"damage_taken":[{"damage":2.0,"enemies":"Jaw Worm","floor":1.0,"turns":6.0},{"damage":0.0,"enemies":"2 Louse","floor":2.0,"turns":3.0},{"damage":10.0,"enemies":"Small Slimes","floor":3.0,"turns":5.0},{"damage":5.0,"enemies":"2 Fungi Beasts","floor":5.0,"turns":4.0},{"damage":1.0,"enemies":"Blue Slaver","floor":12.0,"turns":6.0},{"damage":9.0,"enemies":"The Mushroom Lair","floor":14.0,"turns":5.0},{"damage":9,"enemies":"Hexaghost","floor":16,"turns":14},{"damage":56,"enemies":"3 Byrds","floor":18,"turns":9},{"damage":19,"enemies":"Chosen","floor":20,"turns":10},{"damage":11,"enemies":"Centurion and Healer","floor":24,"turns":8}],"seed_played":"-1905653699649496027","potions_obtained":[{"floor":1.0,"key":"Dexterity Potion"},{"floor":2.0,"key":"SkillPotion"},{"floor":14.0,"key":"LiquidBronze"},{"floor":16,"key":"FairyPotion"},{"floor":18,"key":"Dexterity Potion"}],"is_trial":false,"path_per_floor":["M","M","M","?","M","?","$","R","T","R","$","M","?","?","R","B",null,"M","?","M","$","?","R","M"],"character_chosen":"DEFECT","items_purchased":["Shuriken","Reprogram","Hologram","Singing Bowl","Sweeping Beam","PrismaticShard"],"campfire_rested":1,"item_purchase_floors":[0,0,0,0,7,21],"current_hp_per_floor":[30,32,22,40,35,35,35,35,35,35,35,36,36,27,27,18,61,5,24,7,7,7,31,20,20],"gold":0,"neow_bonus":"","is_daily":false,"chose_seed":false,"campfire_upgraded":3,"win_rate":0.0,"timestamp":1610783785,"path_taken":["M","M","M","?","M","?","?","R","T","R","$","?","?","?","R","BOSS","M","?","M","$","?","R","M"],"items_purchased_type":["Relic","Card","Card","Relic","Card","Relic"],"build_version":"2020-12-22","purchased_purges":2,"victory":false,"max_hp_per_floor":[71,73,73,73,73,73,73,73,73,73,73,75,75,75,75,75,75,75,80,82,82,82,82,82,82],"relic_stats":{"Inserter":[13],"Singing Bowl":6,"counters":[10,70],"Shuriken":[3],"obtain_stats":[{"HornCleat":9,"Inserter":17,"Singing Bowl":0,"Shuriken":0,"Odd Mushroom":14,"Cracked Core":0,"PrismaticShard":21},{"HornCleat":4,"Inserter":7,"Singing Bowl":0,"Shuriken":0,"Odd Mushroom":6,"Cracked Core":0,"PrismaticShard":9},{"HornCleat":18,"Inserter":43,"Singing Bowl":0,"Shuriken":0,"Odd Mushroom":29,"Cracked Core":0,"PrismaticShard":62}]},"card_choices":[{"not_picked":["Heatsinks","Beam Cell"],"picked":"BootSequence","floor":1.0},{"not_picked":["Gash","Coolheaded","Streamline"],"picked":"Singing Bowl","floor":2.0},{"not_picked":["Beam Cell","Cold Snap"],"picked":"Hologram","floor":3.0},{"not_picked":["Aggregate","Static Discharge"],"picked":"Conserve Battery","floor":5.0},{"not_picked":["Coolheaded","Hologram","Turbo"],"picked":"Singing Bowl","floor":12.0},{"not_picked":["Turbo","Cold Snap"],"picked":"Rebound","floor":14.0},{"not_picked":["Multi-Cast","Fission"],"picked":"Meteor Strike","floor":16},{"not_picked":["Steam","Redo"],"picked":"Leap","floor":18},{"not_picked":["Go for the Eyes","Barrage","Blizzard"],"picked":"Singing Bowl","floor":20}],"player_experience":905013,"relics_obtained":[{"floor":9.0,"key":"HornCleat"},{"floor":14.0,"key":"Odd Mushroom"}],"event_choices":[{"damage_healed":18.0,"max_hp_gain":0.0,"max_hp_loss":0.0,"gold_gain":0.0,"event_name":"The Cleric","player_choice":"Healed","floor":4.0,"gold_loss":35.0,"damage_taken":0.0},{"damage_healed":0.0,"max_hp_gain":0.0,"max_hp_loss":0.0,"gold_gain":0.0,"event_name":"Shining Light","player_choice":"Ignored","floor":6.0,"gold_loss":0.0,"damage_taken":0.0},{"damage_healed":0.0,"max_hp_gain":0.0,"max_hp_loss":0.0,"gold_gain":0.0,"event_name":"Liars Game","player_choice":"Ignored","floor":13.0,"gold_loss":0.0,"damage_taken":0.0},{"damage_healed":0.0,"max_hp_gain":0.0,"max_hp_loss":0.0,"gold_gain":0.0,"event_name":"Mushrooms","player_choice":"Fought Mushrooms","floor":14.0,"gold_loss":0.0,"damage_taken":0.0},{"damage_healed":0,"gold_gain":0,"player_choice":"Shed Blood","damage_taken":26,"max_hp_gain":5,"max_hp_loss":0,"event_name":"Forgotten Altar","floor":19,"gold_loss":0},{"damage_healed":0,"gold_gain":0,"player_choice":"Paid Fearfully","damage_taken":0,"max_hp_gain":0,"max_hp_loss":0,"event_name":"Masked Bandits","floor":22,"gold_loss":38}],"is_beta":false,"boss_relics":[{"not_picked":["Snecko Eye","Calling Bell"],"picked":"Inserter"}],"items_purged_floors":[0,21],"is_endless":false,"potions_floor_spawned":[1,2,14,16,18],"killed_by":"Centurion and Healer","ascension_level":20}}