{"host":"o7j6aatxjwpw1421","time":1610816591,"event":{"mods":["2.2 Compatiblity","AchievementEnabler","BaseMod","Colored Map","DeckTracker","Highlight Path","Keyboard Shortcuts","Minty Spire (QoL Compilation)","Permanent Neow","Quick Restart","StSLib","SuperFastMode","everything is the same but u backflip on backflip"],"gold_per_floor":[110,35,35,55,69,69,102,102,102,102,134,154,154,170,170,269,269,283,313,333,248,148,180,180,195,195,294,294,294,294,314,314,411,411,423,23,23,42,42,75,98,98,150,181,181,181,181,195,195,195,195,195,42,75,75,75],"floor_reached":55,"language":"KOR","playtime":3938,"items_purged":["Defend_P","Strike_P","Defend_P","Strike_P"],"score":905,"play_id":"307fda85-25d1-45fa-b775-50fbace55d5a","local_time":"20210117020311","is_ascension_mode":true,"campfire_choices":[{"data":"Eruption","floor":6.0,"key":"SMITH"},{"data":"1","floor":8.0,"key":"LIFT"},{"data":"2","floor":10.0,"key":"LIFT"},{"data":"3","floor":15.0,"key":"LIFT"},{"floor":24.0,"key":"REST"},{"data":"Vigilance","floor":28.0,"key":"SMITH"},{"floor":30.0,"key":"REST"},{"floor":32.0,"key":"REST"},{"floor":42.0,"key":"RECALL"},{"data":"FearNoEvil","floor":45.0,"key":"SMITH"},{"floor":47.0,"key":"REST"},{"floor":49.0,"key":"REST"},{"floor":52.0,"key":"REST"}],"circlet_count":0,"master_deck":["Strike_P","Defend_P","Eruption+1","Vigilance+1","FollowUp+1","Halt+1","FearNoEvil+1","DeusExMachina+1","InnerPeace+1","FlurryOfBlows+1","Study+1"],"relics":["PureWater","Girya","StoneCalendar","HornCleat","Sundial","SacredBark","Red Mask","Frozen Egg 2","Toxic Egg 2","Runic Pyramid","Membership Card","Prayer Wheel","Question Card","Oddly Smooth Stone","Centennial Puzzle","Yang","Cauldron","Dead Branch"],"acts_visited":["Exordium","TheCity","TheBeyond","TheEnding"],"potions_floor_usage":[55,55],"damage_taken":[{"damage":0.0,"enemies":"Cultist","floor":1.0,"turns":2.0},{"damage":0.0,"enemies":"Small Slimes","floor":4.0,"turns":4.0},{"damage":0.0,"enemies":"2 Louse","floor":5.0,"turns":1.0},{"damage":27.0,"enemies":"3 Sentries","floor":7.0,"turns":5.0},{"damage":0.0,"enemies":"Gremlin Nob","floor":11.0,"turns":3.0},{"damage":0.0,"enemies":"2 Fungi Beasts","floor":12.0,"turns":1.0},{"damage":0.0,"enemies":"Looter","floor":14.0,"turns":3.0},{"damage":24.0,"enemies":"The Guardian","floor":16.0,"turns":14.0},{"damage":0.0,"enemies":"Chosen","floor":18.0,"turns":4.0},{"damage":7.0,"enemies":"Masked Bandits","floor":19.0,"turns":2.0},{"damage":2.0,"enemies":"Shell Parasite","floor":20.0,"turns":5.0},{"damage":41.0,"enemies":"Slavers","floor":23.0,"turns":7.0},{"damage":0.0,"enemies":"Snecko","floor":25.0,"turns":2.0},{"damage":1.0,"enemies":"Centurion and Healer","floor":31.0,"turns":5.0},{"damage":54.0,"enemies":"Champ","floor":33.0,"turns":10.0},{"damage":2.0,"enemies":"Orb Walker","floor":35.0,"turns":4.0},{"damage":6.0,"enemies":"3 Shapes","floor":38.0,"turns":3.0},{"damage":1.0,"enemies":"Reptomancer","floor":40.0,"turns":4.0},{"damage":57.0,"enemies":"Nemesis","floor":44.0,"turns":7.0},{"damage":15.0,"enemies":"Jaw Worm Horde","floor":48.0,"turns":3.0},{"damage":11.0,"enemies":"Donu and Deca","floor":50.0,"turns":7.0},{"damage":12.0,"enemies":"Shield and Spear","floor":54.0,"turns":6.0},{"damage":41,"enemies":"The Heart","floor":55,"turns":3}],"seed_played":"27594876498060406","potions_obtained":[{"floor":11.0,"key":"StancePotion"},{"floor":14.0,"key":"SkillPotion"},{"floor":20.0,"key":"LiquidBronze"},{"floor":23.0,"key":"AttackPotion"},{"floor":25.0,"key":"Explosive Potion"},{"floor":33.0,"key":"Dexterity Potion"},{"floor":40.0,"key":"Regen Potion"},{"floor":44.0,"key":"Dexterity Potion"},{"floor":46.0,"key":"EssenceOfSteel"},{"floor":53.0,"key":"Ancient Potion"},{"floor":53.0,"key":"LiquidBronze"},{"floor":53.0,"key":"SpeedPotion"},{"floor":54.0,"key":"StancePotion"}],"is_trial":false,"path_per_floor":["M","$","?","M","M","R","E","R","T","R","E","M","?","M","R","B",null,"M","?","M","?","$","E","R","M","T","?","R","?","R","M","R","B",null,"M","$","?","M","$","E","T","R","T","E","R","?","R","M","R","B",null,"R","$","E","B"],"character_chosen":"WATCHER","items_purchased":["Membership Card","Prayer Wheel","Swift Potion","Cauldron"],"campfire_rested":6,"item_purchase_floors":[36,36,36,53],"current_hp_per_floor":[65,65,65,65,65,65,38,38,38,38,38,38,38,38,38,14,52,52,45,43,43,43,2,21,21,21,21,21,21,40,39,58,4,50,48,48,48,42,42,41,41,41,41,23,23,23,42,27,46,35,58,65,65,53,12,12],"gold":75,"neow_bonus":"ONE_RARE_RELIC","is_daily":false,"chose_seed":false,"campfire_upgraded":3,"win_rate":0.0,"timestamp":1610816591,"path_taken":["M","$","?","M","M","R","E","R","T","R","E","M","?","M","R","BOSS","M","?","M","?","$","E","R","M","T","?","R","?","R","M","R","BOSS","M","$","?","M","?","E","?","R","T","E","R","?","R","M","R","BOSS","R","$","E","BOSS"],"items_purchased_type":["Relic","Relic","Potion","Relic"],"build_version":"2020-12-22","purchased_purges":4,"victory":false,"max_hp_per_floor":[65,65,65,65,65,65,65,65,65,65,65,65,65,65,65,65,65,65,65,65,65,65,65,65,65,65,65,65,65,65,65,65,65,65,65,65,65,65,65,65,65,65,65,65,65,65,65,65,65,65,65,65,65,65,65,65],"card_choices":[{"not_picked":["Evaluate","SandsOfTime","Study"],"picked":"SKIP","floor":1.0},{"not_picked":["WaveOfTheHand","WheelKick","Halt"],"picked":"SKIP","floor":4.0},{"not_picked":["PathToVictory","Evaluate","Wireheading"],"picked":"SKIP","floor":5.0},{"not_picked":["FlyingSleeves","Consecrate","PathToVictory"],"picked":"SKIP","floor":7.0},{"not_picked":["Consecrate","EmptyMind","CrushJoints"],"picked":"SKIP","floor":11.0},{"not_picked":["EmptyFist","SashWhip","Crescendo"],"picked":"SKIP","floor":12.0},{"not_picked":["PathToVictory","Evaluate","Wallop"],"picked":"SKIP","floor":14.0},{"not_picked":["Sanctity","Nirvana","ThirdEye"],"picked":"SKIP","floor":18.0},{"not_picked":["Conclude","PathToVictory"],"picked":"FollowUp+1","floor":20.0},{"not_picked":["Evaluate+1","Devotion+1","WindmillStrike"],"picked":"SKIP","floor":23.0},{"not_picked":["Fasting2+1","EmptyBody+1"],"picked":"Halt+1","floor":25.0},{"not_picked":["EmptyFist","JustLucky"],"picked":"FearNoEvil","floor":31.0},{"not_picked":["LessonLearned","ConjureBlade+1"],"picked":"DeusExMachina+1","floor":33.0},{"not_picked":["Consecrate","CrushJoints+1"],"picked":"InnerPeace+1","floor":35.0},{"not_picked":["JustLucky+1","SashWhip"],"picked":"FlurryOfBlows+1","floor":38.0},{"not_picked":["Protect+1","ClearTheMind+1","Evaluate+1"],"picked":"SKIP","floor":38.0},{"not_picked":["Consecrate","ClearTheMind+1","LessonLearned"],"picked":"SKIP","floor":40.0},{"not_picked":["Evaluate+1","PathToVictory+1","CutThroughFate+1","Worship+1"],"picked":"SKIP","floor":44.0},{"not_picked":["FlurryOfBlows+1","JustLucky","Tantrum"],"picked":"Study+1","floor":48.0},{"not_picked":["JustLucky","Prostrate+1","FlyingSleeves+1","Protect+1"],"picked":"SKIP","floor":48.0},{"not_picked":["ReachHeaven+1","FlurryOfBlows","PathToVictory+1","ClearTheMind+1"],"picked":"SKIP","floor":54.0},{"not_picked":["ReachHeaven+1","FlurryOfBlows","PathToVictory+1","ClearTheMind+1"],"picked":"SKIP","floor":54.0}],"player_experience":535947,"relics_obtained":[{"floor":7.0,"key":"StoneCalendar"},{"floor":9.0,"key":"HornCleat"},{"floor":11.0,"key":"Sundial"},{"floor":19.0,"key":"Red Mask"},{"floor":23.0,"key":"Toxic Egg 2"},{"floor":40.0,"key":"Question Card"},{"floor":41.0,"key":"Oddly Smooth Stone"},{"floor":43.0,"key":"Centennial Puzzle"},{"floor":44.0,"key":"Yang"},{"floor":54.0,"key":"Dead Branch"}],"event_choices":[{"damage_healed":0.0,"max_hp_gain":0.0,"max_hp_loss":0.0,"gold_gain":0.0,"event_name":"The Cleric","player_choice":"Leave","floor":3.0,"gold_loss":0.0,"damage_taken":0.0},{"cards_removed":["Strike_P"],"damage_healed":0.0,"max_hp_gain":0.0,"max_hp_loss":0.0,"gold_gain":0.0,"event_name":"Living Wall","player_choice":"Forget","floor":13.0,"gold_loss":0.0,"damage_taken":0.0},{"damage_healed":0.0,"max_hp_gain":0.0,"max_hp_loss":0.0,"gold_gain":0.0,"event_name":"Masked Bandits","player_choice":"Fought Bandits","floor":19.0,"gold_loss":0.0,"damage_taken":0.0},{"damage_healed":0.0,"max_hp_gain":0.0,"max_hp_loss":0.0,"gold_gain":0.0,"event_name":"Addict","player_choice":"Obtained Relic","floor":21.0,"gold_loss":85.0,"damage_taken":0.0,"relics_obtained":["Frozen Egg 2"]},{"damage_healed":0.0,"max_hp_gain":0.0,"max_hp_loss":0.0,"gold_gain":99.0,"event_name":"Nest","player_choice":"Stole From Cult","floor":27.0,"gold_loss":0.0,"damage_taken":0.0},{"damage_healed":0.0,"max_hp_gain":0.0,"max_hp_loss":0.0,"gold_gain":0.0,"event_name":"Vampires","player_choice":"Ignored","floor":29.0,"gold_loss":0.0,"damage_taken":0.0},{"cards_removed":["Defend_P"],"damage_healed":0.0,"max_hp_gain":0.0,"max_hp_loss":0.0,"gold_gain":0.0,"event_name":"Bonfire Elementals","player_choice":"Offered Basic","floor":37.0,"gold_loss":0.0,"damage_taken":0.0},{"damage_healed":0.0,"max_hp_gain":0.0,"max_hp_loss":0.0,"gold_gain":0.0,"event_name":"Lab","player_choice":"Got Potions","floor":46.0,"gold_loss":0.0,"damage_taken":0.0}],"is_beta":false,"boss_relics":[{"not_picked":["Runic Dome","Velvet Choker"],"picked":"SacredBark"},{"not_picked":["Pandora\u0027s Box","Tiny House"],"picked":"Runic Pyramid"}],"items_purged_floors":[2,22,36,53],"is_endless":false,"potions_floor_spawned":[11,14,20,23,25,33,40,44,54],"killed_by":"The Heart","ascension_level":5}}