{"host":"oehe2dxjvdgux73m","time":1610818624,"event":{"mods":["AchievementEnabler","BaseMod","Colored Map","Colored Powertips","DeckTracker","Keyboard Shortcuts","Minty Spire (QoL Compilation)","Permanent Neow","Quick Restart","StSLib","SuperFastMode"],"gold_per_floor":[118,135,135,155,173,173,189,216,216,316,129,129,147,222,222,222,222],"floor_reached":16,"language":"KOR","playtime":299,"items_purged":[],"score":158,"play_id":"1b66037f-c82f-44cc-b464-4957a0c6f983","local_time":"20210117023704","is_ascension_mode":true,"campfire_choices":[{"data":"Pommel Strike","floor":6,"key":"SMITH"},{"data":"Wild Strike","floor":12,"key":"SMITH"},{"floor":15,"key":"REST"}],"circlet_count":0,"master_deck":["AscendersBane","Strike_R","Strike_R","Strike_R","Strike_R","Strike_R","Defend_R","Defend_R","Defend_R","Bash","Power Through","Pommel Strike+1","Intimidate","Feel No Pain","Pommel Strike","Wild Strike+1","Warcry","True Grit","Dark Embrace","Hemokinesis","Wild Strike"],"relics":["Burning Blood","NeowsBlessing","Letter Opener","Meat on the Bone","Orrery"],"acts_visited":["Exordium"],"potions_floor_usage":[8,16,16],"damage_taken":[{"damage":0,"enemies":"Small Slimes","floor":1,"turns":1},{"damage":0,"enemies":"Jaw Worm","floor":2,"turns":1},{"damage":0,"enemies":"Cultist","floor":4,"turns":1},{"damage":11,"enemies":"Looter","floor":5,"turns":3},{"damage":19,"enemies":"Blue Slaver","floor":7,"turns":4},{"damage":35,"enemies":"Lagavulin","floor":8,"turns":6},{"damage":17,"enemies":"Large Slime","floor":13,"turns":5},{"damage":46,"enemies":"The Guardian","floor":16,"turns":12}],"seed_played":"-5091068697530867280","potions_obtained":[{"floor":2,"key":"AttackPotion"},{"floor":7,"key":"SkillPotion"},{"floor":13,"key":"Explosive Potion"}],"is_trial":false,"path_per_floor":["M","M","?","M","M","R","M","E","T","?","$","R","M","?","R","B"],"character_chosen":"IRONCLAD","items_purchased":["Orrery","Hemokinesis"],"campfire_rested":1,"item_purchase_floors":[11,11],"current_hp_per_floor":[78,80,73,79,74,74,61,32,32,32,32,32,33,22,46,0,0],"gold":222,"neow_bonus":"THREE_ENEMY_KILL","is_daily":false,"chose_seed":false,"campfire_upgraded":2,"win_rate":0.0,"timestamp":1610818624,"path_taken":["M","M","?","M","M","R","M","E","T","?","$","R","?","?","R","BOSS"],"items_purchased_type":["Relic","Card"],"build_version":"2020-12-22","purchased_purges":0,"victory":false,"max_hp_per_floor":[80,80,80,80,80,80,80,80,80,80,80,80,80,80,80,80,80],"card_choices":[{"not_picked":["Clash","Heavy Blade"],"picked":"Power Through","floor":1},{"not_picked":["Armaments","Clothesline"],"picked":"Pommel Strike","floor":2},{"not_picked":["Headbutt","True Grit","Clash"],"picked":"SKIP","floor":4},{"not_picked":["Warcry","Headbutt"],"picked":"Intimidate","floor":5},{"not_picked":["Rampage","Clash"],"picked":"Feel No Pain","floor":7},{"not_picked":["Body Slam","Berserk"],"picked":"Pommel Strike","floor":8},{"not_picked":["Seeing Red","Heavy Blade"],"picked":"Wild Strike","floor":11},{"not_picked":["Cleave","Iron Wave"],"picked":"Warcry","floor":11},{"not_picked":["Sever Soul","Warcry"],"picked":"True Grit","floor":11},{"not_picked":["Fire Breathing","Cleave"],"picked":"Dark Embrace","floor":11},{"not_picked":["Dual Wield","Uppercut"],"picked":"Wild Strike","floor":13}],"player_experience":247963,"relics_obtained":[{"floor":8,"key":"Letter Opener"},{"floor":9,"key":"Meat on the Bone"}],"event_choices":[{"cards_removed":["Defend_R"],"damage_healed":0,"gold_gain":0,"player_choice":"Card Removal","damage_taken":7,"max_hp_gain":0,"max_hp_loss":0,"event_name":"Golden Wing","floor":3,"gold_loss":0},{"damage_healed":0,"gold_gain":100,"player_choice":"Pray","damage_taken":0,"max_hp_gain":0,"max_hp_loss":0,"event_name":"Golden Shrine","floor":10,"gold_loss":0},{"damage_healed":0,"gold_gain":75,"player_choice":"Gather Gold","damage_taken":11,"max_hp_gain":0,"max_hp_loss":0,"event_name":"World of Goop","floor":14,"gold_loss":0}],"is_beta":false,"boss_relics":[],"items_purged_floors":[],"is_endless":false,"potions_floor_spawned":[2,7,13],"killed_by":"The Guardian","ascension_level":11}}