{"host":"7zdktqb5xjtif29d","time":1610835367,"event":{"mods":["AchievementEnabler","BaseMod","Colored Map","Colored Powertips","Dark Map","Highlight Path","Minty Spire (QoL Compilation)","Rare Cards Sparkle","SuperFastMode","Waifu the Spire","everything is the same but u backflip on backflip"],"gold_per_floor":[116,116,126,126,138,171,171,49,49,67,83,111,111,122,122,224,224,244,258,272,290,290,290,290],"floor_reached":23,"language":"ENG","playtime":881,"items_purged":["Strike_B"],"score":251,"play_id":"6722d256-9967-4039-ba5d-0f301034db42","local_time":"20210116221607","is_ascension_mode":true,"campfire_choices":[{"floor":7,"key":"REST"},{"floor":13,"key":"REST"},{"floor":15,"key":"REST"}],"circlet_count":0,"master_deck":["Strike_B","Strike_B","Defend_B","Defend_B","Defend_B","Defend_B","Zap","Dualcast","Gash","Gash","Gash","Leap","Chaos+1","Gash","Scrape","Core Surge","White Noise+1","FTL","BootSequence+1","Decay"],"relics":["Cracked Core","Shuriken","Toxic Egg 2","CaptainsWheel","Inserter"],"acts_visited":["Exordium","TheCity"],"potions_floor_usage":[12,23,23,23],"damage_taken":[{"damage":6,"enemies":"2 Louse","floor":1,"turns":3},{"damage":1,"enemies":"Cultist","floor":3,"turns":3},{"damage":2,"enemies":"Jaw Worm","floor":5,"turns":4},{"damage":29,"enemies":"3 Sentries","floor":6,"turns":7},{"damage":14,"enemies":"Exordium Thugs","floor":10,"turns":3},{"damage":12,"enemies":"Lots of Slimes","floor":11,"turns":4},{"damage":20,"enemies":"Gremlin Nob","floor":12,"turns":5},{"damage":7,"enemies":"Looter","floor":14,"turns":3},{"damage":13,"enemies":"Hexaghost","floor":16,"turns":6},{"damage":2,"enemies":"Spheric Guardian","floor":18,"turns":5},{"damage":12,"enemies":"Chosen","floor":19,"turns":4},{"damage":34,"enemies":"Snake Plant","floor":20,"turns":4},{"damage":13,"enemies":"Cultist and Chosen","floor":21,"turns":4},{"damage":16,"enemies":"Slavers","floor":23,"turns":2}],"seed_played":"8122659440310845503","potions_obtained":[{"floor":1,"key":"PowerPotion"},{"floor":14,"key":"SkillPotion"},{"floor":16,"key":"FocusPotion"},{"floor":19,"key":"EssenceOfDarkness"}],"is_trial":false,"path_per_floor":["M","?","M","?","M","E","R","$","T","M","M","E","R","M","R","B",null,"M","M","M","M","?","E"],"character_chosen":"DEFECT","items_purchased":["Leap"],"campfire_rested":3,"item_purchase_floors":[8],"current_hp_per_floor":[69,62,61,61,59,30,52,52,52,38,26,6,28,21,43,30,75,73,61,27,14,14,0,0],"gold":290,"neow_bonus":"THREE_CARDS","is_daily":false,"chose_seed":false,"campfire_upgraded":0,"win_rate":0.0,"timestamp":1610835367,"path_taken":["M","?","?","?","M","E","R","?","T","M","M","E","R","M","R","BOSS","M","?","M","M","?","E"],"items_purchased_type":["Card"],"build_version":"2020-12-22","purchased_purges":1,"victory":false,"max_hp_per_floor":[75,75,75,75,75,75,75,75,75,75,75,75,75,75,75,75,75,75,75,75,75,75,75,75],"card_choices":[{"not_picked":["Rebound","Hello World"],"picked":"Gash","floor":0},{"not_picked":["Force Field","Static Discharge"],"picked":"Gash","floor":1},{"not_picked":["Redo","Turbo","Storm"],"picked":"SKIP","floor":3},{"not_picked":["Steam","Ball Lightning"],"picked":"Gash","floor":5},{"not_picked":["Seek","Auto Shields","Fusion"],"picked":"SKIP","floor":6},{"not_picked":["Tempest+1","Blizzard"],"picked":"Chaos+1","floor":10},{"not_picked":["Double Energy+1","Streamline"],"picked":"Gash","floor":11},{"not_picked":["Blizzard","Stack+1"],"picked":"Scrape","floor":12},{"not_picked":["Static Discharge","Stack+1","Cold Snap"],"picked":"SKIP","floor":14},{"not_picked":["Amplify+1","Electrodynamics"],"picked":"Core Surge","floor":16},{"not_picked":["Compile Driver","Redo+1"],"picked":"White Noise+1","floor":18},{"not_picked":["Conserve Battery+1","Reprogram+1"],"picked":"FTL","floor":19},{"not_picked":["Leap+1","Barrage","Stack+1"],"picked":"SKIP","floor":20},{"not_picked":["Fusion+1","Heatsinks+1"],"picked":"BootSequence+1","floor":21}],"player_experience":232954,"relics_obtained":[{"floor":6,"key":"Shuriken"},{"floor":9,"key":"Toxic Egg 2"},{"floor":12,"key":"CaptainsWheel"}],"event_choices":[{"damage_healed":0,"gold_gain":0,"player_choice":"Damaged","damage_taken":7,"max_hp_gain":0,"max_hp_loss":0,"event_name":"Wheel of Change","floor":2,"gold_loss":0},{"cards_removed":["Strike_B"],"damage_healed":0,"gold_gain":0,"player_choice":"Purged","damage_taken":0,"max_hp_gain":0,"max_hp_loss":0,"event_name":"Purifier","floor":4,"gold_loss":0},{"damage_healed":0,"gold_gain":0,"player_choice":"Smashed Altar","damage_taken":0,"max_hp_gain":0,"max_hp_loss":0,"event_name":"Forgotten Altar","floor":22,"gold_loss":0,"cards_obtained":["Decay"]}],"is_beta":false,"boss_relics":[{"not_picked":["Astrolabe","Fusion Hammer"],"picked":"Inserter"}],"items_purged_floors":[8],"is_endless":false,"potions_floor_spawned":[1,14,16,19,20],"killed_by":"Slavers","ascension_level":2}}