{"host":"ek3xvuouaw6vk9if","time":1610763571,"event":{"mods":["BaseMod","BetterRewards","GungeonMod","Minty Spire (QoL Compilation)","Permanent Neow","Quick Restart","Relic Stats","Replay The Spire","StSLib"],"gold_per_floor":[111,126,143,163,20,20,55,15,92,102,118,150,150,165,165,270,270,283,303,108,172,172,172],"floor_reached":22,"language":"ENG","playtime":843,"items_purged":["DemoMod:Strike_Huntress"],"score":228,"play_id":"57cc047d-af28-4341-8a8a-77c9d62fa6cf","local_time":"20210115211931","is_ascension_mode":true,"campfire_choices":[{"data":"DemoMod:Camera","floor":6,"key":"SMITH"},{"data":"DemoMod:FullFirepower","floor":13,"key":"SMITH"},{"floor":15,"key":"DIG"}],"circlet_count":0,"master_deck":["DemoMod:Strike_Huntress","DemoMod:Strike_Huntress","DemoMod:Defend_Huntress","DemoMod:Defend_Huntress","DemoMod:Defend_Huntress","DemoMod:Defend_Huntress","DemoMod:Roll","DemoMod:ManualReload","DemoMod:RustySidearm","DemoMod:CrossBow","DemoMod:Camera+1","DemoMod:TeaPot","DemoMod:TableSutra","DemoMod:DoubleSwitch","DemoMod:TripleGun","DemoMod:SAA","DemoMod:SAA","DemoMod:FullFirepower+1","DemoMod:LifeOrb","DemoMod:MegaHand","DemoMod:ChanceBullets","DemoMod:Slinger","DemoMod:MachoBrace","DemoMod:BattleInHaste","DemoMod:DoubleSwitch"],"relics":["Philosopher\u0027s Stone","ClockworkSouvenir","FossilizedHelix","InkBottle","White Beast Statue","Smiling Mask","DemoMod:Test1","DemoMod:GlassGuonStoneRelic","Replay:Baseball"],"acts_visited":["Exordium","TheCity"],"potions_floor_usage":[14],"damage_taken":[{"damage":2,"enemies":"Cultist","floor":1,"turns":3},{"damage":2,"enemies":"2 Louse","floor":2,"turns":2},{"damage":1,"enemies":"Jaw Worm","floor":3,"turns":3},{"damage":12,"enemies":"Looter","floor":4,"turns":3},{"damage":16,"enemies":"3 Sentries","floor":7,"turns":5},{"damage":0,"enemies":"2 Fungi Beasts","floor":10,"turns":3},{"damage":0,"enemies":"Exordium Wildlife","floor":11,"turns":2},{"damage":20,"enemies":"Lagavulin","floor":12,"turns":5},{"damage":0,"enemies":"3 Louse","floor":14,"turns":2},{"damage":16,"enemies":"Fading Forest","floor":16,"turns":11},{"damage":24,"enemies":"2 Thieves","floor":18,"turns":4},{"damage":16,"enemies":"Spheric Guardian","floor":19,"turns":4},{"damage":9,"enemies":"Snake Plant","floor":22,"turns":1}],"seed_played":"-8650315484231023445","potions_obtained":[{"floor":1,"key":"Weak Potion"},{"floor":10,"key":"Venom Potion"},{"floor":12,"key":"SteroidPotion"},{"floor":14,"key":"Elixir"},{"floor":16,"key":"Flashbang"},{"floor":18,"key":"EntropicBrew"},{"floor":21,"key":"Strength Potion"}],"is_trial":false,"path_per_floor":["M","M","M","M","$","R","E","$","T","M","M","E","R","M","R","B",null,"M","M","$","?","M"],"character_chosen":"HUNTRESS","items_purchased":["ClockworkSouvenir","DemoMod:SAA","Replay:Baseball"],"campfire_rested":0,"item_purchase_floors":[5,8,20],"current_hp_per_floor":[68,66,65,53,53,53,37,37,37,37,37,17,17,17,17,9,70,46,30,30,2,0,0],"gold":172,"neow_bonus":"BOSS_RELIC","is_daily":false,"chose_seed":false,"campfire_upgraded":2,"win_rate":0.0,"timestamp":1610763571,"path_taken":["M","M","M","M","$","R","E","$","T","M","M","E","R","M","R","BOSS","M","?","$","?","M"],"items_purchased_type":["Relic","Card","Relic"],"build_version":"2020-12-22","purchased_purges":1,"victory":false,"max_hp_per_floor":[70,70,70,70,70,70,70,70,70,70,70,70,70,70,70,70,70,70,70,70,70,70,70],"relic_stats":{"counters":[13,48],"Smiling Mask":25,"obtain_stats":[{"Replay:Baseball":20,"DemoMod:Dog":0,"Philosopher\u0027s Stone":0,"DemoMod:GlassGuonStoneRelic":1,"Smiling Mask":15,"FossilizedHelix":7,"InkBottle":9,"White Beast Statue":12,"ClockworkSouvenir":5,"DemoMod:Test1":17},{"Replay:Baseball":12,"DemoMod:Dog":0,"Philosopher\u0027s Stone":0,"DemoMod:GlassGuonStoneRelic":1,"Smiling Mask":9,"FossilizedHelix":5,"InkBottle":5,"White Beast Statue":8,"ClockworkSouvenir":4,"DemoMod:Test1":10},{"Replay:Baseball":47,"DemoMod:Dog":0,"Philosopher\u0027s Stone":0,"DemoMod:GlassGuonStoneRelic":3,"Smiling Mask":28,"FossilizedHelix":16,"InkBottle":16,"White Beast Statue":26,"ClockworkSouvenir":11,"DemoMod:Test1":39}],"InkBottle":[13]},"card_choices":[{"not_picked":["DemoMod:MegaHand","DemoMod:DirectionalPad"],"picked":"DemoMod:Camera","floor":1},{"not_picked":["DemoMod:HuntsMan","DemoMod:Rummage"],"picked":"DemoMod:TeaPot","floor":2},{"not_picked":["DemoMod:GunstockTap","DemoMod:SAA"],"picked":"DemoMod:TableSutra","floor":3},{"not_picked":["DemoMod:Replace","DemoMod:BattleInHaste"],"picked":"DemoMod:DoubleSwitch","floor":4},{"not_picked":["DemoMod:Replace","DemoMod:SniperShot"],"picked":"DemoMod:TripleGun","floor":7},{"not_picked":["DemoMod:TeaPot","DemoMod:GunstockTap"],"picked":"DemoMod:FullFirepower","floor":10},{"not_picked":["DemoMod:Ejector","DemoMod:SpreadAmmo"],"picked":"DemoMod:LifeOrb","floor":11},{"not_picked":["DemoMod:HuntsMan","DemoMod:SkilledReload"],"picked":"DemoMod:MegaHand","floor":12},{"not_picked":["DemoMod:AWP","DemoMod:Ejector"],"picked":"DemoMod:ChanceBullets","floor":14},{"not_picked":["DemoMod:BalloonGun","DemoMod:Elimentaler"],"picked":"DemoMod:Slinger","floor":16},{"not_picked":["DemoMod:Ejector","DemoMod:GunstockTap"],"picked":"DemoMod:MachoBrace","floor":18},{"not_picked":["DemoMod:Replace","DemoMod:Ejector"],"picked":"DemoMod:BattleInHaste","floor":19},{"not_picked":["DemoMod:Unity","DemoMod:Replace"],"picked":"DemoMod:DoubleSwitch","floor":21}],"player_experience":524589,"relics_obtained":[{"floor":7,"key":"FossilizedHelix"},{"floor":9,"key":"InkBottle"},{"floor":12,"key":"White Beast Statue"},{"floor":15,"key":"Smiling Mask"}],"event_choices":[],"is_beta":false,"boss_relics":[{"not_picked":["ChewingGum","Ectoplasm"],"picked":"DemoMod:Test1"}],"items_purged_floors":[20],"is_endless":false,"potions_floor_spawned":[1,10,12,14,16,18,19],"killed_by":"Snake Plant","ascension_level":3}}