{"host":"wnty67d4nhrob9mt","time":1610821586,"event":{"mods":["BaseMod","Block Reminder","Infinite Spire","Minty Spire (QoL Compilation)","Permanent Neow","Quick Restart","Relic Stats","Replay The Spire","StSLib","The Jungle"],"gold_per_floor":[116,116,130,148,148,180,190,203,203,220,252,252,252,265,265,265,265],"floor_reached":16,"language":"TUR","playtime":1197,"items_purged":[],"score":120,"play_id":"154ca4d0-67ff-4a1f-b7d5-6f8103f00b80","local_time":"20210116212626","is_ascension_mode":true,"campfire_choices":[{"floor":15,"key":"REST"}],"circlet_count":0,"master_deck":["Strike_G","Strike_G","Strike_G","Strike_G","Strike_G","Defend_G","Defend_G","Defend_G","Defend_G","Defend_G","Survivor","Neutralize","Flying Knee","Deflect","Eviscerate","Distraction","Underhanded Strike","Dagger Throw","Flying Knee","Slice","Dodge and Roll"],"relics":["Black Star","Bag of Marbles","Replay:Bottled Flurry","White Beast Statue","Matryoshka","ReplayTheSpireMod:TigerMarble","infinitespire:BottledMercury"],"acts_visited":["Exordium"],"potions_floor_usage":[6,6,10,10,11,16,16],"damage_taken":[{"damage":0,"enemies":"2 Louse","floor":1,"turns":4},{"damage":4,"enemies":"Cultist","floor":3,"turns":4},{"damage":0,"enemies":"Jaw Worm","floor":4,"turns":5},{"damage":16,"enemies":"3 Sentries","floor":6,"turns":9},{"damage":3,"enemies":"2 Fungi Beasts","floor":7,"turns":4},{"damage":6,"enemies":"Looter","floor":8,"turns":3},{"damage":0,"enemies":"Blue Slaver","floor":10,"turns":3},{"damage":16,"enemies":"Gremlin Nob","floor":11,"turns":5},{"damage":1,"enemies":"Large Slime","floor":14,"turns":4},{"damage":50,"enemies":"Fading Forest","floor":16,"turns":10}],"seed_played":"5889460057006491240","potions_obtained":[{"floor":2,"key":"Block Potion"},{"floor":2,"key":"SkillPotion"},{"floor":2,"key":"BlessingOfTheForge"},{"floor":6,"key":"DuplicationPotion"},{"floor":8,"key":"Explosive Potion"},{"floor":10,"key":"Strength Potion"},{"floor":11,"key":"Milkshake"},{"floor":14,"key":"Block Potion"}],"is_trial":false,"path_per_floor":["M","?","M","M","$","E","M","M","T","M","E","?","?","M","R","B"],"character_chosen":"THE_SILENT","items_purchased":[],"campfire_rested":1,"item_purchase_floors":[],"current_hp_per_floor":[70,70,66,66,66,50,47,41,41,41,25,25,13,12,33,0,0],"gold":265,"neow_bonus":"BOSS_RELIC","is_daily":false,"chose_seed":false,"campfire_upgraded":0,"win_rate":0.0,"timestamp":1610821586,"path_taken":["M","?","M","M","$","E","M","?","T","M","E","?","?","M","R","BOSS"],"items_purchased_type":[],"build_version":"2020-12-22","purchased_purges":0,"victory":false,"max_hp_per_floor":[70,70,70,70,70,70,70,70,70,70,70,70,70,70,70,70,70],"relic_stats":{"counters":[10,51],"Black Star":2,"obtain_stats":[{"infinitespire:BottledMercury":13,"Matryoshka":11,"Black Star":0,"Bag of Marbles":6,"Replay:Bottled Flurry":6,"ReplayTheSpireMod:TigerMarble":11,"White Beast Statue":9,"Ring of the Snake":0},{"infinitespire:BottledMercury":8,"Matryoshka":8,"Black Star":0,"Bag of Marbles":4,"Replay:Bottled Flurry":4,"ReplayTheSpireMod:TigerMarble":8,"White Beast Statue":6,"Ring of the Snake":0},{"infinitespire:BottledMercury":37,"Matryoshka":37,"Black Star":0,"Bag of Marbles":22,"Replay:Bottled Flurry":22,"ReplayTheSpireMod:TigerMarble":37,"White Beast Statue":29,"Ring of the Snake":0}]},"card_choices":[{"not_picked":["Calculated Gamble","Quick Slash"],"picked":"Flying Knee","floor":1},{"not_picked":["Blade Dance","Sneak Up"],"picked":"Deflect","floor":3},{"not_picked":["Deadly Poison","ReplayTheSpireMod:The Works"],"picked":"Eviscerate","floor":4},{"not_picked":["Calculated Gamble","Atom Bomb"],"picked":"Distraction","floor":6},{"not_picked":["PiercingWail","Caltrops"],"picked":"Underhanded Strike","floor":7},{"not_picked":["Quick Slash","Flying Knee"],"picked":"Dagger Throw","floor":8},{"not_picked":["Flechettes","Well Laid Plans"],"picked":"Flying Knee","floor":10},{"not_picked":["Prepared","Bane"],"picked":"Slice","floor":11},{"not_picked":["Terror","Underhanded Strike"],"picked":"Dodge and Roll","floor":14}],"player_experience":184314,"relics_obtained":[{"floor":6,"key":"Bag of Marbles"},{"floor":6,"key":"Replay:Bottled Flurry"},{"floor":9,"key":"White Beast Statue"},{"floor":11,"key":"Matryoshka"},{"floor":11,"key":"ReplayTheSpireMod:TigerMarble"}],"event_choices":[{"damage_healed":0,"gold_gain":0,"player_choice":"Got Potions","damage_taken":0,"max_hp_gain":0,"max_hp_loss":0,"event_name":"Lab","floor":2,"gold_loss":0},{"damage_healed":0,"gold_gain":0,"player_choice":"Success","damage_taken":12,"relics_obtained":["infinitespire:BottledMercury"],"max_hp_gain":0,"max_hp_loss":0,"event_name":"Scrap Ooze","floor":13,"gold_loss":0}],"is_beta":false,"boss_relics":[],"items_purged_floors":[],"is_endless":false,"potions_floor_spawned":[4,6,8,10,11,14],"killed_by":"Fading Forest","ascension_level":1}}