{"host":"yfdtuf6ojcxn06xg","time":1610839663,"event":{"mods":["2.2 Compatiblity","AchievementEnabler","BaseMod","Colored Map","Colored Powertips","Curses Come First","Hermit","JesterMod","Jorbs\u0027s Wanderer Trilogy","Minty Spire (QoL Compilation)","Quick Restart","Rare Cards Sparkle","Relic Stats","Replay The Spire","StSLib","The Cursed","The Disciple","The Hierophant","The Jungle","The Marked","The Necromancer","The Servant 0.9.4"],"gold_per_floor":[119,119,119,136,156,156,186,201,224,224,256,256,256,335,335,353,353],"floor_reached":16,"language":"ENG","playtime":407,"items_purged":[],"score":113,"play_id":"6c12d27f-95c1-424c-a34f-efa6ab14d90f","local_time":"20210116182743","is_ascension_mode":true,"campfire_choices":[{"data":"Replay:Undeath\u0027s Touch","floor":6,"key":"SMITH"},{"data":"Bludgeon","floor":10,"key":"SMITH"},{"data":"Anger","floor":13,"key":"SMITH"},{"data":"Shockwave","floor":15,"key":"SMITH"}],"circlet_count":0,"master_deck":["Strike_R","Strike_R","Strike_R","Strike_R","Strike_R+1","Defend_R","Defend_R","Defend_R","Defend_R","Bash","Replay:Undeath\u0027s Touch+1","Thunderclap","Anger+1","Burning Pact+1","Bludgeon+1","Wild Strike","Shockwave+1"],"relics":["Burning Blood","NeowsBlessing","FaceOfCleric","ReplayFunnel","Toy Ornithopter","Replay:Bandana","Tiny Chest"],"acts_visited":["Exordium"],"potions_floor_usage":[7,14],"damage_taken":[{"damage":0,"enemies":"Jaw Worm","floor":1,"turns":1},{"damage":0,"enemies":"Small Slimes","floor":4,"turns":1},{"damage":0,"enemies":"Cultist","floor":5,"turns":1},{"damage":16,"enemies":"Gremlin Nob","floor":7,"turns":4},{"damage":17,"enemies":"Looter","floor":8,"turns":4},{"damage":21,"enemies":"3 Sentries","floor":11,"turns":6},{"damage":4,"enemies":"Gremlin Nob","floor":14,"turns":3},{"damage":40,"enemies":"Slime Boss","floor":16,"turns":6}],"seed_played":"-3728735327545865840","potions_obtained":[{"floor":1,"key":"BlessingOfTheForge"},{"floor":7,"key":"Weak Potion"}],"is_trial":false,"path_per_floor":["M","?","?","M","M","R","E","M","T","R","E","?","R","?","R","B"],"character_chosen":"IRONCLAD","items_purchased":[],"campfire_rested":0,"item_purchase_floors":[],"current_hp_per_floor":[80,80,80,81,82,82,73,63,63,63,49,32,32,40,40,0,0],"gold":353,"neow_bonus":"THREE_ENEMY_KILL","is_daily":false,"chose_seed":false,"campfire_upgraded":4,"win_rate":0.0,"timestamp":1610839663,"path_taken":["M","?","?","M","M","R","E","?","T","R","E","?","R","?","R","BOSS"],"items_purchased_type":[],"build_version":"2020-12-22","purchased_purges":0,"victory":false,"max_hp_per_floor":[80,80,80,81,82,82,83,84,84,84,85,85,85,86,86,86,86],"relic_stats":{"FaceOfCleric":6,"counters":[8,26],"Tiny Chest":0,"obtain_stats":[{"ReplayFunnel":7,"Replay:Bandana":11,"NeowsBlessing":0,"FaceOfCleric":3,"Tiny Chest":14,"Burning Blood":0,"Toy Ornithopter":9},{"ReplayFunnel":4,"Replay:Bandana":6,"NeowsBlessing":0,"FaceOfCleric":1,"Tiny Chest":7,"Burning Blood":0,"Toy Ornithopter":5},{"ReplayFunnel":7,"Replay:Bandana":17,"NeowsBlessing":0,"FaceOfCleric":1,"Tiny Chest":20,"Burning Blood":0,"Toy Ornithopter":11}],"Burning Blood":24,"Toy Ornithopter":5},"card_choices":[{"not_picked":["Abandon","Body Slam"],"picked":"Replay:Undeath\u0027s Touch","floor":1},{"not_picked":["Pommel Strike","Rage"],"picked":"Thunderclap","floor":4},{"not_picked":["Perfected Strike","Replay:Undeath\u0027s Touch"],"picked":"Anger","floor":5},{"not_picked":["Thunderclap","Clothesline"],"picked":"Burning Pact","floor":7},{"not_picked":["Armaments","Shrug It Off"],"picked":"Bludgeon","floor":8},{"not_picked":["Warcry","Anger"],"picked":"Wild Strike","floor":11},{"not_picked":["Clothesline","True Grit"],"picked":"Shockwave","floor":14}],"player_experience":204745,"relics_obtained":[{"floor":7,"key":"ReplayFunnel"},{"floor":9,"key":"Toy Ornithopter"},{"floor":11,"key":"Replay:Bandana"},{"floor":14,"key":"Tiny Chest"}],"event_choices":[{"damage_healed":0,"gold_gain":0,"player_choice":"Ignored","damage_taken":0,"max_hp_gain":0,"max_hp_loss":0,"event_name":"Liars Game","floor":2,"gold_loss":0},{"damage_healed":0,"gold_gain":0,"player_choice":"Trade","damage_taken":0,"relics_obtained":["FaceOfCleric"],"max_hp_gain":0,"max_hp_loss":0,"event_name":"FaceTrader","floor":3,"gold_loss":0},{"damage_healed":0,"gold_gain":0,"player_choice":"Entered Light","damage_taken":17,"max_hp_gain":0,"max_hp_loss":0,"event_name":"Shining Light","floor":12,"gold_loss":0,"cards_upgraded":["Strike_R","Burning Pact"]},{"damage_healed":0,"gold_gain":0,"player_choice":"Searched \u00272\u0027 times","damage_taken":0,"max_hp_gain":0,"max_hp_loss":0,"event_name":"Dead Adventurer","floor":14,"gold_loss":0}],"is_beta":false,"boss_relics":[],"items_purged_floors":[],"is_endless":false,"potions_floor_spawned":[1,7],"killed_by":"Slime Boss","ascension_level":1}}