{"host":"cdcsem0stf6rethc","time":1610765845,"event":{"mods":["AchievementEnabler","BaseMod","Colored Map","Highlight Path","Minty Spire (QoL Compilation)","StSLib","The Animator"],"gold_per_floor":[115,115,141,141,160,187,203,203,257,257,297,297,307,14,14,14,14],"floor_reached":16,"language":"ENG","playtime":717,"items_purged":[],"score":92,"play_id":"5ef5fa7b-5fbf-4107-aa2e-a8ec536623b2","local_time":"20210116105725","is_ascension_mode":false,"campfire_choices":[{"data":"animator:Tetora","floor":8,"key":"SMITH"},{"data":"animator:ReineMurasame","floor":10,"key":"SMITH"},{"data":"animator:Marielle","floor":12,"key":"SMITH"},{"data":"animator:PinaCoLada","floor":15,"key":"SMITH"}],"circlet_count":0,"master_deck":["animator:Defend_LogHorizon","animator:Strike","animator:Strike","animator:Strike","animator:Defend","animator:Defend","animator:Defend","animator:Tohya","animator:Minori","animator:DwarfShaman","animator:Serara+1","animator:Marielle+1","animator:Tetora+1","animator:ReineMurasame+1","animator:CowGirl","animator:PinaCoLada+1"],"relics":["animator:LivingPicture","animator:TheMissingPiece","NeowsBlessing","Vajra","Bronze Scales"],"acts_visited":["Exordium"],"potions_floor_usage":[16,16],"damage_taken":[{"damage":0,"enemies":"Small Slimes","floor":1,"turns":1},{"damage":0,"enemies":"2 Louse","floor":3,"turns":1},{"damage":0,"enemies":"Jaw Worm","floor":5,"turns":1},{"damage":9,"enemies":"3 Louse","floor":6,"turns":4},{"damage":0,"enemies":"Blue Slaver","floor":7,"turns":4},{"damage":16,"enemies":"Large Slime","floor":13,"turns":7},{"damage":49,"enemies":"The Guardian","floor":16,"turns":12}],"seed_played":"1512471693328159940","potions_obtained":[{"floor":3,"key":"FearPotion"},{"floor":5,"key":"Strength Potion"},{"floor":6,"key":"Regen Potion"},{"floor":13,"key":"Block Potion"}],"is_trial":false,"path_per_floor":["M","?","M","?","M","M","M","R","T","R","?","R","M","$","R","B"],"character_chosen":"THE_ANIMATOR","items_purchased":["Bronze Scales","animator:PinaCoLada"],"campfire_rested":0,"item_purchase_floors":[14,14],"current_hp_per_floor":[66,71,71,71,72,63,63,63,63,63,63,63,47,47,47,0,0],"gold":14,"neow_bonus":"THREE_ENEMY_KILL","is_daily":false,"chose_seed":true,"campfire_upgraded":4,"win_rate":0.0,"timestamp":1610765845,"path_taken":["M","?","M","?","M","?","M","R","T","R","?","R","M","$","R","BOSS"],"items_purchased_type":["Relic","Card"],"build_version":"2020-12-22","purchased_purges":0,"victory":false,"max_hp_per_floor":[66,71,71,71,72,72,72,72,72,72,72,72,72,72,72,72,72],"card_choices":[{"not_picked":["animator:WinryRockbell","animator:HighElfArcher"],"picked":"animator:DwarfShaman","floor":1},{"not_picked":["animator:MaesHughes","animator:IrohaTamaki"],"picked":"animator:Serara","floor":3},{"not_picked":["animator:Serara","animator:YachiyoNanami"],"picked":"animator:Marielle","floor":5},{"not_picked":["animator:Rayneshia","animator:Isuzu"],"picked":"animator:Tetora","floor":6},{"not_picked":["animator:EmiyaShirou","animator:Alexander"],"picked":"animator:ReineMurasame","floor":7},{"not_picked":["animator:Priestess","animator:Illya"],"picked":"animator:CowGirl","floor":13}],"player_experience":157866,"relics_obtained":[{"floor":9,"key":"Vajra"}],"event_choices":[{"damage_healed":0,"gold_gain":0,"player_choice":"Donut","damage_taken":0,"max_hp_gain":5,"max_hp_loss":0,"event_name":"Big Fish","floor":2,"gold_loss":0},{"damage_healed":0,"gold_gain":0,"player_choice":"Grow","damage_taken":0,"max_hp_gain":0,"max_hp_loss":0,"event_name":"Living Wall","floor":4,"gold_loss":0,"cards_upgraded":["animator:Serara"]}],"is_beta":false,"boss_relics":[],"items_purged_floors":[],"is_endless":false,"potions_floor_spawned":[3,5,6,13],"killed_by":"The Guardian","ascension_level":0}}