{"host":"8fuipfsvjht9cgcs","time":1610783201,"event":{"mods":["AchievementEnabler","BaseMod","Colored Map","Colored Powertips","DeckTracker","Friendly Minions","Kiyohime£¨?ýï£©","Marisa£¨Ùöéë¡¡Øª×âÞÞ£©","Minty Spire (QoL Compilation)","Prisma Mod","Replay The Spire","StSLib","SuperFastMode","The Cursed","The Gatherer"],"gold_per_floor":[211,211,211,230,242,242,37,37,37,212,241,141,141,151,151,249,249,268,143,208,307,157,190,190,190,268,288,288,306,306,306],"floor_reached":30,"language":"KOR","playtime":827,"items_purged":["Defend_P","Doubt","Defend_P","Defend_P"],"score":397,"play_id":"14a1dbc9-0b08-4c46-9e83-ca8cb2b19335","local_time":"20210116204641","is_ascension_mode":true,"campfire_choices":[{"data":"BattleHymn","floor":6.0,"key":"SMITH"},{"data":"Adaptation","floor":8.0,"key":"SMITH"},{"floor":15.0,"key":"DIG"},{"data":"Adaptation","floor":24.0,"key":"SMITH"},{"data":"Ragnarok","floor":28.0,"key":"SMITH"}],"circlet_count":0,"master_deck":["Strike_P","Strike_P","Strike_P","Defend_P","Eruption+1","Vigilance","BattleHymn+1","EmptyFist","ClearTheMind","Adaptation+1","Tantrum+1","Ragnarok+1","Adaptation+1","InnerPeace+1"],"relics":["PureWater","Dead Branch","StrikeDummy","Replay:Bottled Flurry","Coffee Dripper","Quantum Egg","Prayer Wheel"],"acts_visited":["Exordium","TheCity"],"potions_floor_usage":[30],"damage_taken":[{"damage":0.0,"enemies":"Jaw Worm","floor":1.0,"turns":4.0},{"damage":0.0,"enemies":"2 Louse","floor":4.0,"turns":4.0},{"damage":0.0,"enemies":"Cultist","floor":5.0,"turns":3.0},{"damage":12.0,"enemies":"Lagavulin","floor":11.0,"turns":3.0},{"damage":3.0,"enemies":"Looter","floor":14.0,"turns":2.0},{"damage":0.0,"enemies":"Slime Boss","floor":16.0,"turns":4.0},{"damage":17.0,"enemies":"2 Thieves","floor":18.0,"turns":2.0},{"damage":39.0,"enemies":"Slavers","floor":23.0,"turns":3.0},{"damage":4.0,"enemies":"Shell Parasite","floor":27.0,"turns":2.0},{"damage":0.0,"enemies":"Cultist and Chosen","floor":29.0,"turns":3.0},{"damage":0,"enemies":"Gremlin Leader","floor":30,"turns":1}],"seed_played":"8739652949031414757","potions_obtained":[{"floor":1.0,"key":"SpeedPotion"},{"floor":4.0,"key":"Adrenaline Potion"},{"floor":11.0,"key":"Weak Potion"},{"floor":18.0,"key":"ColorlessPotion"}],"is_trial":false,"path_per_floor":["M","?","?","M","M","R","$","R","T","?","E","$","?","M","R_BF","B",null,"M","$","?","?","$","E","R","?","T","M","R","M","E"],"character_chosen":"WATCHER","items_purchased":["Adaptation","Tantrum+1"],"campfire_rested":0,"item_purchase_floors":[7,7],"current_hp_per_floor":[65,65,65,65,65,65,65,65,65,65,53,53,53,50,50,50,67,50,50,50,50,50,11,11,11,11,7,7,7,7,7],"gold":306,"neow_bonus":"HUNDRED_GOLD","is_daily":false,"chose_seed":false,"campfire_upgraded":4,"win_rate":0.0,"timestamp":1610783201,"path_taken":["M","?","?","?","M","R","$","R","T","?","E","$","?","M","R_BF","BOSS","M","?","?","?","$","E","R","?","T","M","R","?","E"],"items_purchased_type":["Card","Card"],"build_version":"2020-12-22","purchased_purges":4,"victory":false,"max_hp_per_floor":[72,72,72,72,72,72,72,72,72,72,72,72,72,72,72,72,72,72,72,72,72,72,72,72,72,72,72,72,72,72,72],"card_choices":[{"not_picked":["Replay:Battleflow","BowlingBash"],"picked":"BattleHymn","floor":1.0},{"not_picked":["Replay:BluntJabs","CutThroughFate"],"picked":"EmptyFist","floor":4.0},{"not_picked":["Replay:Cycle","CutThroughFate"],"picked":"ClearTheMind","floor":5.0},{"not_picked":["Conclude","EmptyBody","WreathOfFlame"],"picked":"SKIP","floor":11.0},{"not_picked":["WaveOfTheHand","Consecrate","Halt"],"picked":"SKIP","floor":14.0},{"not_picked":["Devotion","SpiritShield"],"picked":"Ragnarok","floor":16.0},{"not_picked":["FlyingSleeves","CutThroughFate"],"picked":"Adaptation","floor":18.0},{"not_picked":["WheelKick","FlurryOfBlows"],"picked":"InnerPeace+1","floor":20.0},{"not_picked":["Perseverance+1","CrushJoints+1","DeceiveReality"],"picked":"SKIP","floor":23.0},{"not_picked":["Perseverance+1","CrushJoints+1","DeceiveReality"],"picked":"SKIP","floor":23.0},{"not_picked":["Consecrate+1","FlyingSleeves","FollowUp"],"picked":"SKIP","floor":27.0},{"not_picked":["Replay:BluntJabs+1","LikeWater","ThirdEye"],"picked":"SKIP","floor":27.0},{"not_picked":["ThirdEye","Collect","Replay:AtTheReady"],"picked":"SKIP","floor":29.0},{"not_picked":["Tantrum+1","CarveReality","SashWhip"],"picked":"SKIP","floor":29.0}],"player_experience":413088,"relics_obtained":[{"floor":9.0,"key":"Dead Branch"},{"floor":11.0,"key":"StrikeDummy"},{"floor":15.0,"key":"Replay:Bottled Flurry"},{"floor":20.0,"key":"Quantum Egg"},{"floor":23.0,"key":"Prayer Wheel"}],"event_choices":[{"damage_healed":0.0,"max_hp_gain":0.0,"max_hp_loss":0.0,"gold_gain":0.0,"event_name":"Upgrade Shrine","player_choice":"Upgraded","floor":3.0,"gold_loss":0.0,"damage_taken":0.0,"cards_upgraded":["Eruption"]},{"damage_healed":0.0,"max_hp_gain":0.0,"max_hp_loss":0.0,"gold_gain":175.0,"event_name":"Liars Game","player_choice":"AGREE","floor":10.0,"gold_loss":0.0,"damage_taken":0.0,"cards_obtained":["Doubt"]},{"damage_healed":0.0,"max_hp_gain":0.0,"max_hp_loss":0.0,"gold_gain":0.0,"event_name":"Match and Keep!","player_choice":"0 cards matched","floor":13.0,"gold_loss":0.0,"damage_taken":0.0,"cards_obtained":[]},{"damage_healed":0.0,"max_hp_gain":0.0,"max_hp_loss":0.0,"gold_gain":0.0,"event_name":"Match and Keep!","player_choice":"0 cards matched","floor":13.0,"gold_loss":0.0,"damage_taken":0.0,"cards_obtained":[]},{"damage_healed":0.0,"max_hp_gain":0.0,"max_hp_loss":0.0,"gold_gain":99.0,"event_name":"Nest","player_choice":"Stole From Cult","floor":21.0,"gold_loss":0.0,"damage_taken":0.0},{"damage_healed":0.0,"max_hp_gain":0.0,"max_hp_loss":0.0,"gold_gain":0.0,"event_name":"Ghosts","player_choice":"Ignored","floor":25.0,"gold_loss":0.0,"damage_taken":0.0}],"is_beta":false,"boss_relics":[{"not_picked":["HolyWater","Astrolabe"],"picked":"Coffee Dripper"}],"items_purged_floors":[7,12,19,22],"is_endless":false,"potions_floor_spawned":[1,4,11,18,23],"killed_by":"Gremlin Leader","ascension_level":7}}