{"host":"oehe2dxjvdgux73m","time":1610813732,"event":{"mods":["AchievementEnabler","BaseMod","Colored Map","Colored Powertips","DeckTracker","Keyboard Shortcuts","Minty Spire (QoL Compilation)","Permanent Neow","Quick Restart","StSLib","SuperFastMode"],"gold_per_floor":[119,15,90,90,106,106,150,150,150,166,166,182,208,246,246,339,339,352,352,366,366,376,376,406,406,406,426,451,451,7,26,26,104,104,116,116,116,116,116,116,116,2,2,2,28,46,57,90,90,90,90],"floor_reached":52,"language":"KOR","playtime":2164,"items_purged":["Strike_G","Strike_G"],"score":1908,"play_id":"137ea6c2-017d-4e75-8286-741789232f30","local_time":"20210117011532","is_ascension_mode":true,"campfire_choices":[{"data":"Dagger Spray","floor":6.0,"key":"SMITH"},{"data":"Neutralize","floor":8.0,"key":"SMITH"},{"data":"Cloak And Dagger","floor":11.0,"key":"SMITH"},{"data":"Cloak And Dagger","floor":15.0,"key":"SMITH"},{"data":"Footwork","floor":23.0,"key":"SMITH"},{"floor":25.0,"key":"REST"},{"data":"Acrobatics","floor":29.0,"key":"SMITH"},{"floor":32.0,"key":"REST"},{"data":"Apotheosis","floor":40.0,"key":"SMITH"},{"data":"Adrenaline","floor":44.0,"key":"SMITH"},{"floor":49.0,"key":"REST"}],"circlet_count":0,"master_deck":["AscendersBane","Strike_G","Strike_G","Strike_G","Defend_G+1","Defend_G","Defend_G","Defend_G+1","Defend_G","Survivor","Neutralize+1","Finisher","PiercingWail","Dagger Spray+1","Cloak And Dagger+1","Cloak And Dagger+1","Backstab","Deflect","Burst","CurseOfTheBell","Footwork+1","Well Laid Plans","Escape Plan","Calculated Gamble","Footwork","Acrobatics+1","Adrenaline+1","PiercingWail+1","Phantasmal Killer","Calculated Gamble","Apotheosis+1","Purity","Doubt","Blade Dance"],"relics":["Ring of the Snake","NeowsBlessing","Bloody Idol","War Paint","Du-Vu Doll","Odd Mushroom","Centennial Puzzle","Calling Bell","Bag of Marbles","Pear","Unceasing Top","Vajra","Darkstone Periapt","Boot","Happy Flower","Philosopher\u0027s Stone","Pocketwatch","Bronze Scales","Ninja Scroll","Bottled Lightning"],"acts_visited":["Exordium","TheCity","TheBeyond"],"potions_floor_usage":[51],"damage_taken":[{"damage":0.0,"enemies":"Jaw Worm","floor":1.0,"turns":1.0},{"damage":0.0,"enemies":"2 Louse","floor":5.0,"turns":2.0},{"damage":0.0,"enemies":"Gremlin Nob","floor":7.0,"turns":1.0},{"damage":4.0,"enemies":"Small Slimes","floor":10.0,"turns":3.0},{"damage":0.0,"enemies":"Blue Slaver","floor":12.0,"turns":4.0},{"damage":0.0,"enemies":"The Mushroom Lair","floor":13.0,"turns":4.0},{"damage":5.0,"enemies":"3 Sentries","floor":14.0,"turns":8.0},{"damage":25.0,"enemies":"Slime Boss","floor":16.0,"turns":8.0},{"damage":7.0,"enemies":"Shell Parasite","floor":18.0,"turns":3.0},{"damage":0.0,"enemies":"Spheric Guardian","floor":20.0,"turns":3.0},{"damage":3.0,"enemies":"Centurion and Healer","floor":22.0,"turns":4.0},{"damage":21.0,"enemies":"Gremlin Leader","floor":24.0,"turns":5.0},{"damage":3.0,"enemies":"Snake Plant","floor":27.0,"turns":2.0},{"damage":17.0,"enemies":"Slavers","floor":28.0,"turns":8.0},{"damage":22.0,"enemies":"Shelled Parasite and Fungi","floor":31.0,"turns":4.0},{"damage":41.0,"enemies":"Automaton","floor":33.0,"turns":14.0},{"damage":9.0,"enemies":"3 Shapes","floor":35.0,"turns":7.0},{"damage":2.0,"enemies":"Giant Head","floor":45.0,"turns":5.0},{"damage":4.0,"enemies":"Orb Walker","floor":46.0,"turns":3.0},{"damage":14.0,"enemies":"4 Shapes","floor":47.0,"turns":4.0},{"damage":1.0,"enemies":"Reptomancer","floor":48.0,"turns":4.0},{"damage":34.0,"enemies":"Time Eater","floor":50.0,"turns":5.0},{"damage":29,"enemies":"Awakened One","floor":51,"turns":12}],"seed_played":"-4214770506276091670","potions_obtained":[{"floor":1.0,"key":"Weak Potion"},{"floor":13.0,"key":"Swift Potion"},{"floor":14.0,"key":"CunningPotion"},{"floor":18.0,"key":"EssenceOfSteel"},{"floor":20.0,"key":"Explosive Potion"},{"floor":24.0,"key":"SpeedPotion"},{"floor":45.0,"key":"Fire Potion"},{"floor":48.0,"key":"LiquidMemories"}],"is_trial":false,"path_per_floor":["M","$","?","?","M","R","E","R","T","M","R","M","?","E","R","B",null,"M","?","M","?","M","R","E","R","T","M","E","R","$","M","R","B",null,"M","?","?","?","T","R","?","$","T","R","E","M","M","E","R","B","B",null],"character_chosen":"THE_SILENT","items_purchased":["PiercingWail","Adrenaline","Happy Flower","Fruit Juice","EntropicBrew"],"campfire_rested":3,"item_purchase_floors":[2,30,30,30,42],"current_hp_per_floor":[59,59,48,48,48,48,48,48,48,44,44,44,44,39,39,14,59,52,52,52,52,54,54,38,59,59,61,49,49,54,37,59,23,62,58,48,48,48,48,48,81,81,81,81,81,81,72,76,81,47,18],"gold":90,"neow_bonus":"THREE_ENEMY_KILL","is_daily":false,"chose_seed":false,"campfire_upgraded":8,"win_rate":0.0,"timestamp":1610813732,"path_taken":["M","$","?","?","?","R","E","R","T","M","R","M","?","E","R","BOSS","M","?","M","?","M","R","E","R","T","M","E","R","$","M","R","BOSS","M","?","?","?","?","R","?","$","T","R","E","?","M","E","R","BOSS","BOSS"],"items_purchased_type":["Card","Card","Relic","Potion","Potion"],"build_version":"2020-12-22","purchased_purges":2,"victory":true,"max_hp_per_floor":[66,66,66,60,60,60,60,60,60,60,60,60,60,60,60,60,70,70,70,70,70,70,70,70,70,70,70,70,70,75,75,75,75,75,75,75,75,75,75,75,81,81,81,81,81,81,81,81,81,81,81],"card_choices":[{"not_picked":["Eviscerate","Prepared"],"picked":"Finisher","floor":1.0},{"not_picked":["Quick Slash","Endless Agony"],"picked":"Dagger Spray","floor":5.0},{"not_picked":["Tactician","Reflex"],"picked":"Heel Hook","floor":7.0},{"not_picked":["Riddle With Holes","Backflip"],"picked":"Cloak And Dagger","floor":10.0},{"not_picked":["Bane","Prepared"],"picked":"Cloak And Dagger","floor":12.0},{"not_picked":["Backflip","Eviscerate"],"picked":"Backstab","floor":13.0},{"not_picked":["Riddle With Holes","Sucker Punch"],"picked":"Deflect","floor":14.0},{"not_picked":["Die Die Die","Night Terror"],"picked":"Burst","floor":16.0},{"not_picked":["Bane","Deadly Poison"],"picked":"Footwork","floor":18.0},{"not_picked":["Flying Knee","Dodge and Roll"],"picked":"Well Laid Plans","floor":20.0},{"not_picked":["Flying Knee","Sucker Punch"],"picked":"Escape Plan","floor":22.0},{"not_picked":["Phantasmal Killer","Skewer"],"picked":"Calculated Gamble","floor":24.0},{"not_picked":["Underhanded Strike","Acrobatics+1"],"picked":"Footwork","floor":27.0},{"not_picked":["Predator","Deadly Poison"],"picked":"Acrobatics","floor":28.0},{"not_picked":["Well Laid Plans","Deadly Poison"],"picked":"PiercingWail+1","floor":31.0},{"not_picked":["Corpse Explosion","Adrenaline"],"picked":"Phantasmal Killer","floor":33.0},{"not_picked":["Underhanded Strike","Escape Plan"],"picked":"Calculated Gamble","floor":35.0},{"not_picked":["Dramatic Entrance","Madness"],"picked":"Apotheosis","floor":36.0},{"not_picked":["Panacea","Master of Strategy"],"picked":"Purity","floor":36.0},{"not_picked":["Finisher","Flying Knee"],"picked":"Blade Dance","floor":45.0},{"not_picked":["Backflip","Outmaneuver+1","Setup"],"picked":"SKIP","floor":46.0},{"not_picked":["Riddle With Holes","Reflex+1","Backstab+1"],"picked":"SKIP","floor":47.0},{"not_picked":["Sucker Punch","Caltrops+1","Dash"],"picked":"SKIP","floor":48.0},{"not_picked":["Sucker Punch","Caltrops+1","Dash"],"picked":"SKIP","floor":48.0}],"player_experience":242642,"relics_obtained":[{"floor":7.0,"key":"War Paint"},{"floor":9.0,"key":"Du-Vu Doll"},{"floor":13.0,"key":"Odd Mushroom"},{"floor":14.0,"key":"Centennial Puzzle"},{"floor":17.0,"key":"Bag of Marbles"},{"floor":17.0,"key":"Pear"},{"floor":17.0,"key":"Unceasing Top"},{"floor":24.0,"key":"Vajra"},{"floor":26.0,"key":"Darkstone Periapt"},{"floor":28.0,"key":"Boot"},{"floor":39.0,"key":"Pocketwatch"},{"floor":43.0,"key":"Bronze Scales"},{"floor":45.0,"key":"Ninja Scroll"},{"floor":48.0,"key":"Bottled Lightning"}],"event_choices":[{"damage_healed":0.0,"max_hp_gain":0.0,"max_hp_loss":0.0,"gold_gain":75.0,"event_name":"World of Goop","player_choice":"Gather Gold","floor":3.0,"gold_loss":0.0,"damage_taken":11.0},{"damage_healed":0.0,"max_hp_gain":0.0,"max_hp_loss":6.0,"gold_gain":0.0,"event_name":"Golden Idol","player_choice":"Lose Max HP","floor":4.0,"gold_loss":0.0,"damage_taken":0.0,"relics_obtained":["Golden Idol"]},{"damage_healed":0.0,"max_hp_gain":0.0,"max_hp_loss":0.0,"gold_gain":0.0,"event_name":"Mushrooms","player_choice":"Fought Mushrooms","floor":13.0,"gold_loss":0.0,"damage_taken":0.0},{"damage_healed":0.0,"max_hp_gain":0.0,"max_hp_loss":0.0,"gold_gain":0.0,"event_name":"Vampires","player_choice":"Ignored","floor":19.0,"gold_loss":0.0,"damage_taken":0.0},{"damage_healed":0.0,"max_hp_gain":0.0,"max_hp_loss":0.0,"gold_gain":0.0,"event_name":"Forgotten Altar","player_choice":"Gave Idol","floor":21.0,"relics_lost":["Golden Idol"],"gold_loss":0.0,"damage_taken":0.0,"relics_obtained":["Bloody Idol"]},{"damage_healed":0.0,"max_hp_gain":0.0,"max_hp_loss":0.0,"gold_gain":0.0,"event_name":"SensoryStone","player_choice":"Memory 3","floor":36.0,"gold_loss":0.0,"damage_taken":10.0},{"damage_healed":0.0,"max_hp_gain":0.0,"max_hp_loss":0.0,"gold_gain":0.0,"event_name":"Tomb of Lord Red Mask","player_choice":"Ignored","floor":37.0,"gold_loss":0.0,"damage_taken":0.0},{"cards_removed":["Heel Hook"],"damage_healed":0.0,"max_hp_gain":0.0,"max_hp_loss":0.0,"gold_gain":0.0,"event_name":"Falling","player_choice":"Removed Attack","floor":38.0,"gold_loss":0.0,"damage_taken":0.0},{"damage_healed":27.0,"max_hp_gain":0.0,"max_hp_loss":0.0,"gold_gain":0.0,"event_name":"MindBloom","player_choice":"Heal","floor":41.0,"gold_loss":0.0,"damage_taken":0.0,"cards_obtained":["Doubt"]}],"is_beta":false,"boss_relics":[{"not_picked":["Runic Dome","Ectoplasm"],"picked":"Calling Bell"},{"not_picked":["Runic Pyramid","Pandora\u0027s Box"],"picked":"Philosopher\u0027s Stone"}],"items_purged_floors":[2,30],"is_endless":false,"potions_floor_spawned":[1,13,14,18,20,24,45,48],"ascension_level":20}}