{"host":"tl3n8idhzo2mohle","time":1610796139,"event":{"mods":["BaseMod","Colored Powertips","Downfall","Minty Spire (QoL Compilation)","StSLib"],"gold_per_floor":[99,116,136,150,150,180,180,54,79,79,14,41,41,59,80,184,184,184,208,225,244,259,281,281,481,492,518,518,558,576,590,609,717,717,717,743,674,674,674,674,674,717,739,774,799,828,851,851,880,880],"floor_reached":51,"language":"ZHS","playtime":3985,"items_purged":["hexamod:Defend","hexamod:Defend"],"score":752,"play_id":"b94d040b-8f0e-4561-aed9-bc6426169a43","local_time":"20210116192219","is_ascension_mode":false,"campfire_choices":[{"floor":1.0,"key":"RECALL"},{"data":"hexamod:RainOfEmbers","floor":13.0,"key":"SMITH"},{"data":"hexamod:ForkedFlame","floor":18.0,"key":"SMITH"},{"data":"hexamod:ExtraCrispy","floor":28.0,"key":"SMITH"},{"data":"hexamod:ExtraCrispy","floor":35.0,"key":"SMITH"}],"circlet_count":0,"master_deck":["hexamod:Strike","hexamod:Strike","hexamod:Strike","hexamod:Strike","hexamod:Defend","hexamod:Sear","hexamod:Float","hexamod:Firestarter","hexamod:Firestarter","hexamod:Firestarter","hexamod:ParanormalForm","hexamod:SwordOfDarkness","hexamod:GhostOfSpireFuture","hexamod:RainOfEmbers+1","hexamod:SecondSeal","hexamod:NightmareStrike","hexamod:SpectralAdrenaline","hexamod:FastForward","hexamod:ExtraCrispy+1","hexamod:ForkedFlame+1","hexamod:CatchUp","hexamod:RadiantFlame","hexamod:DynamicBlow","hexamod:InspiringFlames","hexamod:SoulSteal","hexamod:FourthSeal","hexamod:RecurringNightmare+1","hexamod:ExtraCrispy+1","hexamod:TimeOfNeed","hexamod:BurningTouch","hexamod:ForkedFlame","hexamod:NecessarySacrifice","hexamod:PhantomFireball","expansioncontent:QuickStudy","expansioncontent:PolyBeam","expansioncontent:PolyBeam","hexamod:Firestarter+1","hexamod:HeatMetal+1","hexamod:Firestarter+1","hexamod:EmpoweredFlame+1","hexamod:GhostShield+1"],"relics":["hexamod:SpiritBrand","StrikeDummy","Smiling Mask","Meat on the Bone","Bird Faced Urn","hexamod:InflammatoryLetter","bronze:MakeshiftBattery","Medical Kit","HornCleat","CeramicFish","Art of War"],"acts_visited":["Exordium","TheCity","TheBeyond"],"potions_floor_usage":[50,50,50],"damage_taken":[{"damage":0.0,"enemies":"Small Slimes","floor":2.0,"turns":3.0},{"damage":0.0,"enemies":"2 Louse","floor":3.0,"turns":4.0},{"damage":0.0,"enemies":"Cultist","floor":4.0,"turns":5.0},{"damage":25.0,"enemies":"3 Sentries","floor":6.0,"turns":9.0},{"damage":0.0,"enemies":"downfall:FleeingMerchant","floor":8.0,"turns":6.0},{"damage":8.0,"enemies":"Lagavulin","floor":9.0,"turns":5.0},{"damage":0.0,"enemies":"downfall:FleeingMerchant","floor":11.0,"turns":6.0},{"damage":16.0,"enemies":"Gremlin Nob","floor":12.0,"turns":5.0},{"damage":0.0,"enemies":"Gremlin Gang","floor":14.0,"turns":5.0},{"damage":3.0,"enemies":"2 Fungi Beasts","floor":15.0,"turns":5.0},{"damage":24.0,"enemies":"IC_STATUS_ARCHETYPE","floor":16.0,"turns":5.0},{"damage":10.0,"enemies":"Spheric Guardian","floor":19.0,"turns":5.0},{"damage":87.0,"enemies":"3 Cultists","floor":20.0,"turns":8.0},{"damage":16.0,"enemies":"Snake Plant","floor":21.0,"turns":5.0},{"damage":9.0,"enemies":"Centurion and Healer","floor":22.0,"turns":5.0},{"damage":5.0,"enemies":"Chosen and Byrds","floor":23.0,"turns":5.0},{"damage":23.0,"enemies":"Snake Plant","floor":26.0,"turns":5.0},{"damage":0.0,"enemies":"Sentry and Sphere","floor":27.0,"turns":5.0},{"damage":22.0,"enemies":"Book of Stabbing","floor":29.0,"turns":6.0},{"damage":10.0,"enemies":"Cultist and Chosen","floor":30.0,"turns":6.0},{"damage":16.0,"enemies":"Snake Plant","floor":31.0,"turns":5.0},{"damage":15.0,"enemies":"Sentry and Sphere","floor":32.0,"turns":6.0},{"damage":38.0,"enemies":"SI_MIRROR_ARCHETYPE","floor":33.0,"turns":10.0},{"damage":56.0,"enemies":"3 Darklings","floor":36.0,"turns":6.0},{"damage":5.0,"enemies":"downfall:FleeingMerchant","floor":37.0,"turns":6.0},{"damage":101.0,"enemies":"Reptomancer","floor":42.0,"turns":7.0},{"damage":18.0,"enemies":"3 Shapes","floor":43.0,"turns":5.0},{"damage":8.0,"enemies":"Jaw Worm Horde","floor":44.0,"turns":5.0},{"damage":17.0,"enemies":"Spire Growth","floor":45.0,"turns":5.0},{"damage":44.0,"enemies":"3 Darklings","floor":46.0,"turns":7.0},{"damage":16.0,"enemies":"Sphere and 2 Shapes","floor":49.0,"turns":5.0},{"damage":102,"enemies":"DF_ARCHETYPE_ORBS","floor":50,"turns":10}],"seed_played":"5270632495916654818","potions_obtained":[{"floor":2.0,"key":"Guardian:BlockOnCardUsePotion"},{"floor":6.0,"key":"BlessingOfTheForge"},{"floor":9.0,"key":"FearPotion"},{"floor":12.0,"key":"GamblersBrew"},{"floor":14.0,"key":"Fire Potion"},{"floor":27.0,"key":"champ:CounterPotion"},{"floor":37.0,"key":"EssenceOfSteel"},{"floor":42.0,"key":"CultistPotion"},{"floor":46.0,"key":"champ:CounterPotion"}],"is_trial":false,"path_per_floor":["R","M","M","M","?","E","T","$","E","?","$","E","R","M","M","B",null,"R","M","M","M","M","M","T","?","M","M","R","E","M","M","M","B",null,"R","M","$","?","?","?","T","E","M","M","M","M","?","?","M","B",null],"character_chosen":"THE_SPIRIT","items_purchased":["hexamod:GhostOfSpireFuture","hexamod:RainOfEmbers","hexamod:PhantomFireball","expansioncontent:QuickStudy","Medical Kit"],"campfire_rested":0,"item_purchase_floors":[8,8,37,37,37],"current_hp_per_floor":[77,77,77,77,82,82,82,82,82,82,82,82,82,82,82,82,82,82,82,82,82,82,82,82,82,82,82,82,82,82,82,82,82,82,82,82,82,82,82,82,82,82,82,82,82,82,82,82,82,82],"gold":880,"neow_bonus":"TEN_PERCENT_HP_BONUS","is_daily":false,"chose_seed":false,"campfire_upgraded":4,"win_rate":0.0,"timestamp":1610796139,"path_taken":["R","M","M","M","?","E","T","$","E","?","$","E","R","M","M","BOSS","R","M","M","M","M","M","T","?","M","M","R","E","M","?","M","BOSS","R","M","$","?","?","?","T","E","?","M","M","M","?","?","M","BOSS"],"items_purchased_type":["Card","Card","Card","Card","Relic"],"build_version":"2020-12-22","purchased_purges":2,"victory":true,"max_hp_per_floor":[77,77,77,77,82,82,82,82,82,82,82,82,82,82,82,82,82,82,82,82,82,82,82,82,82,82,82,82,82,82,82,82,82,82,82,82,82,82,82,82,82,82,82,82,82,82,82,82,82,82],"card_choices":[{"not_picked":["hexamod:SpectralAdrenaline","hexamod:InspiringFlames"],"picked":"hexamod:Firestarter","floor":2.0},{"not_picked":["hexamod:GhostLash","hexamod:CatchUp"],"picked":"hexamod:Firestarter","floor":3.0},{"not_picked":["hexamod:GhostShield","hexamod:FastForward"],"picked":"hexamod:Firestarter","floor":4.0},{"not_picked":["hexamod:InspiringFlames","hexamod:RecurringNightmare"],"picked":"hexamod:ParanormalForm","floor":6.0},{"not_picked":["hexamod:AdvancingGuard","hexamod:ThermalTransfer"],"picked":"hexamod:SwordOfDarkness","floor":8.0},{"not_picked":["hexamod:GhostShield","hexamod:Hexaguard"],"picked":"hexamod:SecondSeal","floor":9.0},{"not_picked":["hexamod:Rewind","hexamod:TurnItUp"],"picked":"hexamod:NightmareStrike","floor":11.0},{"not_picked":["hexamod:NightmareStrike","hexamod:BacktrackSmack"],"picked":"hexamod:SpectralAdrenaline","floor":12.0},{"not_picked":["hexamod:HeatCrush","hexamod:FlameSwitch"],"picked":"hexamod:FastForward","floor":14.0},{"not_picked":["hexamod:Firestarter","hexamod:HeatShield"],"picked":"hexamod:ExtraCrispy","floor":15.0},{"not_picked":["hexamod:FlameSwitch","hexamod:WildfireWeapon"],"picked":"hexamod:ForkedFlame","floor":16.0},{"not_picked":["hexamod:NightmareStrike","hexamod:InspiringFlames+1"],"picked":"hexamod:CatchUp","floor":19.0},{"not_picked":["hexamod:ThermalTransfer+1","hexamod:Hexaguard"],"picked":"hexamod:RadiantFlame","floor":20.0},{"not_picked":["hexamod:GhostShield","hexamod:ShieldOfDarkness"],"picked":"hexamod:DynamicBlow","floor":21.0},{"not_picked":["hexamod:NightmareGuise","hexamod:HauntingEcho"],"picked":"hexamod:InspiringFlames","floor":22.0},{"not_picked":["hexamod:AdvancingGuard","hexamod:BurningTouch+1"],"picked":"hexamod:SoulSteal","floor":23.0},{"not_picked":["hexamod:ForkedFlame","hexamod:SwordOfDarkness"],"picked":"hexamod:FourthSeal","floor":26.0},{"not_picked":["hexamod:SkipABeat+1","hexamod:BacktrackSmack+1"],"picked":"hexamod:RecurringNightmare+1","floor":27.0},{"not_picked":["hexamod:PhantomCloak","hexamod:GhostShield","hexamod:NightmareStrike"],"picked":"SKIP","floor":29.0},{"not_picked":["hexamod:AdvancingGuard+1","hexamod:FastForward"],"picked":"hexamod:ExtraCrispy","floor":30.0},{"not_picked":["hexamod:Firestarter","hexamod:NightmareGuise"],"picked":"hexamod:TimeOfNeed","floor":31.0},{"not_picked":["hexamod:GhostShield","hexamod:NightmareGuise"],"picked":"hexamod:BurningTouch","floor":32.0},{"not_picked":["hexamod:TimeWarp","hexamod:TurnItUp"],"picked":"hexamod:ForkedFlame","floor":33.0},{"not_picked":["hexamod:SpectersWail+1","hexamod:Hexaguard+1","hexamod:NightmareGuise+1"],"picked":"SKIP","floor":36.0},{"not_picked":["hexamod:BurningTouch","hexamod:HauntingEcho+1"],"picked":"hexamod:NecessarySacrifice","floor":37.0},{"not_picked":["expansioncontent:LastStand","expansioncontent:GuardianWhirl"],"picked":"expansioncontent:PolyBeam","floor":39.0},{"not_picked":["hexamod:Hexaguard+1","hexamod:BacktrackSmack+1","hexamod:GhostLash+1"],"picked":"SKIP","floor":42.0},{"not_picked":["hexamod:RetreatToShadows+1","hexamod:GhostOfSpireFuture"],"picked":"hexamod:Firestarter+1","floor":43.0},{"not_picked":["hexamod:ChargedBarrage+1","hexamod:ShieldOfDarkness+1"],"picked":"hexamod:HeatMetal+1","floor":44.0},{"not_picked":["hexamod:EmpoweredFlame","hexamod:SoulSteal"],"picked":"hexamod:Firestarter+1","floor":45.0},{"not_picked":["hexamod:ShieldOfDarkness","hexamod:GhostShield"],"picked":"hexamod:EmpoweredFlame+1","floor":46.0},{"not_picked":["hexamod:Hexaguard","hexamod:SpectersWail+1"],"picked":"hexamod:GhostShield+1","floor":49.0}],"player_experience":36768,"relics_obtained":[{"floor":6.0,"key":"StrikeDummy"},{"floor":9.0,"key":"Smiling Mask"},{"floor":12.0,"key":"Meat on the Bone"},{"floor":24.0,"key":"Bird Faced Urn"},{"floor":29.0,"key":"hexamod:InflammatoryLetter"},{"floor":41.0,"key":"HornCleat"},{"floor":42.0,"key":"CeramicFish"},{"floor":47.0,"key":"Art of War"}],"event_choices":[{"damage_healed":0.0,"max_hp_gain":5.0,"max_hp_loss":0.0,"gold_gain":0.0,"event_name":"Big Fish","player_choice":"Donut","floor":5.0,"gold_loss":0.0,"damage_taken":0.0},{"damage_healed":0.0,"max_hp_gain":0.0,"max_hp_loss":0.0,"gold_gain":200.0,"event_name":"Wheel of Change","player_choice":"Gold","floor":25.0,"gold_loss":0.0,"damage_taken":0.0}],"is_beta":false,"boss_relics":[{"not_picked":["Snecko Eye","SacredBark","Busted Crown"]},{"not_picked":["Empty Cage","Philosopher\u0027s Stone"],"picked":"bronze:MakeshiftBattery"}],"items_purged_floors":[11,37],"is_endless":false,"potions_floor_spawned":[2,6,9,12,14,21,22,26,27,31,33,36,43,46,49],"ascension_level":0}}