{"host":"w9yruvs4bqht6bhw","time":1610826274,"event":{"mods":["BaseMod","Colored Powertips","Minty Spire (QoL Compilation)"],"gold_per_floor":[110,125,39,39,98,98,114,114,138,138,149,165,165,180,180,281,281,296,296,53,53,70,70,81,81,81],"floor_reached":25,"language":"ENG","playtime":623,"items_purged":[],"score":299,"play_id":"a20128c1-0e58-4ae2-aedd-f2d8f78ef704","local_time":"20210116144434","is_ascension_mode":true,"campfire_choices":[{"data":"Anger","floor":6,"key":"SMITH"},{"data":"Good Instincts","floor":10,"key":"SMITH"},{"data":"Iron Wave","floor":15,"key":"SMITH"},{"floor":23,"key":"REST"}],"circlet_count":0,"master_deck":["AscendersBane","Strike_R","Strike_R","Strike_R","Strike_R","Strike_R","Defend_R","Defend_R","Defend_R","Defend_R","Bash","Good Instincts+1","Anger+1","Dramatic Entrance+1","Iron Wave+1","True Grit","Spot Weakness","Uppercut+1"],"relics":["Burning Blood","StrikeDummy"],"acts_visited":["Exordium","TheCity"],"potions_floor_usage":[22],"damage_taken":[{"damage":7,"enemies":"Small Slimes","floor":1,"turns":4},{"damage":8,"enemies":"Jaw Worm","floor":2,"turns":3},{"damage":0,"enemies":"Cultist","floor":7,"turns":3},{"damage":16,"enemies":"Exordium Wildlife","floor":11,"turns":3},{"damage":0,"enemies":"Blue Slaver","floor":12,"turns":3},{"damage":5,"enemies":"3 Louse","floor":14,"turns":2},{"damage":68,"enemies":"Hexaghost","floor":16,"turns":12},{"damage":29,"enemies":"2 Thieves","floor":18,"turns":4},{"damage":14,"enemies":"Shell Parasite","floor":22,"turns":3},{"damage":33,"enemies":"Snake Plant","floor":24,"turns":4},{"damage":44,"enemies":"Book of Stabbing","floor":25,"turns":4}],"seed_played":"5951551110701765732","potions_obtained":[{"floor":7,"key":"FairyPotion"},{"floor":11,"key":"SkillPotion"}],"is_trial":false,"path_per_floor":["M","M","$","?","?","R","M","$","T","R","M","M","?","M","R","B",null,"M","?","$","?","M","R","M","E"],"character_chosen":"IRONCLAD","items_purchased":["Dramatic Entrance","StrikeDummy"],"campfire_rested":1,"item_purchase_floors":[3,20],"current_hp_per_floor":[71,69,69,69,69,69,75,75,75,75,65,71,71,72,72,10,63,40,25,25,25,17,42,15,0,0],"gold":81,"neow_bonus":"RANDOM_COLORLESS","is_daily":false,"chose_seed":false,"campfire_upgraded":3,"win_rate":0.0,"timestamp":1610826274,"path_taken":["M","M","$","?","?","R","?","?","T","R","M","M","?","M","R","BOSS","M","?","$","?","M","R","M","E"],"items_purchased_type":["Card","Relic"],"build_version":"2020-12-22","purchased_purges":0,"victory":false,"max_hp_per_floor":[80,80,80,80,80,80,80,80,80,80,80,80,80,80,80,80,80,80,85,85,85,85,85,85,85,85],"card_choices":[{"not_picked":["Finesse","Discovery"],"picked":"Good Instincts","floor":0},{"not_picked":["Reckless Charge","Body Slam"],"picked":"Anger","floor":1},{"not_picked":["Dropkick","Burning Pact","Feel No Pain"],"picked":"SKIP","floor":2},{"not_picked":["Sword Boomerang","Inflame"],"picked":"Iron Wave","floor":7},{"not_picked":["Sword Boomerang","Searing Blow","Rupture"],"picked":"SKIP","floor":11},{"not_picked":["Sentinel","Metallicize"],"picked":"True Grit","floor":12},{"not_picked":["Juggernaut","Havoc"],"picked":"Spot Weakness","floor":14},{"not_picked":["Perfected Strike","Anger","Flex"],"picked":"SKIP","floor":18},{"not_picked":["Flex+1","Sword Boomerang","Perfected Strike"],"picked":"SKIP","floor":22},{"not_picked":["Body Slam","Limit Break"],"picked":"Uppercut+1","floor":24}],"player_experience":405361,"relics_obtained":[],"event_choices":[{"damage_healed":0,"gold_gain":0,"player_choice":"Grow","damage_taken":0,"max_hp_gain":0,"max_hp_loss":0,"event_name":"Living Wall","floor":4,"gold_loss":0,"cards_upgraded":["Dramatic Entrance"]},{"damage_healed":0,"gold_gain":59,"player_choice":"Gained Gold","damage_taken":0,"max_hp_gain":0,"max_hp_loss":0,"event_name":"Golden Wing","floor":5,"gold_loss":0},{"damage_healed":0,"gold_gain":0,"player_choice":"Leave","damage_taken":0,"max_hp_gain":0,"max_hp_loss":0,"event_name":"The Cleric","floor":13,"gold_loss":0},{"damage_healed":0,"gold_gain":0,"player_choice":"Shed Blood","damage_taken":20,"max_hp_gain":5,"max_hp_loss":0,"event_name":"Forgotten Altar","floor":19,"gold_loss":0}],"is_beta":false,"boss_relics":[{"not_picked":["Velvet Choker","Empty Cage","Coffee Dripper"]}],"items_purged_floors":[],"is_endless":false,"potions_floor_spawned":[7,11,16,18],"killed_by":"Book of Stabbing","ascension_level":11}}