{"host":"t4jsb5tuksjmo64s","time":1610762528,"event":{"mods":["AchievementEnabler","BaseMod","Block Reminder","Colored Map","Colored Powertips","Dark Map","Highlight Path","Minty Spire (QoL Compilation)","Quick Restart","Random Character Button","Rare Cards Sparkle","Relic Stats"],"gold_per_floor":[16,26,41,59,72,72,99,99,125,159,169,185,200,155,155,255,255,265,265,282,293,303,328,253,272,324,355,370,404,404,416,416,416,416],"floor_reached":33,"language":"ENG","playtime":3644,"items_purged":["Strike_P"],"score":394,"play_id":"ef32bc1a-a44b-4bdd-824f-b10f97f96e2a","local_time":"20210115210208","is_ascension_mode":true,"campfire_choices":[{"data":"WindmillStrike","floor":6,"key":"SMITH"},{"data":"LikeWater","floor":8,"key":"SMITH"},{"floor":15,"key":"REST"},{"floor":30,"key":"REST"},{"floor":32,"key":"REST"}],"circlet_count":0,"master_deck":["Strike_P","Strike_P","Defend_P","Defend_P","Defend_P","Eruption","Vigilance","LikeWater+1","ClearTheMind","WindmillStrike+1","Consecrate","EmptyBody","Evaluate","Protect","PathToVictory","SandsOfTime","LikeWater","DeusExMachina","Sanctity+1","WaveOfTheHand","PathToVictory"],"relics":["HolyWater","Art of War","Pen Nib","Ancient Tea Set","Lantern","Mango","Potion Belt","The Courier","Nunchaku"],"acts_visited":["Exordium","TheCity"],"potions_floor_usage":[7,7,10,23,27,29,29],"damage_taken":[{"damage":0,"enemies":"2 Louse","floor":1,"turns":4},{"damage":0,"enemies":"Small Slimes","floor":2,"turns":7},{"damage":0,"enemies":"Cultist","floor":3,"turns":3},{"damage":0,"enemies":"Exordium Wildlife","floor":4,"turns":3},{"damage":0,"enemies":"2 Fungi Beasts","floor":5,"turns":4},{"damage":0,"enemies":"3 Sentries","floor":7,"turns":8},{"damage":36,"enemies":"Lagavulin","floor":10,"turns":7},{"damage":6,"enemies":"Lots of Slimes","floor":11,"turns":5},{"damage":5,"enemies":"Large Slime","floor":12,"turns":6},{"damage":0,"enemies":"3 Louse","floor":13,"turns":2},{"damage":7,"enemies":"Hexaghost","floor":16,"turns":6},{"damage":5,"enemies":"Spheric Guardian","floor":18,"turns":6},{"damage":6,"enemies":"Shell Parasite","floor":20,"turns":6},{"damage":7,"enemies":"3 Cultists","floor":21,"turns":7},{"damage":0,"enemies":"Snake Plant","floor":22,"turns":5},{"damage":5,"enemies":"Book of Stabbing","floor":23,"turns":5},{"damage":0,"enemies":"Centurion and Healer","floor":25,"turns":3},{"damage":24,"enemies":"Slavers","floor":27,"turns":8},{"damage":10,"enemies":"Cultist and Chosen","floor":28,"turns":11},{"damage":16,"enemies":"Book of Stabbing","floor":29,"turns":7},{"damage":7,"enemies":"Chosen and Byrds","floor":31,"turns":8},{"damage":61,"enemies":"Collector","floor":33,"turns":7}],"seed_played":"8006703071224277429","potions_obtained":[{"floor":3,"key":"DuplicationPotion"},{"floor":4,"key":"Swift Potion"},{"floor":5,"key":"EssenceOfSteel"},{"floor":13,"key":"Explosive Potion"},{"floor":16,"key":"LiquidMemories"},{"floor":21,"key":"AttackPotion"},{"floor":25,"key":"Weak Potion"},{"floor":29,"key":"Weak Potion"},{"floor":31,"key":"FearPotion"}],"is_trial":false,"path_per_floor":["M","M","M","M","M","R","E","R","T","E","M","M","M","?","R","B",null,"M","?","M","M","M","E","$","M","T","E","M","E","R","M","R","B"],"character_chosen":"WATCHER","items_purchased":[],"campfire_rested":3,"item_purchase_floors":[],"current_hp_per_floor":[72,72,72,72,72,72,72,72,72,36,30,25,25,25,46,39,72,67,67,61,54,54,63,63,63,63,39,29,13,38,31,56,0,0],"gold":416,"neow_bonus":"TRANSFORM_TWO_CARDS","is_daily":false,"chose_seed":false,"campfire_upgraded":2,"win_rate":0.0,"timestamp":1610762528,"path_taken":["M","M","M","M","M","R","E","R","T","E","M","M","M","?","R","BOSS","M","?","M","M","M","E","?","M","T","E","?","E","R","M","R","BOSS"],"items_purchased_type":[],"build_version":"2020-12-22","purchased_purges":1,"victory":false,"max_hp_per_floor":[72,72,72,72,72,72,72,72,72,72,72,72,72,72,72,72,72,72,72,72,72,72,86,86,86,86,86,86,86,86,86,86,86,86],"relic_stats":{"Nunchaku":[1],"counters":[22,128],"Pen Nib":[11],"Art of War":[32],"obtain_stats":[{"Potion Belt":26,"Lantern":19,"Nunchaku":29,"HolyWater":17,"Mango":23,"Pen Nib":9,"The Courier":27,"Art of War":7,"PureWater":0,"Ancient Tea Set":10},{"Potion Belt":17,"Lantern":12,"Nunchaku":20,"HolyWater":11,"Mango":16,"Pen Nib":6,"The Courier":18,"Art of War":6,"PureWater":0,"Ancient Tea Set":7},{"Potion Belt":87,"Lantern":61,"Nunchaku":113,"HolyWater":55,"Mango":84,"Pen Nib":29,"The Courier":95,"Art of War":29,"PureWater":0,"Ancient Tea Set":36}]},"card_choices":[{"not_picked":["Halt","Study"],"picked":"WindmillStrike","floor":1},{"not_picked":["JustLucky","FlurryOfBlows"],"picked":"Consecrate","floor":2},{"not_picked":["WreathOfFlame","Meditate"],"picked":"EmptyBody","floor":3},{"not_picked":["Tantrum","Consecrate"],"picked":"Evaluate","floor":4},{"not_picked":["EmptyBody","EmptyFist"],"picked":"Protect","floor":5},{"not_picked":["Conclude","Ragnarok"],"picked":"PathToVictory","floor":7},{"not_picked":["EmptyFist","Sanctity"],"picked":"SandsOfTime","floor":10},{"not_picked":["Indignation","SashWhip","CarveReality"],"picked":"SKIP","floor":11},{"not_picked":["Wireheading","ThirdEye"],"picked":"LikeWater","floor":12},{"not_picked":["Prostrate","EmptyBody","ForeignInfluence"],"picked":"SKIP","floor":13},{"not_picked":["Ragnarok","Judgement"],"picked":"DeusExMachina","floor":16},{"not_picked":["Nirvana","FollowUp","Evaluate"],"picked":"SKIP","floor":18},{"not_picked":["ClearTheMind","FlyingSleeves"],"picked":"Sanctity+1","floor":20},{"not_picked":["Crescendo+1","JustLucky","SashWhip+1"],"picked":"SKIP","floor":21},{"not_picked":["JustLucky+1","Pray","CutThroughFate"],"picked":"SKIP","floor":22},{"not_picked":["Crescendo","ReachHeaven"],"picked":"WaveOfTheHand","floor":23},{"not_picked":["Indignation","Fasting2","CrushJoints"],"picked":"SKIP","floor":25},{"not_picked":["Judgement","FlurryOfBlows","JustLucky"],"picked":"SKIP","floor":27},{"not_picked":["Protect","JustLucky+1"],"picked":"PathToVictory","floor":28},{"not_picked":["EmptyFist","Worship","MasterReality"],"picked":"SKIP","floor":29},{"not_picked":["CutThroughFate","JustLucky+1","MentalFortress"],"picked":"SKIP","floor":31}],"player_experience":207471,"relics_obtained":[{"floor":7,"key":"Art of War"},{"floor":9,"key":"Pen Nib"},{"floor":10,"key":"Ancient Tea Set"},{"floor":19,"key":"Lantern"},{"floor":23,"key":"Mango"},{"floor":26,"key":"Potion Belt"},{"floor":27,"key":"The Courier"},{"floor":29,"key":"Nunchaku"}],"event_choices":[{"damage_healed":0,"gold_gain":0,"player_choice":"Left Gold","damage_taken":0,"max_hp_gain":0,"max_hp_loss":0,"event_name":"World of Goop","floor":14,"gold_loss":45},{"damage_healed":0,"gold_gain":0,"player_choice":"Relic","damage_taken":0,"max_hp_gain":0,"max_hp_loss":0,"event_name":"Wheel of Change","floor":19,"gold_loss":0}],"is_beta":false,"boss_relics":[{"not_picked":["Astrolabe","Velvet Choker"],"picked":"HolyWater"}],"items_purged_floors":[24],"is_endless":false,"potions_floor_spawned":[3,4,5,13,16,21,22,25,29,31],"killed_by":"Collector","ascension_level":1}}