{"host":"obbn5gje3893ci3z","time":1610808467,"event":{"mods":["BaseMod","Colored Powertips","Minty Spire (QoL Compilation)","Yakumo Yukari mod"],"gold_per_floor":[135,147,422,433,449,449,449,469,469,394,394,394],"floor_reached":11,"language":"ZHS","playtime":482,"items_purged":["Regret"],"score":69,"play_id":"7f4a0a6a-b25a-4a2b-bcd8-a7172e9d04f6","local_time":"20210116224747","is_ascension_mode":true,"campfire_choices":[{"data":"StateErode_purple","floor":6.0,"key":"SMITH"}],"circlet_count":0,"master_deck":["AT_purpleEX","AT_purpleEX","AT_purpleEX","AT_purpleEX","Defend_purpleEX","Defend_purpleEX","Defend_purpleEX","Defend_purpleEX","Observe_purple_1","Observe_purple_2","StateErode_purple+1","Charmbait_purple","Mirror_FormAndEmptin_purple","StateErode_purple"],"relics":["Boundary_crack","Memoryfragments_purpleEX","Ancient Tea Set","Odd Mushroom","ThegodofHakurei_purpleEX"],"acts_visited":["Exordium"],"potions_floor_usage":[],"damage_taken":[{"damage":4.0,"enemies":"Cultist","floor":1.0,"turns":5.0},{"damage":0.0,"enemies":"2 Louse","floor":2.0,"turns":2.0},{"damage":18.0,"enemies":"Jaw Worm","floor":4.0,"turns":4.0},{"damage":13.0,"enemies":"Blue Slaver","floor":5.0,"turns":4.0},{"damage":25.0,"enemies":"The Mushroom Lair","floor":8.0,"turns":4.0},{"damage":13,"enemies":"Lagavulin","floor":11,"turns":3}],"seed_played":"3858751741983540577","potions_obtained":[{"floor":5.0,"key":"Ancient Potion"},{"floor":8.0,"key":"Ancient Potion"}],"is_trial":false,"path_per_floor":["M","M","?","M","M","R","?","?","T","$","E"],"character_chosen":"Youkari","items_purchased":[],"campfire_rested":0,"item_purchase_floors":[],"current_hp_per_floor":[68,69,69,52,40,40,45,23,23,23,10,10],"gold":394,"neow_bonus":"RANDOM_COMMON_RELIC","is_daily":false,"chose_seed":false,"campfire_upgraded":1,"win_rate":0.0,"timestamp":1610808467,"path_taken":["M","?","?","?","M","R","?","?","T","$","E"],"items_purchased_type":[],"build_version":"2020-12-22","purchased_purges":1,"victory":false,"max_hp_per_floor":[70,70,70,70,70,70,75,75,75,75,75,75],"card_choices":[{"not_picked":["Realm_recovery_purpleEX","StateDuplicate_purple"],"picked":"StateErode_purple","floor":1.0},{"not_picked":["Line_surface_state_purple","WatchEChange_purple","Yakumo_Ran_purple"],"picked":"SKIP","floor":2.0},{"not_picked":["Umbrella_purple","Worldmountain_purple"],"picked":"Charmbait_purple","floor":4.0},{"not_picked":["Realm_recovery_purpleEX","ExistenceContinue_purple"],"picked":"Mirror_FormAndEmptin_purple","floor":5.0},{"not_picked":["Line_surface_state_purple","Umbrella_purple"],"picked":"StateErode_purple","floor":8.0}],"player_experience":40151,"relics_obtained":[{"floor":8.0,"key":"Odd Mushroom"},{"floor":9.0,"key":"ThegodofHakurei_purpleEX"}],"event_choices":[{"damage_healed":0.0,"max_hp_gain":0.0,"max_hp_loss":0.0,"gold_gain":275.0,"event_name":"Golden Shrine","player_choice":"Desecrate","floor":3.0,"gold_loss":0.0,"damage_taken":0.0,"cards_obtained":["Regret"]},{"damage_healed":0.0,"max_hp_gain":0.0,"max_hp_loss":0.0,"gold_gain":0.0,"event_name":"Mushrooms","player_choice":"Fought Mushrooms","floor":8.0,"gold_loss":0.0,"damage_taken":0.0}],"is_beta":false,"boss_relics":[],"items_purged_floors":[10],"is_endless":false,"potions_floor_spawned":[5,8],"killed_by":"Lagavulin","ascension_level":2}}