{"host":"qxfsqqkvz99y95yf","time":1610812231,"event":{"mods":["BaseMod","Infinite Spire","Minty Spire (QoL Compilation)","Replay The Spire","StSLib"],"gold_per_floor":[119,130,149,149,162,195,195,230,230,230,256,270,147,158,158,158,158],"floor_reached":16,"language":"ENG","playtime":1830,"items_purged":["Defend_P"],"score":147,"play_id":"95e94ace-c6f0-4f62-9205-5c85cd7c5579","local_time":"20210116105031","is_ascension_mode":false,"campfire_choices":[{"data":"Eruption","floor":7,"key":"SMITH"},{"data":"Crescendo","floor":10,"key":"SMITH"},{"floor":15,"key":"REST"}],"circlet_count":0,"master_deck":["Strike_P","Strike_P","Strike_P","Strike_P","Defend_P","Defend_P","Defend_P","Eruption+1","Vigilance","Adaptation","ThirdEye","DeceiveReality","Crescendo+1","Halt","Weave","Nirvana","Perseverance","JustLucky","FollowUp"],"relics":["PureWater","Unceasing Top","infinitespire:Eraser","infinitespire:Broken Mirror","Darkstone Periapt"],"acts_visited":["Exordium"],"potions_floor_usage":[5,6,8,11,12],"damage_taken":[{"damage":4,"enemies":"Jaw Worm","floor":1,"turns":4},{"damage":0,"enemies":"Cultist","floor":2,"turns":4},{"damage":0,"enemies":"2 Louse","floor":3,"turns":3},{"damage":0,"enemies":"Large Slime","floor":5,"turns":5},{"damage":33,"enemies":"3 Sentries","floor":6,"turns":13},{"damage":12,"enemies":"Gremlin Nob","floor":8,"turns":2},{"damage":6,"enemies":"Replay:BlueRogue","floor":11,"turns":4},{"damage":17,"enemies":"Exordium Thugs","floor":12,"turns":5},{"damage":0,"enemies":"Gremlin Gang","floor":14,"turns":6},{"damage":32,"enemies":"Hexaghost","floor":16,"turns":8}],"seed_played":"5987336756152423231","potions_obtained":[{"floor":2,"key":"PowerPotion"},{"floor":3,"key":"Death Potion"},{"floor":4,"key":"FearPotion"},{"floor":6,"key":"AttackPotion"},{"floor":11,"key":"BottledMiracle"}],"is_trial":false,"path_per_floor":["M","M","M","?","M","E","R","E","T","R","E","M","$","M","R","B"],"character_chosen":"WATCHER","items_purchased":["JustLucky"],"campfire_rested":1,"item_purchase_floors":[13],"current_hp_per_floor":[75,75,75,75,75,42,42,30,30,30,24,7,7,7,30,0,0],"gold":158,"neow_bonus":"TEN_PERCENT_HP_BONUS","is_daily":false,"chose_seed":false,"campfire_upgraded":2,"win_rate":0.0,"timestamp":1610812231,"path_taken":["M","M","M","?","?","E","R","E","T","R","E","M","$","M","R","BOSS"],"items_purchased_type":["Card"],"build_version":"2020-12-22","purchased_purges":1,"victory":false,"max_hp_per_floor":[79,79,79,79,79,79,79,79,79,79,79,79,79,79,79,79,79],"card_choices":[{"not_picked":["Evaluate","FlurryOfBlows"],"picked":"Adaptation","floor":1},{"not_picked":["Crescendo","Evaluate"],"picked":"ThirdEye","floor":2},{"not_picked":["ReachHeaven","ClearTheMind"],"picked":"DeceiveReality","floor":3},{"not_picked":["SashWhip","DeceiveReality"],"picked":"Crescendo","floor":5},{"not_picked":["Replay:LoomingThreat","LikeWater"],"picked":"Halt","floor":6},{"not_picked":["CrushJoints","PathToVictory"],"picked":"Weave","floor":8},{"not_picked":["FlurryOfBlows","EmptyBody"],"picked":"Nirvana","floor":11},{"not_picked":["SashWhip","SandsOfTime"],"picked":"Perseverance","floor":12},{"not_picked":["EmptyFist","ClearTheMind"],"picked":"FollowUp","floor":14}],"player_experience":191743,"relics_obtained":[{"floor":6,"key":"Unceasing Top"},{"floor":8,"key":"infinitespire:Eraser"},{"floor":9,"key":"infinitespire:Broken Mirror"},{"floor":11,"key":"Darkstone Periapt"}],"event_choices":[{"damage_healed":0,"gold_gain":0,"player_choice":"Got Potions","damage_taken":0,"max_hp_gain":0,"max_hp_loss":0,"event_name":"Lab","floor":4,"gold_loss":0}],"is_beta":false,"boss_relics":[],"items_purged_floors":[13],"is_endless":false,"potions_floor_spawned":[2,3,6,11],"killed_by":"Hexaghost","ascension_level":0}}