{"host":"fm9e0lfunjlbhzxv","time":1610758350,"event":{"mods":["2.2 Compatiblity","Alarm Clock","Astrologer","BaseMod","Bestiary","Better Match","Better Skull","Better Third Choice","Colored Map","Colored Powertips","Curses Come First","Dark Map","Energized Spire","Good Game Mod","Hubris","Key Reminder","Koishi","Mimic Mod","Minty Spire (QoL Compilation)","Permanent Neow","Rare Cards Sparkle","Relic Stats","Shade Mod","Spicy Shops","Spikes Relics","StSLib","The Administrix","The Blue Laboratory","The Bug Knight","The Disciple","The Marked","The Vixen","Trackpad","slay the spire mod where everything is the same but ironclad has a cowboy hat"],"gold_per_floor":[215,225,235,19,35,35,50,75,144,144,45,45,55,89,89,189,189,202,172,172,172],"floor_reached":20,"language":"ENG","playtime":1436,"items_purged":["TheVixenMod:Defend_TheVixen"],"score":230,"play_id":"61c1818e-9524-4269-b558-84032916fb68","local_time":"20210115165230","is_ascension_mode":true,"campfire_choices":[{"data":"TheVixenMod:SunnyDay","floor":6,"key":"SMITH"},{"floor":10,"key":"REST"},{"data":"TheVixenMod:TrumpCard","floor":15,"key":"SMITH"}],"circlet_count":0,"master_deck":["TheVixenMod:Strike_TheVixen","TheVixenMod:Strike_TheVixen","TheVixenMod:Strike_TheVixen","TheVixenMod:Strike_TheVixen","TheVixenMod:Defend_TheVixen","TheVixenMod:Defend_TheVixen","TheVixenMod:Defend_TheVixen","TheVixenMod:SunnyDay+1","TheVixenMod:Ember","TheVixenMod:TailWhip","TheVixenMod:CADC","TheVixenMod:Defiant","TheVixenMod:Facade","TheVixenMod:Hypnosis","TheVixenMod:Protect","TheVixenMod:CalmMind","Burn","TheVixenMod:TrumpCard+1","TheVixenMod:SynergyBurst","TheVixenMod:LavaPlume"],"relics":["TheVixenMod:BurningStick","REME:ComplimentaryCards","Oddly Smooth Stone","Ancient Tea Set","keyreminder:keyreminder","HollowMod:PaleOreRelic","CosmicIsotope"],"acts_visited":["Exordium","TheCity"],"potions_floor_usage":[14,20],"damage_taken":[{"damage":0,"enemies":"Cultist","floor":1,"turns":4},{"damage":19,"enemies":"Jaw Worm","floor":2,"turns":4},{"damage":2,"enemies":"Small Slimes","floor":3,"turns":3},{"damage":16,"enemies":"Gremlin Gang","floor":5,"turns":4},{"damage":2,"enemies":"Red Slaver","floor":7,"turns":3},{"damage":21,"enemies":"Lagavulin","floor":8,"turns":5},{"damage":4,"enemies":"Large Slime","floor":13,"turns":3},{"damage":4,"enemies":"Gremlin Nob","floor":14,"turns":4},{"damage":20,"enemies":"Slime Boss","floor":16,"turns":7},{"damage":20,"enemies":"3 Byrds","floor":18,"turns":6},{"damage":33,"enemies":"Snake Plant","floor":20,"turns":4}],"seed_played":"-6464394803939653859","potions_obtained":[{"floor":1,"key":"blueLaboratory:BottleOfVodka"},{"floor":2,"key":"Weak Potion"},{"floor":3,"key":"Strength Potion"},{"floor":16,"key":"blueLaboratory:TrueEctoplasm"},{"floor":19,"key":"SkillPotion"}],"is_trial":false,"path_per_floor":["M","M","M","$","M","R","M","E","T","R","$","?","M","E","R","B",null,"M","?","M"],"character_chosen":"THE_VIXEN","items_purchased":["Oddly Smooth Stone","TheVixenMod:Defiant","TheVixenMod:Protect","TheVixenMod:CalmMind"],"campfire_rested":1,"item_purchase_floors":[4,4,11,11],"current_hp_per_floor":[70,51,49,49,33,33,31,10,10,31,31,31,27,23,23,3,53,33,33,0,0],"gold":172,"neow_bonus":"HUNDRED_GOLD","is_daily":false,"chose_seed":false,"campfire_upgraded":2,"win_rate":0.0,"timestamp":1610758350,"path_taken":["M","?","M","$","M","R","M","E","T","R","$","?","M","E","R","BOSS","M","?","M"],"items_purchased_type":["Relic","Card","Card","Card"],"build_version":"2020-12-22","purchased_purges":1,"victory":false,"max_hp_per_floor":[70,70,70,70,70,70,70,70,70,70,70,70,70,70,70,70,70,70,70,70,70],"relic_stats":{"counters":[11,47],"obtain_stats":[{"keyreminder:keyreminder":9,"REME:ComplimentaryCards":0,"Oddly Smooth Stone":4,"CosmicIsotope":17,"HollowMod:PaleOreRelic":14,"TheVixenMod:BurningStick":0,"Ancient Tea Set":8},{"keyreminder:keyreminder":6,"REME:ComplimentaryCards":0,"Oddly Smooth Stone":3,"CosmicIsotope":9,"HollowMod:PaleOreRelic":8,"TheVixenMod:BurningStick":0,"Ancient Tea Set":6},{"keyreminder:keyreminder":23,"REME:ComplimentaryCards":0,"Oddly Smooth Stone":11,"CosmicIsotope":37,"HollowMod:PaleOreRelic":30,"TheVixenMod:BurningStick":0,"Ancient Tea Set":23}]},"card_choices":[{"not_picked":["TheVixenMod:Extrasensory","TheVixenMod:Psybeam","TheVixenMod:Flamethrower"],"picked":"SKIP","floor":1},{"not_picked":["TheVixenMod:TrumpCard","TheVixenMod:Overheat"],"picked":"TheVixenMod:TailWhip","floor":2},{"not_picked":["TheVixenMod:Overheat","TheVixenMod:CalmMind"],"picked":"TheVixenMod:CADC","floor":3},{"not_picked":["TheVixenMod:Agility","TheVixenMod:Disable"],"picked":"TheVixenMod:Facade","floor":5},{"not_picked":["TheVixenMod:Facade","TheVixenMod:HeatWave","TheVixenMod:FlareBlitz"],"picked":"SKIP","floor":7},{"not_picked":["TheVixenMod:ShadowBall","TheVixenMod:Substitute"],"picked":"TheVixenMod:Hypnosis","floor":8},{"not_picked":["TheVixenMod:Flamethrower","TheVixenMod:Disable","TheVixenMod:Agility"],"picked":"SKIP","floor":13},{"not_picked":["TheVixenMod:CalmMind","TheVixenMod:Swagger"],"picked":"TheVixenMod:TrumpCard","floor":14},{"not_picked":["TheVixenMod:WonderRoom","TheVixenMod:PsychUp"],"picked":"TheVixenMod:SynergyBurst","floor":16},{"not_picked":["TheVixenMod:FlareBlitz","TheVixenMod:FirePunch"],"picked":"TheVixenMod:LavaPlume","floor":18}],"player_experience":671535,"relics_obtained":[{"floor":8,"key":"Ancient Tea Set"},{"floor":14,"key":"HollowMod:PaleOreRelic"}],"event_choices":[{"damage_healed":31,"gold_gain":0,"player_choice":"Embrace Burn","damage_taken":0,"max_hp_gain":0,"max_hp_loss":70,"event_name":"betterThird:BetterShining","floor":12,"gold_loss":0},{"damage_healed":0,"gold_gain":0,"player_choice":"Bought 2 Potions","damage_taken":0,"max_hp_gain":0,"max_hp_loss":0,"event_name":"The Woman in Blue","floor":19,"gold_loss":0}],"is_beta":false,"boss_relics":[{"not_picked":["energizedSpire:EnergizedDie","Coffee Dripper"],"picked":"CosmicIsotope"}],"items_purged_floors":[4],"is_endless":false,"potions_floor_spawned":[1,2,3,16],"killed_by":"Snake Plant","ascension_level":5}}