{"host":"qgrlfjrqk9z96gfi","time":1610818763,"event":{"mods":["BaseMod","Block Reminder","Colored Map","DeckTracker","Minty Spire (QoL Compilation)"],"gold_per_floor":[119,119,43,4,279,309,309,335,362,362,375,393,409,88,88,165,165,181,96,96,116,131,164,164,178,204,204,232,5,31,50,50,121,121,138,138,155,155,173,173,173,173],"floor_reached":41,"language":"ENG","playtime":1427,"items_purged":["Regret"],"score":1043,"play_id":"7f31385b-f2ae-4793-ba29-ddcc234b16fc","local_time":"20210116073923","is_ascension_mode":true,"campfire_choices":[{"data":"Predator","floor":7.0,"key":"SMITH"},{"data":"Dash","floor":10.0,"key":"SMITH"},{"data":"Noxious Fumes","floor":15.0,"key":"SMITH"},{"data":"Corpse Explosion","floor":24.0,"key":"SMITH"},{"floor":27.0,"key":"REST"},{"data":"Footwork","floor":32.0,"key":"SMITH"},{"data":"Wraith Form v2","floor":40,"key":"SMITH"}],"circlet_count":0,"master_deck":["AscendersBane","Strike_G","Strike_G","Strike_G","Strike_G","Defend_G","Defend_G","Defend_G","Defend_G","Defend_G","Survivor","Neutralize","Predator+1","Dodge and Roll","Phantasmal Killer","Caltrops","Dash+1","Calculated Gamble","Poisoned Stab","PiercingWail","Backflip","Corpse Explosion+1","Noxious Fumes+1","Dagger Spray","Glass Knife","Blade Dance","PiercingWail+1","Noxious Fumes","Well Laid Plans+1","Leg Sweep","Wraith Form v2+1","Catalyst","Footwork+1","CurseOfTheBell","Prepared+1","Tools of the Trade"],"relics":["Ring of the Snake","NeowsBlessing","Snake Skull","Matryoshka","Meat on the Bone","MealTicket","Philosopher\u0027s Stone","Turnip","Smiling Mask","Orichalcum","Bronze Scales","Akabeko","Gremlin Horn","Calling Bell","Omamori","Singing Bowl","StoneCalendar"],"acts_visited":["Exordium","TheCity","TheBeyond"],"potions_floor_usage":[],"damage_taken":[{"damage":0.0,"enemies":"Jaw Worm","floor":1.0,"turns":1.0},{"damage":0.0,"enemies":"Gremlin Nob","floor":6.0,"turns":1.0},{"damage":0.0,"enemies":"3 Sentries","floor":8.0,"turns":2.0},{"damage":5.0,"enemies":"Cultist","floor":11.0,"turns":3.0},{"damage":6.0,"enemies":"2 Louse","floor":12.0,"turns":3.0},{"damage":6.0,"enemies":"Red Slaver","floor":13.0,"turns":3.0},{"damage":8.0,"enemies":"Hexaghost","floor":16.0,"turns":9.0},{"damage":24.0,"enemies":"3 Byrds","floor":18.0,"turns":3.0},{"damage":13.0,"enemies":"Shell Parasite","floor":21.0,"turns":5.0},{"damage":9.0,"enemies":"Snecko","floor":22.0,"turns":4.0},{"damage":14.0,"enemies":"Slavers","floor":23.0,"turns":2.0},{"damage":17.0,"enemies":"Shelled Parasite and Fungi","floor":25.0,"turns":5.0},{"damage":37.0,"enemies":"Gremlin Leader","floor":28.0,"turns":6.0},{"damage":12.0,"enemies":"Book of Stabbing","floor":30.0,"turns":5.0},{"damage":0.0,"enemies":"Cultist and Chosen","floor":31.0,"turns":5.0},{"damage":16.0,"enemies":"Collector","floor":33.0,"turns":7.0},{"damage":0,"enemies":"3 Shapes","floor":35,"turns":7},{"damage":9,"enemies":"3 Darklings","floor":37,"turns":3},{"damage":17,"enemies":"Sphere and 2 Shapes","floor":39,"turns":6},{"damage":43,"enemies":"Giant Head","floor":41,"turns":6}],"seed_played":"-766683485653719912","potions_obtained":[{"floor":1.0,"key":"Energy Potion"},{"floor":8.0,"key":"EntropicBrew"},{"floor":16.0,"key":"DuplicationPotion"},{"floor":25.0,"key":"SpeedPotion"},{"floor":28.0,"key":"Explosive Potion"},{"floor":30.0,"key":"Poison Potion"},{"floor":33.0,"key":"CunningPotion"}],"is_trial":false,"path_per_floor":["M","?","$","$","?","E","R","E","T","R","M","M","M","$","R","B",null,"M","?","?","M","M","E","R","M","T","R","E","$","E","M","R","B",null,"M","?","M","?","M","R","E"],"character_chosen":"THE_SILENT","items_purchased":["Phantasmal Killer","Caltrops","Corpse Explosion","Noxious Fumes","Dagger Spray","Wraith Form v2","Catalyst"],"campfire_rested":1,"item_purchase_floors":[3,4,14,14,14,29,29],"current_hp_per_floor":[59,59,59,59,59,59,59,59,59,59,54,48,42,57,57,49,62,38,38,51,38,41,39,39,34,34,53,28,43,43,43,43,39,59,61,61,52,52,35,35,0,0],"gold":173,"neow_bonus":"THREE_ENEMY_KILL","is_daily":false,"chose_seed":false,"campfire_upgraded":6,"win_rate":0.0,"timestamp":1610818763,"path_taken":["M","?","?","$","?","E","R","E","T","R","?","M","M","$","R","BOSS","M","?","?","M","M","E","R","M","T","R","E","$","E","M","R","BOSS","M","?","M","?","?","R","E"],"items_purchased_type":["Card","Card","Card","Card","Card","Card","Card"],"build_version":"2020-12-22","purchased_purges":1,"victory":false,"max_hp_per_floor":[66,66,66,66,66,66,66,66,66,66,66,66,66,66,66,66,66,66,66,66,66,66,66,66,66,66,66,66,66,66,66,66,66,66,68,68,68,68,68,68,68,68],"card_choices":[{"not_picked":["Masterful Stab","Slice"],"picked":"Predator","floor":1.0},{"not_picked":["Setup","Underhanded Strike"],"picked":"Dash","floor":6.0},{"not_picked":["Catalyst","Flechettes"],"picked":"Calculated Gamble","floor":8.0},{"not_picked":["Prepared","Backflip"],"picked":"Poisoned Stab","floor":11.0},{"not_picked":["Underhanded Strike","Setup"],"picked":"PiercingWail","floor":12.0},{"not_picked":["Distraction","Poisoned Stab"],"picked":"Backflip","floor":13.0},{"not_picked":["A Thousand Cuts","Storm of Steel"],"picked":"Glass Knife","floor":16.0},{"not_picked":["Dagger Spray","PiercingWail"],"picked":"Blade Dance","floor":18.0},{"not_picked":["Quick Slash","Sucker Punch"],"picked":"PiercingWail+1","floor":21.0},{"not_picked":["Dagger Throw","Choke"],"picked":"Noxious Fumes","floor":22.0},{"not_picked":["Infinite Blades","Noxious Fumes+1"],"picked":"Well Laid Plans+1","floor":23.0},{"not_picked":["Dagger Spray","Dash","Expertise"],"picked":"SKIP","floor":25.0},{"not_picked":["Prepared","Noxious Fumes"],"picked":"Leg Sweep","floor":28.0},{"not_picked":["Prepared","Doppelganger","Deflect"],"picked":"SKIP","floor":30.0},{"not_picked":["Bouncing Flask","Blur"],"picked":"Footwork","floor":31.0},{"not_picked":["Dash","Underhanded Strike","Dagger Spray"],"picked":"Singing Bowl","floor":35},{"not_picked":["Backstab+1","Cloak And Dagger"],"picked":"Prepared+1","floor":37},{"not_picked":["Underhanded Strike","Dagger Spray"],"picked":"Tools of the Trade","floor":39}],"player_experience":1011755,"relics_obtained":[{"floor":6.0,"key":"Snake Skull"},{"floor":8.0,"key":"Matryoshka"},{"floor":9.0,"key":"Meat on the Bone"},{"floor":9.0,"key":"MealTicket"},{"floor":23.0,"key":"Smiling Mask"},{"floor":26.0,"key":"Orichalcum"},{"floor":26.0,"key":"Bronze Scales"},{"floor":28.0,"key":"Akabeko"},{"floor":30.0,"key":"Gremlin Horn"},{"floor":34,"key":"Omamori"},{"floor":34,"key":"Singing Bowl"},{"floor":34,"key":"StoneCalendar"}],"event_choices":[{"damage_healed":0.0,"max_hp_gain":0.0,"max_hp_loss":0.0,"gold_gain":0.0,"cards_transformed":["Strike_G"],"event_name":"Transmorgrifier","player_choice":"Transformed","floor":2.0,"gold_loss":0.0,"damage_taken":0.0,"cards_obtained":["Dodge and Roll"]},{"damage_healed":0.0,"max_hp_gain":0.0,"max_hp_loss":0.0,"gold_gain":275.0,"event_name":"Golden Shrine","player_choice":"Desecrate","floor":5.0,"gold_loss":0.0,"damage_taken":0.0,"cards_obtained":["Regret"]},{"damage_healed":0.0,"max_hp_gain":0.0,"max_hp_loss":0.0,"gold_gain":0.0,"event_name":"Addict","player_choice":"Obtained Relic","floor":19.0,"gold_loss":85.0,"damage_taken":0.0,"relics_obtained":["Turnip"]},{"damage_healed":13.0,"max_hp_gain":0.0,"max_hp_loss":0.0,"gold_gain":0.0,"event_name":"The Library","player_choice":"Heal","floor":20.0,"gold_loss":0.0,"damage_taken":0.0},{"damage_healed":0,"gold_gain":0,"player_choice":"Ignored","damage_taken":0,"max_hp_gain":0,"max_hp_loss":0,"event_name":"Tomb of Lord Red Mask","floor":36,"gold_loss":0},{"damage_healed":0,"gold_gain":0,"player_choice":"Got Potions","damage_taken":0,"max_hp_gain":0,"max_hp_loss":0,"event_name":"Lab","floor":38,"gold_loss":0}],"is_beta":false,"boss_relics":[{"not_picked":["Black Star","Busted Crown"],"picked":"Philosopher\u0027s Stone"},{"not_picked":["HoveringKite","SacredBark"],"picked":"Calling Bell"}],"items_purged_floors":[14],"is_endless":false,"potions_floor_spawned":[1,8,12,16,18,22,25,28,30,33,35],"killed_by":"Giant Head","ascension_level":20}}