{"host":"xbs6xfa3tvu21mfl","time":1610804890,"event":{"mods":["Arknights The Spire","BaseMod","Downfall","Minty Spire (QoL Compilation)","Quick Restart","StSLib"],"gold_per_floor":[99,118,128,142,155,170,195,213,113,126,126,126,155,175,192,287,287,287,307,307,318,81,112,124,173,212,244,277,324,364,376,376],"floor_reached":31,"language":"ZHS","playtime":1598,"items_purged":["bronze:Goto"],"score":295,"play_id":"fdaf8250-0f1b-425d-99e1-7c53002e5acd","local_time":"20210116214810","is_ascension_mode":false,"campfire_choices":[{"floor":1.0,"key":"RECALL"},{"floor":9.0,"key":"REST"},{"floor":12.0,"key":"REST"},{"data":"bronze:SpaghettiCode","floor":18.0,"key":"SMITH"}],"circlet_count":0,"master_deck":["bronze:Strike","bronze:Strike","bronze:Strike","bronze:Strike","bronze:Defend","bronze:Defend","bronze:Defend","bronze:Defend","bronze:Replicate+1","bronze:WhirlingStrike","bronze:Branch","bronze:CloningBeam","bronze:Iterate","bronze:WhirlingStrike","bronze:Optimize","bronze:Virus","bronze:BronzeOrb","bronze:SpaghettiCode+1","bronze:Repair","bronze:Backtrace+1","bronze:Assembly","bronze:Optimize","bronze:Philosophize+1","bronze:Safeguard+1","bronze:Return","bronze:Mutator","bronze:DelayedSlice+1","bronze:Turbo"],"relics":["bronze:BronzeCore","Blood Vial","downfall:HeartBlessingRed","Odd Mushroom","Sozu","MawBank","bronze:SilverBullet","CeramicFish","Question Card"],"acts_visited":["Exordium","TheCity"],"potions_floor_usage":[],"damage_taken":[{"damage":0.0,"enemies":"Small Slimes","floor":2.0,"turns":2.0},{"damage":0.0,"enemies":"2 Louse","floor":3.0,"turns":3.0},{"damage":6.0,"enemies":"Cultist","floor":4.0,"turns":3.0},{"damage":19.0,"enemies":"Gremlin Gang","floor":5.0,"turns":2.0},{"damage":13.0,"enemies":"Red Slaver","floor":6.0,"turns":2.0},{"damage":7.0,"enemies":"Exordium Thugs","floor":8.0,"turns":3.0},{"damage":0.0,"enemies":"Large Slime","floor":10.0,"turns":4.0},{"damage":8.0,"enemies":"The Mushroom Lair","floor":13.0,"turns":4.0},{"damage":7.0,"enemies":"2 Fungi Beasts","floor":14.0,"turns":2.0},{"damage":0.0,"enemies":"Lots of Slimes","floor":15.0,"turns":1.0},{"damage":54.0,"enemies":"SI_SHIV_ARCHETYPE","floor":16.0,"turns":8.0},{"damage":0.0,"enemies":"Shell Parasite","floor":19.0,"turns":2.0},{"damage":6.0,"enemies":"Centurion and Healer","floor":21.0,"turns":5.0},{"damage":2.0,"enemies":"downfall:FleeingMerchant","floor":22.0,"turns":4.0},{"damage":24.0,"enemies":"Book of Stabbing","floor":23.0,"turns":4.0},{"damage":35.0,"enemies":"Slavers","floor":25.0,"turns":5.0},{"damage":8.0,"enemies":"Snecko","floor":26.0,"turns":4.0},{"damage":4.0,"enemies":"Chosen and Byrds","floor":27.0,"turns":4.0},{"damage":6.0,"enemies":"Cultist and Chosen","floor":28.0,"turns":4.0},{"damage":22.0,"enemies":"Gremlin Leader","floor":29.0,"turns":6.0},{"damage":17.0,"enemies":"Shelled Parasite and Fungi","floor":30.0,"turns":3.0},{"damage":24,"enemies":"Snake Plant","floor":31,"turns":2}],"seed_played":"9037166657208490246","potions_obtained":[{"floor":3.0,"key":"Strength Potion"},{"floor":4.0,"key":"Dexterity Potion"},{"floor":5.0,"key":"SteroidPotion"},{"floor":10.0,"key":"GamblersBrew"}],"is_trial":false,"path_per_floor":["R","M","M","M","M","M","T","M","R","M","?","R","?","M","M","B",null,"R","M","?","M","$","E","T","E","M","M","M","E","M","M"],"character_chosen":"THE_AUTOMATON","items_purchased":["bronze:Assembly"],"campfire_rested":2,"item_purchase_floors":[22],"current_hp_per_floor":[70,70,70,64,45,32,32,27,48,50,55,75,67,62,64,12,75,75,75,75,75,73,57,57,31,25,33,36,23,8,0,0],"gold":376,"neow_bonus":"UPGRADE_CARD","is_daily":false,"chose_seed":false,"campfire_upgraded":1,"win_rate":0.0,"timestamp":1610804890,"path_taken":["R","M","M","M","M","M","T","M","R","M","?","R","?","M","M","BOSS","R","M","?","M","$","E","T","E","?","M","M","E","M","?"],"items_purchased_type":["Card"],"build_version":"2020-12-22","purchased_purges":1,"victory":false,"max_hp_per_floor":[70,70,70,70,70,70,70,70,70,70,75,75,75,75,75,75,75,75,75,75,75,75,75,75,75,75,75,75,75,75,75,75],"card_choices":[{"not_picked":["bronze:Turbo","bronze:BronzeArmor","bronze:Deprecate"],"picked":"SKIP","floor":2.0},{"not_picked":["bronze:DelayedGuard","bronze:Philosophize"],"picked":"bronze:WhirlingStrike","floor":3.0},{"not_picked":["bronze:DelayedGuard","bronze:Invalidate"],"picked":"bronze:Branch","floor":4.0},{"not_picked":["bronze:CutThrough","bronze:RecursiveStrike"],"picked":"bronze:CloningBeam","floor":5.0},{"not_picked":["bronze:Shield","bronze:DelayedGuard","bronze:OilSpill"],"picked":"SKIP","floor":6.0},{"not_picked":["bronze:WildBeam","bronze:DelayedGuard"],"picked":"bronze:Iterate","floor":8.0},{"not_picked":["bronze:Invalidate","bronze:NullPointer"],"picked":"bronze:WhirlingStrike","floor":10.0},{"not_picked":["bronze:BugBarrage","bronze:Allocate"],"picked":"bronze:Optimize","floor":13.0},{"not_picked":["bronze:DelayedGuard","bronze:Allocate"],"picked":"bronze:Virus","floor":14.0},{"not_picked":["bronze:Frontload","bronze:Optimize"],"picked":"bronze:BronzeOrb","floor":15.0},{"not_picked":["bronze:Virus","bronze:RecursiveStrike"],"picked":"bronze:SpaghettiCode","floor":16.0},{"not_picked":["bronze:Safeguard","bronze:Overheat"],"picked":"bronze:Repair","floor":19.0},{"not_picked":["bronze:Shield+1","bronze:BuggyMess","bronze:DigitalCarnage"],"picked":"SKIP","floor":21.0},{"not_picked":["bronze:BitShift","bronze:Iterate"],"picked":"bronze:Backtrace+1","floor":22.0},{"not_picked":["bronze:CutThrough","bronze:DelayedGuard"],"picked":"bronze:Optimize","floor":23.0},{"not_picked":["bronze:DelayedGuard+1","bronze:ChosenStrike"],"picked":"bronze:Philosophize+1","floor":25.0},{"not_picked":["bronze:FineTuning","bronze:Shield"],"picked":"bronze:Safeguard+1","floor":26.0},{"not_picked":["bronze:Fortify","bronze:BugBarrage"],"picked":"bronze:Return","floor":27.0},{"not_picked":["bronze:WhirlingStrike","bronze:Turbo"],"picked":"bronze:Mutator","floor":28.0},{"not_picked":["bronze:OilSpill+1","bronze:WildBeam"],"picked":"bronze:DelayedSlice+1","floor":29.0},{"not_picked":["bronze:ForLoop+1","bronze:Overheat+1","bronze:OilSpill"],"picked":"bronze:Turbo","floor":30.0}],"player_experience":134608,"relics_obtained":[{"floor":7.0,"key":"Blood Vial"},{"floor":13.0,"key":"Odd Mushroom"},{"floor":23.0,"key":"MawBank"},{"floor":24.0,"key":"bronze:SilverBullet"},{"floor":25.0,"key":"CeramicFish"},{"floor":29.0,"key":"Question Card"}],"event_choices":[{"damage_healed":0.0,"max_hp_gain":5.0,"max_hp_loss":0.0,"gold_gain":0.0,"event_name":"Big Fish","player_choice":"Donut","floor":11.0,"gold_loss":0.0,"damage_taken":0.0},{"damage_healed":0.0,"max_hp_gain":0.0,"max_hp_loss":0.0,"gold_gain":0.0,"event_name":"Mushrooms","player_choice":"Fought Mushrooms","floor":13.0,"gold_loss":0.0,"damage_taken":0.0},{"damage_healed":0.0,"max_hp_gain":0.0,"max_hp_loss":0.0,"gold_gain":0.0,"event_name":"NoteForYourself","player_choice":"Ignored","floor":20.0,"gold_loss":0.0,"damage_taken":0.0}],"is_beta":false,"boss_relics":[{"not_picked":["Runic Dome","Velvet Choker"],"picked":"Sozu"}],"items_purged_floors":[22],"is_endless":false,"potions_floor_spawned":[3,4,5,10,21,23,26,27,29],"killed_by":"Snake Plant","ascension_level":0}}