{"host":"fiyb7gvx7tok3jeh","time":1610832011,"event":{"mods":["BaseMod","Colored Map","Colored Powertips","DeckTracker","Googly Eyes","Highlight Path","Minty Spire (QoL Compilation)"],"gold_per_floor":[116,128,147,147,97,97,114,114,137,153,153,153,191,223,235,371,446,472,8,8,32,32,32,52,52,52,91,181,206,244,267,267,386,386,404,131,187,255,130,130,170,186,262,262,286,322,322,15,15,15],"floor_reached":51,"language":"ENG","playtime":2560,"items_purged":["Strike_G","Defend_G","Defend_G","Defend_G"],"score":1200,"play_id":"7e811dd1-4440-4eb7-99c5-75358de82de5","local_time":"20210116232011","is_ascension_mode":true,"campfire_choices":[{"data":"Neutralize","floor":6,"key":"SMITH"},{"data":"Cloak And Dagger","floor":8,"key":"SMITH"},{"floor":15,"key":"REST"},{"data":"Cloak And Dagger","floor":23,"key":"SMITH"},{"data":"After Image","floor":25,"key":"SMITH"},{"data":"After Image","floor":32,"key":"SMITH"},{"data":"Terror","floor":40,"key":"SMITH"},{"data":"Accuracy","floor":44,"key":"SMITH"},{"data":"Accuracy","floor":47,"key":"SMITH"},{"data":"Storm of Steel","floor":49,"key":"SMITH"}],"circlet_count":0,"master_deck":["AscendersBane","Strike_G","Strike_G","Strike_G","Strike_G","Defend_G+1","Defend_G","Survivor","Neutralize+1","Panache","Backstab","Backflip","Quick Slash","Cloak And Dagger+1","Cloak And Dagger+1","After Image+1","Leg Sweep","Backflip+1","Accuracy+1","Panache","Burst","Adrenaline","Finesse","Backstab","After Image+1","Terror+1","Accuracy+1","Deflect+1","Storm of Steel+1","Panache"],"relics":["Ring of the Snake","Tiny Chest","Art of War","Golden Idol","MawBank","Strawberry","Tiny House","Bird Faced Urn","Darkstone Periapt","Bag of Preparation","Shuriken","Busted Crown","Pocketwatch","Kunai","Omamori","Ninja Scroll","Eternal Feather","Boot"],"acts_visited":["Exordium","TheCity","TheBeyond"],"potions_floor_usage":[16,16,37,50,50],"damage_taken":[{"damage":1,"enemies":"Cultist","floor":1,"turns":5},{"damage":0,"enemies":"2 Louse","floor":2,"turns":3},{"damage":4,"enemies":"Jaw Worm","floor":3,"turns":4},{"damage":12,"enemies":"Large Slime","floor":7,"turns":8},{"damage":0,"enemies":"Looter","floor":10,"turns":3},{"damage":9,"enemies":"Exordium Thugs","floor":14,"turns":4},{"damage":27,"enemies":"Slime Boss","floor":16,"turns":14},{"damage":17,"enemies":"Spheric Guardian","floor":18,"turns":8},{"damage":0,"enemies":"Shell Parasite","floor":21,"turns":8},{"damage":0,"enemies":"Chosen and Byrds","floor":24,"turns":6},{"damage":3,"enemies":"Book of Stabbing","floor":27,"turns":6},{"damage":0,"enemies":"Centurion and Healer","floor":29,"turns":5},{"damage":14,"enemies":"Gremlin Leader","floor":30,"turns":7},{"damage":4,"enemies":"Cultist and Chosen","floor":31,"turns":7},{"damage":15,"enemies":"Collector","floor":33,"turns":9},{"damage":0,"enemies":"Orb Walker","floor":35,"turns":3},{"damage":14,"enemies":"2 Orb Walkers","floor":37,"turns":6},{"damage":0,"enemies":"Giant Head","floor":41,"turns":6},{"damage":0,"enemies":"3 Shapes","floor":42,"turns":4},{"damage":7,"enemies":"Jaw Worm Horde","floor":45,"turns":3},{"damage":0,"enemies":"Nemesis","floor":46,"turns":5},{"damage":27,"enemies":"Time Eater","floor":50,"turns":5}],"seed_played":"4146562683505129860","potions_obtained":[{"floor":7,"key":"SteroidPotion"},{"floor":10,"key":"Block Potion"},{"floor":16,"key":"FearPotion"},{"floor":17,"key":"LiquidBronze"},{"floor":21,"key":"LiquidMemories"},{"floor":35,"key":"EssenceOfSteel"},{"floor":45,"key":"PowerPotion"}],"is_trial":false,"path_per_floor":["M","M","M","?","?","R","M","R","T","M","?","T","T","M","R","B",null,"M","$","?","M","T","R","M","R","T","E","?","M","E","M","R","B",null,"M","$","?","T","$","R","E","M","T","R","M","E","R","$","R","B",null],"character_chosen":"THE_SILENT","items_purchased":["Accuracy","Panache","Burst","Fire Potion","Panache","Boot"],"campfire_rested":1,"item_purchase_floors":[19,19,19,19,36,48],"current_hp_per_floor":[44,44,40,40,40,40,28,28,28,28,11,11,18,9,32,5,64,47,47,47,47,47,47,55,55,55,60,48,58,54,62,62,59,76,82,82,76,76,76,76,82,82,82,82,81,82,82,82,82,64],"gold":15,"neow_bonus":"RANDOM_COLORLESS_2","is_daily":false,"chose_seed":false,"campfire_upgraded":9,"win_rate":0.0,"timestamp":1610832011,"path_taken":["M","?","M","?","?","R","M","R","T","M","?","?","?","M","R","BOSS","M","?","?","?","?","R","M","R","T","E","?","M","E","M","R","BOSS","M","?","?","?","?","R","E","M","T","R","M","E","R","$","R","BOSS"],"items_purchased_type":["Card","Card","Card","Potion","Card","Relic"],"build_version":"2020-12-22","purchased_purges":4,"victory":true,"max_hp_per_floor":[70,70,70,70,70,70,70,70,70,70,70,70,77,77,77,77,82,82,82,82,82,82,82,82,82,82,82,82,82,82,82,82,82,82,82,82,82,82,82,82,82,82,82,82,82,82,82,82,82,82],"card_choices":[{"not_picked":["Metamorphosis","Secret Weapon"],"picked":"Panache","floor":0},{"not_picked":["Underhanded Strike","Dagger Spray"],"picked":"Backstab","floor":1},{"not_picked":["Accuracy","Dagger Spray"],"picked":"Backflip","floor":2},{"not_picked":["Expertise","Dodge and Roll"],"picked":"Quick Slash","floor":3},{"not_picked":["Sucker Punch","Deflect"],"picked":"Cloak And Dagger","floor":7},{"not_picked":["Dodge and Roll","Deflect"],"picked":"Cloak And Dagger","floor":10},{"not_picked":["Riddle With Holes","Tactician","Sucker Punch"],"picked":"SKIP","floor":14},{"not_picked":["Die Die Die","Adrenaline"],"picked":"After Image","floor":16},{"not_picked":["Poisoned Stab","Backflip"],"picked":"Leg Sweep","floor":17},{"not_picked":["Outmaneuver","Calculated Gamble"],"picked":"Backflip+1","floor":18},{"not_picked":["Expertise","Calculated Gamble"],"picked":"Backstab","floor":21},{"not_picked":["Flechettes","All Out Attack","Reflex"],"picked":"SKIP","floor":24},{"not_picked":["Noxious Fumes","Backflip"],"picked":"After Image","floor":27},{"not_picked":["Predator","Deadly Poison"],"picked":"Terror","floor":29},{"not_picked":["Deflect","Dagger Throw"],"picked":"Accuracy","floor":30},{"not_picked":["Predator","Backflip"],"picked":"Deflect+1","floor":31},{"not_picked":["Doppelganger","Envenom"],"picked":"Storm of Steel","floor":33},{"not_picked":["Dagger Throw"],"picked":"SKIP","floor":35},{"not_picked":["Venomology"],"picked":"SKIP","floor":41},{"not_picked":["Masterful Stab"],"picked":"SKIP","floor":42},{"not_picked":["Underhanded Strike"],"picked":"SKIP","floor":45},{"not_picked":["Underhanded Strike+1"],"picked":"SKIP","floor":46}],"player_experience":269418,"relics_obtained":[{"floor":9,"key":"Art of War"},{"floor":12,"key":"MawBank"},{"floor":13,"key":"Strawberry"},{"floor":22,"key":"Bird Faced Urn"},{"floor":26,"key":"Darkstone Periapt"},{"floor":27,"key":"Bag of Preparation"},{"floor":30,"key":"Shuriken"},{"floor":37,"key":"Pocketwatch"},{"floor":38,"key":"Kunai"},{"floor":41,"key":"Omamori"},{"floor":43,"key":"Ninja Scroll"},{"floor":46,"key":"Eternal Feather"}],"event_choices":[{"damage_healed":0,"gold_gain":0,"player_choice":"Box","damage_taken":0,"relics_obtained":["Tiny Chest"],"max_hp_gain":0,"max_hp_loss":0,"event_name":"Big Fish","floor":4,"gold_loss":0,"cards_obtained":["Regret"]},{"cards_removed":["Regret"],"damage_healed":0,"gold_gain":0,"player_choice":"Card Removal","damage_taken":0,"max_hp_gain":0,"max_hp_loss":0,"event_name":"The Cleric","floor":5,"gold_loss":50},{"damage_healed":0,"gold_gain":0,"player_choice":"Take Damage","damage_taken":17,"relics_obtained":["Golden Idol"],"max_hp_gain":0,"max_hp_loss":0,"event_name":"Golden Idol","floor":11,"gold_loss":0},{"damage_healed":0,"gold_gain":0,"player_choice":"2 cards matched","damage_taken":0,"max_hp_gain":0,"max_hp_loss":0,"event_name":"Match and Keep!","floor":20,"gold_loss":0,"cards_obtained":["Adrenaline","Finesse"]},{"damage_healed":0,"gold_gain":90,"player_choice":"GOLD ","damage_taken":12,"max_hp_gain":0,"max_hp_loss":0,"event_name":"Knowing Skull","floor":28,"potions_obtained":[],"gold_loss":0,"cards_obtained":[]},{"damage_healed":0,"gold_gain":0,"player_choice":"Fight","damage_taken":0,"max_hp_gain":0,"max_hp_loss":0,"event_name":"Mysterious Sphere","floor":37,"gold_loss":0}],"is_beta":false,"boss_relics":[{"not_picked":["Snecko Eye","Runic Pyramid"],"picked":"Tiny House"},{"not_picked":["SacredBark","Cursed Key"],"picked":"Busted Crown"}],"items_purged_floors":[19,36,39,48],"is_endless":false,"potions_floor_spawned":[7,10,16,21,24,29,31,35,45],"ascension_level":10}}