{"host":"wnty67d4nhrob9mt","time":1610820386,"event":{"mods":["BaseMod","Block Reminder","Infinite Spire","Minty Spire (QoL Compilation)","Permanent Neow","Quick Restart","Relic Stats","Replay The Spire","StSLib","The Jungle"],"gold_per_floor":[114,132,132,146,157,189,189,218,242,272,272,285,301,311,311,410,410,420,437,437,437],"floor_reached":20,"language":"TUR","playtime":2031,"items_purged":[],"score":208,"play_id":"1f7d2ff2-90a0-42ec-bc28-f6b3d7f9bb49","local_time":"20210116210626","is_ascension_mode":true,"campfire_choices":[{"floor":11,"key":"REST"},{"data":"Envenom","floor":15,"key":"SMITH"}],"circlet_count":0,"master_deck":["Strike_G","Strike_G","Strike_G","Strike_G","Strike_G","Defend_G+1","Defend_G","Defend_G","Defend_G","Defend_G","Survivor","Neutralize","Cloak And Dagger+1","Replay:Poison Smokescreen","Fluid Movement","ReplayTheSpireMod:Tripwire","Envenom+1","Slice","Envenom","Bane","ReplayTheSpireMod:Scrap Shanks","Tactician","After Image","Dagger Spray+1","Underhanded Strike+1"],"relics":["SlaversCollar","Lizard Tail","Strawberry","War Paint","Omamori","Black Star"],"acts_visited":["Exordium","TheCity"],"potions_floor_usage":[10,16,16],"damage_taken":[{"damage":3,"enemies":"Small Slimes","floor":1,"turns":4},{"damage":1,"enemies":"Cultist","floor":2,"turns":4},{"damage":0,"enemies":"Jaw Worm","floor":4,"turns":4},{"damage":4,"enemies":"3 Louse","floor":5,"turns":5},{"damage":13,"enemies":"Gremlin Nob","floor":6,"turns":6},{"damage":14,"enemies":"3 Sentries","floor":8,"turns":14},{"damage":7,"enemies":"Gremlin Nob","floor":10,"turns":5},{"damage":16,"enemies":"Looter","floor":12,"turns":4},{"damage":14,"enemies":"Exordium Wildlife","floor":13,"turns":7},{"damage":11,"enemies":"Red Slaver","floor":14,"turns":4},{"damage":14,"enemies":"Slime Boss","floor":16,"turns":11},{"damage":29,"enemies":"Spheric Guardian","floor":18,"turns":12},{"damage":26,"enemies":"Chosen","floor":19,"turns":7},{"damage":64,"enemies":"Sentry and Sphere","floor":20,"turns":13}],"seed_played":"6613521694702965681","potions_obtained":[{"floor":5,"key":"Elixir"},{"floor":6,"key":"Energy Potion"},{"floor":8,"key":"BlessingOfTheForge"},{"floor":13,"key":"SkillPotion"},{"floor":16,"key":"SteroidPotion"}],"is_trial":false,"path_per_floor":["M","M","$","M","M","E","?","E","T","E","R","M","M","M","R","B",null,"M","M","M"],"character_chosen":"THE_SILENT","items_purchased":[],"campfire_rested":1,"item_purchase_floors":[],"current_hp_per_floor":[67,66,66,66,62,49,49,42,42,35,58,42,28,17,17,3,77,48,22,0,0],"gold":437,"neow_bonus":"BOSS_RELIC","is_daily":false,"chose_seed":false,"campfire_upgraded":1,"win_rate":0.0,"timestamp":1610820386,"path_taken":["M","M","$","M","M","E","?","E","T","E","R","M","?","M","R","BOSS","M","M","M"],"items_purchased_type":[],"build_version":"2020-12-22","purchased_purges":0,"victory":false,"max_hp_per_floor":[70,70,70,70,70,70,70,77,77,77,77,77,77,77,77,77,77,77,77,77,77],"relic_stats":{"Lizard Tail":38,"counters":[14,100],"Black Star":0,"War Paint":["Defend_G","Cloak And Dagger"],"obtain_stats":[{"SlaversCollar":0,"Lizard Tail":6,"Strawberry":8,"Omamori":10,"Black Star":17,"War Paint":9,"Ring of the Snake":0},{"SlaversCollar":0,"Lizard Tail":5,"Strawberry":6,"Omamori":7,"Black Star":11,"War Paint":6,"Ring of the Snake":0},{"SlaversCollar":0,"Lizard Tail":23,"Strawberry":37,"Omamori":42,"Black Star":68,"War Paint":37,"Ring of the Snake":0}]},"card_choices":[{"not_picked":["Masterful Stab","Dagger Throw"],"picked":"Cloak And Dagger","floor":1},{"not_picked":["Blade Dance","Prepared"],"picked":"Replay:Poison Smokescreen","floor":2},{"not_picked":["Poisoned Stab","Backflip"],"picked":"Fluid Movement","floor":4},{"not_picked":["ReplayTheSpireMod:Exploit Weakness","Flechettes"],"picked":"ReplayTheSpireMod:Tripwire","floor":5},{"not_picked":["Deadly Poison","Blade Dance"],"picked":"Envenom","floor":6},{"not_picked":["Backflip","Masterful Stab"],"picked":"Slice","floor":8},{"not_picked":["Reflex","Flying Knee"],"picked":"Envenom","floor":10},{"not_picked":["Dagger Throw","Distraction"],"picked":"Bane","floor":12},{"not_picked":["Riddle With Holes","Sucker Punch"],"picked":"ReplayTheSpireMod:Scrap Shanks","floor":13},{"not_picked":["Expertise","Outmaneuver"],"picked":"Tactician","floor":14},{"not_picked":["ReplayTheSpireMod:From All Sides","Phantasmal Killer"],"picked":"After Image","floor":16},{"not_picked":["ReplayTheSpireMod:Exploit Weakness","Eviscerate"],"picked":"Dagger Spray+1","floor":18},{"not_picked":["Backflip","Quick Slash"],"picked":"Underhanded Strike+1","floor":19}],"player_experience":184314,"relics_obtained":[{"floor":6,"key":"Lizard Tail"},{"floor":8,"key":"Strawberry"},{"floor":9,"key":"War Paint"},{"floor":10,"key":"Omamori"}],"event_choices":[{"damage_healed":0,"gold_gain":0,"player_choice":"Bought 0 Potions","damage_taken":0,"max_hp_gain":0,"max_hp_loss":0,"event_name":"The Woman in Blue","floor":7,"gold_loss":0}],"is_beta":false,"boss_relics":[{"not_picked":["Painkiller Herb","Velvet Choker"],"picked":"Black Star"}],"items_purged_floors":[],"is_endless":false,"potions_floor_spawned":[5,6,8,13,16],"killed_by":"Sentry and Sphere","ascension_level":1}}