{"host":"bplbr8uekuotory4","time":1610806122,"event":{"mods":["Act Like it!","BaseMod","Custom Start","Gensokyo","GungeonMod","Hermit","KinomotoSakuraMod(ƒæ÷Æ±æ”£)","Koishi","Marisa£®ÏF”Í°°ƒß¿Ì…≥£©","Minty Spire (QoL Compilation)","Prisma Mod","Quick Restart","Reimu£®≤©¿ˆ¡È√Œ£©","SOS£®Àπ∞Õ¥Ô÷Æ◊”£©","Spicy Shops","StSLib","TestMod","The Alterego","The Blackbeard","The Cursed","The Marked","The Mystic","The Runesmith","The Saiyan","The Servant 0.9.4","Yuri Mod","[IsaacMod]“‘»ˆº‚À˛","vexMod"],"gold_per_floor":[115,130,229,229,100,134,153,153,153,53,53,53,85,98,98,202,202,202,202],"floor_reached":18,"language":"ZHS","playtime":410,"items_purged":["alterego_mod:Impale","alterego_mod:GoddessCore","alterego_mod:Defend"],"score":281,"play_id":"014814a7-baf0-4445-aea3-87d56fba8739","local_time":"20210116220842","is_ascension_mode":true,"campfire_choices":[{"data":"alterego_mod:BigMeatyClaws","floor":8,"key":"SMITH"},{"data":"alterego_mod:Nekomimi","floor":12,"key":"SMITH"},{"data":"alterego_mod:DiscoLights","floor":15,"key":"SMITH"}],"circlet_count":0,"master_deck":["alterego_mod:Strike","alterego_mod:Strike","alterego_mod:Strike","alterego_mod:Strike","alterego_mod:Defend","alterego_mod:Defend","alterego_mod:Defend","alterego_mod:BigMeatyClaws+1","alterego_mod:DiscoLights+1","alterego_mod:TrashNCrash","alterego_mod:DeftHands","alterego_mod:Complex","alterego_mod:SakuraPetals","alterego_mod:Pet","alterego_mod:Cushion","alterego_mod:Nekomimi+1","alterego_mod:TrickOrTreatment"],"relics":["alterego_mod:MasochisticConstitution","testmod-TestBox","HushsDoor","DeadEye","testmod-BatchProcessingSystem","NeowsBlessing","DemoMod:PinkGuonStone","DemoMod:GlassGuonStoneRelic","testmod-LifeArmor","testmod-SaigiyounoYou"],"acts_visited":["Exordium","TheCity"],"potions_floor_usage":[16],"damage_taken":[{"damage":0,"enemies":"2 Louse","floor":1,"turns":1},{"damage":0,"enemies":"Cultist","floor":2,"turns":1},{"damage":0,"enemies":"Lagavulin","floor":6,"turns":1},{"damage":0,"enemies":"Small Slimes","floor":7,"turns":3},{"damage":0,"enemies":"Gremlin Nob","floor":13,"turns":3},{"damage":0,"enemies":"Exordium Thugs","floor":14,"turns":4},{"damage":0,"enemies":"Slime Boss","floor":16,"turns":4},{"damage":0,"enemies":"3 Byrds","floor":18,"turns":2}],"seed_played":"-8951807880875186857","potions_obtained":[{"floor":2,"key":"SpeedPotion"},{"floor":7,"key":"GrandPatriotsElixir:ReiMu"},{"floor":13,"key":"DemoMod:BlankPotion"}],"is_trial":false,"path_per_floor":["M","M","?","?","$","E","M","R","T","$","?","R","E","M","R","B",null,"M"],"character_chosen":"The_Alterego","items_purchased":["alterego_mod:Pet"],"campfire_rested":0,"item_purchase_floors":[5],"current_hp_per_floor":[70,70,55,55,55,62,62,62,62,62,55,55,56,56,56,56,73,73,73],"gold":202,"neow_bonus":"THREE_ENEMY_KILL","is_daily":false,"chose_seed":false,"campfire_upgraded":3,"win_rate":0.0,"timestamp":1610806122,"path_taken":["M","M","?","?","$","E","M","R","T","$","?","R","E","M","R","BOSS","M"],"items_purchased_type":["Card"],"build_version":"2020-12-22","purchased_purges":3,"victory":false,"max_hp_per_floor":[70,70,70,70,70,77,77,77,77,77,77,77,78,78,78,78,73,73,73],"card_choices":[{"not_picked":["alterego_mod:Mirror","alterego_mod:BeGentle"],"picked":"alterego_mod:DiscoLights","floor":1},{"not_picked":["alterego_mod:HighServant","alterego_mod:InsideBaseball","alterego_mod:Complex"],"picked":"SKIP","floor":2},{"not_picked":["alterego_mod:RocketPunch","alterego_mod:Punishment"],"picked":"alterego_mod:Cushion","floor":6},{"not_picked":["alterego_mod:Pet","alterego_mod:PerceptionDisorder"],"picked":"alterego_mod:Nekomimi","floor":7},{"not_picked":["alterego_mod:Skirt","alterego_mod:DiscoLights"],"picked":"Bomb","floor":13},{"not_picked":["alterego_mod:IdEs","alterego_mod:Belts","alterego_mod:RocketPunch"],"picked":"SKIP","floor":14},{"not_picked":["alterego_mod:RingBreak","alterego_mod:Valkyrie"],"picked":"alterego_mod:TrickOrTreatment","floor":16}],"player_experience":1213531,"relics_obtained":[{"floor":6,"key":"DemoMod:PinkGuonStone"},{"floor":13,"key":"testmod-LifeArmor"}],"event_choices":[{"cards_removed":["alterego_mod:BrynhildrsRune"],"damage_healed":0,"gold_gain":0,"player_choice":"Card Removal","damage_taken":7,"max_hp_gain":0,"max_hp_loss":0,"event_name":"Golden Wing","floor":11,"gold_loss":0}],"is_beta":false,"boss_relics":[{"not_picked":["RedLine:ReiMu","Snecko Eye"],"picked":"testmod-SaigiyounoYou"},{"not_picked":[]}],"items_purged_floors":[5,10,17],"is_endless":false,"potions_floor_spawned":[2,7,13],"killed_by":"3 Byrds","ascension_level":1}}