{"host":"jkrqlov8aogccnw1","time":1610772297,"event":{"mods":["Arknights The Spire","BaseMod","Colored Map","Colored Powertips","GifTheSpireLib","Minty Spire (QoL Compilation)","Permanent Neow","Puzzle Mod","Rare Cards Sparkle","Relic Filter","StSLib"],"gold_per_floor":[115,115,115,190,207,233,249,249,275,275,295,348,423,440,440,440,440],"floor_reached":16,"language":"ENG","playtime":508,"items_purged":[],"score":100,"play_id":"bba92c11-19a3-4244-b0c3-baffd8c33434","local_time":"20210115234457","is_ascension_mode":false,"campfire_choices":[{"data":"ats:Apocalypse","floor":8,"key":"SMITH"},{"data":"ats:Revitalization","floor":10,"key":"SMITH"},{"data":"ats:Counter Healing Mode","floor":15,"key":"SMITH"}],"circlet_count":0,"master_deck":["ats:Strike C","ats:Strike G","ats:Strike S","ats:Strike V","ats:Armor Crushing Shot","ats:Defend","ats:Defend","ats:Defend","ats:Defend","ats:Emotion Absorption","ats:Counter Healing Mode+1","ats:Hammer On","ats:Revitalization+1","ats:Apocalypse+1","ats:Apocalypse","ats:Apocalypse"],"relics":["ats:Sanity","HornCleat","ats:Originium","Unceasing Top","ats:Ability Aura"],"acts_visited":["Exordium"],"potions_floor_usage":[11,14],"damage_taken":[{"damage":5.0,"enemies":"Cultist","floor":1.0,"turns":4.0},{"damage":16,"enemies":"Jaw Worm","floor":5,"turns":5},{"damage":30,"enemies":"Gremlin Nob","floor":6,"turns":5},{"damage":7,"enemies":"Small Slimes","floor":7,"turns":3},{"damage":14,"enemies":"Exordium Wildlife","floor":11,"turns":6},{"damage":28,"enemies":"Blue Slaver","floor":14,"turns":6},{"damage":34,"enemies":"Hexaghost","floor":16,"turns":4}],"seed_played":"-2468833848369823109","potions_obtained":[{"floor":5,"key":"Block Potion"},{"floor":7,"key":"SteroidPotion"}],"is_trial":false,"path_per_floor":["M","?","?","?","M","E","M","R","T","R","M","T","?","M","R","B"],"character_chosen":"DOCTOR_CLASS","items_purchased":[],"campfire_rested":0,"item_purchase_floors":[],"current_hp_per_floor":[74,74,62,55,39,9,5,5,5,5,12,12,1,72,72,56,56],"gold":440,"neow_bonus":"TEN_PERCENT_HP_BONUS","is_daily":false,"chose_seed":false,"campfire_upgraded":3,"win_rate":0.0,"timestamp":1610772297,"path_taken":["M","?","?","?","M","E","M","R","T","R","?","?","?","M","R","BOSS"],"items_purchased_type":[],"build_version":"2020-12-22","purchased_purges":0,"victory":false,"max_hp_per_floor":[79,79,79,79,79,79,79,79,79,79,79,79,79,79,79,79,79],"card_choices":[{"not_picked":["ats:Cat Scratch","ats:Collapsing Strike"],"picked":"ats:Counter Healing Mode","floor":1.0},{"not_picked":["ats:Neurotoxin","ats:Poison Spread"],"picked":"ats:Hammer On","floor":5},{"not_picked":["ats:Childhood Dance","ats:Explosion Area Strengthen"],"picked":"ats:Revitalization","floor":6},{"not_picked":["ats:Mental Burst","ats:Hammer On"],"picked":"ats:Apocalypse","floor":7},{"not_picked":["ats:Ignite","ats:Assault Order"],"picked":"ats:Apocalypse","floor":11},{"not_picked":["ats:Rapid Magazine","ats:Hammer On"],"picked":"ats:Apocalypse","floor":14}],"player_experience":151443,"relics_obtained":[{"floor":6,"key":"ats:Originium"},{"floor":6,"key":"Unceasing Top"},{"floor":12,"key":"ats:Ability Aura"}],"event_choices":[{"damage_healed":0.0,"max_hp_gain":0.0,"max_hp_loss":0.0,"gold_gain":0.0,"event_name":"Golden Wing","player_choice":"Ignored","floor":2.0,"gold_loss":0.0,"damage_taken":0.0},{"damage_healed":0.0,"max_hp_gain":0.0,"max_hp_loss":0.0,"gold_gain":0.0,"event_name":"Scrap Ooze","player_choice":"Success","floor":3.0,"gold_loss":0.0,"damage_taken":12.0,"relics_obtained":["HornCleat"]},{"damage_healed":0,"gold_gain":75,"player_choice":"Touch","damage_taken":7,"max_hp_gain":0,"max_hp_loss":0,"event_name":"FaceTrader","floor":4,"gold_loss":0},{"damage_healed":0,"gold_gain":75,"player_choice":"Gather Gold","damage_taken":11,"max_hp_gain":0,"max_hp_loss":0,"event_name":"World of Goop","floor":13,"gold_loss":0}],"is_beta":false,"boss_relics":[],"items_purged_floors":[],"is_endless":false,"potions_floor_spawned":[5,7],"killed_by":"Hexaghost","ascension_level":0}}