{"host":"wha9hktbkslqvblg","time":1610840406,"event":{"mods":["BaseMod","Colored Map","Minty Spire (QoL Compilation)","Relic Stats","SuperFastMode","everything is the same but u backflip on backflip"],"gold_per_floor":[116,136,136,211,292,292,326,326,326,402,420,434,434,434,434,434,434],"floor_reached":16,"language":"KOR","playtime":194,"items_purged":[],"score":246,"play_id":"621f74e1-dc0d-4191-bbfe-09c605f7b5cd","local_time":"20210117084006","is_ascension_mode":true,"campfire_choices":[{"data":"Power Through","floor":6,"key":"SMITH"},{"data":"Sword Boomerang","floor":8,"key":"SMITH"},{"data":"Hemokinesis","floor":15,"key":"SMITH"}],"circlet_count":0,"master_deck":["AscendersBane","Strike_R","Strike_R","Strike_R","Strike_R","Defend_R","Defend_R","Defend_R","Defend_R","Bash","Power Through+1","Sword Boomerang+1","Wild Strike","Hemokinesis+1","Reaper"],"relics":["Burning Blood","NeowsBlessing","Golden Idol","Singing Bowl","Bag of Preparation","HornCleat","Odd Mushroom"],"acts_visited":["Exordium"],"potions_floor_usage":[10,16],"damage_taken":[{"damage":0,"enemies":"Cultist","floor":1,"turns":1},{"damage":0,"enemies":"Jaw Worm","floor":2,"turns":1},{"damage":0,"enemies":"Gremlin Nob","floor":7,"turns":1},{"damage":0,"enemies":"The Mushroom Lair","floor":10,"turns":5},{"damage":3,"enemies":"2 Louse","floor":11,"turns":2},{"damage":0,"enemies":"Blue Slaver","floor":12,"turns":3},{"damage":67,"enemies":"Hexaghost","floor":16,"turns":10}],"seed_played":"-7694546558030985023","potions_obtained":[{"floor":1,"key":"Ancient Potion"},{"floor":7,"key":"ColorlessPotion"},{"floor":10,"key":"LiquidBronze"}],"is_trial":false,"path_per_floor":["M","M","?","?","T","R","E","R","T","?","M","M","?","?","R","B"],"character_chosen":"IRONCLAD","items_purchased":[],"campfire_rested":0,"item_purchase_floors":[],"current_hp_per_floor":[74,75,49,38,38,38,44,44,44,52,55,61,66,66,66,5,5],"gold":434,"neow_bonus":"THREE_ENEMY_KILL","is_daily":false,"chose_seed":false,"campfire_upgraded":3,"win_rate":0.0,"timestamp":1610840406,"path_taken":["M","?","?","?","?","R","E","R","T","?","?","M","?","?","R","BOSS"],"items_purchased_type":[],"build_version":"2020-12-22","purchased_purges":0,"victory":false,"max_hp_per_floor":[75,75,75,75,75,75,75,75,75,77,77,77,82,82,82,82,82],"relic_stats":{"Singing Bowl":2,"counters":[7,23],"Golden Idol":21,"Bag of Preparation":[8],"obtain_stats":[{"HornCleat":9,"NeowsBlessing":0,"Singing Bowl":5,"Golden Idol":3,"Bag of Preparation":7,"Odd Mushroom":10,"Burning Blood":0},{"HornCleat":3,"NeowsBlessing":0,"Singing Bowl":2,"Golden Idol":2,"Bag of Preparation":3,"Odd Mushroom":4,"Burning Blood":0},{"HornCleat":3,"NeowsBlessing":0,"Singing Bowl":2,"Golden Idol":2,"Bag of Preparation":3,"Odd Mushroom":8,"Burning Blood":0}],"Burning Blood":31},"card_choices":[{"not_picked":["Combust","Clash","Iron Wave"],"picked":"SKIP","floor":1},{"not_picked":["Rupture","Cleave"],"picked":"Power Through","floor":2},{"not_picked":["Shrug It Off","Inflame"],"picked":"Sword Boomerang","floor":7},{"not_picked":["Searing Blow","Rage","Dual Wield"],"picked":"Singing Bowl","floor":10},{"not_picked":["Shrug It Off","Thunderclap"],"picked":"Wild Strike","floor":11},{"not_picked":["Uppercut","Sword Boomerang"],"picked":"Hemokinesis","floor":12}],"player_experience":975401,"relics_obtained":[{"floor":5,"key":"Singing Bowl"},{"floor":7,"key":"Bag of Preparation"},{"floor":9,"key":"HornCleat"},{"floor":10,"key":"Odd Mushroom"}],"event_choices":[{"damage_healed":0,"gold_gain":0,"player_choice":"Take Damage","damage_taken":26,"relics_obtained":["Golden Idol"],"max_hp_gain":0,"max_hp_loss":0,"event_name":"Golden Idol","floor":3,"gold_loss":0},{"damage_healed":0,"gold_gain":75,"player_choice":"Gather Gold","damage_taken":11,"max_hp_gain":0,"max_hp_loss":0,"event_name":"World of Goop","floor":4,"gold_loss":0},{"damage_healed":0,"gold_gain":0,"player_choice":"Fought Mushrooms","damage_taken":0,"max_hp_gain":0,"max_hp_loss":0,"event_name":"Mushrooms","floor":10,"gold_loss":0},{"damage_healed":0,"gold_gain":0,"player_choice":"Donut","damage_taken":0,"max_hp_gain":5,"max_hp_loss":0,"event_name":"Big Fish","floor":13,"gold_loss":0},{"damage_healed":0,"gold_gain":0,"cards_transformed":["Strike_R"],"player_choice":"Change","damage_taken":0,"max_hp_gain":0,"max_hp_loss":0,"event_name":"Living Wall","floor":14,"gold_loss":0,"cards_obtained":["Reaper"]}],"is_beta":false,"boss_relics":[],"items_purged_floors":[],"is_endless":false,"potions_floor_spawned":[1,7,10,12],"killed_by":"Hexaghost","ascension_level":20}}