{"host":"x21cvmfdo17nyhii","time":1610765841,"event":{"mods":["AchievementEnabler","BaseMod","Colored Map","Colored Powertips","DeckTracker","Highlight Path","Minty Spire (QoL Compilation)","Quick Restart","Rare Cards Sparkle","SuperFastMode"],"gold_per_floor":[115,290,306,306,134,134,165,183,208,242,242,272,272,287,287,386,386,409,435,447,48,75,75,75,75,75,87,2,2,35,47,47,47,47],"floor_reached":33,"language":"ENG","playtime":9954,"items_purged":["Strike_R"],"score":382,"play_id":"15bb1c51-96fa-4e10-884a-97f552d75c16","local_time":"20210115185721","is_ascension_mode":true,"campfire_choices":[{"data":"Body Slam","floor":6.0,"key":"SMITH"},{"floor":11.0,"key":"REST"},{"data":"Body Slam","floor":13.0,"key":"SMITH"},{"floor":15.0,"key":"REST"},{"data":"Entrench","floor":23,"key":"SMITH"},{"data":"Madness","floor":25,"key":"SMITH"},{"floor":32,"key":"REST"}],"circlet_count":0,"master_deck":["Strike_R","Strike_R","Strike_R","Strike_R","Defend_R","Defend_R","Defend_R","Bash","Headbutt","Power Through","Body Slam+1","Wild Strike","Body Slam+1","Ghostly Armor","Fiend Fire","Reckless Charge","Wild Strike","Entrench+1","Madness+1","True Grit+1","Searing Blow"],"relics":["Mark of Pain","PreservedInsect","Turnip","Potion Belt","Omamori","StrikeDummy","Calling Bell","MawBank","Eternal Feather","Bird Faced Urn","Spirit Poop","Ornamental Fan","Toy Ornithopter","Darkstone Periapt","Blood Vial","Du-Vu Doll"],"acts_visited":["Exordium","TheCity"],"potions_floor_usage":[16,30],"damage_taken":[{"damage":7.0,"enemies":"Jaw Worm","floor":1.0,"turns":6.0},{"damage":2.0,"enemies":"Small Slimes","floor":3.0,"turns":3.0},{"damage":30.0,"enemies":"Gremlin Nob","floor":7.0,"turns":4.0},{"damage":0.0,"enemies":"Cultist","floor":8.0,"turns":3.0},{"damage":3.0,"enemies":"Lagavulin","floor":10.0,"turns":3.0},{"damage":0.0,"enemies":"Gremlin Nob","floor":12.0,"turns":2.0},{"damage":2.0,"enemies":"Gremlin Gang","floor":14.0,"turns":5.0},{"damage":52,"enemies":"The Guardian","floor":16,"turns":13},{"damage":17,"enemies":"Spheric Guardian","floor":18,"turns":5},{"damage":0,"enemies":"Chosen","floor":19,"turns":4},{"damage":10,"enemies":"Snecko","floor":27,"turns":3},{"damage":21,"enemies":"Gremlin Leader","floor":30,"turns":7},{"damage":33,"enemies":"Shelled Parasite and Fungi","floor":31,"turns":8},{"damage":66,"enemies":"Champ","floor":33,"turns":6}],"seed_played":"-6094583026968269314","potions_obtained":[{"floor":7.0,"key":"SkillPotion"},{"floor":12.0,"key":"Weak Potion"},{"floor":14.0,"key":"Regen Potion"},{"floor":16,"key":"DuplicationPotion"},{"floor":19,"key":"Swift Potion"}],"is_trial":false,"path_per_floor":["M","?","M","?","$","R","E","M","T","E","R","E","R","M","R","B",null,"M","M","?","$","T","R","$","R","T","M","?","?","E","M","R","B"],"character_chosen":"IRONCLAD","items_purchased":["Body Slam","SkillPotion","Entrench","Ornamental Fan","Madness"],"campfire_rested":3,"item_purchase_floors":[5,5,21,21,21],"current_hp_per_floor":[73,73,71,53,53,53,23,23,23,20,44,44,44,42,66,14,64,47,47,47,47,47,59,59,71,71,61,61,61,47,16,52,0,0],"gold":47,"neow_bonus":"BOSS_RELIC","is_daily":false,"chose_seed":false,"campfire_upgraded":4,"win_rate":0.0,"timestamp":1610765841,"path_taken":["M","?","M","?","$","R","E","M","T","E","R","E","R","M","R","BOSS","M","M","?","$","?","R","$","R","T","?","?","?","E","M","R","BOSS"],"items_purchased_type":["Card","Potion","Card","Relic","Card"],"build_version":"2020-12-22","purchased_purges":1,"victory":false,"max_hp_per_floor":[80,80,80,80,80,80,80,80,80,80,80,80,80,80,80,80,80,80,80,80,80,80,80,80,80,80,80,80,80,80,80,80,80,80],"card_choices":[{"not_picked":["Rage","Battle Trance"],"picked":"Headbutt","floor":1.0},{"not_picked":["Sword Boomerang","Cleave"],"picked":"Power Through","floor":3.0},{"not_picked":["True Grit","Feel No Pain"],"picked":"Wild Strike","floor":7.0},{"not_picked":["Heavy Blade","Anger","Headbutt"],"picked":"SKIP","floor":8.0},{"not_picked":["Heavy Blade","Sword Boomerang","Clash"],"picked":"SKIP","floor":10.0},{"not_picked":["Headbutt","Uppercut"],"picked":"Body Slam","floor":12.0},{"not_picked":["Warcry","Searing Blow"],"picked":"Ghostly Armor","floor":14.0},{"not_picked":["Bludgeon","Brutality"],"picked":"Fiend Fire","floor":16},{"not_picked":["Searing Blow+1","Anger"],"picked":"Reckless Charge","floor":18},{"not_picked":["Clash","Thunderclap"],"picked":"Wild Strike","floor":19},{"not_picked":["Anger","Clash"],"picked":"True Grit+1","floor":27},{"not_picked":["Twin Strike+1","Warcry","Iron Wave"],"picked":"SKIP","floor":30},{"not_picked":["Sword Boomerang","Iron Wave","Exhume"],"picked":"SKIP","floor":31}],"player_experience":417259,"relics_obtained":[{"floor":7.0,"key":"Turnip"},{"floor":9.0,"key":"Potion Belt"},{"floor":10.0,"key":"Omamori"},{"floor":12.0,"key":"StrikeDummy"},{"floor":17,"key":"MawBank"},{"floor":17,"key":"Eternal Feather"},{"floor":17,"key":"Bird Faced Urn"},{"floor":22,"key":"Toy Ornithopter"},{"floor":26,"key":"Darkstone Periapt"},{"floor":30,"key":"Du-Vu Doll"}],"event_choices":[{"damage_healed":0.0,"max_hp_gain":0.0,"max_hp_loss":0.0,"gold_gain":175.0,"event_name":"Liars Game","player_choice":"AGREE","floor":2.0,"gold_loss":0.0,"damage_taken":0.0,"cards_obtained":["Doubt"]},{"damage_healed":0.0,"max_hp_gain":0.0,"max_hp_loss":0.0,"gold_gain":0.0,"event_name":"Scrap Ooze","player_choice":"Success","floor":4.0,"gold_loss":0.0,"damage_taken":18.0,"relics_obtained":["PreservedInsect"]},{"cards_removed":["Doubt"],"damage_healed":0,"gold_gain":0,"player_choice":"Offered Curse","damage_taken":0,"relics_obtained":["Spirit Poop"],"max_hp_gain":0,"max_hp_loss":0,"event_name":"Bonfire Elementals","floor":20,"gold_loss":0},{"damage_healed":0,"gold_gain":0,"player_choice":"Obtained Relic","damage_taken":0,"relics_obtained":["Blood Vial"],"max_hp_gain":0,"max_hp_loss":0,"event_name":"Addict","floor":28,"gold_loss":85},{"damage_healed":0,"gold_gain":0,"cards_transformed":["Defend_R"],"player_choice":"Transformed","damage_taken":0,"max_hp_gain":0,"max_hp_loss":0,"event_name":"Transmorgrifier","floor":29,"gold_loss":0,"cards_obtained":["Searing Blow"]}],"is_beta":false,"boss_relics":[{"not_picked":["Snecko Eye","Philosopher\u0027s Stone"],"picked":"Calling Bell"}],"items_purged_floors":[5],"is_endless":false,"potions_floor_spawned":[7,12,14,16,19],"killed_by":"Champ","ascension_level":5}}