{"host":"rq107ve574byxhfs","time":1610837690,"event":{"mods":["AchievementEnabler","BaseMod","Colored Map","Minty Spire (QoL Compilation)","StSLib","SuperFastMode","everything is the same but u backflip on backflip"],"gold_per_floor":[116,130,130,55,74,74,106,122,175,175,188,238,254,268,268,347,347,364,364,364,414,434,434,172,87,87,87,100,113,140,140,140,217,217,235,250,79,79,96,96,110,141,141,158,158,158,158,101,101,101,101],"floor_reached":50,"language":"KOR","playtime":3083,"items_purged":["Strike_G","Strike_G"],"score":1009,"play_id":"9d5ec0db-8d30-4881-994b-6ae2e1e2bda5","local_time":"20210117075450","is_ascension_mode":true,"campfire_choices":[{"data":"Terror","floor":6.0,"key":"SMITH"},{"data":"Blade Dance","floor":10.0,"key":"SMITH"},{"data":"Prepared","floor":15.0,"key":"SMITH"},{"data":"Prepared","floor":23.0,"key":"SMITH"},{"data":"Wraith Form v2","floor":27.0,"key":"SMITH"},{"data":"Blade Dance","floor":32.0,"key":"SMITH"},{"data":"Tools of the Trade","floor":40.0,"key":"SMITH"},{"data":"Wraith Form v2","floor":45.0,"key":"SMITH"},{"data":"Reflex","floor":47.0,"key":"SMITH"},{"floor":49.0,"key":"RECALL"}],"circlet_count":0,"master_deck":["AscendersBane","Defend_G","Defend_G","Defend_G","Defend_G","Survivor","Neutralize","Terror+1","Blade Dance+1","Blade Dance+1","Escape Plan","Prepared+1","Reflex+1","Wraith Form v2+1","Adrenaline","Accuracy+1","Prepared+1","Tools of the Trade+1","Wraith Form v2+1","Footwork+1","Unload","Tactician","Acrobatics"],"relics":["Ring of the Snake","Letter Opener","Centennial Puzzle","Black Star","Lantern","Snake Skull","Eternal Feather","Oddly Smooth Stone","Singing Bowl","HoveringKite","ClockworkSouvenir","Juzu Bracelet","HornCleat"],"acts_visited":["Exordium","TheCity","TheBeyond"],"potions_floor_usage":[],"damage_taken":[{"damage":2.0,"enemies":"Small Slimes","floor":1.0,"turns":4.0},{"damage":0.0,"enemies":"2 Louse","floor":2.0,"turns":3.0},{"damage":1.0,"enemies":"Cultist","floor":5.0,"turns":4.0},{"damage":21.0,"enemies":"Lagavulin","floor":7.0,"turns":7.0},{"damage":0.0,"enemies":"Looter","floor":8.0,"turns":2.0},{"damage":0.0,"enemies":"Large Slime","floor":11.0,"turns":3.0},{"damage":0.0,"enemies":"Blue Slaver","floor":13.0,"turns":1.0},{"damage":2.0,"enemies":"3 Louse","floor":14.0,"turns":2.0},{"damage":31.0,"enemies":"Hexaghost","floor":16.0,"turns":12.0},{"damage":5.0,"enemies":"Shell Parasite","floor":18.0,"turns":4.0},{"damage":0.0,"enemies":"3 Byrds","floor":22.0,"turns":3.0},{"damage":10.0,"enemies":"Shelled Parasite and Fungi","floor":28.0,"turns":2.0},{"damage":3.0,"enemies":"Centurion and Healer","floor":29.0,"turns":3.0},{"damage":3.0,"enemies":"Slavers","floor":30.0,"turns":4.0},{"damage":30.0,"enemies":"Automaton","floor":33.0,"turns":8.0},{"damage":2.0,"enemies":"3 Darklings","floor":35.0,"turns":3.0},{"damage":3.0,"enemies":"3 Shapes","floor":36.0,"turns":3.0},{"damage":0.0,"enemies":"Spire Growth","floor":39.0,"turns":3.0},{"damage":1.0,"enemies":"Writhing Mass","floor":41.0,"turns":4.0},{"damage":11.0,"enemies":"Nemesis","floor":42.0,"turns":9.0},{"damage":0.0,"enemies":"Maw","floor":44.0,"turns":5.0},{"damage":0,"enemies":"Time Eater","floor":50,"turns":1}],"seed_played":"-6150799823175380037","potions_obtained":[{"floor":5.0,"key":"DistilledChaos"},{"floor":7.0,"key":"Block Potion"},{"floor":13.0,"key":"Dexterity Potion"},{"floor":18.0,"key":"GhostInAJar"},{"floor":41.0,"key":"Block Potion"}],"is_trial":false,"path_per_floor":["M","M","?","$","M","R","E","M","T","R","M","?","M","M","R","B",null,"M","?","?","?","M","R","$","?","T","R","M","M","E","?","R","B",null,"M","M","$","?","M","R","M","E","T","M","R","?","R","$","R","B"],"character_chosen":"THE_SILENT","items_purchased":["Lantern","ClockworkSouvenir","Acrobatics"],"campfire_rested":0,"item_purchase_floors":[24,37,48],"current_hp_per_floor":[57,57,62,62,61,61,40,40,40,40,40,40,40,38,38,7,55,50,30,30,30,30,30,30,30,30,39,29,26,25,25,34,4,60,58,57,57,57,59,71,70,61,61,63,75,75,86,86,86,86,86],"gold":101,"neow_bonus":"TRANSFORM_CARD","is_daily":false,"chose_seed":false,"campfire_upgraded":9,"win_rate":0.0,"timestamp":1610837690,"path_taken":["M","M","?","$","M","R","E","M","T","R","M","?","?","M","R","BOSS","M","?","?","?","M","R","$","?","T","R","M","M","E","?","R","BOSS","M","M","$","?","?","R","?","E","T","M","R","?","R","$","R","BOSS"],"items_purchased_type":["Relic","Relic","Card"],"build_version":"2020-12-22","purchased_purges":2,"victory":false,"max_hp_per_floor":[66,66,71,71,71,71,71,71,71,71,71,71,71,71,71,71,71,71,76,76,76,76,76,76,76,76,76,76,76,78,78,78,78,78,78,80,80,80,82,82,82,84,84,86,86,86,86,86,86,86,86],"card_choices":[{"not_picked":["Acrobatics","Poisoned Stab"],"picked":"Blade Dance","floor":1.0},{"not_picked":["Well Laid Plans","Cloak And Dagger"],"picked":"Blade Dance","floor":2.0},{"not_picked":["PiercingWail","Reflex"],"picked":"Escape Plan","floor":5.0},{"not_picked":["Dagger Spray","Endless Agony","Acrobatics"],"picked":"SKIP","floor":7.0},{"not_picked":["Concentrate","Deadly Poison"],"picked":"Prepared","floor":8.0},{"not_picked":["Sucker Punch","Underhanded Strike"],"picked":"Reflex","floor":11.0},{"not_picked":["Caltrops","Acrobatics","Dash"],"picked":"SKIP","floor":13.0},{"not_picked":["Poisoned Stab","Flechettes"],"picked":"Wraith Form v2","floor":14.0},{"not_picked":["Die Die Die","A Thousand Cuts"],"picked":"Adrenaline","floor":16.0},{"not_picked":["Predator","Escape Plan"],"picked":"Accuracy+1","floor":18.0},{"not_picked":["Dodge and Roll","Escape Plan","Flying Knee"],"picked":"SKIP","floor":22.0},{"not_picked":["Underhanded Strike","Quick Slash","PiercingWail"],"picked":"SKIP","floor":28.0},{"not_picked":["Leg Sweep","Slice","Distraction"],"picked":"SKIP","floor":29.0},{"not_picked":["Quick Slash","Bane","Glass Knife"],"picked":"Singing Bowl","floor":30.0},{"not_picked":["After Image","Die Die Die"],"picked":"Wraith Form v2","floor":33.0},{"not_picked":["Dodge and Roll+1","Dagger Spray+1"],"picked":"Footwork+1","floor":35.0},{"not_picked":["Noxious Fumes+1","Quick Slash","Underhanded Strike+1"],"picked":"Singing Bowl","floor":36.0},{"not_picked":["Noxious Fumes+1","Quick Slash","Prepared"],"picked":"Singing Bowl","floor":39.0},{"not_picked":["Slice","Finisher"],"picked":"Tactician","floor":41.0},{"not_picked":["Blade Dance","Venomology","Quick Slash"],"picked":"Singing Bowl","floor":42.0},{"not_picked":["Blade Dance","Flying Knee","Dagger Throw"],"picked":"Singing Bowl","floor":44.0}],"player_experience":1326651,"relics_obtained":[{"floor":7.0,"key":"Letter Opener"},{"floor":9.0,"key":"Centennial Puzzle"},{"floor":26.0,"key":"Eternal Feather"},{"floor":30.0,"key":"Oddly Smooth Stone"},{"floor":30.0,"key":"Singing Bowl"},{"floor":42.0,"key":"Juzu Bracelet"},{"floor":42.0,"key":"HornCleat"}],"event_choices":[{"damage_healed":0.0,"max_hp_gain":5.0,"max_hp_loss":0.0,"gold_gain":0.0,"event_name":"Big Fish","player_choice":"Donut","floor":3.0,"gold_loss":0.0,"damage_taken":0.0},{"damage_healed":0.0,"max_hp_gain":0.0,"max_hp_loss":0.0,"gold_gain":50.0,"event_name":"Golden Shrine","player_choice":"Pray","floor":12.0,"gold_loss":0.0,"damage_taken":0.0},{"damage_healed":0.0,"max_hp_gain":5.0,"max_hp_loss":0.0,"gold_gain":0.0,"event_name":"Forgotten Altar","player_choice":"Shed Blood","floor":19.0,"gold_loss":0.0,"damage_taken":25.0},{"damage_healed":0.0,"max_hp_gain":0.0,"max_hp_loss":0.0,"gold_gain":0.0,"cards_transformed":["Strike_G","Defend_G"],"event_name":"Drug Dealer","player_choice":"Became Test Subject","floor":20.0,"gold_loss":0.0,"damage_taken":0.0,"cards_obtained":["Prepared","Tools of the Trade"]},{"damage_healed":0.0,"max_hp_gain":0.0,"max_hp_loss":0.0,"gold_gain":50.0,"event_name":"Nest","player_choice":"Stole From Cult","floor":21.0,"gold_loss":0.0,"damage_taken":0.0},{"damage_healed":0.0,"max_hp_gain":0.0,"max_hp_loss":0.0,"gold_gain":0.0,"event_name":"Addict","player_choice":"Obtained Relic","floor":25.0,"gold_loss":85.0,"damage_taken":0.0,"relics_obtained":["Snake Skull"]},{"damage_healed":0.0,"max_hp_gain":0.0,"max_hp_loss":0.0,"gold_gain":0.0,"event_name":"Vampires","player_choice":"Ignored","floor":31.0,"gold_loss":0.0,"damage_taken":0.0},{"damage_healed":0.0,"max_hp_gain":0.0,"max_hp_loss":0.0,"gold_gain":0.0,"cards_transformed":["Strike_G"],"event_name":"Transmorgrifier","player_choice":"Transformed","floor":38.0,"gold_loss":0.0,"damage_taken":0.0,"cards_obtained":["Unload"]},{"damage_healed":0.0,"max_hp_gain":0.0,"max_hp_loss":0.0,"gold_gain":0.0,"event_name":"Tomb of Lord Red Mask","player_choice":"Ignored","floor":46.0,"gold_loss":0.0,"damage_taken":0.0}],"is_beta":false,"boss_relics":[{"not_picked":["Sozu","Cursed Key"],"picked":"Black Star"},{"not_picked":["Calling Bell","Empty Cage"],"picked":"HoveringKite"}],"items_purged_floors":[4,24],"is_endless":false,"potions_floor_spawned":[5,7,13,14,18,28,41,42,44],"killed_by":"Time Eater","ascension_level":20}}