{"host":"daa8jqyg4gqfaysm","time":1610790622,"event":{"mods":["BaseMod","Colored Powertips","Minty Spire (QoL Compilation)","StSLib"],"gold_per_floor":[113,113,160,28,47,47,80,97,97,97,115,115,145,161,161,236,236,254,254,269,286,130,130,55,55,55,83,83,111,145,145,145,218,268,284,298,298,298,309,343,357,374,428,441,441,452,452,77,77,77,77],"floor_reached":50,"language":"ENG","playtime":2530,"items_purged":["Strike_G","Strike_G"],"score":961,"play_id":"ba187776-c497-4f29-842e-ced2257ad4c0","local_time":"20210116175022","is_ascension_mode":true,"campfire_choices":[{"data":"All Out Attack","floor":6,"key":"SMITH"},{"data":"Crippling Poison","floor":10,"key":"SMITH"},{"data":"Neutralize","floor":12,"key":"SMITH"},{"floor":15,"key":"REST"},{"data":"Ghostly","floor":23,"key":"SMITH"},{"data":"Ghostly","floor":25,"key":"SMITH"},{"data":"Ghostly","floor":32,"key":"SMITH"},{"floor":45,"key":"REST"},{"floor":47,"key":"REST"},{"floor":49,"key":"RECALL"}],"circlet_count":0,"master_deck":["AscendersBane","Strike_G","Strike_G","Defend_G","Defend_G","Defend_G","Defend_G+1","Defend_G","Survivor","Neutralize+1","Tools of the Trade","Crippling Poison+1","Flying Knee","All Out Attack+1","Bane+1","Poisoned Stab+1","Dash+1","Blur+1","Phantasmal Killer","Dagger Spray+1","Ghostly+1","Ghostly+1","Ghostly+1","Backflip+1","Backstab+1","PiercingWail","Burst","Acrobatics","Phantasmal Killer","Flechettes+1","Glass Knife+1","Escape Plan","Skewer+1","Backflip","Well Laid Plans"],"relics":["Ring of the Snake","Art of War","Molten Egg 2","Nunchaku","Toy Ornithopter","Velvet Choker","Bag of Marbles","HornCleat","MutagenicStrength","Red Mask","Paper Crane","Tiny House","War Paint","Vajra","InkBottle"],"acts_visited":["Exordium","TheCity","TheBeyond"],"potions_floor_usage":[14,21,33,33,40,40,46,50,50],"damage_taken":[{"damage":1,"enemies":"Small Slimes","floor":1,"turns":4},{"damage":2,"enemies":"Jaw Worm","floor":5,"turns":4},{"damage":24,"enemies":"Gremlin Nob","floor":7,"turns":5},{"damage":0,"enemies":"Cultist","floor":8,"turns":4},{"damage":5,"enemies":"Large Slime","floor":11,"turns":4},{"damage":12,"enemies":"3 Sentries","floor":13,"turns":8},{"damage":0,"enemies":"2 Fungi Beasts","floor":14,"turns":2},{"damage":31,"enemies":"Slime Boss","floor":16,"turns":12},{"damage":2,"enemies":"Shell Parasite","floor":18,"turns":4},{"damage":2,"enemies":"Chosen","floor":20,"turns":4},{"damage":0,"enemies":"Shelled Parasite and Fungi","floor":21,"turns":7},{"damage":20,"enemies":"Gremlin Leader","floor":27,"turns":7},{"damage":0,"enemies":"Masked Bandits","floor":29,"turns":1},{"damage":1,"enemies":"Slavers","floor":30,"turns":2},{"damage":15,"enemies":"Automaton","floor":33,"turns":12},{"damage":0,"enemies":"Orb Walker","floor":35,"turns":3},{"damage":0,"enemies":"3 Darklings","floor":36,"turns":5},{"damage":0,"enemies":"Sphere and 2 Shapes","floor":39,"turns":4},{"damage":37,"enemies":"Reptomancer","floor":40,"turns":11},{"damage":1,"enemies":"Transient","floor":41,"turns":5},{"damage":0,"enemies":"3 Darklings","floor":42,"turns":4},{"damage":1,"enemies":"Writhing Mass","floor":44,"turns":8},{"damage":10,"enemies":"Jaw Worm Horde","floor":46,"turns":3},{"damage":29,"enemies":"Awakened One","floor":50,"turns":18}],"seed_played":"6025253044980597616","potions_obtained":[{"floor":7,"key":"BlessingOfTheForge"},{"floor":8,"key":"Block Potion"},{"floor":14,"key":"Dexterity Potion"},{"floor":29,"key":"Explosive Potion"},{"floor":33,"key":"Strength Potion"},{"floor":34,"key":"Block Potion"},{"floor":41,"key":"Ancient Potion"},{"floor":42,"key":"SneckoOil"},{"floor":44,"key":"SpeedPotion"}],"is_trial":false,"path_per_floor":["M","?","T","$","M","R","E","M","T","R","M","R","E","M","R","B",null,"M","?","M","M","$","R","?","R","T","E","?","?","E","?","R","B",null,"M","M","?","?","M","E","M","M","T","M","R","M","R","$","R","B"],"character_chosen":"THE_SILENT","items_purchased":["Flying Knee","PiercingWail","SteroidPotion","Well Laid Plans","InkBottle"],"campfire_rested":3,"item_purchase_floors":[4,22,48,48,48],"current_hp_per_floor":[58,53,53,53,51,51,27,27,27,27,22,22,10,15,34,3,50,48,33,31,33,33,33,33,33,33,13,13,13,12,12,12,7,32,32,32,32,32,32,4,3,3,3,2,12,7,17,17,17,0,0],"gold":77,"neow_bonus":"ONE_RANDOM_RARE_CARD","is_daily":false,"chose_seed":false,"campfire_upgraded":6,"win_rate":0.0,"timestamp":1610790622,"path_taken":["M","?","?","?","?","R","E","M","T","R","M","R","E","M","R","BOSS","M","?","M","M","$","R","?","R","T","E","?","?","E","?","R","BOSS","M","M","?","?","M","E","M","M","T","?","R","M","R","$","R","BOSS"],"items_purchased_type":["Card","Card","Potion","Card","Relic"],"build_version":"2020-12-22","purchased_purges":2,"victory":false,"max_hp_per_floor":[66,66,66,66,66,66,66,66,66,66,66,66,66,66,66,66,66,66,33,33,33,33,33,33,33,33,33,33,33,33,33,33,33,38,38,38,36,36,36,36,36,36,36,36,36,36,36,36,36,36,36],"card_choices":[{"not_picked":["Prepared","Setup"],"picked":"Crippling Poison","floor":1},{"not_picked":["Backflip","Outmaneuver"],"picked":"All Out Attack","floor":5},{"not_picked":["Sucker Punch+1","Choke+1"],"picked":"Bane+1","floor":7},{"not_picked":["Outmaneuver","Underhanded Strike+1"],"picked":"Poisoned Stab+1","floor":8},{"not_picked":["Sucker Punch+1","A Thousand Cuts","Expertise"],"picked":"SKIP","floor":11},{"not_picked":["Underhanded Strike+1","A Thousand Cuts"],"picked":"Dash+1","floor":13},{"not_picked":["Flying Knee+1","Dodge and Roll"],"picked":"Blur","floor":14},{"not_picked":["Grand Finale+1","After Image"],"picked":"Phantasmal Killer","floor":16},{"not_picked":["Sucker Punch+1","Distraction"],"picked":"Dagger Spray+1","floor":18},{"not_picked":["Deflect+1","Cloak And Dagger"],"picked":"Backflip","floor":20},{"not_picked":["Backflip","Catalyst"],"picked":"Backstab+1","floor":21},{"not_picked":["Envenom","Tactician"],"picked":"Burst","floor":27},{"not_picked":["Dagger Throw+1","Sucker Punch+1"],"picked":"Acrobatics","floor":29},{"not_picked":["All Out Attack+1","Heel Hook+1","Skewer+1"],"picked":"SKIP","floor":30},{"not_picked":["A Thousand Cuts","Corpse Explosion"],"picked":"Phantasmal Killer","floor":33},{"not_picked":["Deadly Poison","Infinite Blades"],"picked":"Flechettes+1","floor":34},{"not_picked":["Dagger Throw+1","Outmaneuver"],"picked":"Glass Knife+1","floor":35},{"not_picked":["Poisoned Stab+1","Dagger Spray+1","Leg Sweep"],"picked":"SKIP","floor":36},{"not_picked":["Poisoned Stab+1","Deadly Poison"],"picked":"Escape Plan","floor":39},{"not_picked":["Doppelganger","Tactician+1"],"picked":"Skewer+1","floor":40},{"not_picked":["Heel Hook+1","Cloak And Dagger"],"picked":"Backflip","floor":41},{"not_picked":["Endless Agony+1","Bouncing Flask","Calculated Gamble"],"picked":"SKIP","floor":42},{"not_picked":["Quick Slash+1","Dagger Spray+1","Dagger Throw+1"],"picked":"SKIP","floor":44},{"not_picked":["Crippling Poison+1","Reflex","Eviscerate+1"],"picked":"SKIP","floor":46}],"player_experience":826134,"relics_obtained":[{"floor":7,"key":"Molten Egg 2"},{"floor":9,"key":"Nunchaku"},{"floor":13,"key":"Toy Ornithopter"},{"floor":26,"key":"Bag of Marbles"},{"floor":27,"key":"HornCleat"},{"floor":29,"key":"Red Mask"},{"floor":30,"key":"Paper Crane"},{"floor":40,"key":"War Paint"},{"floor":43,"key":"Vajra"}],"event_choices":[{"damage_healed":0,"gold_gain":0,"player_choice":"Success","damage_taken":5,"relics_obtained":["Art of War"],"max_hp_gain":0,"max_hp_loss":0,"event_name":"Scrap Ooze","floor":2,"gold_loss":0},{"damage_healed":0,"gold_gain":0,"player_choice":"Became a Ghost","damage_taken":0,"max_hp_gain":0,"max_hp_loss":33,"event_name":"Ghosts","floor":19,"gold_loss":0,"cards_obtained":["Ghostly","Ghostly","Ghostly"]},{"cards_removed":["Strike_G"],"damage_healed":0,"gold_gain":0,"player_choice":"Gave Gold","damage_taken":0,"max_hp_gain":0,"max_hp_loss":0,"event_name":"Beggar","floor":24,"gold_loss":75},{"damage_healed":0,"gold_gain":0,"player_choice":"Inject Mutagens","damage_taken":0,"relics_obtained":["MutagenicStrength"],"max_hp_gain":0,"max_hp_loss":0,"event_name":"Drug Dealer","floor":28,"gold_loss":0},{"damage_healed":0,"gold_gain":0,"player_choice":"Fought Bandits","damage_taken":0,"max_hp_gain":0,"max_hp_loss":0,"event_name":"Masked Bandits","floor":29,"gold_loss":0},{"damage_healed":0,"gold_gain":0,"player_choice":"Ignored","damage_taken":0,"max_hp_gain":0,"max_hp_loss":0,"event_name":"Cursed Tome","floor":31,"gold_loss":0},{"damage_healed":0,"gold_gain":0,"player_choice":"Max HP","damage_taken":0,"max_hp_gain":0,"max_hp_loss":2,"event_name":"Winding Halls","floor":37,"gold_loss":0},{"damage_healed":0,"gold_gain":0,"player_choice":"Ignored","damage_taken":0,"max_hp_gain":0,"max_hp_loss":0,"event_name":"SecretPortal","floor":38,"gold_loss":0}],"is_beta":false,"boss_relics":[{"not_picked":["Empty Cage","Sozu"],"picked":"Velvet Choker"},{"not_picked":["WristBlade","Astrolabe"],"picked":"Tiny House"}],"items_purged_floors":[4,22],"is_endless":false,"potions_floor_spawned":[7,8,14,20,29,33,36,39,41,42,44],"killed_by":"Awakened One","ascension_level":16}}