{"host":"2i0myh7fqij2ti1z","time":1610786236,"event":{"mods":["Aspiration","BaseMod","Better Third Choice","Colored Powertips","Conspire","Evolution","FoggyMod","GifTheSpireLib","Highlight Path","Hubris","Minty Spire (QoL Compilation)","Permanent Neow","Quick Restart","Random Character Button","Random Character Mod","Replay The Spire","Shop Mod","Spicy Shops","StSLib","Stuff the Spire","Wandering Minibosses","vexMod","óô»ðÖ¸ÄÏ"],"gold_per_floor":[17,34,34,59,79,113,113,141,141,141,41,41,16,57,57,57,57],"floor_reached":16,"language":"ENG","playtime":848,"items_purged":["Strike_R","Defend_R","Defend_R"],"score":158,"play_id":"b2c4b229-25f9-40e9-ba09-b04b0d11aee1","local_time":"20210116163716","is_ascension_mode":true,"campfire_choices":[{"data":"Armaments","floor":7,"key":"SMITH"},{"data":"Shockwave","floor":15,"key":"SMITH"}],"circlet_count":0,"master_deck":["Run Through+1","Run Through","Run Through","Run Through","Defend_R","Defend_R","Bash","StuffTheSpire:Recharge","Armaments+1","Shockwave+1","Armaments"],"relics":["Burning Blood","EVO:Axolotl","conspire:TreasureMap","Pantograph","Strawberry","Replay:Wax Seal","Golden Idol","hubris:MysteriousPyramids"],"acts_visited":["Exordium"],"potions_floor_usage":[6,14],"damage_taken":[{"damage":1,"enemies":"Cultist","floor":1,"turns":3},{"damage":7,"enemies":"Small Slimes","floor":2,"turns":3},{"damage":12,"enemies":"Jaw Worm","floor":5,"turns":3},{"damage":13,"enemies":"Gremlin Nob","floor":6,"turns":3},{"damage":19,"enemies":"3 Sentries","floor":8,"turns":9},{"damage":4,"enemies":"Lagavulin","floor":14,"turns":5},{"damage":76,"enemies":"Slime Boss","floor":16,"turns":13}],"seed_played":"-2300097044566090387","potions_obtained":[{"floor":1,"key":"SpeedPotion"},{"floor":5,"key":"Fire Potion"}],"is_trial":false,"path_per_floor":["M","M","?","$","M","E","R","E","T","?","R","?","$","E","R","B"],"character_chosen":"IRONCLAD","items_purchased":[],"campfire_rested":0,"item_purchase_floors":[],"current_hp_per_floor":[80,79,79,79,73,66,66,60,60,39,39,48,48,50,50,0,0],"gold":57,"neow_bonus":"RANDOM_COLORLESS_2","is_daily":false,"chose_seed":false,"campfire_upgraded":2,"win_rate":0.0,"timestamp":1610786236,"path_taken":["M","?","?","?","?","E","R","E","T","?","R","?","?","E","R","BOSS"],"items_purchased_type":[],"build_version":"2020-12-22","purchased_purges":3,"victory":false,"max_hp_per_floor":[80,80,80,80,80,80,80,87,87,87,87,87,87,87,87,87,87],"card_choices":[{"not_picked":["ReplayTheSpireMod:Necrogeddon","Thinking Ahead"],"picked":"StuffTheSpire:Recharge","floor":0},{"not_picked":["Havoc","Massacre"],"picked":"Armaments","floor":1},{"not_picked":["Flex","Dropkick","Second Wind"],"picked":"SKIP","floor":2},{"not_picked":["StuffTheSpire:Incineration","conspire:ExplosiveBarrier","Headbutt"],"picked":"SKIP","floor":5},{"not_picked":["Twin Strike","Rupture","Dual Wield"],"picked":"SKIP","floor":6},{"not_picked":["Second Wind","Blood for Blood"],"picked":"Shockwave","floor":8},{"not_picked":["Iron Wave","Twin Strike"],"picked":"Armaments","floor":14}],"player_experience":233691,"relics_obtained":[{"floor":6,"key":"Pantograph"},{"floor":8,"key":"Strawberry"},{"floor":9,"key":"Replay:Wax Seal"},{"floor":14,"key":"hubris:MysteriousPyramids"}],"event_choices":[{"damage_healed":0,"gold_gain":0,"player_choice":"Take Damage","damage_taken":21,"relics_obtained":["Golden Idol"],"max_hp_gain":0,"max_hp_loss":0,"event_name":"Golden Idol","floor":10,"gold_loss":0}],"is_beta":false,"boss_relics":[],"items_purged_floors":[4,11,13],"is_endless":false,"potions_floor_spawned":[1,5],"killed_by":"Slime Boss","ascension_level":3}}