{"host":"1a3cjta80tad0aqj","time":1610827200,"event":{"mods":["2.2 Compatiblity","AchievementEnabler","BaseMod","Colored Map","DeckTracker","KOR Keyword Fix","Keyboard Shortcuts","Minty Spire (QoL Compilation)","Permanent Neow","Quick Restart","Random Character Button","StSLib","SuperFastMode","everything is the same but u backflip on backflip"],"gold_per_floor":[212,212,212,312,12,12,27,43,94,134,134,165,165,198,198,317,317,340,355,280,294,308,344,369,369,369,79,102,122,122,136,136,260,260,284,264,285,86,111,111,144,144,144,159,159,159,159,173,173,173,173],"floor_reached":50,"language":"KOR","playtime":2373,"items_purged":["Defend_B","Defend_B","Regret"],"score":588,"play_id":"3791295e-8646-4da4-89b2-259e34f221d1","local_time":"20210117050000","is_ascension_mode":true,"campfire_choices":[{"floor":6,"key":"RECALL"},{"data":"Streamline","floor":11,"key":"SMITH"},{"data":"Dualcast","floor":13,"key":"SMITH"},{"data":"Double Energy","floor":15,"key":"SMITH"},{"floor":25,"key":"REST"},{"floor":32,"key":"REST"},{"floor":40,"key":"REST"},{"data":"Electrodynamics","floor":42,"key":"SMITH"},{"floor":46,"key":"REST"},{"floor":49,"key":"REST"}],"circlet_count":0,"master_deck":["Strike_B","Strike_B","Strike_B","Defend_B","Defend_B+1","Zap+1","Dualcast+1","Streamline+1","Injury","Lockon+1","Sunder+1","Rebound+1","Compile Driver+1","Barrage+1","Double Energy+1","Seek","Reinforced Body","Aggregate+1","Chill","Conserve Battery","Melter+1","Turbo","Defragment","Coolheaded+1","Biased Cognition","Beam Cell+1","BootSequence+1","Electrodynamics+1","Cold Snap+1","Double Energy+1","Injury","Parasite","Chaos+1","Madness","Madness","Stack","Ball Lightning+1"],"relics":["Cracked Core","Golden Idol","Molten Egg 2","Orichalcum","Incense Burner","Dream Catcher","Ancient Tea Set","Cursed Key","Shuriken","Singing Bowl","Lee\u0027s Waffle","Lantern","Sozu","War Paint"],"acts_visited":["Exordium","TheCity","TheBeyond"],"potions_floor_usage":[10,12,16,24,29,33,33],"damage_taken":[{"damage":0,"enemies":"2 Louse","floor":1,"turns":2},{"damage":0,"enemies":"Small Slimes","floor":7,"turns":2},{"damage":0,"enemies":"Cultist","floor":8,"turns":2},{"damage":7,"enemies":"3 Sentries","floor":10,"turns":5},{"damage":3,"enemies":"Lagavulin","floor":12,"turns":5},{"damage":10,"enemies":"3 Sentries","floor":14,"turns":6},{"damage":43,"enemies":"The Guardian","floor":16,"turns":10},{"damage":4,"enemies":"Shell Parasite","floor":18,"turns":2},{"damage":4,"enemies":"Spheric Guardian","floor":19,"turns":3},{"damage":2,"enemies":"Snecko","floor":21,"turns":4},{"damage":5,"enemies":"Cultist and Chosen","floor":22,"turns":4},{"damage":38,"enemies":"Book of Stabbing","floor":23,"turns":5},{"damage":14,"enemies":"Snake Plant","floor":24,"turns":3},{"damage":17,"enemies":"Snecko","floor":28,"turns":5},{"damage":2,"enemies":"3 Cultists","floor":29,"turns":4},{"damage":14,"enemies":"Centurion and Healer","floor":31,"turns":4},{"damage":75,"enemies":"Automaton","floor":33,"turns":9},{"damage":10,"enemies":"Orb Walker","floor":35,"turns":3},{"damage":20,"enemies":"3 Darklings","floor":37,"turns":7},{"damage":0,"enemies":"Transient","floor":39,"turns":5},{"damage":30,"enemies":"Reptomancer","floor":41,"turns":6},{"damage":8,"enemies":"Writhing Mass","floor":44,"turns":6},{"damage":50,"enemies":"Spire Growth","floor":48,"turns":5},{"damage":47,"enemies":"Awakened One","floor":50,"turns":3}],"seed_played":"213561620122225652","potions_obtained":[{"floor":1,"key":"Block Potion"},{"floor":7,"key":"Fire Potion"},{"floor":10,"key":"SkillPotion"},{"floor":16,"key":"Explosive Potion"},{"floor":23,"key":"DistilledChaos"},{"floor":24,"key":"PowerPotion"},{"floor":31,"key":"FocusPotion"}],"is_trial":false,"path_per_floor":["M","?","?","?","$","R","M","M","T","E","R","E","R","E","R","B",null,"M","M","$","M","M","E","M","R","T","$","M","M","?","M","R","B",null,"M","?","M","$","M","R","E","R","T","M","?","R","$","M","R","B"],"character_chosen":"DEFECT","items_purchased":["Molten Egg 2","Lockon+1","Defragment","Lee\u0027s Waffle","Electrodynamics"],"campfire_rested":5,"item_purchase_floors":[5,5,27,27,38],"current_hp_per_floor":[75,68,68,68,68,68,68,68,68,61,61,58,58,48,48,5,75,71,67,67,65,60,22,8,30,30,82,67,65,65,53,80,5,88,78,78,58,58,58,86,56,56,56,48,37,64,64,16,43,0,0],"gold":173,"neow_bonus":"HUNDRED_GOLD","is_daily":false,"chose_seed":false,"campfire_upgraded":4,"win_rate":0.0,"timestamp":1610827200,"path_taken":["M","?","?","?","$","R","M","M","T","E","R","E","R","E","R","BOSS","M","M","$","M","M","E","M","R","T","$","?","M","?","M","R","BOSS","M","?","?","$","M","R","E","R","T","M","?","R","?","M","R","BOSS"],"items_purchased_type":["Relic","Card","Card","Relic","Card"],"build_version":"2020-12-22","purchased_purges":3,"victory":false,"max_hp_per_floor":[75,75,75,75,75,75,75,75,75,75,75,75,75,75,75,75,75,75,75,75,75,75,75,75,75,75,82,84,84,84,86,88,88,88,88,88,88,88,88,90,90,90,90,90,90,90,90,92,92,92,92],"card_choices":[{"not_picked":["Undo","Recycle"],"picked":"Streamline","floor":1},{"not_picked":["Darkness","Hologram"],"picked":"Sunder+1","floor":7},{"not_picked":["FTL+1","Go for the Eyes+1"],"picked":"Rebound+1","floor":8},{"not_picked":["BootSequence","Darkness"],"picked":"Compile Driver+1","floor":10},{"not_picked":["Heatsinks","Core Surge+1"],"picked":"Barrage+1","floor":12},{"not_picked":["Chaos","Rebound+1"],"picked":"Double Energy","floor":14},{"not_picked":["All For One+1","Rainbow"],"picked":"Seek","floor":16},{"not_picked":["Force Field","Gash+1","Redo"],"picked":"SKIP","floor":18},{"not_picked":["Scrape+1","Sunder+1"],"picked":"Reinforced Body","floor":19},{"not_picked":["Consume+1","Ball Lightning+1"],"picked":"Aggregate+1","floor":21},{"not_picked":["Blizzard+1","Reinforced Body"],"picked":"Chill","floor":22},{"not_picked":["Coolheaded","Streamline+1"],"picked":"Conserve Battery","floor":23},{"not_picked":["Turbo","Barrage+1"],"picked":"Melter+1","floor":24},{"not_picked":["Reinforced Body","Compile Driver+1"],"picked":"Turbo","floor":25},{"not_picked":["Barrage+1","Steam","Storm"],"picked":"Singing Bowl","floor":28},{"not_picked":["Gash+1","Turbo"],"picked":"Coolheaded+1","floor":29},{"not_picked":["Fusion","Genetic Algorithm","All For One+1"],"picked":"Singing Bowl","floor":31},{"not_picked":["Compile Driver+1","Streamline+1","Redo"],"picked":"Singing Bowl","floor":32},{"not_picked":["All For One+1","Amplify"],"picked":"Biased Cognition","floor":33},{"not_picked":["Compile Driver+1","Steam+1"],"picked":"Beam Cell+1","floor":35},{"not_picked":["Fusion","Turbo+1"],"picked":"BootSequence+1","floor":37},{"not_picked":["Storm","Coolheaded+1"],"picked":"Cold Snap+1","floor":39},{"not_picked":["Redo","Sweeping Beam+1","Compile Driver+1"],"picked":"Singing Bowl","floor":40},{"not_picked":["Ball Lightning+1","Self Repair"],"picked":"Double Energy+1","floor":41},{"not_picked":["Melter+1","Coolheaded"],"picked":"Chaos+1","floor":44},{"not_picked":["Conserve Battery+1","Ball Lightning+1"],"picked":"Stack","floor":46},{"not_picked":["Beam Cell+1","Cold Snap+1","Gash+1"],"picked":"Singing Bowl","floor":48},{"not_picked":["Hyperbeam+1","Compile Driver+1"],"picked":"Ball Lightning+1","floor":49}],"player_experience":687667,"relics_obtained":[{"floor":9,"key":"Orichalcum"},{"floor":10,"key":"Incense Burner"},{"floor":12,"key":"Dream Catcher"},{"floor":14,"key":"Ancient Tea Set"},{"floor":23,"key":"Shuriken"},{"floor":26,"key":"Singing Bowl"},{"floor":41,"key":"War Paint"}],"event_choices":[{"cards_removed":["Strike_B"],"damage_healed":0,"gold_gain":0,"player_choice":"Card Removal","damage_taken":7,"max_hp_gain":0,"max_hp_loss":0,"event_name":"Golden Wing","floor":2,"gold_loss":0},{"damage_healed":0,"gold_gain":0,"player_choice":"Take Wound","damage_taken":0,"relics_obtained":["Golden Idol"],"max_hp_gain":0,"max_hp_loss":0,"event_name":"Golden Idol","floor":3,"gold_loss":0,"cards_obtained":["Injury"]},{"damage_healed":0,"gold_gain":100,"player_choice":"Pray","damage_taken":0,"max_hp_gain":0,"max_hp_loss":0,"event_name":"Golden Shrine","floor":4,"gold_loss":0},{"damage_healed":0,"gold_gain":0,"player_choice":"Opened","damage_taken":0,"relics_obtained":["Lantern"],"max_hp_gain":0,"max_hp_loss":0,"event_name":"The Mausoleum","floor":30,"gold_loss":0},{"damage_healed":0,"gold_gain":0,"player_choice":"Bought 1 Potion","damage_taken":0,"max_hp_gain":0,"max_hp_loss":0,"event_name":"The Woman in Blue","floor":36,"gold_loss":0},{"damage_healed":0,"gold_gain":0,"player_choice":"Embrace Madness","damage_taken":11,"max_hp_gain":0,"max_hp_loss":0,"event_name":"Winding Halls","floor":45,"gold_loss":0,"cards_obtained":["Madness","Madness"]}],"is_beta":false,"boss_relics":[{"not_picked":["Runic Pyramid","Runic Dome"],"picked":"Cursed Key"},{"not_picked":["Nuclear Battery","FrozenCore"],"picked":"Sozu"}],"items_purged_floors":[20,27,38],"is_endless":false,"potions_floor_spawned":[1,7,10,16,23,24,31,35,39],"killed_by":"Awakened One","ascension_level":1}}