{"host":"oeotdbd679q6m6vu","time":1610797860,"event":{"mods":["Act Like it!","BaseMod","Colored Map","Decade(Õı–°√˜)","Downfall","Friendly Minions","Gensokyo","GifTheSpireLib","Highlight Path","Marisa£®ÏF”Í°°ƒß¿Ì…≥£©","Minty Spire (QoL Compilation)","Rare Cards Sparkle","Reimu£®≤©¿ˆ¡È√Œ£©","StSLib","The Animator","Youmu£®ªÍ∆«—˝√Œ£©"],"gold_per_floor":[99,111,21,21,39,50,50,50,50,50,68,93,111,139,159,260,260,160,177,187,72,90,108,157,177,203,203,223,242,342,342,342,342],"floor_reached":31,"language":"ZHS","playtime":2263,"items_purged":["hexamod:Defend","hexamod:Strike"],"score":303,"play_id":"d0c52f2a-3e62-4c0a-9d67-a6435ab7e704","local_time":"20210116065100","is_ascension_mode":false,"campfire_choices":[{"data":"hexamod:Sear","floor":1,"key":"SMITH"},{"floor":9,"key":"REST"},{"data":"hexamod:HexaLevel","floor":18,"key":"SMITH"},{"floor":27,"key":"RECALL"}],"circlet_count":0,"master_deck":["hexamod:Sear+1","hexamod:Float","hexamod:FastForward","hexamod:Hexaguard","hexamod:FourthSeal","hexamod:ChargedBarrage","hexamod:EmpoweredFlame","hexamod:HexaLevel+1","hexamod:FlamesFromBeyond+1","hexamod:NecessarySacrifice+1","hexamod:GhostOfSpireFuture+1","hexamod:FastForward","hexamod:SecondSeal","hexamod:FirstSeal","hexamod:Hexaguard","hexamod:RadiantFlame"],"relics":["Empty Cage","Lizard Tail","Pantograph","Torii","Pear","Astrolabe","downfall:HeartBlessingGreen","Orichalcum","White Beast Statue"],"acts_visited":["Exordium","TheCity"],"potions_floor_usage":[13,14,16,16,19,21,22,23,25,25,28,29,30,31,31,31],"damage_taken":[{"damage":1,"enemies":"Cultist","floor":2,"turns":3},{"damage":5,"enemies":"downfall:FleeingMerchant","floor":3,"turns":4},{"damage":11,"enemies":"Jaw Worm","floor":5,"turns":3},{"damage":2,"enemies":"Small Slimes","floor":6,"turns":3},{"damage":29,"enemies":"Exordium Thugs","floor":11,"turns":6},{"damage":21,"enemies":"Lagavulin","floor":12,"turns":6},{"damage":1,"enemies":"3 Louse","floor":13,"turns":4},{"damage":39,"enemies":"3 Sentries","floor":14,"turns":13},{"damage":5,"enemies":"Lots of Slimes","floor":15,"turns":4},{"damage":27,"enemies":"SI_SHIV_ARCHETYPE","floor":16,"turns":8},{"damage":1,"enemies":"Spheric Guardian","floor":19,"turns":3},{"damage":5,"enemies":"Chosen and Byrds","floor":20,"turns":3},{"damage":5,"enemies":"downfall:FleeingMerchant","floor":21,"turns":4},{"damage":29,"enemies":"Shelled Parasite and Fungi","floor":22,"turns":4},{"damage":9,"enemies":"3 Cultists","floor":23,"turns":4},{"damage":20,"enemies":"Sentry and Sphere","floor":25,"turns":6},{"damage":34,"enemies":"Shelled Parasite and Fungi","floor":26,"turns":4},{"damage":2,"enemies":"Centurion and Healer","floor":28,"turns":4},{"damage":13,"enemies":"Snake Plant","floor":29,"turns":4},{"damage":2,"enemies":"downfall:LadyInBlue","floor":30,"turns":6},{"damage":37,"enemies":"Gremlin Leader","floor":31,"turns":4}],"seed_played":"-8345465261127500216","potions_obtained":[{"floor":11,"key":"GamblersBrew"},{"floor":12,"key":"FearPotion"},{"floor":12,"key":"Fire Potion"},{"floor":13,"key":"FairyPotion"},{"floor":13,"key":"hexamod:EctoCoolerPotion"},{"floor":14,"key":"Ancient Potion"},{"floor":14,"key":"ZuzhouPotion:ReiMu"},{"floor":16,"key":"AttackPotion"},{"floor":19,"key":"Fruit Juice"},{"floor":19,"key":"SteroidPotion"},{"floor":20,"key":"ColorlessPotion"},{"floor":22,"key":"Block Potion"},{"floor":23,"key":"Explosive Potion"},{"floor":23,"key":"Weak Potion"},{"floor":25,"key":"GamblersBrew"},{"floor":26,"key":"Slimebound:ThreeZeroPotion"},{"floor":29,"key":"CultistPotion"},{"floor":30,"key":"FearPotion"},{"floor":30,"key":"DuplicationPotion"},{"floor":30,"key":"Fire Potion"},{"floor":30,"key":"LiquidMemories"}],"is_trial":false,"path_per_floor":["R","M","$","?","M","M","T","T","R","?","M","E","M","E","M","B",null,"R","M","M","$","M","M","T","M","M","R","M","M","?","E"],"character_chosen":"THE_SPIRIT","items_purchased":[],"campfire_rested":1,"item_purchase_floors":[],"current_hp_per_floor":[70,69,64,64,53,51,51,51,70,70,41,20,19,18,13,11,80,80,84,79,74,45,36,36,23,40,40,45,39,37,0,0,0],"gold":342,"neow_bonus":"BOSS_RELIC","is_daily":false,"chose_seed":false,"campfire_upgraded":2,"win_rate":0.0,"timestamp":1610797860,"path_taken":["R","M","$","?","M","M","T","?","R","?","?","E","M","E","M","BOSS","R","M","M","$","M","M","T","M","M","R","M","M","?","E"],"items_purchased_type":[],"build_version":"2020-12-22","purchased_purges":2,"victory":false,"max_hp_per_floor":[70,70,70,70,70,70,70,70,70,70,70,70,70,80,80,80,80,80,85,85,85,85,85,85,85,85,85,85,85,85,85,85,85],"card_choices":[{"not_picked":["hexamod:HauntingEcho","hexamod:SpectersWail"],"picked":"hexamod:FastForward","floor":2},{"not_picked":["hexamod:RecurringNightmare","hexamod:FlamesFromBeyond"],"picked":"hexamod:Hexaguard","floor":3},{"not_picked":["hexamod:GhostShield","hexamod:GhostLash","hexamod:DynamicBlow"],"picked":"SKIP","floor":5},{"not_picked":["hexamod:RecurringNightmare","hexamod:ThermalTransfer","hexamod:EtherealExpedition"],"picked":"SKIP","floor":6},{"not_picked":["hexamod:PowerFromBeyond","hexamod:EmpoweredFlame"],"picked":"hexamod:FourthSeal","floor":11},{"not_picked":["hexamod:Toasty","hexamod:SoulSteal","hexamod:Haunt"],"picked":"SKIP","floor":12},{"not_picked":["hexamod:EtherealExpedition","hexamod:BurningTouch","hexamod:GhostflameBarrier"],"picked":"SKIP","floor":13},{"not_picked":["hexamod:BacktrackSmack","hexamod:GhostOfSpirePast"],"picked":"hexamod:ChargedBarrage","floor":14},{"not_picked":["hexamod:InspiringFlames","hexamod:AdvancingGuard"],"picked":"hexamod:EmpoweredFlame","floor":15},{"not_picked":["hexamod:TurnItUp","hexamod:ForkedFlame"],"picked":"hexamod:HexaLevel","floor":16},{"not_picked":["hexamod:ThermalTransfer","hexamod:Firestarter"],"picked":"hexamod:FastForward","floor":19},{"not_picked":["hexamod:CatchUp","hexamod:EtherealExpedition","hexamod:FourthSeal"],"picked":"SKIP","floor":20},{"not_picked":["hexamod:PhantomCloak","hexamod:BurningTouch","hexamod:DynamicBlow+1"],"picked":"SKIP","floor":21},{"not_picked":["hexamod:Again","hexamod:GhostShield"],"picked":"hexamod:SecondSeal","floor":22},{"not_picked":["hexamod:ThermalTransfer","hexamod:FlamesFromBeyond"],"picked":"hexamod:FirstSeal","floor":23},{"not_picked":["hexamod:GhostOfSpirePresent","hexamod:BurningTouch"],"picked":"hexamod:Hexaguard","floor":25},{"not_picked":["hexamod:PhantomFireball","hexamod:FirstSeal","hexamod:NightmareGuise"],"picked":"SKIP","floor":26},{"not_picked":["hexamod:FirstSeal","hexamod:InspiringFlames","hexamod:GhostLash+1"],"picked":"SKIP","floor":28},{"not_picked":["hexamod:GhostOfSpirePast","hexamod:SpectralSpark","hexamod:SpectersWail"],"picked":"SKIP","floor":29},{"not_picked":["hexamod:HauntingEcho","hexamod:InspiringFlames"],"picked":"hexamod:RadiantFlame","floor":30}],"player_experience":343057,"relics_obtained":[{"floor":7,"key":"Lizard Tail"},{"floor":8,"key":"Pantograph"},{"floor":12,"key":"Torii"},{"floor":14,"key":"Pear"},{"floor":24,"key":"Orichalcum"},{"floor":30,"key":"White Beast Statue"}],"event_choices":[{"cards_removed":["hexamod:Strike"],"damage_healed":0,"gold_gain":0,"player_choice":"Card Removal","damage_taken":0,"max_hp_gain":0,"max_hp_loss":0,"event_name":"The Cleric","floor":4,"gold_loss":0}],"is_beta":false,"boss_relics":[{"not_picked":["hexamod:IceCube","Calling Bell"],"picked":"Astrolabe"}],"items_purged_floors":[3,21],"is_endless":false,"potions_floor_spawned":[11,12,13,14,16,19,23,25,26],"killed_by":"Gremlin Leader","ascension_level":0}}