{"host":"cjhtzh7tp54jdfyv","time":1610810305,"event":{"mods":["AchievementEnabler","BaseMod","Colored Map","Colored Powertips","Curses Come First","DeckTracker","Filter the Spire","Minty Spire (QoL Compilation)","RNG Fix","Relic Sorter","Relic Stats","StSLib","UnlockEverythingMod","ojb\u0027s Better Paths Mod","ojb\u0027s Info Mod"],"gold_per_floor":[35,91,126,186,23,49,49,105,105,145,180,207,207,172,172,271,271,365,408,408,388,388,419,419,432,487,268,307,307,307,363,363,363,363],"floor_reached":33,"language":"ENG","playtime":3328,"items_purged":["Strike_G"],"score":610,"play_id":"fdd5288c-646d-4173-b7e9-6c1b1330e2fe","local_time":"20210116101825","is_ascension_mode":true,"campfire_choices":[{"data":"HandOfGreed","floor":7.0,"key":"SMITH"},{"data":"Blade Dance","floor":15.0,"key":"SMITH"},{"data":"RitualDagger","floor":24.0,"key":"SMITH"},{"data":"Phantasmal Killer","floor":30.0,"key":"SMITH"},{"floor":32.0,"key":"REST"}],"circlet_count":0,"master_deck":["AscendersBane","Strike_G","Strike_G","Strike_G","Strike_G","Defend_G","Defend_G","Defend_G","Defend_G","Defend_G","Survivor","Neutralize","HandOfGreed+1","Underhanded Strike","Blade Dance+1","Backflip","Terror","Slice","Finisher","Acrobatics","Phantasmal Killer+1","Dodge and Roll+1","RitualDagger+1","PiercingWail"],"relics":["Ring of the Snake","Anchor","InkBottle","White Beast Statue","Frozen Egg 2","Smiling Mask","Runic Pyramid","Prayer Wheel","Art of War","TheAbacus","Happy Flower"],"acts_visited":["Exordium","TheCity"],"potions_floor_usage":[],"damage_taken":[{"damage":9.0,"enemies":"Jaw Worm","floor":1.0,"turns":6.0},{"damage":6.0,"enemies":"2 Louse","floor":2.0,"turns":4.0},{"damage":1.0,"enemies":"Small Slimes","floor":3.0,"turns":3.0},{"damage":2.0,"enemies":"2 Fungi Beasts","floor":4.0,"turns":4.0},{"damage":24.0,"enemies":"Lagavulin","floor":6.0,"turns":8.0},{"damage":4.0,"enemies":"3 Sentries","floor":8.0,"turns":8.0},{"damage":0.0,"enemies":"Large Slime","floor":10.0,"turns":5.0},{"damage":1.0,"enemies":"Looter","floor":11.0,"turns":3.0},{"damage":2.0,"enemies":"Gremlin Nob","floor":12.0,"turns":3.0},{"damage":6.0,"enemies":"The Guardian","floor":16.0,"turns":11.0},{"damage":0.0,"enemies":"3 Byrds","floor":18.0,"turns":10.0},{"damage":17.0,"enemies":"Chosen","floor":19.0,"turns":5.0},{"damage":30.0,"enemies":"Book of Stabbing","floor":23.0,"turns":5.0},{"damage":0.0,"enemies":"Snake Plant","floor":25.0,"turns":4.0},{"damage":22.0,"enemies":"Sentry and Sphere","floor":28.0,"turns":7.0},{"damage":12.0,"enemies":"Slavers","floor":31.0,"turns":8.0},{"damage":23,"enemies":"Champ","floor":33,"turns":7}],"seed_played":"3288305855427370202","potions_obtained":[{"floor":1.0,"key":"SkillPotion"},{"floor":4.0,"key":"Dexterity Potion"},{"floor":10.0,"key":"PowerPotion"},{"floor":11.0,"key":"ColorlessPotion"},{"floor":12.0,"key":"FearPotion"},{"floor":13.0,"key":"Fruit Juice"},{"floor":13.0,"key":"Dexterity Potion"},{"floor":16.0,"key":"SpeedPotion"},{"floor":18.0,"key":"Regen Potion"},{"floor":23.0,"key":"Dexterity Potion"},{"floor":25.0,"key":"Regen Potion"},{"floor":28.0,"key":"ColorlessPotion"},{"floor":31.0,"key":"Poison Potion"}],"is_trial":false,"path_per_floor":["M","M","M","M","$","E","R","E","T","M","M","E","?","?","R","B",null,"M","M","?","?","?","E","R","M","T","$","M","T","R","E","R","B"],"character_chosen":"THE_SILENT","items_purchased":["Anchor","TheAbacus"],"campfire_rested":1,"item_purchase_floors":[5,27],"current_hp_per_floor":[50,44,43,41,41,17,17,13,13,13,12,10,15,32,32,26,60,60,43,37,37,37,21,21,21,21,21,14,14,14,2,23,0,0],"gold":363,"neow_bonus":"RANDOM_COLORLESS_2","is_daily":false,"chose_seed":false,"campfire_upgraded":4,"win_rate":0.0,"timestamp":1610810305,"path_taken":["M","M","M","M","?","E","R","E","T","M","M","E","?","?","R","BOSS","M","M","?","?","?","E","R","M","T","$","M","?","R","E","R","BOSS"],"items_purchased_type":["Relic","Relic"],"build_version":"2020-12-22","purchased_purges":1,"victory":false,"max_hp_per_floor":[66,66,66,66,66,66,66,66,66,66,66,66,71,71,71,71,71,71,71,71,71,71,71,71,71,71,71,71,71,71,71,71,71,71],"relic_stats":{"TheAbacus":[24],"Happy Flower":[2],"counters":[17,101],"Prayer Wheel":2,"Art of War":[6],"Smiling Mask":25,"obtain_stats":[{"Anchor":5,"TheAbacus":27,"Happy Flower":31,"Prayer Wheel":23,"Art of War":26,"Frozen Egg 2":9,"Smiling Mask":12,"InkBottle":6,"White Beast Statue":8,"Ring of the Snake":0,"Runic Pyramid":17},{"Anchor":4,"TheAbacus":14,"Happy Flower":16,"Prayer Wheel":13,"Art of War":14,"Frozen Egg 2":6,"Smiling Mask":9,"InkBottle":5,"White Beast Statue":6,"Ring of the Snake":0,"Runic Pyramid":10},{"Anchor":17,"TheAbacus":79,"Happy Flower":94,"Prayer Wheel":75,"Art of War":79,"Frozen Egg 2":33,"Smiling Mask":44,"InkBottle":25,"White Beast Statue":33,"Ring of the Snake":0,"Runic Pyramid":55}],"InkBottle":[28],"Ring of the Snake":[34]},"card_choices":[{"not_picked":["Magnetism","Transmutation"],"picked":"HandOfGreed","floor":0.0},{"not_picked":["Blur","Prepared"],"picked":"Underhanded Strike","floor":1.0},{"not_picked":["Distraction","Grand Finale"],"picked":"Blade Dance","floor":2.0},{"not_picked":["Quick Slash","Prepared"],"picked":"Backflip","floor":3.0},{"not_picked":["Tactician","All Out Attack","Backflip"],"picked":"SKIP","floor":4.0},{"not_picked":["Cloak And Dagger","Blur"],"picked":"Terror","floor":6.0},{"not_picked":["Flying Knee","PiercingWail"],"picked":"Slice","floor":8.0},{"not_picked":["Dagger Spray","Masterful Stab","Quick Slash"],"picked":"SKIP","floor":10.0},{"not_picked":["Deflect","Deadly Poison"],"picked":"Finisher","floor":11.0},{"not_picked":["Quick Slash","Tactician"],"picked":"Acrobatics","floor":12.0},{"not_picked":["Venomology","Malaise"],"picked":"Phantasmal Killer","floor":16.0},{"not_picked":["Dagger Throw","Sucker Punch","Dash"],"picked":"SKIP","floor":18.0},{"not_picked":["Dagger Throw","Catalyst"],"picked":"Dodge and Roll+1","floor":19.0},{"not_picked":["Poisoned Stab","Sucker Punch","Skewer"],"picked":"SKIP","floor":23.0},{"not_picked":["Crippling Poison","Flying Knee"],"picked":"PiercingWail","floor":25.0},{"not_picked":["Sucker Punch","Quick Slash","Caltrops+1"],"picked":"SKIP","floor":25.0},{"not_picked":["Bouncing Flask+1","Skewer","Expertise"],"picked":"SKIP","floor":28.0},{"not_picked":["Heel Hook","Choke","Dash"],"picked":"SKIP","floor":28.0},{"not_picked":["Deadly Poison","Quick Slash","Skewer"],"picked":"SKIP","floor":31.0}],"player_experience":4377424,"relics_obtained":[{"floor":6.0,"key":"InkBottle"},{"floor":8.0,"key":"White Beast Statue"},{"floor":9.0,"key":"Frozen Egg 2"},{"floor":12.0,"key":"Smiling Mask"},{"floor":23.0,"key":"Prayer Wheel"},{"floor":26.0,"key":"Art of War"},{"floor":31.0,"key":"Happy Flower"}],"event_choices":[{"damage_healed":0.0,"max_hp_gain":0.0,"max_hp_loss":0.0,"gold_gain":0.0,"event_name":"Lab","player_choice":"Got Potions","floor":13.0,"gold_loss":0.0,"damage_taken":0.0},{"damage_healed":17.0,"max_hp_gain":0.0,"max_hp_loss":0.0,"gold_gain":0.0,"event_name":"The Cleric","player_choice":"Healed","floor":14.0,"gold_loss":35.0,"damage_taken":0.0},{"damage_healed":0.0,"max_hp_gain":0.0,"max_hp_loss":0.0,"gold_gain":0.0,"event_name":"Nest","player_choice":"Joined the Cult","floor":20.0,"gold_loss":0.0,"damage_taken":6.0,"cards_obtained":["RitualDagger"]},{"damage_healed":0.0,"max_hp_gain":0.0,"max_hp_loss":0.0,"gold_gain":0.0,"event_name":"The Woman in Blue","player_choice":"Bought 1 Potion","floor":21.0,"gold_loss":0.0,"damage_taken":0.0},{"damage_healed":0.0,"max_hp_gain":0.0,"max_hp_loss":0.0,"gold_gain":0.0,"event_name":"The Mausoleum","player_choice":"Ignored","floor":22.0,"gold_loss":0.0,"damage_taken":0.0}],"is_beta":false,"boss_relics":[{"not_picked":["WristBlade","HoveringKite"],"picked":"Runic Pyramid"}],"items_purged_floors":[27],"is_endless":false,"potions_floor_spawned":[1,4,10,11,12,16,18,19,23,25,28,31],"killed_by":"Champ","ascension_level":20}}