{"host":"sr8h12zimc8zi8zs","time":1610784423,"event":{"mods":["2.2 Compatiblity","BaseMod","CapriCore","GifTheSpireLib","Minty Spire (QoL Compilation)","Permanent Neow","Replay The Spire","StSLib"],"gold_per_floor":[12,12,112,128,146,146,161,181,206,50,50,62,73,92,92,194,194,212,224,240,256,27,27,27,27],"floor_reached":24,"language":"KOR","playtime":1664,"items_purged":["Strike_R"],"score":194,"play_id":"ba82c69c-f7c7-4fd2-a37c-011d667e803e","local_time":"20210116170703","is_ascension_mode":false,"campfire_choices":[{"floor":6,"key":"RECALL"},{"data":"ReplayTheSpireMod:Limb From Limb","floor":11,"key":"SMITH"},{"data":"Intimidate","floor":15,"key":"SMITH"},{"floor":23,"key":"REST"}],"circlet_count":0,"master_deck":["Strike_R","Strike_R+1","Defend_R","Defend_R","Defend_R","Defend_R","Bash","Twin Strike+1","Headbutt","Blood for Blood","Clash","ReplayTheSpireMod:Limb From Limb+1","Carnage","Intimidate+1","Battle Trance","Berserk","Dark Embrace+1","Hemokinesis+1","Rampage"],"relics":["Burning Blood","HandDrill","Replay:Bronze Core","TheAbacus"],"acts_visited":["Exordium","TheCity"],"potions_floor_usage":[16,19,24],"damage_taken":[{"damage":0,"enemies":"Small Slimes","floor":1,"turns":3},{"damage":0,"enemies":"2 Louse","floor":4,"turns":2},{"damage":0,"enemies":"Cultist","floor":5,"turns":3},{"damage":8,"enemies":"Lots of Slimes","floor":7,"turns":5},{"damage":5,"enemies":"Looter","floor":8,"turns":3},{"damage":0,"enemies":"2 Fungi Beasts","floor":12,"turns":2},{"damage":12,"enemies":"Blue Slaver","floor":13,"turns":3},{"damage":0,"enemies":"Looter","floor":14,"turns":1},{"damage":12,"enemies":"Slime Boss","floor":16,"turns":7},{"damage":0,"enemies":"Spheric Guardian","floor":18,"turns":3},{"damage":4,"enemies":"Shell Parasite","floor":19,"turns":3},{"damage":18,"enemies":"Snake Plant","floor":20,"turns":3},{"damage":41,"enemies":"Sentry and Sphere","floor":21,"turns":6},{"damage":20,"enemies":"Book of Stabbing","floor":24,"turns":5}],"seed_played":"-9170167698994467986","potions_obtained":[{"floor":7,"key":"Milkshake"},{"floor":8,"key":"PowerPotion"},{"floor":13,"key":"Flashbang"},{"floor":16,"key":"Reflective Coating"},{"floor":19,"key":"Ancient Potion"}],"is_trial":false,"path_per_floor":["M","?","?","M","M","R","M","M","T","$","R","M","M","M","R","B",null,"M","M","M","M","$","R","E"],"character_chosen":"IRONCLAD","items_purchased":["HandDrill","TheAbacus"],"campfire_rested":1,"item_purchase_floors":[10,22],"current_hp_per_floor":[80,64,64,70,76,76,74,75,75,75,75,80,74,80,80,74,80,80,80,68,33,33,57,37,37],"gold":27,"neow_bonus":"REMOVE_TWO","is_daily":false,"chose_seed":false,"campfire_upgraded":2,"win_rate":0.0,"timestamp":1610784423,"path_taken":["M","?","?","M","M","R","M","M","T","$","R","?","M","M","R","BOSS","M","?","M","M","$","R","E"],"items_purchased_type":["Relic","Relic"],"build_version":"2020-12-22","purchased_purges":1,"victory":false,"max_hp_per_floor":[80,80,80,80,80,80,80,80,80,80,80,80,80,80,80,80,80,80,80,80,80,80,80,80,80],"card_choices":[{"not_picked":["Run Through","Cleave"],"picked":"Twin Strike","floor":1},{"not_picked":["Body Slam","Run Through"],"picked":"Headbutt","floor":4},{"not_picked":["Spot Weakness","Hemokinesis"],"picked":"Blood for Blood","floor":5},{"not_picked":["Defy Death","Flex"],"picked":"Clash","floor":7},{"not_picked":["Spot Weakness","Defy Death"],"picked":"ReplayTheSpireMod:Limb From Limb","floor":8},{"not_picked":["Havoc","Cleave"],"picked":"Carnage","floor":12},{"not_picked":["Twin Strike","Replay:Undeath\u0027s Touch"],"picked":"Intimidate","floor":13},{"not_picked":["Blood for Blood","Searing Blow"],"picked":"Battle Trance","floor":14},{"not_picked":["Double Tap","Fiend Fire"],"picked":"Berserk","floor":16},{"not_picked":["Cleave","ReplayTheSpireMod:Strike From Hell+1"],"picked":"Dark Embrace+1","floor":18},{"not_picked":["Run Through","Flex"],"picked":"Hemokinesis+1","floor":19},{"not_picked":["Wild Strike","Havoc","Intimidate"],"picked":"SKIP","floor":20},{"not_picked":["Sword Boomerang","ReplayTheSpireMod:Strike From Hell+1"],"picked":"Rampage","floor":21}],"player_experience":118779,"relics_obtained":[],"event_choices":[{"damage_healed":0,"gold_gain":0,"player_choice":"Entered Light","damage_taken":16,"max_hp_gain":0,"max_hp_loss":0,"event_name":"Shining Light","floor":2,"gold_loss":0,"cards_upgraded":["Strike_R","Twin Strike"]},{"damage_healed":0,"gold_gain":100,"player_choice":"Pray","damage_taken":0,"max_hp_gain":0,"max_hp_loss":0,"event_name":"Golden Shrine","floor":3,"gold_loss":0}],"is_beta":false,"boss_relics":[{"not_picked":["Honey Jar","Empty Cage"],"picked":"Replay:Bronze Core"}],"items_purged_floors":[22],"is_endless":false,"potions_floor_spawned":[7,8,13,14,16,19,21],"killed_by":"Book of Stabbing","ascension_level":0}}