{"host":"9n6i2vl93jt4o42q","time":1610841414,"event":{"mods":["BaseMod","Minty Spire (QoL Compilation)","Relic Stats"],"gold_per_floor":[114,264,55,71,86,86,98,98,124,124,149,149,149,167,167,241,241,260,260,93,106,124,151,151,151,151,151,169,169,2,52,52,52,52],"floor_reached":33,"language":"ENG","playtime":2228,"items_purged":["Doubt"],"score":526,"play_id":"94023f77-6ca0-4a83-b690-92ed3c2acb14","local_time":"20210117005654","is_ascension_mode":true,"campfire_choices":[{"data":"Deadly Poison","floor":6,"key":"SMITH"},{"data":"Noxious Fumes","floor":8,"key":"SMITH"},{"data":"Sadistic Nature","floor":10,"key":"SMITH"},{"data":"Neutralize","floor":12,"key":"SMITH"},{"floor":15,"key":"REST"},{"floor":25,"key":"REST"},{"data":"Well Laid Plans","floor":29,"key":"SMITH"},{"data":"Footwork","floor":32,"key":"SMITH"}],"circlet_count":0,"master_deck":["AscendersBane","Strike_G","Strike_G","Strike_G","Strike_G","Strike_G","Defend_G+1","Defend_G","Defend_G","Defend_G","Defend_G","Survivor","Neutralize+1","Sadistic Nature+1","Well Laid Plans+1","PiercingWail","Footwork+1","Crippling Poison+1","Deadly Poison+1","Noxious Fumes+1","Sucker Punch+1","PiercingWail","Adrenaline","Bane+1","Backflip+1","Leg Sweep"],"relics":["Ring of the Snake","Regal Pillow","Juzu Bracelet","Runic Dome","Omamori","Snake Skull","War Paint","Meat on the Bone","WarpedTongs","PreservedInsect"],"acts_visited":["Exordium","TheCity"],"potions_floor_usage":[21],"damage_taken":[{"damage":2.0,"enemies":"Jaw Worm","floor":1.0,"turns":5.0},{"damage":1,"enemies":"2 Louse","floor":4,"turns":3},{"damage":1,"enemies":"Cultist","floor":5,"turns":4},{"damage":3,"enemies":"3 Louse","floor":7,"turns":4},{"damage":6,"enemies":"Gremlin Nob","floor":11,"turns":3},{"damage":14,"enemies":"Red Slaver","floor":14,"turns":4},{"damage":32,"enemies":"Slime Boss","floor":16,"turns":7},{"damage":9,"enemies":"Spheric Guardian","floor":18,"turns":4},{"damage":7,"enemies":"3 Byrds","floor":21,"turns":2},{"damage":0,"enemies":"3 Cultists","floor":22,"turns":3},{"damage":12,"enemies":"Book of Stabbing","floor":23,"turns":6},{"damage":4,"enemies":"Centurion and Healer","floor":28,"turns":4},{"damage":56,"enemies":"Champ","floor":33,"turns":14}],"seed_played":"7156438983064141626","potions_obtained":[{"floor":1.0,"key":"Regen Potion"},{"floor":16,"key":"LiquidBronze"},{"floor":18,"key":"Poison Potion"},{"floor":28,"key":"BlessingOfTheForge"}],"is_trial":false,"path_per_floor":["M","?","$","M","M","R","M","R","T","R","E","R","?","M","R","B",null,"M","?","$","M","M","E","?","R","T","?","M","R","$","?","R","B"],"character_chosen":"THE_SILENT","items_purchased":["PiercingWail","Footwork","Snake Skull","PreservedInsect"],"campfire_rested":2,"item_purchase_floors":[3,3,20,30],"current_hp_per_floor":[42,42,42,41,40,40,37,37,37,37,31,31,31,17,51,19,54,45,45,45,38,38,26,26,60,60,60,56,56,56,56,56,0,0],"gold":52,"neow_bonus":"RANDOM_COLORLESS_2","is_daily":false,"chose_seed":false,"campfire_upgraded":6,"win_rate":0.0,"timestamp":1610841414,"path_taken":["M","?","$","M","M","R","M","R","T","R","E","R","?","M","R","BOSS","M","?","$","M","M","E","?","R","T","?","M","R","?","?","R","BOSS"],"items_purchased_type":["Card","Card","Relic","Relic"],"build_version":"2020-12-22","purchased_purges":1,"victory":false,"max_hp_per_floor":[66,66,66,66,66,66,66,66,66,66,66,66,66,66,66,66,66,66,66,66,66,66,66,66,66,66,66,66,66,66,66,66,66,66],"relic_stats":{"Regal Pillow":30,"counters":[13,63],"Snake Skull":[35],"PreservedInsect":0,"Juzu Bracelet":1,"War Paint":["Crippling Poison","Defend_G"],"obtain_stats":[{"Runic Dome":17,"Regal Pillow":9,"Snake Skull":20,"PreservedInsect":30,"Juzu Bracelet":11,"Omamori":19,"War Paint":23,"Ring of the Snake":0,"Meat on the Bone":26,"WarpedTongs":27},{"Runic Dome":7,"Regal Pillow":4,"Snake Skull":8,"PreservedInsect":12,"Juzu Bracelet":5,"Omamori":8,"War Paint":11,"Ring of the Snake":0,"Meat on the Bone":11,"WarpedTongs":11},{"Runic Dome":30,"Regal Pillow":16,"Snake Skull":34,"PreservedInsect":49,"Juzu Bracelet":19,"Omamori":34,"War Paint":45,"Ring of the Snake":0,"Meat on the Bone":45,"WarpedTongs":45}],"Ring of the Snake":[26],"Meat on the Bone":0,"WarpedTongs":[15]},"card_choices":[{"not_picked":["Panache","HandOfGreed"],"picked":"Sadistic Nature","floor":0.0},{"not_picked":["Riddle With Holes","Infinite Blades"],"picked":"Well Laid Plans","floor":1.0},{"not_picked":["Concentrate","Endless Agony"],"picked":"Crippling Poison","floor":4},{"not_picked":["Cloak And Dagger","Bane"],"picked":"Deadly Poison","floor":5},{"not_picked":["PiercingWail","Cloak And Dagger"],"picked":"Noxious Fumes","floor":7},{"not_picked":["Dodge and Roll","Dagger Spray"],"picked":"Sucker Punch","floor":11},{"not_picked":["All Out Attack","Cloak And Dagger"],"picked":"PiercingWail","floor":14},{"not_picked":["Unload","Envenom"],"picked":"Adrenaline","floor":16},{"not_picked":["Poisoned Stab","Flying Knee"],"picked":"Bane+1","floor":18},{"not_picked":["Dash","Underhanded Strike"],"picked":"Backflip+1","floor":21},{"not_picked":["Heel Hook","Poisoned Stab"],"picked":"Leg Sweep","floor":22},{"not_picked":["Infinite Blades","Distraction","Cloak And Dagger+1"],"picked":"SKIP","floor":23},{"not_picked":["Sucker Punch","Flying Knee","Dagger Spray"],"picked":"SKIP","floor":28}],"player_experience":2085387,"relics_obtained":[{"floor":9,"key":"Regal Pillow"},{"floor":11,"key":"Juzu Bracelet"},{"floor":23,"key":"War Paint"},{"floor":26,"key":"Meat on the Bone"}],"event_choices":[{"damage_healed":0.0,"max_hp_gain":0.0,"max_hp_loss":0.0,"gold_gain":150.0,"event_name":"Liars Game","player_choice":"AGREE","floor":2.0,"gold_loss":0.0,"damage_taken":0.0,"cards_obtained":["Doubt"]},{"damage_healed":0,"gold_gain":0,"player_choice":"Upgraded","damage_taken":0,"max_hp_gain":0,"max_hp_loss":0,"event_name":"Upgrade Shrine","floor":13,"gold_loss":0,"cards_upgraded":["Sucker Punch"]},{"damage_healed":0,"gold_gain":0,"player_choice":"Opened","damage_taken":0,"relics_obtained":["Omamori"],"max_hp_gain":0,"max_hp_loss":0,"event_name":"The Mausoleum","floor":19,"gold_loss":0,"cards_obtained":["Writhe"]},{"cards_removed":["Writhe"],"damage_healed":0,"gold_gain":0,"player_choice":"Purged","damage_taken":0,"max_hp_gain":0,"max_hp_loss":0,"event_name":"Purifier","floor":24,"gold_loss":0},{"damage_healed":0,"gold_gain":0,"player_choice":"Rummage","damage_taken":0,"relics_obtained":["WarpedTongs"],"max_hp_gain":0,"max_hp_loss":0,"event_name":"Accursed Blacksmith","floor":27,"gold_loss":0,"cards_obtained":["Pain"]},{"damage_healed":0,"gold_gain":50,"player_choice":"Stole From Cult","damage_taken":0,"max_hp_gain":0,"max_hp_loss":0,"event_name":"Nest","floor":31,"gold_loss":0}],"is_beta":false,"boss_relics":[{"not_picked":["Calling Bell","Black Star"],"picked":"Runic Dome"}],"items_purged_floors":[3],"is_endless":false,"potions_floor_spawned":[1,16,18,28],"killed_by":"Champ","ascension_level":20}}