{"host":"7qoz5gmva6til3yp","time":1610790644,"event":{"mods":["AchievementEnabler","BaseMod","Minty Spire (QoL Compilation)","StSLib","SuperFastMode"],"gold_per_floor":[110,120,45,55,69,94,94,123,123,136,136,153,167,167,167,264,264,279,279,295,210,29,29,29,29],"floor_reached":24,"language":"KOR","playtime":575,"items_purged":["Defend_P","Strike_P"],"score":368,"play_id":"c04a4083-4fda-4b17-bdf9-5fce8f808ad8","local_time":"20210116185044","is_ascension_mode":true,"campfire_choices":[{"floor":11.0,"key":"REST"},{"floor":15.0,"key":"REST"},{"data":"Vault","floor":23,"key":"SMITH"}],"circlet_count":0,"master_deck":["Strike_P","Strike_P","Strike_P","Defend_P","Defend_P","Defend_P","Eruption+1","Vigilance","InnerPeace","EmptyBody","TalkToTheHand","Ragnarok","WreathOfFlame","EmptyFist","Vault+1","Adaptation"],"relics":["PureWater","Bottled Lightning","PreservedInsect","Darkstone Periapt","Runic Pyramid","Incense Burner"],"acts_visited":["Exordium","TheCity"],"potions_floor_usage":[16,18,20,24],"damage_taken":[{"damage":7.0,"enemies":"Small Slimes","floor":1.0,"turns":3.0},{"damage":6.0,"enemies":"Cultist","floor":2.0,"turns":5.0},{"damage":0.0,"enemies":"2 Louse","floor":4.0,"turns":5.0},{"damage":2.0,"enemies":"Looter","floor":5.0,"turns":3.0},{"damage":39.0,"enemies":"3 Sentries","floor":6.0,"turns":10.0},{"damage":0.0,"enemies":"Lagavulin","floor":8.0,"turns":3.0},{"damage":0.0,"enemies":"2 Fungi Beasts","floor":10.0,"turns":3.0},{"damage":14.0,"enemies":"Exordium Wildlife","floor":12.0,"turns":2.0},{"damage":0.0,"enemies":"Looter","floor":13.0,"turns":3.0},{"damage":0,"enemies":"Slime Boss","floor":16,"turns":3},{"damage":17,"enemies":"Spheric Guardian","floor":18,"turns":5},{"damage":18,"enemies":"3 Byrds","floor":20,"turns":5},{"damage":26,"enemies":"Slavers","floor":24,"turns":4}],"seed_played":"-243881016694827638","potions_obtained":[{"floor":1.0,"key":"FearPotion"},{"floor":8.0,"key":"AttackPotion"},{"floor":12.0,"key":"Swift Potion"},{"floor":13.0,"key":"AttackPotion"},{"floor":16,"key":"PowerPotion"},{"floor":18,"key":"Swift Potion"}],"is_trial":false,"path_per_floor":["M","M","$","M","M","E","?","E","T","M","R","M","M","?","R","B",null,"M","?","M","?","$","R","E"],"character_chosen":"WATCHER","items_purchased":["Adaptation"],"campfire_rested":2,"item_purchase_floors":[22],"current_hp_per_floor":[58,52,52,52,50,11,4,4,4,4,25,11,11,16,39,39,68,51,37,19,19,19,19,0,0],"gold":29,"neow_bonus":"UPGRADE_CARD","is_daily":false,"chose_seed":false,"campfire_upgraded":1,"win_rate":0.0,"timestamp":1610790644,"path_taken":["M","M","$","M","M","E","?","E","T","M","R","M","?","?","R","BOSS","M","?","M","?","?","R","E"],"items_purchased_type":["Card"],"build_version":"2020-12-22","purchased_purges":2,"victory":false,"max_hp_per_floor":[72,72,72,72,72,72,72,72,72,72,72,72,72,77,77,77,77,77,82,82,82,82,82,82,82],"card_choices":[{"not_picked":["Perseverance","FlyingSleeves"],"picked":"InnerPeace","floor":1.0},{"not_picked":["BowlingBash","Consecrate"],"picked":"EmptyBody","floor":2.0},{"not_picked":["FlurryOfBlows","DeceiveReality"],"picked":"TalkToTheHand","floor":4.0},{"not_picked":["BowlingBash","PathToVictory","Wireheading"],"picked":"SKIP","floor":5.0},{"not_picked":["JustLucky","ClearTheMind"],"picked":"Ragnarok","floor":6.0},{"not_picked":["Consecrate","BowlingBash"],"picked":"WreathOfFlame","floor":8.0},{"not_picked":["SandsOfTime","JustLucky","Crescendo"],"picked":"SKIP","floor":10.0},{"not_picked":["Crescendo","JustLucky","InnerPeace"],"picked":"SKIP","floor":12.0},{"not_picked":["Crescendo","CutThroughFate"],"picked":"EmptyFist","floor":13.0},{"not_picked":["Wish","MasterReality"],"picked":"Vault","floor":16},{"not_picked":["Prostrate+1","SashWhip","ThirdEye"],"picked":"SKIP","floor":18},{"not_picked":["Evaluate","ThirdEye","Prostrate"],"picked":"SKIP","floor":20}],"player_experience":363344,"relics_obtained":[{"floor":6.0,"key":"Bottled Lightning"},{"floor":8.0,"key":"PreservedInsect"},{"floor":9.0,"key":"Darkstone Periapt"}],"event_choices":[{"damage_healed":0.0,"max_hp_gain":0.0,"max_hp_loss":0.0,"gold_gain":0.0,"event_name":"Wheel of Change","player_choice":"Damaged","floor":7.0,"gold_loss":0.0,"damage_taken":7.0},{"damage_healed":0.0,"max_hp_gain":5.0,"max_hp_loss":0.0,"gold_gain":0.0,"event_name":"Big Fish","player_choice":"Donut","floor":14.0,"gold_loss":0.0,"damage_taken":0.0},{"damage_healed":0,"gold_gain":0,"player_choice":"Shed Blood","damage_taken":19,"max_hp_gain":5,"max_hp_loss":0,"event_name":"Forgotten Altar","floor":19,"gold_loss":0},{"damage_healed":0,"gold_gain":0,"player_choice":"Obtained Relic","damage_taken":0,"relics_obtained":["Incense Burner"],"max_hp_gain":0,"max_hp_loss":0,"event_name":"Addict","floor":21,"gold_loss":85}],"is_beta":false,"boss_relics":[{"not_picked":["Black Star","SlaversCollar"],"picked":"Runic Pyramid"}],"items_purged_floors":[3,22],"is_endless":false,"potions_floor_spawned":[1,8,12,13,16,18],"killed_by":"Slavers","ascension_level":6}}