{"host":"swn8ychr123rw3gf","time":1610812570,"event":{"mods":["BaseMod","Minty Spire (QoL Compilation)","StSLib"],"gold_per_floor":[14,26,43,54,66,66,79,108,108,140,158,169,180,105,105,181,181,194,194,119,133,133,133],"floor_reached":22,"language":"ZHS","playtime":1004,"items_purged":["Strike_P"],"score":479,"play_id":"6d5300ab-aa6b-4bf8-9d43-312047885405","local_time":"20210116235610","is_ascension_mode":true,"campfire_choices":[{"data":"Eruption","floor":6.0,"key":"SMITH"},{"data":"1","floor":15.0,"key":"LIFT"}],"circlet_count":0,"master_deck":["AscendersBane","Strike_P","Strike_P","Defend_P","Defend_P","Eruption+1","Vigilance","Weave","TalkToTheHand","EmptyFist","Sanctity","SashWhip+1","Evaluate","Scrawl+1","FearNoEvil","Protect","Wireheading","Prostrate","Wallop","LessonLearned","Crescendo","CutThroughFate+1"],"relics":["PureWater","Pen Nib","Girya","Pocketwatch","Black Star"],"acts_visited":["Exordium","TheCity"],"potions_floor_usage":[21],"damage_taken":[{"damage":0.0,"enemies":"Cultist","floor":1.0,"turns":2.0},{"damage":0.0,"enemies":"Small Slimes","floor":2.0,"turns":2.0},{"damage":0.0,"enemies":"2 Louse","floor":3.0,"turns":3.0},{"damage":7.0,"enemies":"Exordium Wildlife","floor":4.0,"turns":3.0},{"damage":6.0,"enemies":"3 Louse","floor":5.0,"turns":3.0},{"damage":5.0,"enemies":"2 Fungi Beasts","floor":7.0,"turns":3.0},{"damage":8.0,"enemies":"Gremlin Nob","floor":8.0,"turns":3.0},{"damage":2.0,"enemies":"Lagavulin","floor":10.0,"turns":5.0},{"damage":0.0,"enemies":"Lots of Slimes","floor":11.0,"turns":2.0},{"damage":3.0,"enemies":"Looter","floor":12.0,"turns":2.0},{"damage":0.0,"enemies":"Exordium Thugs","floor":13.0,"turns":4.0},{"damage":0.0,"enemies":"Slime Boss","floor":16.0,"turns":5.0},{"damage":10.0,"enemies":"Spheric Guardian","floor":18.0,"turns":4.0},{"damage":15,"enemies":"2 Thieves","floor":21,"turns":3},{"damage":48,"enemies":"Cultist and Chosen","floor":22,"turns":3}],"seed_played":"-6830744123474352526","potions_obtained":[{"floor":1.0,"key":"StancePotion"},{"floor":3.0,"key":"SneckoOil"},{"floor":5.0,"key":"LiquidMemories"},{"floor":10.0,"key":"Explosive Potion"},{"floor":11.0,"key":"Weak Potion"},{"floor":13.0,"key":"GamblersBrew"}],"is_trial":false,"path_per_floor":["M","M","M","M","M","R","M","E","T","E","M","M","M","?","R","B",null,"M","?","$","M","M"],"character_chosen":"WATCHER","items_purchased":[],"campfire_rested":0,"item_purchase_floors":[],"current_hp_per_floor":[61,61,61,54,48,48,43,35,35,33,33,30,30,30,30,30,59,49,49,49,34,0,0],"gold":133,"neow_bonus":"TRANSFORM_TWO_CARDS","is_daily":false,"chose_seed":false,"campfire_upgraded":1,"win_rate":0.0,"timestamp":1610812570,"path_taken":["M","?","M","M","M","R","M","E","T","E","M","M","M","?","R","BOSS","M","?","?","M","M"],"items_purchased_type":[],"build_version":"2020-12-22","purchased_purges":1,"victory":false,"max_hp_per_floor":[68,68,68,68,68,68,68,68,68,68,68,68,68,68,68,68,68,68,68,68,68,68,68],"card_choices":[{"not_picked":["CutThroughFate","CarveReality"],"picked":"EmptyFist","floor":1.0},{"not_picked":["FlurryOfBlows","InnerPeace"],"picked":"Sanctity","floor":2.0},{"not_picked":["Pray","DeceiveReality"],"picked":"SashWhip","floor":3.0},{"not_picked":["ClearTheMind","WaveOfTheHand"],"picked":"Evaluate","floor":4.0},{"not_picked":["FlurryOfBlows","FlyingSleeves"],"picked":"Scrawl","floor":5.0},{"not_picked":["Study","EmptyFist"],"picked":"FearNoEvil","floor":7.0},{"not_picked":["PathToVictory","Consecrate"],"picked":"Protect","floor":8.0},{"not_picked":["Crescendo","Consecrate"],"picked":"Wireheading","floor":10.0},{"not_picked":["CrushJoints","Crescendo"],"picked":"Prostrate","floor":11.0},{"not_picked":["Pray","WindmillStrike"],"picked":"Wallop","floor":12.0},{"not_picked":["JustLucky","ClearTheMind","Protect"],"picked":"SKIP","floor":13.0},{"not_picked":["Omniscience","SpiritShield"],"picked":"LessonLearned","floor":16.0},{"not_picked":["SashWhip","Wallop"],"picked":"Crescendo","floor":18.0},{"not_picked":["EmptyBody","Evaluate"],"picked":"CutThroughFate+1","floor":21}],"player_experience":430517,"relics_obtained":[{"floor":8.0,"key":"Pen Nib"},{"floor":9.0,"key":"Girya"},{"floor":10.0,"key":"Pocketwatch"}],"event_choices":[{"cards_removed":["Defend_P"],"damage_healed":0.0,"max_hp_gain":0.0,"max_hp_loss":0.0,"gold_gain":0.0,"event_name":"The Cleric","player_choice":"Card Removal","floor":14.0,"gold_loss":75.0,"damage_taken":0.0},{"damage_healed":0,"gold_gain":0,"player_choice":"0 cards matched","damage_taken":0,"max_hp_gain":0,"max_hp_loss":0,"event_name":"Match and Keep!","floor":19,"gold_loss":0,"cards_obtained":[]}],"is_beta":false,"boss_relics":[{"not_picked":["VioletLotus","Pandora\u0027s Box"],"picked":"Black Star"}],"items_purged_floors":[20],"is_endless":false,"potions_floor_spawned":[1,3,5,10,11,13,16],"killed_by":"Cultist and Chosen","ascension_level":18}}