{"host":"j36qkj20jqndbw01","time":1610758497,"event":{"mods":["AchievementEnabler","BaseMod","Colored Map","DeckTracker","Highlight Path","Keyboard Shortcuts","Minty Spire (QoL Compilation)","Quick Restart","Relic Stats","StSLib","SuperFastMode","everything is the same but u backflip on backflip"],"gold_per_floor":[116,128,146,159,173,173,205,219,245,245,271,271,271,300,300,373,373,390,148,160,173,98,98,118,152,179,179,179],"floor_reached":27,"language":"KOR","playtime":1117,"items_purged":["Strike_B"],"score":513,"play_id":"11ef72bd-dfd4-4138-85f1-2e650ccb9723","local_time":"20210116095457","is_ascension_mode":true,"campfire_choices":[{"data":"Static Discharge","floor":6.0,"key":"SMITH"},{"data":"Self Repair","floor":10,"key":"SMITH"},{"floor":12,"key":"REST"},{"data":"Blizzard","floor":15,"key":"SMITH"},{"data":"Coolheaded","floor":23,"key":"SMITH"}],"circlet_count":0,"master_deck":["AscendersBane","Strike_B","Strike_B","Defend_B","Defend_B","Defend_B","Defend_B","Zap+1","Dualcast","Static Discharge+1","Sweeping Beam","Rip and Tear","Self Repair+1","Glacier","Blizzard+1","Conserve Battery","BootSequence","Electrodynamics","Coolheaded+1","Evolve+1","Sanctity"],"relics":["Cracked Core","Bottled Flame","Regal Pillow","Odd Mushroom","Bronze Scales","Snecko Eye","PrismaticShard","Smiling Mask"],"acts_visited":["Exordium","TheCity"],"potions_floor_usage":[25],"damage_taken":[{"damage":12.0,"enemies":"Jaw Worm","floor":1.0,"turns":3.0},{"damage":7.0,"enemies":"Cultist","floor":2.0,"turns":4.0},{"damage":0.0,"enemies":"2 Louse","floor":3.0,"turns":3.0},{"damage":12.0,"enemies":"2 Fungi Beasts","floor":4.0,"turns":4.0},{"damage":21.0,"enemies":"3 Louse","floor":5.0,"turns":3.0},{"damage":0.0,"enemies":"Gremlin Nob","floor":7.0,"turns":3.0},{"damage":11,"enemies":"Large Slime","floor":8,"turns":5},{"damage":24,"enemies":"The Mushroom Lair","floor":11,"turns":3},{"damage":38,"enemies":"Lagavulin","floor":14,"turns":8},{"damage":19,"enemies":"Hexaghost","floor":16,"turns":11},{"damage":18,"enemies":"Chosen","floor":18,"turns":6},{"damage":17,"enemies":"Shell Parasite","floor":20,"turns":3},{"damage":9,"enemies":"Snake Plant","floor":21,"turns":4},{"damage":7,"enemies":"Snecko","floor":24,"turns":7},{"damage":28,"enemies":"Slavers","floor":25,"turns":3},{"damage":49,"enemies":"Book of Stabbing","floor":27,"turns":6}],"seed_played":"-8089651202400515509","potions_obtained":[{"floor":1.0,"key":"Block Potion"},{"floor":2.0,"key":"DuplicationPotion"},{"floor":4.0,"key":"Fire Potion"},{"floor":5.0,"key":"EntropicBrew"},{"floor":11,"key":"Explosive Potion"}],"is_trial":false,"path_per_floor":["M","M","M","M","M","R","E","M","T","R","?","R","?","E","R","B",null,"M","$","M","M","?","R","M","E","T","E"],"character_chosen":"DEFECT","items_purchased":["PrismaticShard"],"campfire_rested":1,"item_purchase_floors":[19],"current_hp_per_floor":[59,52,52,40,26,26,33,29,29,29,15,53,53,25,25,16,63,55,55,48,49,49,49,52,34,34,0,0],"gold":179,"neow_bonus":"TEN_PERCENT_HP_BONUS","is_daily":false,"chose_seed":false,"campfire_upgraded":4,"win_rate":0.0,"timestamp":1610758497,"path_taken":["M","M","M","M","M","R","E","M","T","R","?","R","?","E","R","BOSS","M","$","M","M","?","R","M","E","T","E"],"items_purchased_type":["Relic"],"build_version":"2020-12-22","purchased_purges":1,"victory":false,"max_hp_per_floor":[78,78,78,78,78,78,78,78,78,78,78,78,78,78,78,78,78,78,78,78,78,78,78,78,78,78,78,78],"relic_stats":{"Regal Pillow":15,"counters":[16,76],"Bronze Scales":[192],"Snecko Eye":[49,61,56,42],"Smiling Mask":0,"obtain_stats":[{"Bottled Flame":7,"Regal Pillow":9,"Bronze Scales":14,"Snecko Eye":17,"Odd Mushroom":11,"Cracked Core":0,"PrismaticShard":19,"Smiling Mask":25},{"Bottled Flame":6,"Regal Pillow":7,"Bronze Scales":9,"Snecko Eye":10,"Odd Mushroom":8,"Cracked Core":0,"PrismaticShard":11,"Smiling Mask":15},{"Bottled Flame":20,"Regal Pillow":25,"Bronze Scales":36,"Snecko Eye":47,"Odd Mushroom":28,"Cracked Core":0,"PrismaticShard":53,"Smiling Mask":70}]},"card_choices":[{"not_picked":["Stack","Force Field"],"picked":"Static Discharge","floor":1.0},{"not_picked":["Reprogram","Steam"],"picked":"Sweeping Beam","floor":2.0},{"not_picked":["Barrage","Conserve Battery"],"picked":"Rip and Tear","floor":3.0},{"not_picked":["Fusion","Rebound"],"picked":"Self Repair","floor":4.0},{"not_picked":["Turbo","Conserve Battery"],"picked":"Glacier","floor":5.0},{"not_picked":["Stack","Lockon"],"picked":"Blizzard","floor":7},{"not_picked":["Redo","Stack"],"picked":"Conserve Battery","floor":8},{"not_picked":["Redo","Melter"],"picked":"BootSequence","floor":14},{"not_picked":["Seek","Hyperbeam"],"picked":"Electrodynamics","floor":16},{"not_picked":["Gash","Rebound"],"picked":"Coolheaded","floor":18},{"not_picked":["Clothesline","Steam"],"picked":"Evolve+1","floor":20},{"not_picked":["Thunderclap","Noxious Fumes"],"picked":"Sanctity","floor":21},{"not_picked":["FollowUp","Hologram","Prostrate"],"picked":"SKIP","floor":24},{"not_picked":["Beam Cell","FearNoEvil","Combust+1"],"picked":"SKIP","floor":25}],"player_experience":1738586,"relics_obtained":[{"floor":7,"key":"Bottled Flame"},{"floor":9,"key":"Regal Pillow"},{"floor":11,"key":"Odd Mushroom"},{"floor":14,"key":"Bronze Scales"},{"floor":25,"key":"Smiling Mask"}],"event_choices":[{"damage_healed":0,"gold_gain":0,"player_choice":"Fought Mushrooms","damage_taken":0,"max_hp_gain":0,"max_hp_loss":0,"event_name":"Mushrooms","floor":11,"gold_loss":0},{"damage_healed":0,"gold_gain":0,"player_choice":"Forge","damage_taken":0,"max_hp_gain":0,"max_hp_loss":0,"event_name":"Accursed Blacksmith","floor":13,"gold_loss":0,"cards_upgraded":["Zap"]},{"cards_removed":["Strike_B"],"damage_healed":0,"gold_gain":0,"player_choice":"Gave Gold","damage_taken":0,"max_hp_gain":0,"max_hp_loss":0,"event_name":"Beggar","floor":22,"gold_loss":75}],"is_beta":false,"boss_relics":[{"not_picked":["Busted Crown","Cursed Key"],"picked":"Snecko Eye"}],"items_purged_floors":[19],"is_endless":false,"potions_floor_spawned":[1,2,4,5,11,14,20,24],"killed_by":"Book of Stabbing","ascension_level":18}}