{"host":"o7j6aatxjwpw1421","time":1610787572,"event":{"mods":["2.2 Compatiblity","AchievementEnabler","BaseMod","Colored Map","DeckTracker","Highlight Path","Keyboard Shortcuts","Minty Spire (QoL Compilation)","Permanent Neow","Quick Restart","StSLib","SuperFastMode","everything is the same but u backflip on backflip"],"gold_per_floor":[362,287,303,303,314,314,314,327,327,327,29,49,49,80,80,181,181,199,31,45,45,63,63,63,63],"floor_reached":24,"language":"KOR","playtime":1052,"items_purged":["Defend_P","Strike_P"],"score":246,"play_id":"f1a583e6-2a9d-4725-89f9-3c29686322d1","local_time":"20210116175932","is_ascension_mode":false,"campfire_choices":[{"data":"Eruption","floor":6.0,"key":"SMITH"},{"data":"Scrawl","floor":10.0,"key":"SMITH"},{"data":"CarveReality","floor":15.0,"key":"SMITH"},{"data":"Adaptation","floor":23,"key":"SMITH"}],"circlet_count":0,"master_deck":["Strike_P","Strike_P","Strike_P+1","Defend_P+1","Defend_P","Defend_P","Eruption+1","Vigilance","BowlingBash","Scrawl+1","SashWhip+1","Evaluate+1","LessonLearned+1","CarveReality+1","Judgement+1","Collect+1","Adaptation+1","Study","Halt+1"],"relics":["PureWater","Juzu Bracelet","Toxic Egg 2","Question Card","VioletLotus"],"acts_visited":["Exordium","TheCity"],"potions_floor_usage":[],"damage_taken":[{"damage":1.0,"enemies":"2 Louse","floor":1.0,"turns":2.0},{"damage":0.0,"enemies":"Cultist","floor":3.0,"turns":2.0},{"damage":0.0,"enemies":"Small Slimes","floor":5.0,"turns":2.0},{"damage":0.0,"enemies":"Blue Slaver","floor":8.0,"turns":2.0},{"damage":0.0,"enemies":"Exordium Thugs","floor":12.0,"turns":4.0},{"damage":25.0,"enemies":"Gremlin Nob","floor":14.0,"turns":3.0},{"damage":0.0,"enemies":"Slime Boss","floor":16.0,"turns":6.0},{"damage":0.0,"enemies":"Spheric Guardian","floor":18.0,"turns":1.0},{"damage":22.0,"enemies":"2 Thieves","floor":20.0,"turns":3.0},{"damage":19,"enemies":"Cultist and Chosen","floor":22,"turns":8},{"damage":4,"enemies":"Gremlin Leader","floor":24,"turns":3}],"seed_played":"4741462656148424625","potions_obtained":[{"floor":1.0,"key":"Weak Potion"},{"floor":8.0,"key":"LiquidMemories"},{"floor":14.0,"key":"GamblersBrew"},{"floor":16.0,"key":"BlessingOfTheForge"},{"floor":18.0,"key":"DuplicationPotion"},{"floor":22,"key":"DuplicationPotion"}],"is_trial":false,"path_per_floor":["M","$","M","?","M","R","?","M","T","R","$","M","?","E","R","B",null,"M","$","M","?","M","R","E"],"character_chosen":"WATCHER","items_purchased":["Toxic Egg 2","Evaluate+1","Adaptation"],"campfire_rested":0,"item_purchase_floors":[11,11,19],"current_hp_per_floor":[64,64,64,64,64,64,51,51,51,51,51,51,51,26,26,26,65,65,65,43,43,24,24,20,20],"gold":63,"neow_bonus":"TWO_FIFTY_GOLD","is_daily":false,"chose_seed":false,"campfire_upgraded":4,"win_rate":0.0,"timestamp":1610787572,"path_taken":["M","$","M","?","?","R","?","M","T","R","$","M","?","E","R","BOSS","M","$","M","?","M","R","E"],"items_purchased_type":["Relic","Card","Card"],"build_version":"2020-12-22","purchased_purges":2,"victory":false,"max_hp_per_floor":[65,65,65,65,65,65,65,65,65,65,65,65,65,65,65,65,65,65,65,65,65,65,65,65,65],"card_choices":[{"not_picked":["Wallop","WindmillStrike","ThirdEye"],"picked":"SKIP","floor":1.0},{"not_picked":["FlyingSleeves","Protect"],"picked":"BowlingBash","floor":3.0},{"not_picked":["Protect","WreathOfFlame"],"picked":"SashWhip","floor":5.0},{"not_picked":["EmptyFist","Perseverance","ReachHeaven"],"picked":"SKIP","floor":8.0},{"not_picked":["Consecrate","ThirdEye+1"],"picked":"LessonLearned","floor":12.0},{"not_picked":["EmptyBody+1","CrushJoints"],"picked":"CarveReality","floor":14.0},{"not_picked":["Blasphemy+1","ConjureBlade+1","Omniscience+1"],"picked":"Judgement+1","floor":16.0},{"not_picked":["Tantrum+1","BattleHymn","FlurryOfBlows+1"],"picked":"Collect+1","floor":18.0},{"not_picked":["Nirvana","BowlingBash+1","Prostrate+1"],"picked":"Study","floor":20.0},{"not_picked":["Worship+1","BowlingBash","Swivel+1"],"picked":"Halt+1","floor":22}],"player_experience":514071,"relics_obtained":[{"floor":9.0,"key":"Juzu Bracelet"},{"floor":14.0,"key":"Question Card"}],"event_choices":[{"damage_healed":0.0,"max_hp_gain":0.0,"max_hp_loss":0.0,"gold_gain":0.0,"event_name":"Match and Keep!","player_choice":"1 cards matched","floor":4.0,"gold_loss":0.0,"damage_taken":0.0,"cards_obtained":["Scrawl"]},{"damage_healed":0.0,"max_hp_gain":0.0,"max_hp_loss":0.0,"gold_gain":0.0,"event_name":"Match and Keep!","player_choice":"1 cards matched","floor":4.0,"gold_loss":0.0,"damage_taken":0.0,"cards_obtained":["Scrawl"]},{"damage_healed":0.0,"max_hp_gain":0.0,"max_hp_loss":0.0,"gold_gain":0.0,"event_name":"Shining Light","player_choice":"Entered Light","floor":7.0,"gold_loss":0.0,"damage_taken":13.0,"cards_upgraded":["Defend_P","SashWhip"]},{"damage_healed":0.0,"max_hp_gain":0.0,"max_hp_loss":0.0,"gold_gain":0.0,"event_name":"The Cleric","player_choice":"Leave","floor":13.0,"gold_loss":0.0,"damage_taken":0.0},{"damage_healed":0.0,"max_hp_gain":0.0,"max_hp_loss":0.0,"gold_gain":0.0,"event_name":"NoteForYourself","player_choice":"Ignored","floor":21.0,"gold_loss":0.0,"damage_taken":0.0}],"is_beta":false,"boss_relics":[{"not_picked":["Busted Crown","Cursed Key"],"picked":"VioletLotus"}],"items_purged_floors":[2,19],"is_endless":false,"potions_floor_spawned":[1,8,14,16,18,22],"killed_by":"Gremlin Leader","ascension_level":0}}