{"host":"5dk97cf2ubw2v967","time":1610758385,"event":{"mods":["BaseMod","Better Altar","Better Vampires","Block Reminder","Colored Powertips","Downfall","Googly Eyes","Highlight Path","Minty Spire (QoL Compilation)","Permanent Neow","Potion Indicator Mod","Quick Restart","Relic Filter","Relic Stats","Say the Spire","Spicy Shops","StSLib","Waifu the Spire","everything is the same but u backflip on backflip"],"gold_per_floor":[118,268,268,282,296,296,338,19,96,21,40,40,74,93,93,179,179,195,215,215,215],"floor_reached":20,"language":"ENG","playtime":990,"items_purged":["Doubt"],"score":368,"play_id":"e95db920-92d7-4b5e-8c2c-1676e504298a","local_time":"20210116005305","is_ascension_mode":true,"campfire_choices":[{"data":"Eviscerate","floor":6,"key":"SMITH"},{"floor":12,"key":"REST"},{"data":"Envenom","floor":15,"key":"SMITH"}],"circlet_count":0,"master_deck":["AscendersBane","Strike_G","Strike_G","Strike_G","Defend_G","Defend_G","Defend_G","Defend_G","Survivor","Neutralize","Eviscerate+1","Dash","Dagger Throw","Concentrate","Eviscerate","Envenom+1","Bane","Envenom","Reflex"],"relics":["Empty Cage","Ice Cream","CeramicFish","Membership Card","The Courier","Juzu Bracelet","Runic Pyramid"],"acts_visited":["Exordium","TheCity"],"potions_floor_usage":[13,14],"damage_taken":[{"damage":1,"enemies":"Small Slimes","floor":1,"turns":4},{"damage":7,"enemies":"Jaw Worm","floor":4,"turns":4},{"damage":4,"enemies":"2 Louse","floor":5,"turns":3},{"damage":36,"enemies":"Lagavulin","floor":7,"turns":9},{"damage":6,"enemies":"Blue Slaver","floor":11,"turns":4},{"damage":3,"enemies":"Gremlin Nob","floor":13,"turns":3},{"damage":0,"enemies":"Large Slime","floor":14,"turns":4},{"damage":8,"enemies":"The Guardian","floor":16,"turns":11},{"damage":27,"enemies":"Shell Parasite","floor":18,"turns":5},{"damage":16,"enemies":"3 Byrds","floor":19,"turns":6},{"damage":53,"enemies":"Sentry and Sphere","floor":20,"turns":7}],"seed_played":"-5910112071595839627","potions_obtained":[{"floor":1,"key":"SmokeBomb"},{"floor":7,"key":"hexamod:SoulburnPotion"},{"floor":13,"key":"SkillPotion"}],"is_trial":false,"path_per_floor":["M","?","T","M","M","R","E","$","T","?","M","R","E","M","R","B",null,"M","M","M"],"character_chosen":"THE_SILENT","items_purchased":["Membership Card","FairyPotion"],"campfire_rested":1,"item_purchase_floors":[8,8],"current_hp_per_floor":[58,58,58,51,47,47,11,11,11,11,5,24,21,21,21,13,53,26,10,0,0],"gold":215,"neow_bonus":"BOSS_RELIC","is_daily":false,"chose_seed":false,"campfire_upgraded":2,"win_rate":0.0,"timestamp":1610758385,"path_taken":["M","?","?","M","M","R","E","$","T","?","M","R","E","M","R","BOSS","M","M","M"],"items_purchased_type":["Relic","Potion"],"build_version":"2020-12-22","purchased_purges":1,"victory":false,"max_hp_per_floor":[66,66,66,66,66,66,66,66,66,66,66,66,66,66,66,66,66,66,66,66,66],"relic_stats":{"counters":[11,60],"CeramicFish":54,"Juzu Bracelet":0,"obtain_stats":[{"Ice Cream":3,"CeramicFish":7,"The Courier":9,"Juzu Bracelet":13,"Membership Card":8,"Empty Cage":0,"Ring of the Snake":0,"Runic Pyramid":17},{"Ice Cream":1,"CeramicFish":4,"The Courier":4,"Juzu Bracelet":6,"Membership Card":4,"Empty Cage":0,"Ring of the Snake":0,"Runic Pyramid":8},{"Ice Cream":4,"CeramicFish":20,"The Courier":20,"Juzu Bracelet":27,"Membership Card":20,"Empty Cage":0,"Ring of the Snake":0,"Runic Pyramid":42}]},"card_choices":[{"not_picked":["Deadly Poison","Dagger Throw"],"picked":"Eviscerate","floor":1},{"not_picked":["Endless Agony","Flying Knee"],"picked":"Dash","floor":4},{"not_picked":["Prepared","Dodge and Roll"],"picked":"Dagger Throw","floor":5},{"not_picked":["Bane","Dodge and Roll"],"picked":"Concentrate","floor":7},{"not_picked":["Bouncing Flask","Leg Sweep"],"picked":"Eviscerate","floor":11},{"not_picked":["PiercingWail","Deadly Poison"],"picked":"Envenom","floor":13},{"not_picked":["Cloak And Dagger","Accuracy"],"picked":"Bane","floor":14},{"not_picked":["Unload","Phantasmal Killer"],"picked":"Envenom","floor":16},{"not_picked":["Deadly Poison","Poisoned Stab","Bane"],"picked":"SKIP","floor":18},{"not_picked":["Escape Plan","Choke+1"],"picked":"Reflex","floor":19}],"player_experience":1165608,"relics_obtained":[{"floor":3,"key":"Ice Cream"},{"floor":7,"key":"CeramicFish"},{"floor":9,"key":"The Courier"},{"floor":13,"key":"Juzu Bracelet"}],"event_choices":[{"damage_healed":0,"gold_gain":150,"player_choice":"AGREE","damage_taken":0,"max_hp_gain":0,"max_hp_loss":0,"event_name":"Liars Game","floor":2,"gold_loss":0,"cards_obtained":["Doubt"]},{"cards_removed":["Strike_G"],"damage_healed":0,"gold_gain":0,"player_choice":"Card Removal","damage_taken":0,"max_hp_gain":0,"max_hp_loss":0,"event_name":"The Cleric","floor":10,"gold_loss":75}],"is_beta":false,"boss_relics":[{"not_picked":["SlaversCollar","SacredBark"],"picked":"Runic Pyramid"}],"items_purged_floors":[8],"is_endless":false,"potions_floor_spawned":[1,7,13],"killed_by":"Sentry and Sphere","ascension_level":20}}