{"host":"7zdktqb5xjtif29d","time":1610837597,"event":{"mods":["AchievementEnabler","BaseMod","Colored Map","Colored Powertips","Dark Map","Highlight Path","Minty Spire (QoL Compilation)","Rare Cards Sparkle","SuperFastMode","Waifu the Spire","everything is the same but u backflip on backflip"],"gold_per_floor":[116,128,147,167,167,199,214,241,296,308,308,342,342,355,355,355,355],"floor_reached":16,"language":"ENG","playtime":555,"items_purged":[],"score":143,"play_id":"16b077c8-d5a0-4c61-bb77-5f1e723b37e7","local_time":"20210116225317","is_ascension_mode":true,"campfire_choices":[{"floor":11.0,"key":"REST"},{"floor":15.0,"key":"REST"}],"circlet_count":0,"master_deck":["Strike_G+1","Strike_G","Strike_G","Strike_G","Strike_G","Defend_G","Defend_G","Defend_G","Defend_G","Defend_G","Survivor","Neutralize","Blade Dance+1","Blade Dance","Blade Dance","Storm of Steel","Cloak And Dagger","Unload","Slice","Cloak And Dagger"],"relics":["Ring of the Snake","Vajra","Bronze Scales","Gremlin Horn","Mercury Hourglass","Omamori","Dream Catcher"],"acts_visited":["Exordium"],"potions_floor_usage":[],"damage_taken":[{"damage":0.0,"enemies":"2 Louse","floor":1.0,"turns":3.0},{"damage":0.0,"enemies":"Cultist","floor":2.0,"turns":5.0},{"damage":5.0,"enemies":"Small Slimes","floor":3.0,"turns":4.0},{"damage":0.0,"enemies":"2 Fungi Beasts","floor":4.0,"turns":2.0},{"damage":17.0,"enemies":"Lagavulin","floor":6.0,"turns":5.0},{"damage":0.0,"enemies":"Looter","floor":7.0,"turns":2.0},{"damage":13.0,"enemies":"Gremlin Nob","floor":8.0,"turns":3.0},{"damage":0.0,"enemies":"3 Louse","floor":10.0,"turns":2.0},{"damage":19.0,"enemies":"Lagavulin","floor":12.0,"turns":4.0},{"damage":0.0,"enemies":"Lots of Slimes","floor":14.0,"turns":1.0},{"damage":25,"enemies":"The Guardian","floor":16,"turns":8}],"seed_played":"2762613226362276808","potions_obtained":[{"floor":1.0,"key":"Fire Potion"},{"floor":2.0,"key":"Regen Potion"},{"floor":7.0,"key":"Strength Potion"},{"floor":10.0,"key":"GamblersBrew"}],"is_trial":false,"path_per_floor":["M","M","M","M","?","E","M","E","T","M","R","E","?","M","R","B"],"character_chosen":"THE_SILENT","items_purchased":[],"campfire_rested":2,"item_purchase_floors":[],"current_hp_per_floor":[70,70,65,65,32,29,29,16,16,16,37,18,4,4,25,0,0],"gold":355,"neow_bonus":"RANDOM_COMMON_RELIC","is_daily":false,"chose_seed":false,"campfire_upgraded":0,"win_rate":0.0,"timestamp":1610837597,"path_taken":["M","M","M","M","?","E","M","E","T","M","R","E","?","M","R","BOSS"],"items_purchased_type":[],"build_version":"2020-12-22","purchased_purges":0,"victory":false,"max_hp_per_floor":[70,70,70,70,70,70,70,70,70,70,70,70,70,70,70,70,70],"card_choices":[{"not_picked":["Escape Plan","Dagger Throw","PiercingWail"],"picked":"SKIP","floor":1.0},{"not_picked":["Acrobatics","Night Terror"],"picked":"Blade Dance","floor":2.0},{"not_picked":["All Out Attack","Dagger Spray"],"picked":"Blade Dance","floor":3.0},{"not_picked":["Deflect","Prepared"],"picked":"Blade Dance","floor":4.0},{"not_picked":["Footwork","Dash"],"picked":"Storm of Steel","floor":6.0},{"not_picked":["Sucker Punch","Backflip"],"picked":"Cloak And Dagger","floor":7.0},{"not_picked":["Cloak And Dagger","Deadly Poison"],"picked":"Unload","floor":8.0},{"not_picked":["Dodge and Roll","Dagger Spray"],"picked":"Slice","floor":10.0},{"not_picked":["Flechettes","Leg Sweep"],"picked":"Cloak And Dagger","floor":12.0},{"not_picked":["Concentrate","Dagger Throw","Dagger Spray"],"picked":"SKIP","floor":14.0}],"player_experience":235359,"relics_obtained":[{"floor":6.0,"key":"Gremlin Horn"},{"floor":8.0,"key":"Mercury Hourglass"},{"floor":9.0,"key":"Omamori"},{"floor":12.0,"key":"Dream Catcher"}],"event_choices":[{"damage_healed":0.0,"max_hp_gain":0.0,"max_hp_loss":0.0,"gold_gain":0.0,"event_name":"Scrap Ooze","player_choice":"Success","floor":5.0,"gold_loss":0.0,"damage_taken":33.0,"relics_obtained":["Bronze Scales"]},{"damage_healed":0.0,"max_hp_gain":0.0,"max_hp_loss":0.0,"gold_gain":0.0,"event_name":"Shining Light","player_choice":"Entered Light","floor":13.0,"gold_loss":0.0,"damage_taken":14.0,"cards_upgraded":["Blade Dance","Strike_G"]}],"is_beta":false,"boss_relics":[],"items_purged_floors":[],"is_endless":false,"potions_floor_spawned":[1,2,7,10],"killed_by":"The Guardian","ascension_level":3}}