{"host":"ymn6un3ro3vi042j","time":1610775111,"event":{"mods":["AchievementEnabler","Act Like it!","BaseMod","Bestiary","Better Third Choice","BetterRewards","Colored Map","Colored Powertips","Curses Come First","Dark Map","DeckTracker","Downfall","Highlight Path","Minty Spire (QoL Compilation)","Poor People Problems","Rare Cards Sparkle","StSLib","everything is the same but u backflip on backflip"],"gold_per_floor":[111,125,125,137,137,137,137,156,181,26,26,46,46,59,59,59,59],"floor_reached":16,"language":"ENG","playtime":529,"items_purged":[],"score":92,"play_id":"48fc17aa-c3e6-4578-9117-7e67bc3fac30","local_time":"20210115213151","is_ascension_mode":false,"campfire_choices":[{"floor":6,"key":"REST"},{"data":"Dagger Spray","floor":11,"key":"SMITH"},{"data":"Outmaneuver","floor":13,"key":"SMITH"},{"floor":15,"key":"REST"}],"circlet_count":0,"master_deck":["Strike_G","Strike_G","Strike_G","Strike_G","Defend_G","Defend_G","Defend_G","Defend_G","Defend_G","Survivor","Neutralize","Deflect","Riddle With Holes","Backflip","Expertise","Regret","Parasite","Dagger Spray+1","Riddle With Holes","Outmaneuver+1","Flying Knee"],"relics":["Ring of the Snake","Happy Flower","Bag of Preparation","DollysMirror"],"acts_visited":["Exordium"],"potions_floor_usage":[4,8,16,16],"damage_taken":[{"damage":6,"enemies":"2 Louse","floor":1,"turns":4},{"damage":16,"enemies":"Jaw Worm","floor":2,"turns":5},{"damage":13,"enemies":"Small Slimes","floor":4,"turns":4},{"damage":16,"enemies":"Blue Slaver","floor":8,"turns":5},{"damage":6,"enemies":"Looter","floor":12,"turns":2},{"damage":20,"enemies":"Lots of Slimes","floor":14,"turns":3},{"damage":50,"enemies":"Hexaghost","floor":16,"turns":9}],"seed_played":"4160137179837920516","potions_obtained":[{"floor":0,"key":"DuplicationPotion"},{"floor":0,"key":"EssenceOfSteel"},{"floor":0,"key":"Slimebound:ThreeZeroPotion"},{"floor":2,"key":"BlessingOfTheForge"},{"floor":4,"key":"Energy Potion"}],"is_trial":false,"path_per_floor":["M","M","?","M","?","R","?","M","T","$","R","M","R","M","R","B"],"character_chosen":"THE_SILENT","items_purchased":["DollysMirror"],"campfire_rested":2,"item_purchase_floors":[10],"current_hp_per_floor":[64,48,48,35,35,56,70,54,54,54,54,48,48,28,49,0,0],"gold":59,"neow_bonus":"THREE_SMALL_POTIONS","is_daily":false,"chose_seed":false,"campfire_upgraded":2,"win_rate":0.0,"timestamp":1610775111,"path_taken":["M","M","?","M","?","R","?","M","T","?","R","M","R","M","R","BOSS"],"items_purchased_type":["Relic"],"build_version":"2020-12-22","purchased_purges":0,"victory":false,"max_hp_per_floor":[70,70,70,70,70,70,70,70,70,70,70,70,70,70,70,70,70],"card_choices":[{"not_picked":["Escape Plan","Distraction"],"picked":"Deflect","floor":1},{"not_picked":["Prepared","Dagger Throw"],"picked":"Riddle With Holes","floor":2},{"not_picked":["Escape Plan","Masterful Stab"],"picked":"Expertise","floor":4},{"not_picked":["Quick Slash","PiercingWail"],"picked":"Dagger Spray","floor":8},{"not_picked":["Prepared","PiercingWail"],"picked":"Outmaneuver","floor":12},{"not_picked":["Dodge and Roll","Eviscerate"],"picked":"Flying Knee","floor":14}],"player_experience":37671,"relics_obtained":[{"floor":9,"key":"Bag of Preparation"}],"event_choices":[{"damage_healed":0,"gold_gain":0,"cards_transformed":["Strike_G"],"player_choice":"Change","damage_taken":0,"max_hp_gain":0,"max_hp_loss":0,"event_name":"Living Wall","floor":3,"gold_loss":0,"cards_obtained":["Backflip"]},{"damage_healed":0,"gold_gain":0,"player_choice":"Box","damage_taken":0,"relics_obtained":["Happy Flower"],"max_hp_gain":0,"max_hp_loss":0,"event_name":"Big Fish","floor":5,"gold_loss":0,"cards_obtained":["Regret"]},{"damage_healed":17,"gold_gain":0,"player_choice":"Healed and dodged fight","damage_taken":0,"max_hp_gain":0,"max_hp_loss":0,"event_name":"Mushrooms","floor":7,"gold_loss":0,"cards_obtained":["Parasite"]}],"is_beta":false,"boss_relics":[],"items_purged_floors":[],"is_endless":false,"potions_floor_spawned":[2,4],"killed_by":"Hexaghost","ascension_level":0}}