{"host":"dh4nu8nelr2izibb","time":1610771511,"event":{"mods":["Act Like it!","BaseMod","Better Third Choice","Card Forge","Curses Come First","Displayed Cursed Tome","HololiveMod","Marisa????????","Minty Spire (QoL Compilation)","Puzzle Mod","Quick Restart","Relic Filter","StSLib","The Marked","The Poker Player","The Servant 0.9.4","WarShipGirlsR/????R mod","Yakumo Yukari mod"],"gold_per_floor":[118,135,153,173,192,192,192,224,224,224,237,25,25,42,42,116,116,127,127,127,127],"floor_reached":20,"language":"ENG","playtime":745,"items_purged":["Defend_G"],"score":352,"play_id":"75691ebf-3d81-4c9c-80c5-00593b9b9654","local_time":"20210115233151","is_ascension_mode":true,"campfire_choices":[{"data":"Neutralize","floor":6.0,"key":"SMITH"},{"floor":13.0,"key":"REST"},{"data":"Footwork","floor":15.0,"key":"SMITH"}],"circlet_count":0,"master_deck":["AscendersBane","Survivor","Neutralize+1","PiercingWail","Dagger Throw","Slice","Cloak And Dagger+1","Deflect","Infinite Blades","Neutralize+1","Backflip+1","Cloak And Dagger+1","Footwork+1","Terror+1","After Image","Outmaneuver+1","Burst+1","Backflip+1","Prepared+1","Prepared+1","Unload","Crippling Poison+1","Underhanded Strike"],"relics":["Ring of the Snake","Hammer of Thor","Seething Fire","Anvil of the Gods","Paper Crane","Toxic Egg 2","Pandora\u0027s Box"],"acts_visited":["Exordium","TheCity"],"potions_floor_usage":[],"damage_taken":[{"damage":6.0,"enemies":"Cultist","floor":1.0,"turns":5.0},{"damage":7.0,"enemies":"Small Slimes","floor":2.0,"turns":4.0},{"damage":0.0,"enemies":"2 Louse","floor":3.0,"turns":3.0},{"damage":1.0,"enemies":"Large Slime","floor":4.0,"turns":5.0},{"damage":9.0,"enemies":"3 Louse","floor":5.0,"turns":4.0},{"damage":20.0,"enemies":"Gremlin Nob","floor":8.0,"turns":4.0},{"damage":0.0,"enemies":"Exordium Wildlife","floor":11.0,"turns":3.0},{"damage":7.0,"enemies":"Exordium Thugs","floor":14.0,"turns":5.0},{"damage":7.0,"enemies":"The Guardian","floor":16.0,"turns":11.0},{"damage":4.0,"enemies":"Shell Parasite","floor":18.0,"turns":5.0},{"damage":0,"enemies":"2 Thieves","floor":20,"turns":1}],"seed_played":"5817720465388288161","potions_obtained":[{"floor":2.0,"key":"Swift Potion"},{"floor":4.0,"key":"Strength Potion"},{"floor":14.0,"key":"DuplicationPotion"}],"is_trial":false,"path_per_floor":["M","M","M","M","M","R","T","E","T","?","M","$","R","M","R","B",null,"M","$","M"],"character_chosen":"THE_SILENT","items_purchased":["Cloak And Dagger+1","Footwork"],"campfire_rested":1,"item_purchase_floors":[12,12],"current_hp_per_floor":[59,52,52,51,42,42,42,22,22,22,22,22,43,36,36,29,61,57,57,57,57],"gold":127,"neow_bonus":"TEN_PERCENT_HP_BONUS","is_daily":false,"chose_seed":false,"campfire_upgraded":2,"win_rate":0.0,"timestamp":1610771511,"path_taken":["M","M","M","M","M","R","?","E","T","?","M","$","R","M","R","BOSS","M","?","M"],"items_purchased_type":["Card","Card"],"build_version":"2020-12-22","purchased_purges":1,"victory":false,"max_hp_per_floor":[72,72,72,72,72,72,72,72,72,72,72,72,72,72,72,72,72,72,72,72,72],"card_choices":[{"not_picked":["Underhanded Strike","Blur"],"picked":"PiercingWail","floor":1.0},{"not_picked":["Outmaneuver","Accuracy"],"picked":"Dagger Throw","floor":2.0},{"not_picked":["Deadly Poison","Dagger Throw"],"picked":"Slice","floor":3.0},{"not_picked":["Blade Dance","Sucker Punch"],"picked":"Cloak And Dagger","floor":4.0},{"not_picked":["Riddle With Holes","Dodge and Roll"],"picked":"Deflect","floor":5.0},{"not_picked":["Eviscerate","Grand Finale"],"picked":"Infinite Blades","floor":8.0},{"not_picked":["Cloak And Dagger+1","Bane"],"picked":"Backflip+1","floor":11.0},{"not_picked":["Bane","PiercingWail+1"],"picked":"Terror+1","floor":14.0},{"not_picked":["Night Terror+1","Venomology+1"],"picked":"After Image","floor":16.0},{"not_picked":["Skewer","Outmaneuver+1"],"picked":"Underhanded Strike","floor":18.0}],"player_experience":1137127,"relics_obtained":[{"floor":7.0,"key":"Paper Crane"},{"floor":8.0,"key":"Toxic Egg 2"}],"event_choices":[{"damage_healed":0.0,"max_hp_gain":0.0,"max_hp_loss":0.0,"gold_gain":0.0,"event_name":"Match and Keep!","player_choice":"1 cards matched","floor":10.0,"gold_loss":0.0,"damage_taken":0.0,"cards_obtained":["Neutralize"]}],"is_beta":false,"boss_relics":[{"not_picked":["Velvet Choker","Snecko Eye"],"picked":"Pandora\u0027s Box"}],"items_purged_floors":[12],"is_endless":false,"potions_floor_spawned":[2,4,14],"killed_by":"2 Thieves","ascension_level":20}}