{"host":"ydg0vn0pu4pubmdt","time":1610776819,"event":{"mods":["AchievementEnabler","BaseMod","Colored Map","Gold Saver","Minty Spire (QoL Compilation)","Quick Restart","SuperFastMode"],"gold_per_floor":[670,670,680,695,712,712,712,324,348,366,112,129,129,154,154,256,306,322,322,339,133,133,133,150,150,173,173,173],"floor_reached":27,"language":"KOR","playtime":624,"items_purged":["Decay","Strike_B","Strike_B"],"score":264,"play_id":"800d86f1-25c5-4422-a644-bd3b6b2af589","local_time":"20210116150019","is_ascension_mode":true,"campfire_choices":[{"data":"Darkness","floor":6.0,"key":"SMITH"},{"data":"Zap","floor":13.0,"key":"SMITH"},{"data":"Dualcast","floor":15.0,"key":"SMITH"},{"data":"Turbo","floor":23,"key":"SMITH"},{"floor":25,"key":"REST"}],"circlet_count":0,"master_deck":["Strike_B","Strike_B","Defend_B+1","Defend_B","Defend_B","Zap+1","Dualcast+1","Thunder Strike","Hologram","Darkness+1","Rebound","Auto Shields","Conserve Battery","Coolheaded","Doom and Gloom","Biased Cognition","Streamline","Turbo+1","Writhe","Cold Snap","Loop"],"relics":["Cracked Core","White Beast Statue","Happy Flower","Odd Mushroom","Tiny House","Bag of Marbles","CeramicFish"],"acts_visited":["Exordium","TheCity"],"potions_floor_usage":[27,27,27],"damage_taken":[{"damage":1.0,"enemies":"Cultist","floor":1.0,"turns":3.0},{"damage":10.0,"enemies":"Small Slimes","floor":3.0,"turns":3.0},{"damage":8.0,"enemies":"Jaw Worm","floor":4.0,"turns":4.0},{"damage":5.0,"enemies":"Blue Slaver","floor":5.0,"turns":3.0},{"damage":4.0,"enemies":"2 Fungi Beasts","floor":10.0,"turns":3.0},{"damage":4.0,"enemies":"Exordium Wildlife","floor":12.0,"turns":4.0},{"damage":28.0,"enemies":"The Mushroom Lair","floor":14.0,"turns":4.0},{"damage":7.0,"enemies":"Hexaghost","floor":16.0,"turns":7.0},{"damage":22.0,"enemies":"Spheric Guardian","floor":18.0,"turns":4.0},{"damage":9,"enemies":"Shell Parasite","floor":20,"turns":4},{"damage":21,"enemies":"Sentry and Sphere","floor":24,"turns":4},{"damage":35,"enemies":"Gremlin Leader","floor":27,"turns":2}],"seed_played":"2438336572000225946","potions_obtained":[{"floor":1.0,"key":"CultistPotion"},{"floor":4.0,"key":"Fire Potion"},{"floor":10.0,"key":"SkillPotion"},{"floor":12.0,"key":"Energy Potion"},{"floor":14.0,"key":"AttackPotion"},{"floor":16.0,"key":"PotionOfCapacity"},{"floor":17.0,"key":"SkillPotion"}],"is_trial":false,"path_per_floor":["M","?","M","M","M","R","?","$","T","M","$","M","R","?","R","B",null,"M","?","M","$","?","R","M","R","T","E"],"character_chosen":"DEFECT","items_purchased":["White Beast Statue","Auto Shields","Happy Flower","Loop"],"campfire_rested":1,"item_purchase_floors":[8,8,11,21],"current_hp_per_floor":[67,67,57,49,44,44,44,44,44,40,40,36,36,8,8,1,62,40,40,31,31,31,31,10,34,34,0,0],"gold":173,"neow_bonus":"ONE_RANDOM_RARE_CARD","is_daily":false,"chose_seed":false,"campfire_upgraded":4,"win_rate":0.0,"timestamp":1610776819,"path_taken":["M","?","M","M","?","R","?","$","T","?","?","M","R","?","R","BOSS","M","?","M","$","?","R","M","R","T","E"],"items_purchased_type":["Relic","Card","Relic","Card"],"build_version":"2020-12-22","purchased_purges":3,"victory":false,"max_hp_per_floor":[75,75,75,75,75,75,75,75,75,75,75,75,75,75,75,75,80,80,80,80,80,80,80,80,80,80,80,80],"card_choices":[{"not_picked":["Blizzard","Lockon"],"picked":"Hologram","floor":1.0},{"not_picked":["Coolheaded","Scrape"],"picked":"Darkness","floor":3.0},{"not_picked":["Reprogram","Melter","Chill"],"picked":"SKIP","floor":4.0},{"not_picked":["Scrape","Compile Driver"],"picked":"Rebound","floor":5.0},{"not_picked":["Hologram","Go for the Eyes"],"picked":"Conserve Battery","floor":10.0},{"not_picked":["Go for the Eyes","Rip and Tear"],"picked":"Coolheaded","floor":12.0},{"not_picked":["Conserve Battery","Gash"],"picked":"Doom and Gloom","floor":14.0},{"not_picked":["Meteor Strike","Fission"],"picked":"Biased Cognition","floor":16.0},{"not_picked":["Leap","Auto Shields"],"picked":"Streamline","floor":17.0},{"not_picked":["Sweeping Beam","Compile Driver"],"picked":"Turbo","floor":18.0},{"not_picked":["Turbo+1","Rebound"],"picked":"Cold Snap","floor":20},{"not_picked":["Stack","Melter","Beam Cell"],"picked":"SKIP","floor":24}],"player_experience":381930,"relics_obtained":[{"floor":14.0,"key":"Odd Mushroom"},{"floor":26,"key":"CeramicFish"}],"event_choices":[{"cards_removed":["Defend_B"],"damage_healed":0.0,"max_hp_gain":0.0,"max_hp_loss":0.0,"gold_gain":0.0,"event_name":"Purifier","player_choice":"Purged","floor":2.0,"gold_loss":0.0,"damage_taken":0.0},{"damage_healed":0.0,"max_hp_gain":0.0,"max_hp_loss":0.0,"gold_gain":0.0,"event_name":"Wheel of Change","player_choice":"Cursed","floor":7.0,"gold_loss":0.0,"damage_taken":0.0,"cards_obtained":["Decay"]},{"damage_healed":0.0,"max_hp_gain":0.0,"max_hp_loss":0.0,"gold_gain":0.0,"event_name":"Mushrooms","player_choice":"Fought Mushrooms","floor":14.0,"gold_loss":0.0,"damage_taken":0.0},{"damage_healed":0.0,"max_hp_gain":0.0,"max_hp_loss":0.0,"gold_gain":0.0,"event_name":"The Mausoleum","player_choice":"Opened","floor":19.0,"gold_loss":0.0,"damage_taken":0.0,"relics_obtained":["Bag of Marbles"],"cards_obtained":["Writhe"]},{"damage_healed":0,"gold_gain":0,"player_choice":"Ignored","damage_taken":0,"max_hp_gain":0,"max_hp_loss":0,"event_name":"Ghosts","floor":22,"gold_loss":0}],"is_beta":false,"boss_relics":[{"not_picked":["Coffee Dripper","Runic Dome"],"picked":"Tiny House"}],"items_purged_floors":[8,11,21],"is_endless":false,"potions_floor_spawned":[1,4,10,12,14,16,18,20,24],"killed_by":"Gremlin Leader","ascension_level":6}}