{"host":"r9uivonio18rfam2","time":1610822313,"event":{"mods":["2.2 Compatiblity","AchievementEnabler","Act Like it!","Aspiration","BaseMod","Better Altar","Better Match","Better Note","Better Sensory Stone","Better Skull","Better Third Choice","BetterRewards","Colored Map","Colored Powertips","Conspire","Energized Spire","Infinite Spire","Minty Spire (QoL Compilation)","Permanent Neow","Quick Restart","Replay The Spire","Shop Mod","Spikes Relics","StSLib","The Blue Laboratory","The Jungle","Wandering Minibosses","vexMod"],"gold_per_floor":[109,109,184,184,184,215,8,20,20,20,20,48,66,86,86,86,86],"floor_reached":16,"language":"ENG","playtime":522,"items_purged":["Defend_R"],"score":151,"play_id":"98b7203f-cc3d-4a94-b647-0d7d7ddcfc09","local_time":"20210116133833","is_ascension_mode":true,"campfire_choices":[{"data":"infinitespire:OneForAll","floor":10.0,"key":"SMITH"},{"data":"Bouncing Flask","floor":15,"key":"SMITH"}],"circlet_count":0,"master_deck":["Strike_R","Strike_R","Strike_R","Defend_R","Bash","Replay:Undeath\u0027s Touch","Die Die Die","Leg Sweep","Bouncing Flask+1","Footwork","Backflip","infinitespire:OneForAll+1","Setup","Blur","Time Bomb"],"relics":["Burning Blood","aspiration:Nostalgia","Cracked Core","PrismaticShard","Red Skull","Durian","infinitespire:WardingShard","infinitespire:FocusingShard","ZombieTooth","Gremlin Food"],"acts_visited":["Exordium"],"potions_floor_usage":[],"damage_taken":[{"damage":3.0,"enemies":"Small Slimes","floor":1.0,"turns":3.0},{"damage":20.0,"enemies":"Lagavulin","floor":6.0,"turns":6.0},{"damage":0.0,"enemies":"2 Louse","floor":8.0,"turns":1.0},{"damage":8,"enemies":"Gremlin Nob","floor":12,"turns":3},{"damage":0,"enemies":"Cultist","floor":13,"turns":2},{"damage":2,"enemies":"Lots of Slimes","floor":14,"turns":2},{"damage":59,"enemies":"Fading Forest","floor":16,"turns":9}],"seed_played":"6963071527329408250","potions_obtained":[{"floor":1.0,"key":"BloodPotion"},{"floor":13,"key":"blueLaboratory:ExaltedPotion"},{"floor":14,"key":"blueLaboratory:IronCompound"}],"is_trial":false,"path_per_floor":["M","?","?","?","?","E","$","M","T","R","?","E","M","M","R","B"],"character_chosen":"IRONCLAD","items_purchased":["BloodPotion","infinitespire:OneForAll"],"campfire_rested":0,"item_purchase_floors":[7,7],"current_hp_per_floor":[75,75,64,64,37,23,23,29,29,29,29,27,33,37,37,0,0],"gold":86,"neow_bonus":"NOSTALGIA","is_daily":false,"chose_seed":false,"campfire_upgraded":2,"win_rate":0.0,"timestamp":1610822313,"path_taken":["M","?","?","?","?","E","$","M","T","R","?","E","?","?","R","BOSS"],"items_purchased_type":["Potion","Card"],"build_version":"2020-12-22","purchased_purges":1,"victory":false,"max_hp_per_floor":[80,80,80,80,85,85,85,85,85,85,85,85,85,85,85,85,85],"card_choices":[{"not_picked":["LikeWater","Degenerate"],"picked":"Replay:Undeath\u0027s Touch","floor":1.0},{"not_picked":["Weave","Sucker Punch"],"picked":"Backflip","floor":6.0},{"not_picked":["Go for the Eyes","Discovery"],"picked":"Protect","floor":8.0},{"not_picked":["Pray","Finisher"],"picked":"Setup","floor":12},{"not_picked":["Twin Strike","True Grit"],"picked":"Blur","floor":13},{"not_picked":["LikeWater","Wild Strike"],"picked":"Time Bomb","floor":14}],"player_experience":360806,"relics_obtained":[{"floor":6.0,"key":"infinitespire:WardingShard"},{"floor":9.0,"key":"infinitespire:FocusingShard"},{"floor":12,"key":"Gremlin Food"}],"event_choices":[{"damage_healed":0.0,"max_hp_gain":0.0,"max_hp_loss":0.0,"gold_gain":75.0,"event_name":"betterThird:BetterGoop","player_choice":"Gold","floor":3.0,"gold_loss":0.0,"damage_taken":11.0},{"damage_healed":0.0,"max_hp_gain":0.0,"max_hp_loss":0.0,"gold_gain":1.0,"event_name":"betterThird:BetterScrap","player_choice":"Card Relic Relic ","floor":5.0,"gold_loss":0.0,"damage_taken":49.0,"cards_obtained":["Footwork","Meteor Strike"]},{"cards_removed":["Protect"],"damage_healed":0.0,"max_hp_gain":0.0,"max_hp_loss":0.0,"gold_gain":0.0,"event_name":"WeMeetAgain","player_choice":"Gave Card","floor":11.0,"gold_loss":0.0,"damage_taken":0.0,"relics_obtained":["ZombieTooth"]}],"is_beta":false,"boss_relics":[],"items_purged_floors":[7],"is_endless":false,"potions_floor_spawned":[1,13,14],"killed_by":"Fading Forest","ascension_level":8}}