{"host":"gfybn4j1d26rvz5e","time":1610768347,"event":{"mods":["BaseMod","Better Altar","Better Match","Better Note","Better Sensory Stone","Better Skull","Better Third Choice","BetterRewards","Highlight Path","Minty Spire (QoL Compilation)","Random Character Button","Relic Stats","StSLib"],"gold_per_floor":[119,119,134,134,146,146,180,200,200,226,248,290,159,178,178,281,281,299,214,214,234,245,245,245,245,322,356,356,381,400,400,400,498,498,513,513,24,44,54,86,86,113,113,144,156,156,171,190,190,190],"floor_reached":51,"language":"ENG","playtime":3441,"items_purged":["Strike_G","Defend_G"],"score":1507,"play_id":"e90a6179-083a-439c-a2ae-a50d7084ed1e","local_time":"20210115213907","is_ascension_mode":true,"campfire_choices":[{"data":"Blade Dance","floor":6.0,"key":"SMITH"},{"floor":15.0,"key":"REST"},{"data":"Footwork","floor":23.0,"key":"SMITH"},{"data":"Noxious Fumes","floor":25.0,"key":"SMITH"},{"data":"Doppelganger","floor":28.0,"key":"SMITH"},{"data":"Accuracy","floor":32.0,"key":"SMITH"},{"data":"Catalyst","floor":41,"key":"SMITH"},{"data":"Master of Strategy","floor":46,"key":"SMITH"},{"data":"Backstab","floor":49,"key":"SMITH"}],"circlet_count":0,"master_deck":["Strike_G+1","Defend_G+1","Defend_G+1","Defend_G","Survivor","Neutralize","Blade Dance+1","Dagger Spray","Doppelganger+1","Backstab+1","Blade Dance+1","Noxious Fumes+1","Footwork+1","Malaise+1","Deflect+1","RitualDagger","Catalyst+1","Accuracy+1","Die Die Die+1","Envenom+1","Die Die Die+1","Well Laid Plans+1","Dodge and Roll","Master of Strategy+1","Finisher+1"],"relics":["Ring of the Snake","Kunai","The Specimen","Matryoshka","Pen Nib","Shuriken","MawBank","Mercury Hourglass","Busted Crown","Mummified Hand","Strawberry","Molten Egg 2","Snake Skull","War Paint","Astrolabe","Anchor","Regal Pillow","FossilizedHelix","Vajra","Bag of Preparation"],"acts_visited":["Exordium","TheCity","TheBeyond"],"potions_floor_usage":[50,50,50],"damage_taken":[{"damage":2.0,"enemies":"Jaw Worm","floor":1.0,"turns":5.0},{"damage":2.0,"enemies":"Small Slimes","floor":3.0,"turns":4.0},{"damage":0.0,"enemies":"Cultist","floor":5.0,"turns":3.0},{"damage":8.0,"enemies":"Lagavulin","floor":7.0,"turns":7.0},{"damage":13.0,"enemies":"Exordium Thugs","floor":8.0,"turns":4.0},{"damage":6.0,"enemies":"3 Sentries","floor":10.0,"turns":5.0},{"damage":0.0,"enemies":"Red Slaver","floor":11.0,"turns":1.0},{"damage":8.0,"enemies":"Gremlin Nob","floor":12.0,"turns":3.0},{"damage":0.0,"enemies":"Looter","floor":14.0,"turns":2.0},{"damage":30.0,"enemies":"The Guardian","floor":16.0,"turns":11.0},{"damage":2.0,"enemies":"Chosen","floor":18.0,"turns":4.0},{"damage":0.0,"enemies":"3 Byrds","floor":21.0,"turns":4.0},{"damage":0.0,"enemies":"Snecko","floor":22.0,"turns":5.0},{"damage":1.0,"enemies":"Book of Stabbing","floor":27.0,"turns":6.0},{"damage":0.0,"enemies":"Gremlin Leader","floor":29.0,"turns":6.0},{"damage":4.0,"enemies":"Snake Plant","floor":30.0,"turns":4.0},{"damage":16.0,"enemies":"Automaton","floor":33.0,"turns":6.0},{"damage":3,"enemies":"3 Shapes","floor":35,"turns":7},{"damage":0,"enemies":"Orb Walker","floor":38,"turns":2},{"damage":0,"enemies":"Transient","floor":39,"turns":5},{"damage":0,"enemies":"Nemesis","floor":40,"turns":5},{"damage":0,"enemies":"Reptomancer","floor":42,"turns":3},{"damage":1,"enemies":"Nemesis","floor":44,"turns":5},{"damage":0,"enemies":"Maw","floor":45,"turns":5},{"damage":0,"enemies":"Writhing Mass","floor":47,"turns":3},{"damage":0,"enemies":"Transient","floor":48,"turns":5},{"damage":35,"enemies":"Awakened One","floor":50,"turns":8}],"seed_played":"4408702702879211301","potions_obtained":[{"floor":1.0,"key":"SpeedPotion"},{"floor":3.0,"key":"SkillPotion"},{"floor":11.0,"key":"SmokeBomb"},{"floor":12.0,"key":"BlessingOfTheForge"},{"floor":16.0,"key":"DuplicationPotion"},{"floor":21.0,"key":"Regen Potion"},{"floor":38,"key":"LiquidMemories"}],"is_trial":false,"path_per_floor":["M","?","M","?","M","R","E","M","T","E","M","E","$","M","R","B",null,"M","?","?","M","M","R","?","R","T","E","R","E","M","?","R","B",null,"M","?","$","M","M","E","R","E","T","E","M","R","M","M","R","B",null],"character_chosen":"THE_SILENT","items_purchased":["Kunai","Noxious Fumes","Dodge and Roll","Anchor","Master of Strategy"],"campfire_rested":1,"item_purchase_floors":[0,13,37,37,37],"current_hp_per_floor":[61,47,45,45,45,45,37,24,24,18,18,10,10,10,31,1,53,51,51,51,51,51,51,45,45,52,51,51,51,61,61,61,45,69,66,66,66,66,66,66,66,66,66,65,65,65,65,65,65,30],"gold":190,"neow_bonus":"","is_daily":false,"chose_seed":false,"campfire_upgraded":8,"win_rate":0.0,"timestamp":1610768347,"path_taken":["M","?","M","?","M","R","E","?","T","E","M","E","?","M","R","BOSS","M","?","?","?","M","R","?","R","T","E","R","E","M","?","R","BOSS","M","?","$","M","M","E","R","E","T","E","M","R","?","?","R","BOSS"],"items_purchased_type":["Relic","Card","Card","Relic","Card"],"build_version":"2020-12-22","purchased_purges":2,"victory":true,"max_hp_per_floor":[70,70,70,70,70,70,70,70,70,70,70,70,70,70,70,70,70,70,70,70,70,70,70,70,70,77,77,77,77,77,77,77,77,77,77,77,77,77,77,77,77,77,77,77,77,77,77,77,77,77],"relic_stats":{"Regal Pillow":0,"counters":[77,349],"Astrolabe":["Envenom","Die Die Die","Well Laid Plans"],"Pen Nib":[36],"Snake Skull":[313],"Bag of Preparation":[56],"War Paint":["Blade Dance","Defend_G"],"MawBank":36,"Mercury Hourglass":[351],"Busted Crown":32,"Shuriken":[88],"Mummified Hand":[60],"Kunai":[104],"obtain_stats":[{"Ice Cream":0,"Regal Pillow":46,"Enchiridion":29,"HoveringKite":34,"Vajra":43,"Snake Skull":26,"Bag of Preparation":9,"Whetstone":11,"Boot":43,"Sozu":17,"Blood Vial":28,"Tough Bandages":0,"Matryoshka":28,"Ninja Scroll":23,"Mummified Hand":19,"Strawberry":26,"Prayer Wheel":47,"Fusion Hammer":17,"Kunai":0,"Toxic Egg 2":0,"InkBottle":7,"Ring of the Snake":0,"Potion Belt":9,"The Specimen":26,"Astrolabe":34,"Tingsha":23,"Eternal Feather":30,"Pen Nib":9,"Letter Opener":25,"War Paint":41,"Orichalcum":54,"MawBank":10,"Mercury Hourglass":46,"Bottled Flame":25,"CaptainsWheel":45,"Anchor":37,"Busted Crown":17,"Shuriken":9,"Pandora\u0027s Box":34,"Molten Egg 2":26,"Art of War":43,"FossilizedHelix":42},{"Ice Cream":0,"Regal Pillow":18,"Enchiridion":13,"HoveringKite":15,"Vajra":72,"Snake Skull":35,"Bag of Preparation":26,"Whetstone":28,"Boot":18,"Sozu":6,"Blood Vial":36,"Tough Bandages":21,"Matryoshka":13,"Ninja Scroll":10,"Mummified Hand":61,"Strawberry":63,"Prayer Wheel":19,"Fusion Hammer":31,"Kunai":50,"Toxic Egg 2":21,"InkBottle":2,"Ring of the Snake":0,"Potion Belt":3,"The Specimen":12,"Astrolabe":67,"Tingsha":34,"Eternal Feather":38,"Pen Nib":55,"Letter Opener":12,"War Paint":45,"Orichalcum":49,"MawBank":56,"Mercury Hourglass":18,"Bottled Flame":35,"CaptainsWheel":46,"Anchor":68,"Busted Crown":60,"Shuriken":55,"Pandora\u0027s Box":40,"Molten Egg 2":63,"Art of War":18,"FossilizedHelix":72},{"Ice Cream":0,"Regal Pillow":81,"Enchiridion":56,"HoveringKite":69,"Vajra":323,"Snake Skull":152,"Bag of Preparation":122,"Whetstone":126,"Boot":81,"Sozu":25,"Blood Vial":157,"Tough Bandages":100,"Matryoshka":56,"Ninja Scroll":42,"Mummified Hand":270,"Strawberry":279,"Prayer Wheel":85,"Fusion Hammer":137,"Kunai":221,"Toxic Egg 2":100,"InkBottle":11,"Ring of the Snake":0,"Potion Belt":13,"The Specimen":52,"Astrolabe":301,"Tingsha":147,"Eternal Feather":165,"Pen Nib":244,"Letter Opener":52,"War Paint":198,"Orichalcum":216,"MawBank":249,"Mercury Hourglass":81,"Bottled Flame":152,"CaptainsWheel":201,"Anchor":308,"Busted Crown":266,"Shuriken":244,"Pandora\u0027s Box":179,"Molten Egg 2":279,"Art of War":81,"FossilizedHelix":323}],"Ring of the Snake":[146]},"card_choices":[{"not_picked":["Backstab","Endless Agony"],"picked":"Blade Dance","floor":1.0},{"not_picked":["Backflip","Escape Plan"],"picked":"Dagger Spray","floor":3.0},{"not_picked":["Dagger Spray","Well Laid Plans","Poisoned Stab"],"picked":"SKIP","floor":5.0},{"not_picked":["Cloak And Dagger","Quick Slash"],"picked":"Doppelganger","floor":7.0},{"not_picked":["Backflip","All Out Attack"],"picked":"Backstab","floor":8.0},{"not_picked":["Prepared","Slice","Bouncing Flask"],"picked":"SKIP","floor":10.0},{"not_picked":["Acrobatics","Tactician"],"picked":"Blade Dance","floor":11.0},{"not_picked":["Flechettes","Acrobatics","Cloak And Dagger"],"picked":"SKIP","floor":12.0},{"not_picked":["Die Die Die","Endless Agony"],"picked":"Footwork","floor":14.0},{"not_picked":["Bullet Time","Corpse Explosion"],"picked":"Malaise","floor":16.0},{"not_picked":["Sucker Punch"],"picked":"SKIP","floor":18.0},{"not_picked":[],"picked":"Deflect+1","floor":21.0},{"not_picked":["Endless Agony"],"picked":"SKIP","floor":22.0},{"not_picked":["Infinite Blades"],"picked":"SKIP","floor":27.0},{"not_picked":[],"picked":"Catalyst","floor":29.0},{"not_picked":["Catalyst"],"picked":"SKIP","floor":30.0},{"not_picked":[],"picked":"Die Die Die+1","floor":33.0},{"not_picked":["Dodge and Roll"],"picked":"SKIP","floor":35},{"not_picked":["Dodge and Roll"],"picked":"SKIP","floor":38},{"not_picked":["Leg Sweep+1"],"picked":"SKIP","floor":39},{"not_picked":["Masterful Stab+1"],"picked":"SKIP","floor":40},{"not_picked":["Outmaneuver+1"],"picked":"SKIP","floor":42},{"not_picked":["Bullet Time"],"picked":"SKIP","floor":44},{"not_picked":["Poisoned Stab+1"],"picked":"SKIP","floor":45},{"not_picked":[],"picked":"Finisher+1","floor":47},{"not_picked":["Expertise+1"],"picked":"SKIP","floor":48}],"player_experience":655927,"relics_obtained":[{"floor":7.0,"key":"Matryoshka"},{"floor":9.0,"key":"Pen Nib"},{"floor":9.0,"key":"Shuriken"},{"floor":10.0,"key":"MawBank"},{"floor":12.0,"key":"Mercury Hourglass"},{"floor":26.0,"key":"Strawberry"},{"floor":26.0,"key":"Molten Egg 2"},{"floor":27.0,"key":"Snake Skull"},{"floor":29.0,"key":"War Paint"},{"floor":40,"key":"Regal Pillow"},{"floor":42,"key":"FossilizedHelix"},{"floor":43,"key":"Vajra"},{"floor":44,"key":"Bag of Preparation"}],"event_choices":[{"damage_healed":61.0,"max_hp_gain":0.0,"max_hp_loss":70.0,"gold_gain":0.0,"event_name":"betterThird:BetterShining","player_choice":"Upgrade","floor":2.0,"gold_loss":0.0,"damage_taken":14.0,"cards_upgraded":["Defend_G","Strike_G"]},{"cards_removed":["Strike_G"],"damage_healed":0.0,"max_hp_gain":0.0,"max_hp_loss":0.0,"gold_gain":0.0,"event_name":"Bonfire Elementals","player_choice":"Offered Basic","floor":4.0,"gold_loss":0.0,"damage_taken":0.0},{"damage_healed":0.0,"max_hp_gain":0.0,"max_hp_loss":0.0,"gold_gain":0.0,"event_name":"Addict","player_choice":"Obtained Relic","floor":19.0,"gold_loss":85.0,"damage_taken":0.0,"relics_obtained":["Mummified Hand"]},{"damage_healed":0.0,"max_hp_gain":0.0,"max_hp_loss":0.0,"gold_gain":0.0,"event_name":"Upgrade Shrine","player_choice":"Upgraded","floor":20.0,"gold_loss":0.0,"damage_taken":0.0,"cards_upgraded":["Malaise"]},{"damage_healed":0.0,"max_hp_gain":0.0,"max_hp_loss":0.0,"gold_gain":0.0,"event_name":"betterThird:BetterNest","player_choice":"Dagger","floor":24.0,"gold_loss":0.0,"damage_taken":6.0,"cards_obtained":["RitualDagger"]},{"damage_healed":0.0,"max_hp_gain":0.0,"max_hp_loss":0.0,"gold_gain":0.0,"event_name":"The Library","player_choice":"Read","floor":31.0,"gold_loss":0.0,"damage_taken":0.0,"cards_obtained":["Accuracy"]},{"damage_healed":0,"gold_gain":0,"player_choice":"Ignored","damage_taken":0,"max_hp_gain":0,"max_hp_loss":0,"event_name":"Transmorgrifier","floor":36,"gold_loss":0}],"is_beta":false,"boss_relics":[{"not_picked":["Calling Bell","Black Star"],"picked":"Busted Crown"},{"not_picked":["Velvet Choker","Philosopher\u0027s Stone"],"picked":"Astrolabe"}],"items_purged_floors":[13,37],"is_endless":false,"potions_floor_spawned":[1,3,11,12,16,21,29,30,38,39,40,44],"ascension_level":9}}