{"host":"wonp23fsqqcu31ie","time":1610770648,"event":{"mods":["2.2 Compatiblity","AchievementEnabler","Aspiration","BaseMod","Bestiary","Better Altar","Better Match","Better Sensory Stone","Better Skull","Better Third Choice","BetterRewards","Block Reminder","Colored Map","Colored Powertips","Conspire","Curses Come First","DeckTracker","Displayed Cursed Tome","Downfall","Energized Spire","Evolution","Hermit","Highlight Path","Hubris","Infinite Spire","Marisa????????","Minty Spire (QoL Compilation)","Permanent Neow","Prisma Mod","Quick Restart","Rare Cards Sparkle","Relic Stats","Robot Space Explorer","Shade Mod","Shop Mod","StSLib","SuperFastMode","The Animator","The Bug Knight","The Construct","The Cursed","The Disciple","The Dragon Tamer","The Gatherer","The Hierophant","The Marked","The Necromancer","The Poker Player","The Runesmith","The Saiyan","The Servant 0.9.4","TheBandit"],"gold_per_floor":[118,118,26,26,45,45,56,73,120,83,83,109,109,128,128,231,231,249,249,105,105,122,122,148,159,159,6,6,18,18,33,33,33,33],"floor_reached":33,"language":"ENG","playtime":802,"items_purged":[],"score":328,"play_id":"194c6525-b715-4266-bf7b-0f19a36fe3a6","local_time":"20210116151728","is_ascension_mode":true,"campfire_choices":[{"data":"conspire:Banana","floor":6,"key":"SMITH"},{"data":"theMarked:RogueSparks","floor":13,"key":"SMITH"},{"floor":15,"key":"RECALL"},{"data":"theMarked:EternalStudent","floor":23,"key":"SMITH"},{"floor":28,"key":"REST"},{"floor":30,"key":"REST"},{"data":"theMarked:Seal","floor":32,"key":"SMITH"}],"circlet_count":0,"master_deck":["theMarked:Strike","theMarked:Strike","theMarked:Strike","theMarked:Strike","theMarked:Strike","theMarked:Defend","theMarked:Defend","theMarked:Defend","theMarked:Defend","theMarked:SoldierOfQuellstein+1","theMarked:Improvise","conspire:Banana+1","theMarked:Frustration","theMarked:CreepingChasm","theMarked:SelfDefenseTraining+1","theMarked:RogueSparks+1","theMarked:WardOff","theMarked:EternalStudent+1","theMarked:SelfDefenseTraining","theMarked:Overcharge","theMarked:Opportunist+1","theMarked:AttractMetal+1","theMarked:WardOff+1","theMarked:Seal+1"],"relics":["theMarked:ArtifactOfAir","EVO:Axolotl","aspiration:FetidBarrel","Nloth\u0027s Gift","Lee\u0027s Waffle","infinitespire:ShieldingShard","Pantograph","Regal Pillow"],"acts_visited":["Exordium","TheCity"],"potions_floor_usage":[16,16,22,33],"damage_taken":[{"damage":2,"enemies":"Small Slimes","floor":1,"turns":3},{"damage":1,"enemies":"Jaw Worm","floor":5,"turns":3},{"damage":0,"enemies":"Cultist","floor":7,"turns":3},{"damage":9,"enemies":"Blue Slaver","floor":8,"turns":3},{"damage":35,"enemies":"Lagavulin","floor":12,"turns":7},{"damage":8,"enemies":"Red Slaver","floor":14,"turns":3},{"damage":18,"enemies":"The Guardian","floor":16,"turns":7},{"damage":26,"enemies":"conspire:FuzzyDice","floor":18,"turns":6},{"damage":18,"enemies":"Snake Plant","floor":22,"turns":5},{"damage":29,"enemies":"HollowMod:Nosk","floor":24,"turns":9},{"damage":39,"enemies":"Cultist and Chosen","floor":25,"turns":7},{"damage":5,"enemies":"Centurion and Healer","floor":29,"turns":5},{"damage":34,"enemies":"Snecko","floor":31,"turns":5},{"damage":115,"enemies":"Collector","floor":33,"turns":6}],"seed_played":"8758475519333901668","potions_obtained":[{"floor":5,"key":"Dexterity Potion"},{"floor":8,"key":"Slimebound:ThreeZeroPotion"},{"floor":16,"key":"Weak Potion"},{"floor":24,"key":"LiquidBronze"},{"floor":31,"key":"construct:ShiftPotion"}],"is_trial":false,"path_per_floor":["M","?","$","?","M","R","M","M","T","$","?","E","R","M","R","B",null,"M","?","$","$","M","R","E","M","T","$","R","M","R","M","R","B"],"character_chosen":"THE_DEFAULT","items_purchased":["conspire:Banana","theMarked:SelfDefenseTraining","Lee\u0027s Waffle","Regal Pillow"],"campfire_rested":2,"item_purchase_floors":[3,10,20,27],"current_hp_per_floor":[75,75,75,75,75,75,77,70,70,70,70,37,37,31,31,15,88,64,64,97,97,81,81,54,17,17,17,62,59,105,73,73,0,0],"gold":33,"neow_bonus":"TEN_PERCENT_HP_BONUS","is_daily":false,"chose_seed":false,"campfire_upgraded":4,"win_rate":0.0,"timestamp":1610770648,"path_taken":["M","?","?","?","M","R","M","M","T","$","?","E","R","M","R","BOSS","M","?","?","$","?","R","E","M","T","?","R","M","R","?","R","BOSS"],"items_purchased_type":["Card","Card","Relic","Relic"],"build_version":"2020-12-22","purchased_purges":0,"victory":false,"max_hp_per_floor":[77,77,77,77,78,78,80,82,82,82,82,84,84,86,86,88,88,90,90,97,97,99,99,101,103,103,103,103,105,105,107,107,109,109],"relic_stats":{"Lee\u0027s Waffle":33,"Regal Pillow":30,"counters":[80,374],"Pantograph":25,"Nloth\u0027s Gift":0,"obtain_stats":[{"hubris:CrystalStatue":23,"EVO:Axolotl":19,"aspiration:RitualStick":23,"Ring of Searing":8,"Centennial Puzzle":7,"HornCleat":43,"infinitespire:ShieldingShard":24,"aspiration:BabyByrd":2,"aspiration:ArtOfWarUpgrade":10,"Fusion Hammer":34,"theMarked:VonisonLock":28,"theMarked:BronzeBlade":36,"hubris:TinFlute":33,"MerchantsRug":0,"Happy Flower":11,"Ring of Hypnosis":13,"aspiration:Nostalgia":27,"ReplayTheSpireMod:CursedCoin":0,"hubris:SphereOfDissonance":6,"Replay:Ancient Bell":17,"aspiration:SeaSaltIceCream":9,"Replay:Baseball":45,"Shuriken":31,"ReplayTheSpireMod:Ring of Collecting":49,"MutagenicStrength":19,"ReplayTheSpireMod:TigerMarble":6,"Nloth\u0027s Gift":19,"MiniHakkero":9,"Meat on the Bone":0,"Regal Pillow":27,"Blue Doll":15,"Mango":0,"conspire:SpecialSausage":17,"Incense Burner":17,"Nunchaku":12,"Replay:Bandana":26,"Dream Catcher":14,"Mummified Hand":17,"theMarked:SecretDocuments":42,"Ring of Peace":8,"Pantograph":11,"Toolbox":0,"Red Mask":29,"BargainBundle":5,"Lee\u0027s Waffle":20,"Replay:M_StaffOfTheSnake":27,"theMarked:Gun":28,"aspiration:FetidBarrel":12,"hubris:Towel":3,"Medical Kit":30,"MawBank":9,"theMarked:ArtifactOfAir":0,"Ring of Fury":49,"Turnip":0,"Art of War":4,"Runesmith:AutoHammer":17,"Membership Card":41,"aspiration:MarisaSkillbook":19,"Toy Ornithopter":24,"Gatherer:AlchemyBag":0},{"hubris:CrystalStatue":11,"EVO:Axolotl":74,"aspiration:RitualStick":32,"Ring of Searing":3,"Centennial Puzzle":62,"HornCleat":19,"infinitespire:ShieldingShard":76,"aspiration:BabyByrd":24,"aspiration:ArtOfWarUpgrade":26,"Fusion Hammer":14,"theMarked:VonisonLock":33,"theMarked:BronzeBlade":36,"hubris:TinFlute":35,"MerchantsRug":23,"Happy Flower":26,"Ring of Hypnosis":52,"aspiration:Nostalgia":11,"ReplayTheSpireMod:CursedCoin":23,"hubris:SphereOfDissonance":3,"Replay:Ancient Bell":6,"aspiration:SeaSaltIceCream":50,"Replay:Baseball":20,"Shuriken":13,"ReplayTheSpireMod:Ring of Collecting":43,"MutagenicStrength":55,"ReplayTheSpireMod:TigerMarble":49,"Nloth\u0027s Gift":74,"MiniHakkero":50,"Meat on the Bone":23,"Regal Pillow":77,"Blue Doll":28,"Mango":47,"conspire:SpecialSausage":54,"Incense Burner":6,"Nunchaku":5,"Replay:Bandana":11,"Dream Catcher":28,"Mummified Hand":6,"theMarked:SecretDocuments":40,"Ring of Peace":3,"Pantograph":64,"Toolbox":47,"Red Mask":34,"BargainBundle":2,"Lee\u0027s Waffle":74,"Replay:M_StaffOfTheSnake":11,"theMarked:Gun":11,"aspiration:FetidBarrel":71,"hubris:Towel":48,"Medical Kit":34,"MawBank":63,"theMarked:ArtifactOfAir":0,"Ring of Fury":43,"Turnip":47,"Art of War":24,"Runesmith:AutoHammer":6,"Membership Card":39,"aspiration:MarisaSkillbook":29,"Toy Ornithopter":57,"Gatherer:AlchemyBag":59},{"hubris:CrystalStatue":54,"EVO:Axolotl":339,"aspiration:RitualStick":153,"Ring of Searing":10,"Centennial Puzzle":279,"HornCleat":90,"infinitespire:ShieldingShard":353,"aspiration:BabyByrd":120,"aspiration:ArtOfWarUpgrade":124,"Fusion Hammer":68,"theMarked:VonisonLock":157,"theMarked:BronzeBlade":174,"hubris:TinFlute":168,"MerchantsRug":116,"Happy Flower":124,"Ring of Hypnosis":235,"aspiration:Nostalgia":54,"ReplayTheSpireMod:CursedCoin":116,"hubris:SphereOfDissonance":10,"Replay:Ancient Bell":28,"aspiration:SeaSaltIceCream":227,"Replay:Baseball":97,"Shuriken":62,"ReplayTheSpireMod:Ring of Collecting":202,"MutagenicStrength":248,"ReplayTheSpireMod:TigerMarble":223,"Nloth\u0027s Gift":339,"MiniHakkero":227,"Meat on the Bone":116,"Regal Pillow":360,"Blue Doll":135,"Mango":219,"conspire:SpecialSausage":246,"Incense Burner":28,"Nunchaku":17,"Replay:Bandana":54,"Dream Catcher":135,"Mummified Hand":28,"theMarked:SecretDocuments":190,"Ring of Peace":10,"Pantograph":292,"Toolbox":219,"Red Mask":161,"BargainBundle":5,"Lee\u0027s Waffle":339,"Replay:M_StaffOfTheSnake":54,"theMarked:Gun":54,"aspiration:FetidBarrel":324,"hubris:Towel":221,"Medical Kit":161,"MawBank":283,"theMarked:ArtifactOfAir":0,"Ring of Fury":202,"Turnip":219,"Art of War":120,"Runesmith:AutoHammer":28,"Membership Card":185,"aspiration:MarisaSkillbook":141,"Toy Ornithopter":258,"Gatherer:AlchemyBag":270}]},"card_choices":[{"not_picked":["theMarked:Parkour","theMarked:WastefulAttack"],"picked":"theMarked:Improvise","floor":1},{"not_picked":["theMarked:TakeCover","theMarked:WastefulDefense","theMarked:ReduceFriction"],"picked":"SKIP","floor":5},{"not_picked":["theMarked:TakeCover","theMarked:WastefulAttack"],"picked":"theMarked:Frustration","floor":7},{"not_picked":["theMarked:Polarize","theMarked:ReduceFriction"],"picked":"theMarked:CreepingChasm","floor":8},{"not_picked":["theMarked:Parkour","theMarked:BanishingWave"],"picked":"theMarked:RogueSparks","floor":12},{"not_picked":["theMarked:EnhanceMovement","theMarked:Generate"],"picked":"theMarked:WardOff","floor":14},{"not_picked":["theMarked:DispelDoubt","theMarked:Snap"],"picked":"theMarked:EternalStudent","floor":16},{"not_picked":["theMarked:Improvise+1","theMarked:Electrify+1"],"picked":"theMarked:SelfDefenseTraining","floor":18},{"not_picked":["theMarked:ShockingTouch+1","theMarked:EmpowerWeapon"],"picked":"theMarked:Overcharge","floor":22},{"not_picked":["theMarked:Standoff","theMarked:BanishingWave"],"picked":"theMarked:Opportunist+1","floor":24},{"not_picked":["theMarked:TunnelVision","theMarked:ElementalBlade"],"picked":"theMarked:AttractMetal+1","floor":25},{"not_picked":["theMarked:ResourceFulStrike","theMarked:LightningStrikesTwice"],"picked":"theMarked:WardOff+1","floor":29},{"not_picked":["theMarked:ResourceFulStrike+1","theMarked:Parry"],"picked":"theMarked:Seal","floor":31}],"player_experience":537625,"relics_obtained":[{"floor":12,"key":"aspiration:FetidBarrel"},{"floor":24,"key":"infinitespire:ShieldingShard"},{"floor":26,"key":"Pantograph"}],"event_choices":[{"damage_healed":0,"gold_gain":0,"player_choice":"Upgraded","damage_taken":0,"max_hp_gain":0,"max_hp_loss":0,"event_name":"Upgrade Shrine","floor":2,"gold_loss":0,"cards_upgraded":["theMarked:SoldierOfQuellstein"]},{"damage_healed":0,"gold_gain":0,"player_choice":"Grow","damage_taken":0,"max_hp_gain":0,"max_hp_loss":0,"event_name":"Living Wall","floor":11,"gold_loss":0,"cards_upgraded":["theMarked:SelfDefenseTraining"]},{"damage_healed":0,"gold_gain":0,"player_choice":"Traded Relic","damage_taken":0,"relics_obtained":["Nloth\u0027s Gift"],"max_hp_gain":0,"max_hp_loss":0,"event_name":"N\u0027loth","floor":19,"relics_lost":["hubris:Towel"],"gold_loss":0}],"is_beta":false,"boss_relics":[{"not_picked":["Coffee Dripper","hubris:TerracottaHorce","Snecko Eye"]}],"items_purged_floors":[],"is_endless":false,"potions_floor_spawned":[5,8,16,24,31],"killed_by":"Collector","ascension_level":1}}