{"host":"08t08ld674si40tv","time":1610768492,"event":{"mods":["AchievementEnabler","BaseMod","Colored Map","Minty Spire (QoL Compilation)","StSLib","SuperFastMode"],"gold_per_floor":[118,132,145,145,163,163,174,174,174,174,17,44,58,58,58,58,58],"floor_reached":16,"language":"KOR","playtime":454,"items_purged":[],"score":229,"play_id":"bc15f048-909d-45bb-9ece-9a53d61e6c99","local_time":"20210116124132","is_ascension_mode":true,"campfire_choices":[{"floor":6,"key":"REST"},{"data":"Feed","floor":8,"key":"SMITH"},{"data":"Fire Breathing","floor":10,"key":"SMITH"},{"floor":15,"key":"REST"}],"circlet_count":0,"master_deck":["AscendersBane","Strike_R","Strike_R","Strike_R","Strike_R","Defend_R","Defend_R","Defend_R","Defend_R","Bash","Feed+1","Fire Breathing+1","Seeing Red","Sentinel","Shockwave","Evolve","Shrug It Off"],"relics":["Burning Blood","Gambling Chip","Chemical X","Incense Burner"],"acts_visited":["Exordium"],"potions_floor_usage":[3,16],"damage_taken":[{"damage":12,"enemies":"Cultist","floor":1,"turns":4},{"damage":8,"enemies":"2 Louse","floor":2,"turns":4},{"damage":11,"enemies":"Small Slimes","floor":3,"turns":5},{"damage":60,"enemies":"Exordium Wildlife","floor":5,"turns":9},{"damage":8,"enemies":"Blue Slaver","floor":7,"turns":7},{"damage":25,"enemies":"3 Sentries","floor":12,"turns":3},{"damage":26,"enemies":"Gremlin Gang","floor":13,"turns":8},{"damage":78,"enemies":"The Guardian","floor":16,"turns":17}],"seed_played":"7735712932675521525","potions_obtained":[{"floor":2,"key":"FairyPotion"},{"floor":3,"key":"Fruit Juice"},{"floor":13,"key":"EntropicBrew"}],"is_trial":false,"path_per_floor":["M","M","M","?","M","R","M","R","T","R","$","E","M","?","R","B"],"character_chosen":"IRONCLAD","items_purchased":["Chemical X"],"campfire_rested":2,"item_purchase_floors":[11],"current_hp_per_floor":[65,66,69,69,18,45,46,46,46,46,46,31,15,15,45,0,0],"gold":58,"neow_bonus":"ONE_RANDOM_RARE_CARD","is_daily":false,"chose_seed":false,"campfire_upgraded":2,"win_rate":0.0,"timestamp":1610768492,"path_taken":["M","M","M","?","M","R","M","R","T","R","$","E","M","?","R","BOSS"],"items_purchased_type":["Relic"],"build_version":"2020-12-22","purchased_purges":0,"victory":false,"max_hp_per_floor":[78,81,89,89,92,92,95,95,95,95,95,99,103,103,103,103,103],"card_choices":[{"not_picked":["Sword Boomerang","Iron Wave","Sentinel"],"picked":"SKIP","floor":1},{"not_picked":["Sword Boomerang","Iron Wave","Sentinel"],"picked":"SKIP","floor":1},{"not_picked":["Dark Embrace","Shrug It Off"],"picked":"Fire Breathing","floor":2},{"not_picked":["True Grit","Shockwave"],"picked":"Seeing Red","floor":3},{"not_picked":["Havoc","Pommel Strike"],"picked":"Shockwave","floor":5},{"not_picked":["Armaments","Clash"],"picked":"Evolve","floor":7},{"not_picked":["Heavy Blade","Anger"],"picked":"Shrug It Off","floor":12},{"not_picked":["Second Wind","Reckless Charge","Cleave"],"picked":"SKIP","floor":13}],"player_experience":223043,"relics_obtained":[{"floor":9,"key":"Gambling Chip"},{"floor":12,"key":"Incense Burner"}],"event_choices":[{"damage_healed":0,"gold_gain":0,"cards_transformed":["Strike_R"],"player_choice":"Change","damage_taken":0,"max_hp_gain":0,"max_hp_loss":0,"event_name":"Living Wall","floor":4,"gold_loss":0,"cards_obtained":["Sentinel"]},{"damage_healed":0,"gold_gain":0,"player_choice":"0 cards matched","damage_taken":0,"max_hp_gain":0,"max_hp_loss":0,"event_name":"Match and Keep!","floor":14,"gold_loss":0,"cards_obtained":[]}],"is_beta":false,"boss_relics":[],"items_purged_floors":[],"is_endless":false,"potions_floor_spawned":[2,3,13],"killed_by":"The Guardian","ascension_level":20}}