{"host":"vex7walpoxzv48nx","time":1610834521,"event":{"mods":["BaseMod","Bestiary","Minty Spire (QoL Compilation)","Permanent Neow","Quick Restart","Relic Stats"],"gold_per_floor":[111,111,111,130,130,130,158,171,195,195,213,228,228,245,245,245,245],"floor_reached":16,"language":"ENG","playtime":1383,"items_purged":[],"score":204,"play_id":"57581fa0-27e9-4959-a72c-a944ad233905","local_time":"20210116230201","daily_mods":["Heirloom"],"is_ascension_mode":true,"campfire_choices":[{"data":"Eruption","floor":6.0,"key":"SMITH"},{"floor":10.0,"key":"REST"},{"data":"Vigilance","floor":13.0,"key":"SMITH"},{"data":"Blasphemy","floor":15.0,"key":"SMITH"}],"circlet_count":0,"master_deck":["AscendersBane","Strike_P","Strike_P","Strike_P","Defend_P","Defend_P","Defend_P","Defend_P","Eruption+1","Vigilance+1","Crescendo","CutThroughFate","DevaForm","FearNoEvil","FlyingSleeves","Protect","Blasphemy+1"],"relics":["PureWater","Ice Cream","Blood Vial","Pear","Regal Pillow"],"acts_visited":["Exordium"],"potions_floor_usage":[16,16],"damage_taken":[{"damage":2.0,"enemies":"Jaw Worm","floor":1.0,"turns":4.0},{"damage":2.0,"enemies":"2 Louse","floor":4.0,"turns":3.0},{"damage":14.0,"enemies":"Lagavulin","floor":7.0,"turns":6.0},{"damage":20.0,"enemies":"Small Slimes","floor":8.0,"turns":3.0},{"damage":0.0,"enemies":"Exordium Wildlife","floor":11.0,"turns":1.0},{"damage":0.0,"enemies":"3 Louse","floor":12.0,"turns":2.0},{"damage":5.0,"enemies":"Exordium Thugs","floor":14.0,"turns":4.0},{"damage":100051,"enemies":"Hexaghost","floor":16,"turns":11}],"seed_played":"4331325462758720523","potions_obtained":[{"floor":8.0,"key":"Energy Potion"},{"floor":12.0,"key":"Ambrosia"}],"is_trial":true,"path_per_floor":["M","?","?","M","?","R","E","M","T","R","M","M","R","M","R","B"],"character_chosen":"WATCHER","items_purchased":[],"campfire_rested":1,"item_purchase_floors":[],"current_hp_per_floor":[59,41,41,41,34,34,32,14,14,52,54,56,56,53,53,0,0],"gold":245,"neow_bonus":"","is_daily":false,"chose_seed":false,"campfire_upgraded":3,"win_rate":0.0,"timestamp":1610834521,"path_taken":["M","?","?","M","?","R","E","M","T","R","M","M","R","M","R","BOSS"],"items_purchased_type":[],"build_version":"2020-12-22","purchased_purges":0,"victory":false,"max_hp_per_floor":[68,68,68,68,68,68,78,78,78,78,78,78,78,78,78,78,78],"relic_stats":{"Blood Vial":14,"Regal Pillow":15,"counters":[8,33],"obtain_stats":[{"Ice Cream":0,"Blood Vial":2,"Regal Pillow":9,"Pear":7,"PureWater":0},{"Ice Cream":0,"Blood Vial":1,"Regal Pillow":4,"Pear":3,"PureWater":0},{"Ice Cream":0,"Blood Vial":4,"Regal Pillow":16,"Pear":13,"PureWater":0}]},"card_choices":[{"not_picked":["CrushJoints","Halt"],"picked":"Crescendo","floor":1.0},{"not_picked":["Fasting2","CrushJoints"],"picked":"CutThroughFate","floor":4.0},{"not_picked":["Omniscience","FearNoEvil"],"picked":"DevaForm","floor":7.0},{"not_picked":["BowlingBash","Adaptation"],"picked":"FearNoEvil","floor":8.0},{"not_picked":["FlurryOfBlows","Crescendo"],"picked":"FlyingSleeves","floor":11.0},{"not_picked":["BowlingBash","Indignation"],"picked":"Protect","floor":12.0},{"not_picked":["Pray","SignatureMove"],"picked":"Blasphemy","floor":14.0}],"player_experience":146108,"relics_obtained":[{"floor":7.0,"key":"Pear"},{"floor":9.0,"key":"Regal Pillow"}],"event_choices":[{"damage_healed":0.0,"max_hp_gain":0.0,"max_hp_loss":0.0,"gold_gain":0.0,"event_name":"Scrap Ooze","player_choice":"Success","floor":2.0,"gold_loss":0.0,"damage_taken":18.0,"relics_obtained":["Blood Vial"]},{"damage_healed":0.0,"max_hp_gain":0.0,"max_hp_loss":0.0,"gold_gain":0.0,"event_name":"Liars Game","player_choice":"Ignored","floor":3.0,"gold_loss":0.0,"damage_taken":0.0},{"cards_removed":["Strike_P"],"damage_healed":0.0,"max_hp_gain":0.0,"max_hp_loss":0.0,"gold_gain":0.0,"event_name":"Golden Wing","player_choice":"Card Removal","floor":5.0,"gold_loss":0.0,"damage_taken":7.0}],"is_beta":false,"boss_relics":[],"items_purged_floors":[],"is_endless":false,"potions_floor_spawned":[8,12,14],"killed_by":"Hexaghost","ascension_level":20}}