{"host":"mai03x2ekbjy4059","time":1610767774,"event":{"mods":["2.2 Compatiblity","BaseMod","DeckTracker","Highlight Path","Keyboard Shortcuts","Minty Spire (QoL Compilation)","Permanent Neow","Quick Restart","SuperFastMode","everything is the same but u backflip on backflip"],"gold_per_floor":[118,136,136,136,157,195,195,120,120,161,161,196,196,210,210,336,336,357,357,357,380,400,436,452,495,495,533,547,300,339,339,339,467,467,481,494,517,532,532,576,594,632,632,632,675,709,747,762,762,762,762,762,335,371,371],"floor_reached":56,"language":"KOR","playtime":1816,"items_purged":["Writhe","Strike_R","Perfected Strike"],"score":1865,"play_id":"6ab4eb38-4598-452d-8525-e02515ac5750","local_time":"20210116122934","is_ascension_mode":true,"campfire_choices":[{"floor":11.0,"key":"REST"},{"data":"Body Slam","floor":13.0,"key":"SMITH"},{"data":"Shrug It Off","floor":15.0,"key":"SMITH"},{"data":"Entrench","floor":32.0,"key":"SMITH"},{"data":"Metallicize","floor":44.0,"key":"SMITH"},{"floor":49.0,"key":"RECALL"},{"data":"Shrug It Off","floor":52,"key":"SMITH"}],"circlet_count":0,"master_deck":["Strike_R+1","Strike_R+1","Strike_R+1","Defend_R+1","Defend_R+1","Defend_R+1","Defend_R+1","Barricade+1","Shrug It Off+1","Combust+1","Body Slam+1","Shrug It Off+1","Offering","Shrug It Off+1","Battle Trance+1","Entrench+1","Offering","Metallicize+1","True Grit+1","Impervious","Body Slam+1"],"relics":["Burning Blood","Golden Idol","Darkstone Periapt","Thread and Needle","Bottled Tornado","SlaversCollar","Nloth\u0027s Gift","Red Skull","White Beast Statue","Ancient Tea Set","HornCleat","Medical Kit","Orichalcum","Philosopher\u0027s Stone","Paper Frog","Meat on the Bone","CeramicFish","Smiling Mask","Letter Opener","Self Forming Clay"],"acts_visited":["Exordium","TheCity","TheBeyond","TheEnding"],"potions_floor_usage":[50,55,55,55],"damage_taken":[{"damage":3.0,"enemies":"2 Louse","floor":1.0,"turns":4.0},{"damage":8.0,"enemies":"Cultist","floor":2.0,"turns":5.0},{"damage":13.0,"enemies":"Jaw Worm","floor":5.0,"turns":6.0},{"damage":20.0,"enemies":"3 Sentries","floor":6.0,"turns":7.0},{"damage":18.0,"enemies":"Gremlin Nob","floor":10.0,"turns":5.0},{"damage":0.0,"enemies":"Lagavulin","floor":12.0,"turns":6.0},{"damage":3.0,"enemies":"Large Slime","floor":14.0,"turns":6.0},{"damage":2.0,"enemies":"Hexaghost","floor":16.0,"turns":9.0},{"damage":8.0,"enemies":"3 Byrds","floor":18.0,"turns":3.0},{"damage":6.0,"enemies":"Shell Parasite","floor":21.0,"turns":6.0},{"damage":6.0,"enemies":"Snake Plant","floor":22.0,"turns":6.0},{"damage":10.0,"enemies":"Slavers","floor":23.0,"turns":9.0},{"damage":6.0,"enemies":"Cultist and Chosen","floor":24.0,"turns":7.0},{"damage":16.0,"enemies":"Gremlin Leader","floor":25.0,"turns":5.0},{"damage":10.0,"enemies":"Book of Stabbing","floor":27.0,"turns":4.0},{"damage":0.0,"enemies":"Centurion and Healer","floor":28.0,"turns":5.0},{"damage":6.0,"enemies":"Gremlin Leader","floor":30.0,"turns":4.0},{"damage":6.0,"enemies":"Collector","floor":33.0,"turns":5.0},{"damage":7.0,"enemies":"3 Darklings","floor":35.0,"turns":9.0},{"damage":6.0,"enemies":"Orb Walker","floor":36.0,"turns":3.0},{"damage":12.0,"enemies":"4 Shapes","floor":37.0,"turns":5.0},{"damage":6.0,"enemies":"Writhing Mass","floor":38.0,"turns":6.0},{"damage":6.0,"enemies":"Giant Head","floor":40.0,"turns":5.0},{"damage":6.0,"enemies":"Sphere and 2 Shapes","floor":41.0,"turns":8.0},{"damage":12.0,"enemies":"Reptomancer","floor":42.0,"turns":6.0},{"damage":6.0,"enemies":"Nemesis","floor":45.0,"turns":3.0},{"damage":0.0,"enemies":"4 Shapes","floor":46.0,"turns":15.0},{"damage":6.0,"enemies":"Giant Head","floor":47.0,"turns":5.0},{"damage":6.0,"enemies":"Transient","floor":48.0,"turns":5.0},{"damage":0,"enemies":"Donu and Deca","floor":50,"turns":7},{"damage":6,"enemies":"Shield and Spear","floor":54,"turns":2},{"damage":6,"enemies":"The Heart","floor":55,"turns":5}],"seed_played":"848914837145156745","potions_obtained":[{"floor":2.0,"key":"Energy Potion"},{"floor":12.0,"key":"SkillPotion"},{"floor":16.0,"key":"LiquidBronze"},{"floor":22.0,"key":"Swift Potion"},{"floor":24.0,"key":"Regen Potion"},{"floor":27.0,"key":"DistilledChaos"},{"floor":28.0,"key":"SpeedPotion"},{"floor":36.0,"key":"Energy Potion"},{"floor":38.0,"key":"Energy Potion"}],"is_trial":false,"path_per_floor":["M","M","?","?","M","E","?","$","T","E","R","E","R","M","R","B",null,"M","?","?","M","M","E","M","E","T","E","M","$","E","?","R","B",null,"M","M","M","M","?","E","M","E","T","R","E","M","E","M","R","B",null,"R","$","E","B",null],"character_chosen":"IRONCLAD","items_purchased":["Medical Kit","Letter Opener","Block Potion","DuplicationPotion"],"campfire_rested":1,"item_purchase_floors":[29,53,53,53],"current_hp_per_floor":[80,78,58,58,51,37,21,21,21,9,33,39,39,42,42,46,80,78,78,78,78,78,74,74,64,64,60,66,66,66,66,66,66,80,79,79,73,80,80,80,80,74,74,74,74,80,80,80,80,80,80,80,80,80,80],"gold":371,"neow_bonus":"THREE_RARE_CARDS","is_daily":false,"chose_seed":false,"campfire_upgraded":5,"win_rate":0.0,"timestamp":1610767774,"path_taken":["M","M","?","?","?","E","?","$","T","E","R","E","R","M","R","BOSS","M","?","?","?","M","E","M","E","T","E","M","?","E","?","R","BOSS","M","M","M","M","?","E","M","E","T","R","E","M","E","M","R","BOSS","R","$","E","BOSS"],"items_purchased_type":["Relic","Relic","Potion","Potion"],"build_version":"2020-12-22","purchased_purges":3,"victory":true,"max_hp_per_floor":[80,80,80,80,80,80,80,80,80,80,80,80,80,80,80,80,80,80,80,80,80,80,80,80,80,80,80,80,80,80,80,80,80,80,80,80,80,80,80,80,80,80,80,80,80,80,80,80,80,80,80,80,80,80,80],"card_choices":[{"not_picked":["Double Tap","Demon Form"],"picked":"Barricade","floor":0.0},{"not_picked":["Power Through","Headbutt"],"picked":"Shrug It Off","floor":1.0},{"not_picked":["Flex","Havoc","Pummel"],"picked":"SKIP","floor":2.0},{"not_picked":["Wild Strike","Cleave","Brutality"],"picked":"SKIP","floor":5.0},{"not_picked":["Metallicize","Cleave"],"picked":"Body Slam","floor":6.0},{"not_picked":["Perfected Strike","Cleave"],"picked":"Shrug It Off","floor":10.0},{"not_picked":["Flex","Wild Strike","Uppercut"],"picked":"SKIP","floor":12.0},{"not_picked":["Bloodletting","Perfected Strike","Clothesline"],"picked":"SKIP","floor":14.0},{"not_picked":["Bludgeon","Berserk"],"picked":"Offering","floor":16.0},{"not_picked":["Clothesline","Anger"],"picked":"Shrug It Off+1","floor":18.0},{"not_picked":["Flame Barrier","Armaments+1"],"picked":"Battle Trance+1","floor":21.0},{"not_picked":["Perfected Strike","Flex","Demon Form"],"picked":"SKIP","floor":22.0},{"not_picked":["Second Wind+1","Rupture","Iron Wave"],"picked":"SKIP","floor":23.0},{"not_picked":["Brutality","Spot Weakness+1","Twin Strike+1"],"picked":"SKIP","floor":24.0},{"not_picked":["Impervious","Double Tap"],"picked":"Entrench","floor":25.0},{"not_picked":["Anger","Rage","Reaper"],"picked":"SKIP","floor":27.0},{"not_picked":["Fire Breathing+1","Flex","Twin Strike"],"picked":"SKIP","floor":28.0},{"not_picked":["Ghostly Armor","Havoc","Rupture+1"],"picked":"SKIP","floor":30.0},{"not_picked":["Barricade","Immolate"],"picked":"Offering","floor":33.0},{"not_picked":["Evolve","Clash"],"picked":"Metallicize","floor":35.0},{"not_picked":["Cleave+1","Perfected Strike","Sentinel"],"picked":"SKIP","floor":36.0},{"not_picked":["Armaments+1","Bludgeon"],"picked":"True Grit+1","floor":37.0},{"not_picked":["Whirlwind+1","Iron Wave","Reckless Charge+1"],"picked":"SKIP","floor":38.0},{"not_picked":["Bludgeon","Metallicize"],"picked":"Impervious","floor":40.0},{"not_picked":["Warcry","Thunderclap","Carnage"],"picked":"SKIP","floor":41.0},{"not_picked":["Perfected Strike","Disarm","Offering"],"picked":"SKIP","floor":42.0},{"not_picked":["Exhume","Wild Strike+1","Reaper"],"picked":"SKIP","floor":45.0},{"not_picked":["Seeing Red","Havoc"],"picked":"Body Slam+1","floor":46.0},{"not_picked":["Berserk","Ghostly Armor","Headbutt"],"picked":"SKIP","floor":47.0},{"not_picked":["Cleave","Entrench","Clothesline"],"picked":"SKIP","floor":48.0},{"not_picked":["Twin Strike+1","Headbutt","Feed"],"picked":"SKIP","floor":54}],"player_experience":1045693,"relics_obtained":[{"floor":6.0,"key":"Darkstone Periapt"},{"floor":9.0,"key":"Thread and Needle"},{"floor":10.0,"key":"Bottled Flame"},{"floor":12.0,"key":"Bottled Tornado"},{"floor":23.0,"key":"Red Skull"},{"floor":25.0,"key":"White Beast Statue"},{"floor":26.0,"key":"Ancient Tea Set"},{"floor":27.0,"key":"HornCleat"},{"floor":30.0,"key":"Orichalcum"},{"floor":40.0,"key":"Paper Frog"},{"floor":42.0,"key":"Meat on the Bone"},{"floor":45.0,"key":"CeramicFish"},{"floor":47.0,"key":"Smiling Mask"},{"floor":54,"key":"Self Forming Clay"}],"event_choices":[{"damage_healed":0.0,"max_hp_gain":0.0,"max_hp_loss":0.0,"gold_gain":0.0,"event_name":"Golden Idol","player_choice":"Take Damage","floor":3.0,"gold_loss":0.0,"damage_taken":20.0,"relics_obtained":["Golden Idol"]},{"damage_healed":0.0,"max_hp_gain":0.0,"max_hp_loss":0.0,"gold_gain":0.0,"cards_transformed":["Strike_R"],"event_name":"Transmorgrifier","player_choice":"Transformed","floor":4.0,"gold_loss":0.0,"damage_taken":0.0,"cards_obtained":["Combust"]},{"damage_healed":0.0,"max_hp_gain":0.0,"max_hp_loss":0.0,"gold_gain":0.0,"event_name":"Shining Light","player_choice":"Entered Light","floor":7.0,"gold_loss":0.0,"damage_taken":16.0,"cards_upgraded":["Barricade","Combust"]},{"damage_healed":0.0,"max_hp_gain":0.0,"max_hp_loss":0.0,"gold_gain":0.0,"event_name":"Cursed Tome","player_choice":"Ignored","floor":19.0,"gold_loss":0.0,"damage_taken":0.0},{"damage_healed":0.0,"max_hp_gain":0.0,"max_hp_loss":0.0,"gold_gain":0.0,"event_name":"N\u0027loth","player_choice":"Traded Relic","floor":20.0,"relics_lost":["Bottled Flame"],"gold_loss":0.0,"damage_taken":0.0,"relics_obtained":["Nloth\u0027s Gift"]},{"damage_healed":0.0,"max_hp_gain":0.0,"max_hp_loss":0.0,"gold_gain":0.0,"event_name":"Back to Basics","player_choice":"Simplicity","floor":31.0,"gold_loss":0.0,"damage_taken":0.0,"cards_upgraded":["Strike_R","Strike_R","Strike_R","Defend_R","Defend_R","Defend_R","Defend_R"]},{"damage_healed":0.0,"max_hp_gain":0.0,"max_hp_loss":0.0,"gold_gain":0.0,"cards_transformed":["Bash"],"event_name":"Transmorgrifier","player_choice":"Transformed","floor":39.0,"gold_loss":0.0,"damage_taken":0.0,"cards_obtained":["Perfected Strike"]}],"is_beta":false,"boss_relics":[{"not_picked":["Fusion Hammer","Runic Cube"],"picked":"SlaversCollar"},{"not_picked":["Cursed Key","Black Blood"],"picked":"Philosopher\u0027s Stone"}],"items_purged_floors":[8,29,53],"is_endless":false,"potions_floor_spawned":[2,12,16,22,24,27,28,30,33,35,36,37,38,40,41,42,45,46,47,48,54],"ascension_level":1}}