{"host":"sav7uxregyirlf69","time":1610807240,"event":{"mods":["AchievementEnabler","BaseMod","Colored Map","DeckTracker","Keyboard Shortcuts","Minty Spire (QoL Compilation)","READ ME - Guardian Mod","StSLib","SuperFastMode"],"gold_per_floor":[109,109,34,44,44,73,84,109,109,125,158,173,205,217,217,289,289,307,307,34,46,46,46,75,75,102,116,116,316,328,347,347,420,420,439,455,466,176,194,194,194],"floor_reached":40,"language":"KOR","playtime":1296,"items_purged":["Strike_G","Strike_G","Skewer+1"],"score":930,"play_id":"a6fe2e59-6921-436b-afcd-d790b91b58eb","local_time":"20210116232720","is_ascension_mode":true,"campfire_choices":[{"floor":15,"key":"REST"},{"floor":23,"key":"REST"},{"data":"Wraith Form v2","floor":25,"key":"SMITH"},{"data":"Tactician","floor":28,"key":"SMITH"},{"data":"Well Laid Plans","floor":32,"key":"SMITH"}],"circlet_count":0,"master_deck":["AscendersBane","Defend_G","Defend_G","Defend_G","Defend_G","Defend_G","Survivor","Neutralize","Backflip","Poisoned Stab+1","Well Laid Plans+1","Blade Dance","Calculated Gamble","Backstab+1","Cloak And Dagger","Reflex","Backflip","After Image","Deflect+1","Malaise+1","Blade Dance+1","PiercingWail","After Image","Tactician+1","Wraith Form v2+1","Burst","Footwork","Prepared+1","Tactician"],"relics":["Ring of the Snake","Bag of Preparation","Shuriken","Juzu Bracelet","Ancient Tea Set","Bird Faced Urn","Astrolabe","DollysMirror","Nloth\u0027s Gift","Whetstone","Anchor","Fusion Hammer","TheAbacus"],"acts_visited":["Exordium","TheCity","TheBeyond"],"potions_floor_usage":[8,8,13,16,21,33,40],"damage_taken":[{"damage":0,"enemies":"2 Louse","floor":1,"turns":1},{"damage":0,"enemies":"Small Slimes","floor":4,"turns":1},{"damage":0,"enemies":"Gremlin Nob","floor":6,"turns":1},{"damage":0,"enemies":"Cultist","floor":7,"turns":2},{"damage":22,"enemies":"3 Sentries","floor":8,"turns":12},{"damage":2,"enemies":"Red Slaver","floor":10,"turns":2},{"damage":24,"enemies":"Lagavulin","floor":11,"turns":7},{"damage":6,"enemies":"Lots of Slimes","floor":12,"turns":4},{"damage":20,"enemies":"3 Sentries","floor":13,"turns":8},{"damage":1,"enemies":"2 Fungi Beasts","floor":14,"turns":3},{"damage":21,"enemies":"Slime Boss","floor":16,"turns":8},{"damage":8,"enemies":"Shell Parasite","floor":18,"turns":4},{"damage":13,"enemies":"3 Byrds","floor":21,"turns":6},{"damage":24,"enemies":"Book of Stabbing","floor":24,"turns":8},{"damage":0,"enemies":"Centurion and Healer","floor":27,"turns":8},{"damage":0,"enemies":"Snake Plant","floor":30,"turns":6},{"damage":7,"enemies":"Cultist and Chosen","floor":31,"turns":7},{"damage":25,"enemies":"Automaton","floor":33,"turns":11},{"damage":7,"enemies":"3 Darklings","floor":35,"turns":8},{"damage":35,"enemies":"3 Shapes","floor":36,"turns":10},{"damage":14,"enemies":"Jaw Worm Horde","floor":37,"turns":8},{"damage":35,"enemies":"Transient","floor":39,"turns":6},{"damage":35,"enemies":"Reptomancer","floor":40,"turns":8}],"seed_played":"2733202419891220029","potions_obtained":[{"floor":1,"key":"ColorlessPotion"},{"floor":7,"key":"Dexterity Potion"},{"floor":8,"key":"Swift Potion"},{"floor":11,"key":"Regen Potion"},{"floor":13,"key":"BlessingOfTheForge"},{"floor":27,"key":"DuplicationPotion"},{"floor":30,"key":"BlessingOfTheForge"},{"floor":33,"key":"Ancient Potion"}],"is_trial":false,"path_per_floor":["M","?","$","M","?","E","M","E","T","M","E","M","E","M","R","B",null,"M","?","$","M","?","R","E","R","T","M","R","?","M","M","R","B",null,"M","M","M","$","M","E"],"character_chosen":"THE_SILENT","items_purchased":["DollysMirror","TheAbacus"],"campfire_rested":2,"item_purchase_floors":[20,38],"current_hp_per_floor":[59,59,59,59,64,64,64,42,42,40,16,10,5,4,25,6,55,49,29,29,22,22,44,24,24,24,30,30,30,36,35,35,18,62,61,36,30,30,3,0,0],"gold":194,"neow_bonus":"THREE_ENEMY_KILL","is_daily":false,"chose_seed":false,"campfire_upgraded":3,"win_rate":0.0,"timestamp":1610807240,"path_taken":["M","?","$","M","?","E","M","E","T","M","E","M","E","M","R","BOSS","M","?","$","M","?","R","E","R","T","M","R","?","M","M","R","BOSS","M","M","M","$","M","E"],"items_purchased_type":["Relic","Relic"],"build_version":"2020-12-22","purchased_purges":3,"victory":false,"max_hp_per_floor":[66,66,66,66,71,71,71,71,71,71,71,71,71,71,71,71,71,71,76,76,76,76,76,76,76,76,76,76,76,76,76,76,76,76,76,76,76,76,76,76,76],"card_choices":[{"not_picked":["Leg Sweep","Slice"],"picked":"Skewer","floor":1},{"not_picked":["Blade Dance","Dodge and Roll"],"picked":"Backflip","floor":4},{"not_picked":["Slice","Eviscerate"],"picked":"Poisoned Stab","floor":6},{"not_picked":["Sucker Punch","Dodge and Roll"],"picked":"Well Laid Plans","floor":7},{"not_picked":["Quick Slash","Dagger Spray"],"picked":"Blade Dance","floor":8},{"not_picked":["Deadly Poison","Reflex"],"picked":"Calculated Gamble","floor":10},{"not_picked":["Dagger Throw","Bane"],"picked":"Backstab","floor":11},{"not_picked":["PiercingWail","Eviscerate"],"picked":"Cloak And Dagger","floor":12},{"not_picked":["Setup","Grand Finale"],"picked":"Reflex","floor":13},{"not_picked":["Escape Plan","PiercingWail"],"picked":"Backflip","floor":14},{"not_picked":["Glass Knife","A Thousand Cuts"],"picked":"After Image","floor":16},{"not_picked":["Dodge and Roll","Masterful Stab"],"picked":"PiercingWail","floor":18},{"not_picked":["Footwork","Dagger Throw"],"picked":"Tactician","floor":21},{"not_picked":["Riddle With Holes","Quick Slash"],"picked":"Wraith Form v2","floor":24},{"not_picked":["Choke","All Out Attack","Dodge and Roll+1"],"picked":"SKIP","floor":27},{"not_picked":["Infinite Blades","Slice","Backflip+1"],"picked":"SKIP","floor":30},{"not_picked":["Outmaneuver","Cloak And Dagger","Well Laid Plans"],"picked":"SKIP","floor":31},{"not_picked":["Wraith Form v2","Glass Knife"],"picked":"Burst","floor":33},{"not_picked":["Bane","Infinite Blades"],"picked":"Footwork","floor":35},{"not_picked":["A Thousand Cuts","Dagger Spray","Riddle With Holes"],"picked":"SKIP","floor":36},{"not_picked":["Quick Slash","Deadly Poison+1"],"picked":"Prepared+1","floor":37},{"not_picked":["Phantasmal Killer","Deadly Poison"],"picked":"Tactician","floor":39}],"player_experience":1293258,"relics_obtained":[{"floor":6,"key":"Bag of Preparation"},{"floor":8,"key":"Shuriken"},{"floor":9,"key":"Juzu Bracelet"},{"floor":11,"key":"Ancient Tea Set"},{"floor":13,"key":"Bird Faced Urn"},{"floor":24,"key":"Whetstone"},{"floor":26,"key":"Anchor"}],"event_choices":[{"damage_healed":0,"gold_gain":0,"player_choice":"Grow","damage_taken":0,"max_hp_gain":0,"max_hp_loss":0,"event_name":"Living Wall","floor":2,"gold_loss":0,"cards_upgraded":["Skewer"]},{"damage_healed":0,"gold_gain":0,"player_choice":"Donut","damage_taken":0,"max_hp_gain":5,"max_hp_loss":0,"event_name":"Big Fish","floor":5,"gold_loss":0},{"damage_healed":0,"gold_gain":0,"player_choice":"Shed Blood","damage_taken":25,"max_hp_gain":5,"max_hp_loss":0,"event_name":"Forgotten Altar","floor":19,"gold_loss":0},{"damage_healed":0,"gold_gain":0,"player_choice":"Traded Relic","damage_taken":0,"relics_obtained":["Nloth\u0027s Gift"],"max_hp_gain":0,"max_hp_loss":0,"event_name":"N\u0027loth","floor":22,"relics_lost":["NeowsBlessing"],"gold_loss":0},{"damage_healed":0,"gold_gain":200,"player_choice":"Gold","damage_taken":0,"max_hp_gain":0,"max_hp_loss":0,"event_name":"Wheel of Change","floor":29,"gold_loss":0}],"is_beta":false,"boss_relics":[{"not_picked":["SacredBark","Snecko Eye"],"picked":"Astrolabe"},{"not_picked":["Ring of the Serpent","Tiny House"],"picked":"Fusion Hammer"}],"items_purged_floors":[3,20,38],"is_endless":false,"potions_floor_spawned":[1,7,8,11,13,27,30,33,35,39],"killed_by":"Reptomancer","ascension_level":20}}