{"host":"4axoa1rfjgnprp9l","time":1610813623,"event":{"mods":["2.2 Compatiblity","AchievementEnabler","BaseMod","Colored Map","DeckTracker","Highlight Path","Minty Spire (QoL Compilation)","Permanent Neow","StSLib","SuperFastMode"],"gold_per_floor":[111,127,145,145,145,163,176,176,176,210,210,225,258,278,278,353,353,368,379,64,83,8,34,48,48,48,80,90,122,122,157,157,235,235,254,269,73,0,0,0,30,30,56,83,103,103,13,29,29,29,29],"floor_reached":52,"language":"KOR","playtime":6327,"items_purged":[],"score":2404,"play_id":"2441536c-a253-49c6-8c7f-c74b1659dfe3","local_time":"20210117011343","is_ascension_mode":true,"campfire_choices":[{"data":"Eviscerate","floor":8.0,"key":"SMITH"},{"floor":11.0,"key":"REST"},{"data":"Underhanded Strike","floor":15.0,"key":"SMITH"},{"data":"Calculated Gamble","floor":25.0,"key":"SMITH"},{"data":"Wraith Form v2","floor":32.0,"key":"SMITH"},{"data":"Reflex","floor":40,"key":"SMITH"},{"data":"Acrobatics","floor":42,"key":"SMITH"},{"data":"Calculated Gamble","floor":49,"key":"SMITH"}],"circlet_count":0,"master_deck":["AscendersBane","Strike_G+1","Defend_G","Defend_G","Defend_G","Defend_G","Defend_G","Survivor","Neutralize+1","Calculated Gamble+1","Acrobatics+1","Underhanded Strike+1","Reflex+1","Eviscerate+1","Well Laid Plans+1","Wraith Form v2+1","Blur","Footwork+1","Grand Finale+1","Acrobatics","Footwork+1","Calculated Gamble+1","Concentrate"],"relics":["Ring of the Snake","Ninja Scroll","The Specimen","Shuriken","Coffee Dripper","Tingsha","Bottled Tornado","Frozen Egg 2","FossilizedHelix","Molten Egg 2","Bag of Marbles","Sozu","TheAbacus","Red Mask","Unceasing Top","Strawberry","Whetstone"],"acts_visited":["Exordium","TheCity","TheBeyond"],"potions_floor_usage":[51],"damage_taken":[{"damage":3.0,"enemies":"Jaw Worm","floor":1.0,"turns":6.0},{"damage":0.0,"enemies":"2 Louse","floor":2.0,"turns":3.0},{"damage":2.0,"enemies":"Cultist","floor":3.0,"turns":5.0},{"damage":25.0,"enemies":"Large Slime","floor":6.0,"turns":14.0},{"damage":16.0,"enemies":"Lots of Slimes","floor":7.0,"turns":7.0},{"damage":7.0,"enemies":"3 Sentries","floor":10.0,"turns":7.0},{"damage":0.0,"enemies":"3 Louse","floor":12.0,"turns":2.0},{"damage":6.0,"enemies":"Gremlin Nob","floor":13.0,"turns":3.0},{"damage":0.0,"enemies":"Large Slime","floor":14.0,"turns":1.0},{"damage":0.0,"enemies":"Slime Boss","floor":16.0,"turns":6.0},{"damage":4.0,"enemies":"Chosen","floor":18.0,"turns":7.0},{"damage":0.0,"enemies":"2 Thieves","floor":19.0,"turns":3.0},{"damage":9.0,"enemies":"Chosen and Byrds","floor":21.0,"turns":5.0},{"damage":10.0,"enemies":"Book of Stabbing","floor":23.0,"turns":6.0},{"damage":0.0,"enemies":"Cultist and Chosen","floor":24.0,"turns":3.0},{"damage":0.0,"enemies":"Gremlin Leader","floor":27.0,"turns":5.0},{"damage":2.0,"enemies":"Shelled Parasite and Fungi","floor":28.0,"turns":4.0},{"damage":0.0,"enemies":"Book of Stabbing","floor":29.0,"turns":5.0},{"damage":0.0,"enemies":"Gremlin Leader","floor":31.0,"turns":8.0},{"damage":0.0,"enemies":"Automaton","floor":33.0,"turns":9.0},{"damage":0.0,"enemies":"3 Shapes","floor":35.0,"turns":1.0},{"damage":0,"enemies":"3 Darklings","floor":36,"turns":1},{"damage":0,"enemies":"Nemesis","floor":41,"turns":5},{"damage":0,"enemies":"Giant Head","floor":44,"turns":5},{"damage":0,"enemies":"Spire Growth","floor":45,"turns":4},{"damage":0,"enemies":"Jaw Worm Horde","floor":48,"turns":3},{"damage":38,"enemies":"Time Eater","floor":50,"turns":11},{"damage":3,"enemies":"Awakened One","floor":51,"turns":8}],"seed_played":"8601153490358387105","potions_obtained":[{"floor":1.0,"key":"Strength Potion"},{"floor":12.0,"key":"Energy Potion"},{"floor":13.0,"key":"EssenceOfSteel"},{"floor":16.0,"key":"SteroidPotion"},{"floor":19.0,"key":"Weak Potion"},{"floor":23.0,"key":"Fire Potion"},{"floor":28.0,"key":"BlessingOfTheForge"},{"floor":31.0,"key":"SteroidPotion"}],"is_trial":false,"path_per_floor":["M","M","M","?","?","M","M","R","T","E","R","M","E","M","R","B",null,"M","M","$","M","?","E","M","R","T","E","M","E","?","E","R","B",null,"M","M","$","?","?","R","E","R","T","E","M","?","$","M","R","B","B",null],"character_chosen":"THE_SILENT","items_purchased":["Tingsha","TheAbacus","Acrobatics","Calculated Gamble"],"campfire_rested":1,"item_purchase_floors":[20,37,37,47],"current_hp_per_floor":[56,56,54,59,55,30,14,14,14,7,26,26,20,20,20,20,54,50,50,50,41,41,31,31,31,31,31,29,29,29,29,29,29,56,56,56,56,56,56,56,56,56,63,63,63,63,63,63,63,25,22],"gold":29,"neow_bonus":"TRANSFORM_TWO_CARDS","is_daily":false,"chose_seed":false,"campfire_upgraded":7,"win_rate":0.0,"timestamp":1610813623,"path_taken":["M","M","M","?","?","M","M","R","T","E","R","M","E","?","R","BOSS","M","M","$","M","?","E","?","R","T","E","M","E","?","E","R","BOSS","M","M","$","?","?","R","E","R","T","E","M","?","$","?","R","BOSS","BOSS"],"items_purchased_type":["Relic","Relic","Card","Card"],"build_version":"2020-12-22","purchased_purges":0,"victory":true,"max_hp_per_floor":[60,60,60,65,65,65,65,65,65,65,65,65,65,65,65,65,65,65,65,65,65,65,65,65,65,65,65,65,65,65,65,65,65,65,65,65,65,65,65,65,65,65,72,72,72,72,72,72,72,72,72],"card_choices":[{"not_picked":["Accuracy","PiercingWail"],"picked":"Underhanded Strike","floor":1.0},{"not_picked":["Underhanded Strike","Cloak And Dagger","Prepared"],"picked":"SKIP","floor":2.0},{"not_picked":["Acrobatics","Flying Knee","Terror"],"picked":"SKIP","floor":3.0},{"not_picked":["Deadly Poison","Backflip"],"picked":"Reflex","floor":6.0},{"not_picked":["Backflip","Poisoned Stab"],"picked":"Eviscerate","floor":7.0},{"not_picked":["Caltrops","Poisoned Stab","Bouncing Flask"],"picked":"SKIP","floor":10.0},{"not_picked":["Burst","Finisher","Deadly Poison"],"picked":"SKIP","floor":12.0},{"not_picked":["Infinite Blades","Acrobatics","Endless Agony"],"picked":"SKIP","floor":13.0},{"not_picked":["Predator","Underhanded Strike"],"picked":"Well Laid Plans","floor":14.0},{"not_picked":["Unload","Glass Knife"],"picked":"Wraith Form v2","floor":16.0},{"not_picked":["Slice","Terror+1","Bouncing Flask+1"],"picked":"SKIP","floor":18.0},{"not_picked":["Cloak And Dagger","Sucker Punch"],"picked":"Blur","floor":19.0},{"not_picked":["Endless Agony","Catalyst","Sucker Punch"],"picked":"SKIP","floor":21.0},{"not_picked":["All Out Attack","Bane","Setup"],"picked":"SKIP","floor":23.0},{"not_picked":["All Out Attack","Dodge and Roll","Dagger Throw"],"picked":"SKIP","floor":24.0},{"not_picked":["PiercingWail","Outmaneuver","Dodge and Roll"],"picked":"SKIP","floor":27.0},{"not_picked":["Well Laid Plans+1","Setup"],"picked":"Footwork+1","floor":28.0},{"not_picked":["Dash+1","Flying Knee+1","Corpse Explosion"],"picked":"SKIP","floor":29.0},{"not_picked":["Setup+1","Noxious Fumes+1","Riddle With Holes+1"],"picked":"SKIP","floor":31.0},{"not_picked":["Corpse Explosion","Doppelganger"],"picked":"Grand Finale+1","floor":33.0},{"not_picked":["PiercingWail+1","Backstab+1","Bane+1"],"picked":"SKIP","floor":35.0},{"not_picked":["Caltrops+1","All Out Attack+1"],"picked":"Backflip+1","floor":36},{"not_picked":["Bouncing Flask","Poisoned Stab+1","Outmaneuver"],"picked":"SKIP","floor":41},{"not_picked":["Flying Knee+1","Deflect+1"],"picked":"Footwork+1","floor":44},{"not_picked":["Poisoned Stab+1","Acrobatics","Die Die Die+1"],"picked":"SKIP","floor":45},{"not_picked":["Finisher+1","Blade Dance+1"],"picked":"Concentrate","floor":48}],"player_experience":866337,"relics_obtained":[{"floor":9.0,"key":"Ninja Scroll"},{"floor":10.0,"key":"The Specimen"},{"floor":13.0,"key":"Shuriken"},{"floor":23.0,"key":"Bottled Tornado"},{"floor":26.0,"key":"Frozen Egg 2"},{"floor":27.0,"key":"FossilizedHelix"},{"floor":29.0,"key":"Molten Egg 2"},{"floor":31.0,"key":"Bag of Marbles"},{"floor":41,"key":"Unceasing Top"},{"floor":43,"key":"Strawberry"},{"floor":44,"key":"Whetstone"}],"event_choices":[{"damage_healed":0.0,"max_hp_gain":5.0,"max_hp_loss":0.0,"gold_gain":0.0,"event_name":"Big Fish","player_choice":"Donut","floor":4.0,"gold_loss":0.0,"damage_taken":0.0},{"damage_healed":0.0,"max_hp_gain":0.0,"max_hp_loss":0.0,"gold_gain":0.0,"event_name":"The Woman in Blue","player_choice":"Bought 0 Potions","floor":5.0,"gold_loss":0.0,"damage_taken":0.0},{"cards_removed":["Strike_G"],"damage_healed":0.0,"max_hp_gain":0.0,"max_hp_loss":0.0,"gold_gain":0.0,"event_name":"Designer","player_choice":"Single Remove","floor":22.0,"gold_loss":75.0,"damage_taken":0.0},{"cards_removed":["Strike_G"],"damage_healed":0.0,"max_hp_gain":0.0,"max_hp_loss":0.0,"gold_gain":0.0,"event_name":"Back to Basics","player_choice":"Elegance","floor":30.0,"gold_loss":0.0,"damage_taken":0.0},{"damage_healed":0,"gold_gain":0,"player_choice":"Paid","damage_taken":0,"relics_obtained":["Red Mask"],"max_hp_gain":0,"max_hp_loss":0,"event_name":"Tomb of Lord Red Mask","floor":38,"gold_loss":73},{"cards_removed":["Backflip"],"damage_healed":0,"gold_gain":0,"player_choice":"Removed Skill","damage_taken":0,"max_hp_gain":0,"max_hp_loss":0,"event_name":"Falling","floor":39,"gold_loss":0},{"damage_healed":0,"gold_gain":0,"player_choice":"Upgraded","damage_taken":0,"max_hp_gain":0,"max_hp_loss":0,"event_name":"Upgrade Shrine","floor":46,"gold_loss":0,"cards_upgraded":["Well Laid Plans"]}],"is_beta":false,"boss_relics":[{"not_picked":["Fusion Hammer","Ectoplasm"],"picked":"Coffee Dripper"},{"not_picked":["Ring of the Serpent","SlaversCollar"],"picked":"Sozu"}],"items_purged_floors":[],"is_endless":false,"potions_floor_spawned":[1,12,13,14,16,19,23,24,28,31,36,41],"ascension_level":20}}