{"host":"qm4rv4rkpk76sbxu","time":1610805396,"event":{"mods":["BaseMod","Bestiary","Block Reminder","DeckTracker","Filter the Spire","Keyboard Shortcuts","Minty Spire (QoL Compilation)","MonsterHotkey","Quick Restart","Relic Stats","Slay-I","StSLib","ojb\u0027s Better Paths Mod","ojb\u0027s Info Mod"],"gold_per_floor":[117,137,137,137,148,177,195,227,254,265,265,281,281,304,304,428,428,451,451,451,472,832,865,865,889,966,966,986,1001,1041,1041,1041,1164,1164,1180,1196,1219,1129,1142,274,274,308,308,329,368,63,99,118,118,118],"floor_reached":51,"language":"ENG","playtime":2518,"items_purged":["Strike_R"],"score":983,"play_id":"4c29c1d2-239c-4be2-90d9-35d067870144","local_time":"20210116145636","is_ascension_mode":true,"campfire_choices":[{"data":"Fiend Fire","floor":15,"key":"SMITH"},{"data":"Immolate","floor":24,"key":"SMITH"},{"floor":27,"key":"REST"},{"data":"Rupture","floor":32,"key":"SMITH"},{"data":"Burning Pact","floor":41,"key":"SMITH"},{"data":"True Grit","floor":49,"key":"SMITH"}],"circlet_count":0,"master_deck":["Strike_R","Defend_R","Defend_R","Defend_R","Defend_R","Bash","Clothesline","Cleave","Shrug It Off","Hemokinesis+1","Fiend Fire+1","Thunderclap","Immolate+1","True Grit+1","Rampage","Burning Pact+1","Rupture+1","Discovery","Ghostly Armor","Clothesline+1","Heavy Blade+1","Barricade+1","Dark Embrace+1","Reaper+1","Shockwave+1","Pommel Strike+1","Burning Pact+1","Metallicize+1","Feel No Pain+1","Shrug It Off","Pommel Strike+1","Injury","Shockwave+1","Second Wind","Shrug It Off","Reaper+1"],"relics":["Burning Blood","NeowsBlessing","Happy Flower","Regal Pillow","Orichalcum","Anchor","Golden Idol","Snecko Eye","Molten Egg 2","Shuriken","Frozen Egg 2","Cursed Key","ClockworkSouvenir","Gambling Chip","Pantograph","Ginger","Blue Candle","Dead Branch","Paper Frog","Pear"],"acts_visited":["Exordium","TheCity","TheBeyond"],"potions_floor_usage":[8,16,23,33,37,50,50,50],"damage_taken":[{"damage":0,"enemies":"Cultist","floor":1,"turns":1},{"damage":0,"enemies":"Jaw Worm","floor":2,"turns":1},{"damage":0,"enemies":"Small Slimes","floor":5,"turns":1},{"damage":31,"enemies":"Lagavulin","floor":6,"turns":6},{"damage":8,"enemies":"3 Louse","floor":7,"turns":3},{"damage":31,"enemies":"3 Sentries","floor":8,"turns":6},{"damage":0,"enemies":"2 Fungi Beasts","floor":10,"turns":2},{"damage":8,"enemies":"Blue Slaver","floor":12,"turns":3},{"damage":0,"enemies":"Gremlin Gang","floor":14,"turns":4},{"damage":24,"enemies":"Slime Boss","floor":16,"turns":8},{"damage":0,"enemies":"3 Byrds","floor":18,"turns":3},{"damage":6,"enemies":"Spheric Guardian","floor":21,"turns":3},{"damage":25,"enemies":"Book of Stabbing","floor":23,"turns":5},{"damage":2,"enemies":"3 Cultists","floor":25,"turns":4},{"damage":0,"enemies":"Snake Plant","floor":28,"turns":2},{"damage":0,"enemies":"Centurion and Healer","floor":29,"turns":3},{"damage":0,"enemies":"Gremlin Leader","floor":30,"turns":3},{"damage":30,"enemies":"Automaton","floor":33,"turns":7},{"damage":16,"enemies":"3 Darklings","floor":35,"turns":3},{"damage":8,"enemies":"Orb Walker","floor":36,"turns":3},{"damage":17,"enemies":"Jaw Worm Horde","floor":37,"turns":3},{"damage":18,"enemies":"4 Shapes","floor":39,"turns":7},{"damage":4,"enemies":"Giant Head","floor":42,"turns":5},{"damage":15,"enemies":"Maw","floor":44,"turns":6},{"damage":12,"enemies":"Nemesis","floor":45,"turns":7},{"damage":3,"enemies":"Giant Head","floor":47,"turns":6},{"damage":4,"enemies":"3 Darklings","floor":48,"turns":3},{"damage":29,"enemies":"Donu and Deca","floor":50,"turns":11}],"seed_played":"-4950121136802095001","potions_obtained":[{"floor":6,"key":"Regen Potion"},{"floor":7,"key":"ElixirPotion"},{"floor":8,"key":"HeartOfIron"},{"floor":12,"key":"LiquidMemories"},{"floor":16,"key":"Ancient Potion"},{"floor":25,"key":"Swift Potion"},{"floor":33,"key":"Swift Potion"},{"floor":37,"key":"AttackPotion"},{"floor":48,"key":"DuplicationPotion"}],"is_trial":false,"path_per_floor":["M","M","?","?","M","E","M","E","T","M","?","M","?","M","R","B",null,"M","?","?","M","?","E","R","M","T","R","M","M","E","?","R","B",null,"M","M","M","?","M","$","R","E","T","M","E","$","E","M","R","B",null],"character_chosen":"IRONCLAD","items_purchased":["Feel No Pain+1","Shrug It Off","ClockworkSouvenir","Gambling Chip","Pantograph","Paper Frog","Shrug It Off"],"campfire_rested":1,"item_purchase_floors":[40,40,40,40,40,46,46],"current_hp_per_floor":[80,80,47,47,53,28,26,16,16,22,22,20,20,26,26,8,80,80,80,80,80,31,12,12,16,16,55,61,67,73,73,73,49,80,70,68,69,69,74,74,74,80,80,80,80,80,90,90,90,90],"gold":118,"neow_bonus":"THREE_ENEMY_KILL","is_daily":false,"chose_seed":false,"campfire_upgraded":5,"win_rate":0.0,"timestamp":1610805396,"path_taken":["M","M","?","?","?","E","M","E","T","M","?","?","?","M","R","BOSS","M","?","?","M","?","E","R","?","T","R","M","M","E","?","R","BOSS","M","M","M","?","M","?","R","E","T","M","E","$","E","M","R","BOSS"],"items_purchased_type":["Card","Card","Relic","Relic","Relic","Relic","Card"],"build_version":"2020-12-22","purchased_purges":1,"victory":true,"max_hp_per_floor":[80,80,80,80,80,80,80,80,80,80,80,80,80,80,80,80,80,80,80,80,80,80,80,80,80,80,80,80,80,80,80,80,80,80,80,80,80,80,80,80,80,80,80,80,80,80,90,90,90,90],"relic_stats":{"Regal Pillow":15,"Happy Flower":[39],"counters":[28,119],"Golden Idol":160,"Blue Candle":[5],"Dead Branch":[50],"Ginger":[5],"Orichalcum":[72],"Cursed Key":1,"Burning Blood":123,"Shuriken":[23],"Gambling Chip":[31],"Pantograph":0,"Snecko Eye":[198,196,209,189],"obtain_stats":[{"Regal Pillow":6,"Pear":47,"NeowsBlessing":0,"Happy Flower":3,"Golden Idol":13,"Blue Candle":43,"Dead Branch":45,"Ginger":42,"Orichalcum":8,"Frozen Egg 2":30,"Cursed Key":34,"Burning Blood":0,"ClockworkSouvenir":40,"Anchor":9,"Shuriken":26,"Gambling Chip":40,"Pantograph":40,"Snecko Eye":17,"Molten Egg 2":23,"Paper Frog":46},{"Regal Pillow":4,"Pear":26,"NeowsBlessing":0,"Happy Flower":2,"Golden Idol":8,"Blue Candle":23,"Dead Branch":25,"Ginger":23,"Orichalcum":6,"Frozen Egg 2":17,"Cursed Key":18,"Burning Blood":0,"ClockworkSouvenir":22,"Anchor":6,"Shuriken":14,"Gambling Chip":22,"Pantograph":22,"Snecko Eye":10,"Molten Egg 2":13,"Paper Frog":25},{"Regal Pillow":9,"Pear":105,"NeowsBlessing":0,"Happy Flower":2,"Golden Idol":23,"Blue Candle":86,"Dead Branch":99,"Ginger":86,"Orichalcum":18,"Frozen Egg 2":58,"Cursed Key":65,"Burning Blood":0,"ClockworkSouvenir":81,"Anchor":18,"Shuriken":50,"Gambling Chip":81,"Pantograph":81,"Snecko Eye":35,"Molten Egg 2":46,"Paper Frog":99}]},"card_choices":[{"not_picked":["Clash","Twin Strike"],"picked":"Clothesline","floor":1},{"not_picked":["Twin Strike","Searing Blow"],"picked":"Cleave","floor":2},{"not_picked":["Iron Wave","Perfected Strike","Fire Breathing"],"picked":"SKIP","floor":5},{"not_picked":["Flex","Combust"],"picked":"Anger","floor":6},{"not_picked":["Clothesline","Anger","Flex"],"picked":"SKIP","floor":7},{"not_picked":["Havoc","Anger"],"picked":"Shrug It Off","floor":8},{"not_picked":["Wild Strike","Flex"],"picked":"Hemokinesis","floor":10},{"not_picked":["Sword Boomerang","Dark Embrace"],"picked":"Fiend Fire","floor":12},{"not_picked":["Havoc","Perfected Strike"],"picked":"Thunderclap","floor":14},{"not_picked":["Juggernaut","Bludgeon"],"picked":"Immolate","floor":16},{"not_picked":["Infernal Blade","Wild Strike+1"],"picked":"True Grit","floor":18},{"not_picked":["Body Slam","Headbutt"],"picked":"Rupture","floor":21},{"not_picked":["Warcry+1","Bloodletting"],"picked":"Ghostly Armor","floor":23},{"not_picked":["Havoc","Searing Blow+1","Rage"],"picked":"SKIP","floor":25},{"not_picked":["Dual Wield","Intimidate"],"picked":"Clothesline+1","floor":28},{"not_picked":["Clash+1","Rampage+1"],"picked":"Heavy Blade+1","floor":29},{"not_picked":["True Grit","Dark Embrace+1"],"picked":"Barricade+1","floor":30},{"not_picked":["Berserk+1","Juggernaut+1"],"picked":"Reaper+1","floor":33},{"not_picked":["Spot Weakness","Pummel+1"],"picked":"Shockwave+1","floor":35},{"not_picked":["Iron Wave+1","Entrench"],"picked":"Pommel Strike+1","floor":36},{"not_picked":["Twin Strike+1","Headbutt+1"],"picked":"Burning Pact+1","floor":37},{"not_picked":["Clothesline+1","Wild Strike+1"],"picked":"Metallicize+1","floor":39},{"not_picked":["Cleave+1","Flex"],"picked":"Pommel Strike+1","floor":42},{"not_picked":["Seeing Red","True Grit+1"],"picked":"Shockwave+1","floor":44},{"not_picked":["Clothesline+1","Infernal Blade"],"picked":"Second Wind","floor":45},{"not_picked":["Perfected Strike+1","Carnage+1"],"picked":"Reaper+1","floor":47},{"not_picked":["Rage","Clash+1","Burning Pact"],"picked":"SKIP","floor":48}],"player_experience":1338573,"relics_obtained":[{"floor":6,"key":"Regal Pillow"},{"floor":8,"key":"Orichalcum"},{"floor":9,"key":"Anchor"},{"floor":23,"key":"Molten Egg 2"},{"floor":26,"key":"Shuriken"},{"floor":30,"key":"Frozen Egg 2"},{"floor":42,"key":"Ginger"},{"floor":43,"key":"Blue Candle"},{"floor":45,"key":"Dead Branch"},{"floor":47,"key":"Pear"}],"event_choices":[{"damage_healed":0,"gold_gain":0,"player_choice":"Success","damage_taken":33,"relics_obtained":["Happy Flower"],"max_hp_gain":0,"max_hp_loss":0,"event_name":"Scrap Ooze","floor":3,"gold_loss":0},{"cards_removed":["Strike_R"],"damage_healed":0,"gold_gain":0,"player_choice":"Offered Basic","damage_taken":0,"max_hp_gain":0,"max_hp_loss":0,"event_name":"Bonfire Elementals","floor":4,"gold_loss":0},{"cards_removed":["Strike_R"],"damage_healed":0,"gold_gain":0,"player_choice":"Purged","damage_taken":0,"max_hp_gain":0,"max_hp_loss":0,"event_name":"Purifier","floor":11,"gold_loss":0},{"damage_healed":0,"gold_gain":0,"player_choice":"Take Wound","damage_taken":0,"relics_obtained":["Golden Idol"],"max_hp_gain":0,"max_hp_loss":0,"event_name":"Golden Idol","floor":13,"gold_loss":0,"cards_obtained":["Injury"]},{"damage_healed":0,"gold_gain":0,"cards_transformed":["Anger","Strike_R"],"player_choice":"Became Test Subject","damage_taken":0,"max_hp_gain":0,"max_hp_loss":0,"event_name":"Drug Dealer","floor":19,"gold_loss":0,"cards_obtained":["Rampage","Burning Pact"]},{"cards_removed":["Injury"],"damage_healed":0,"gold_gain":0,"player_choice":"Elegance","damage_taken":0,"max_hp_gain":0,"max_hp_loss":0,"event_name":"Back to Basics","floor":20,"gold_loss":0},{"damage_healed":0,"gold_gain":360,"player_choice":"GOLD CARD CARD GOLD GOLD GOLD ","damage_taken":49,"max_hp_gain":0,"max_hp_loss":0,"event_name":"Knowing Skull","floor":22,"potions_obtained":[],"gold_loss":0,"cards_obtained":["Jack Of All Trades","Discovery"]},{"damage_healed":0,"gold_gain":0,"player_choice":"Read","damage_taken":0,"max_hp_gain":0,"max_hp_loss":0,"event_name":"The Library","floor":31,"gold_loss":0,"cards_obtained":["Dark Embrace"]},{"cards_removed":["Jack Of All Trades"],"damage_healed":0,"gold_gain":0,"player_choice":"Upgrade and Remove","damage_taken":0,"max_hp_gain":0,"max_hp_loss":0,"event_name":"Designer","floor":38,"gold_loss":90,"cards_upgraded":["Hemokinesis"]}],"is_beta":false,"boss_relics":[{"not_picked":["SacredBark","SlaversCollar"],"picked":"Snecko Eye"},{"not_picked":["Runic Pyramid","Pandora\u0027s Box"],"picked":"Cursed Key"}],"items_purged_floors":[40],"is_endless":false,"potions_floor_spawned":[6,7,8,12,16,21,25,33,37,45,48],"ascension_level":1}}