{"host":"ct28ocsd8g8yr2ah","time":1610796943,"event":{"mods":["BaseMod","Better Third Choice","Hermit","KinomotoSakuraMod(????)","Koishi","Marisa????????","Minty Spire (QoL Compilation)","Reimu??????","Remilia??????","StSLib","The Animator","The Gatherer","The Servant 0.9.4","Waifu the Spire"],"gold_per_floor":[114,125,155,32,132,32,46,46,73,90,0,20,39,63,63,63,63],"floor_reached":16,"language":"RUS","playtime":675,"items_purged":["animator:Strike","animator:Strike"],"score":96,"play_id":"c5e807c2-84ee-4218-a3dd-09ddcb5b491b","local_time":"20210116163543","is_ascension_mode":false,"campfire_choices":[{"floor":15,"key":"REST"}],"circlet_count":0,"master_deck":["animator:Strike_FullmetalAlchemist","animator:Defend_FullmetalAlchemist","animator:Strike","animator:Defend","animator:Defend","animator:Defend","animator:ElricEdward","animator:ElricAlphonse","animator:DolaSchwi","animator:Demiurge","animator:DolaStephanie","animator:Ain","animator:ElricEdward","animator:Ciel","Enlightenment","animator:Jibril","animator:Aisha"],"relics":["animator:LivingPicture","animator:TheMissingPiece","Bag of Preparation"],"acts_visited":["Exordium"],"potions_floor_usage":[14],"damage_taken":[{"damage":11,"enemies":"Jaw Worm","floor":1,"turns":3},{"damage":5,"enemies":"Cultist","floor":2,"turns":4},{"damage":2,"enemies":"2 Louse","floor":3,"turns":3},{"damage":17,"enemies":"Exordium Wildlife","floor":7,"turns":4},{"damage":0,"enemies":"Large Slime","floor":10,"turns":3},{"damage":7,"enemies":"2 Fungi Beasts","floor":12,"turns":3},{"damage":11,"enemies":"3 Louse","floor":13,"turns":2},{"damage":9,"enemies":"Lots of Slimes","floor":14,"turns":2},{"damage":35,"enemies":"The Guardian","floor":16,"turns":5}],"seed_played":"8696817247938439586","potions_obtained":[{"floor":1,"key":"ColorlessPotion"},{"floor":2,"key":"SteroidPotion"},{"floor":12,"key":"FearPotion"}],"is_trial":false,"path_per_floor":["M","M","M","$","?","$","M","$","T","M","?","M","M","M","R","B"],"character_chosen":"THE_ANIMATOR","items_purchased":["animator:ElricEdward"],"campfire_rested":1,"item_purchase_floors":[4],"current_hp_per_floor":[55,50,48,48,48,48,32,32,32,32,38,31,20,11,32,0,0],"gold":63,"neow_bonus":"THREE_CARDS","is_daily":false,"chose_seed":false,"campfire_upgraded":0,"win_rate":0.0,"timestamp":1610796943,"path_taken":["M","M","M","$","?","$","M","?","T","M","?","M","M","?","R","BOSS"],"items_purchased_type":["Card"],"build_version":"2020-12-22","purchased_purges":2,"victory":false,"max_hp_per_floor":[66,66,66,66,66,66,67,67,67,67,73,73,73,73,73,73,73],"card_choices":[{"not_picked":["animator:DolaCouronne","animator:Gillette"],"picked":"animator:DolaSchwi","floor":0},{"not_picked":["animator:Darkness","animator:Cocytus"],"picked":"animator:Demiurge","floor":1},{"not_picked":["animator:PandorasActor","animator:Kazuma"],"picked":"animator:DolaStephanie","floor":2},{"not_picked":["animator:DolaCouronne","animator:Genos"],"picked":"animator:Ain","floor":3},{"not_picked":["animator:Raven","animator:Add"],"picked":"animator:Ciel","floor":7},{"not_picked":["animator:ChaikaBohdan","animator:Chung","animator:Boros"],"picked":"SKIP","floor":10},{"not_picked":["animator:ChlammyZell","animator:PandorasActor"],"picked":"animator:Jibril","floor":12},{"not_picked":["animator:Viivi","animator:MaesHughes","animator:MetalKnight"],"picked":"SKIP","floor":13},{"not_picked":["animator:Elsword","animator:Add"],"picked":"animator:Aisha","floor":14}],"player_experience":543567,"relics_obtained":[{"floor":9,"key":"Bag of Preparation"}],"event_choices":[{"damage_healed":0,"gold_gain":100,"player_choice":"Pray","damage_taken":0,"max_hp_gain":0,"max_hp_loss":0,"event_name":"Golden Shrine","floor":5,"gold_loss":0},{"damage_healed":0,"gold_gain":0,"player_choice":"RENOUNCE","damage_taken":90,"max_hp_gain":0,"max_hp_loss":0,"event_name":"betterThird:BetterSerpent","floor":11,"gold_loss":90,"cards_obtained":["Enlightenment"]}],"is_beta":false,"boss_relics":[],"items_purged_floors":[4,6],"is_endless":false,"potions_floor_spawned":[1,2,12],"killed_by":"The Guardian","ascension_level":0}}