{"host":"5p9hybygolzp0efr","time":1610784517,"event":{"mods":["AchievementEnabler","BaseMod","Bestiary","Colored Map","Googly Eyes","Minty Spire (QoL Compilation)","Relic Stats"],"gold_per_floor":[110,133,85,103,27,60,78,89,89,118,118,118,134,165,165,264,264,304,116,151,151,163,163,178,277,277,277,318,328,328,6,6,109,109,175,237,237,280,324,324,324,391,469,529,608,683,748,82,82,112,112,112,38,70,70],"floor_reached":56,"language":"ENG","playtime":3524,"items_purged":["Strike_P"],"score":1221,"play_id":"9aff776b-5f29-4217-a593-77a4da0ca21d","local_time":"20210116160837","is_ascension_mode":false,"campfire_choices":[{"floor":12.0,"key":"REST"},{"floor":15.0,"key":"REST"},{"data":"BowlingBash","floor":23.0,"key":"SMITH"},{"floor":27.0,"key":"RECALL"},{"floor":30.0,"key":"REST"},{"data":"Wallop","floor":32.0,"key":"SMITH"},{"floor":40.0,"key":"REST"},{"floor":49,"key":"REST"},{"floor":52,"key":"REST"}],"circlet_count":0,"master_deck":["Strike_P","Strike_P","Defend_P","Defend_P","Defend_P+1","Defend_P+1","Eruption+1","Vigilance","BowlingBash+1","LikeWater+1","Protect","ThirdEye+1","Tantrum","Wish","EmptyBody+1","MentalFortress","SandsOfTime","Wallop+1","Meditate+1","LessonLearned","Worship+1","Wish","WheelKick","DevaForm","WheelKick+1","Apotheosis","WindmillStrike","SandsOfTime"],"relics":["Snecko Eye","Orichalcum","Ancient Tea Set","CloakClasp","Incense Burner","Philosopher\u0027s Stone","Potion Belt","Lantern","Fusion Hammer","Letter Opener","Torii","Turnip","Thread and Needle","ClockworkSouvenir","Pear"],"acts_visited":["Exordium","TheCity","TheBeyond","TheEnding"],"potions_floor_usage":[54,55,55,55],"damage_taken":[{"damage":0.0,"enemies":"Cultist","floor":1.0,"turns":2.0},{"damage":7.0,"enemies":"Jaw Worm","floor":4.0,"turns":4.0},{"damage":16.0,"enemies":"Gremlin Nob","floor":6.0,"turns":5.0},{"damage":2.0,"enemies":"2 Louse","floor":7.0,"turns":2.0},{"damage":6.0,"enemies":"Red Slaver","floor":8.0,"turns":7.0},{"damage":29.0,"enemies":"Lagavulin","floor":10.0,"turns":12.0},{"damage":0.0,"enemies":"Blue Slaver","floor":13.0,"turns":4.0},{"damage":0.0,"enemies":"3 Sentries","floor":14.0,"turns":8.0},{"damage":18.0,"enemies":"Slime Boss","floor":16.0,"turns":9.0},{"damage":11.0,"enemies":"2 Thieves","floor":18.0,"turns":5.0},{"damage":0.0,"enemies":"Chosen","floor":20.0,"turns":3.0},{"damage":0.0,"enemies":"Snake Plant","floor":22.0,"turns":2.0},{"damage":6.0,"enemies":"Centurion and Healer","floor":24.0,"turns":5.0},{"damage":0.0,"enemies":"Shelled Parasite and Fungi","floor":28.0,"turns":3.0},{"damage":33.0,"enemies":"Snake Plant","floor":29.0,"turns":3.0},{"damage":15.0,"enemies":"Automaton","floor":33.0,"turns":6.0},{"damage":0.0,"enemies":"3 Shapes","floor":35.0,"turns":2.0},{"damage":8.0,"enemies":"Orb Walker","floor":36.0,"turns":4.0},{"damage":4.0,"enemies":"Sphere and 2 Shapes","floor":38.0,"turns":5.0},{"damage":0.0,"enemies":"Jaw Worm Horde","floor":39.0,"turns":3.0},{"damage":0.0,"enemies":"4 Shapes","floor":42.0,"turns":5.0},{"damage":20.0,"enemies":"Maw","floor":44.0,"turns":6.0},{"damage":21.0,"enemies":"2 Orb Walkers","floor":45.0,"turns":4.0},{"damage":0,"enemies":"Mind Bloom Boss Battle","floor":46,"turns":3},{"damage":6,"enemies":"Transient","floor":47,"turns":5},{"damage":0,"enemies":"Donu and Deca","floor":50,"turns":6},{"damage":6,"enemies":"Shield and Spear","floor":54,"turns":4},{"damage":32,"enemies":"The Heart","floor":55,"turns":7}],"seed_played":"-1761062164458197024","potions_obtained":[{"floor":7.0,"key":"EssenceOfSteel"},{"floor":10.0,"key":"LiquidMemories"},{"floor":29.0,"key":"ColorlessPotion"},{"floor":33.0,"key":"AttackPotion"},{"floor":38.0,"key":"SkillPotion"},{"floor":42.0,"key":"SteroidPotion"},{"floor":47,"key":"LiquidMemories"},{"floor":54,"key":"SpeedPotion"}],"is_trial":false,"path_per_floor":["M","T","$","M","$","E","M","M","T","E","?","R","M","E","R","B",null,"M","$","M","?","M","R","M","?","T","R","M","M","R","$","R","B",null,"M","M","?","M","M","R","?","M","T","M","?","?","M","$","R","B",null,"R","$","E","B",null],"character_chosen":"WATCHER","items_purchased":["Fire Potion","LikeWater","MentalFortress","SandsOfTime","Worship","Lantern","AttackPotion","Swift Potion","Apotheosis","Thread and Needle","WindmillStrike","ClockworkSouvenir","SandsOfTime"],"campfire_rested":6,"item_purchase_floors":[3,5,19,19,31,31,31,31,48,48,48,48,53],"current_hp_per_floor":[72,72,72,65,65,49,47,41,41,12,12,33,33,33,54,36,72,61,61,61,61,61,61,55,55,55,55,55,22,43,43,43,28,72,72,64,64,60,60,72,72,72,72,52,31,31,25,25,46,46,72,72,72,76,44],"gold":70,"neow_bonus":"BOSS_RELIC","is_daily":false,"chose_seed":false,"campfire_upgraded":2,"win_rate":0.0,"timestamp":1610784517,"path_taken":["M","?","?","M","?","E","?","M","T","E","?","R","M","E","R","BOSS","M","$","M","?","M","R","M","?","T","R","M","M","R","?","R","BOSS","M","M","?","M","M","R","?","M","T","M","?","?","?","?","R","BOSS","R","$","E","BOSS"],"items_purchased_type":["Potion","Card","Card","Card","Card","Relic","Potion","Potion","Card","Relic","Card","Relic","Card"],"build_version":"2020-12-22","purchased_purges":1,"victory":true,"max_hp_per_floor":[72,72,72,72,72,72,72,72,72,72,72,72,72,72,72,72,72,72,72,72,72,72,72,72,72,72,72,72,72,72,72,72,72,72,72,72,72,72,72,72,72,72,72,72,72,72,72,72,72,72,72,72,72,82,82],"relic_stats":{"Torii":17,"counters":[28,134],"Snecko Eye":[235,230,239,247],"Turnip":[2],"CloakClasp":[312],"Letter Opener":[88],"Orichalcum":[120],"obtain_stats":[{"Potion Belt":26,"Lantern":31,"Pear":54,"Torii":45,"Thread and Needle":48,"CloakClasp":10,"Incense Burner":14,"Letter Opener":43,"Orichalcum":2,"Ancient Tea Set":6,"ClockworkSouvenir":48,"Snecko Eye":0,"Philosopher\u0027s Stone":17,"Fusion Hammer":34,"Turnip":46,"PureWater":0},{"Potion Belt":13,"Lantern":15,"Pear":27,"Torii":23,"Thread and Needle":25,"CloakClasp":6,"Incense Burner":8,"Letter Opener":21,"Orichalcum":1,"Ancient Tea Set":3,"ClockworkSouvenir":25,"Snecko Eye":0,"Philosopher\u0027s Stone":9,"Fusion Hammer":16,"Turnip":24,"PureWater":0},{"Potion Belt":68,"Lantern":74,"Pear":127,"Torii":109,"Thread and Needle":117,"CloakClasp":32,"Incense Burner":44,"Letter Opener":99,"Orichalcum":2,"Ancient Tea Set":11,"ClockworkSouvenir":117,"Snecko Eye":0,"Philosopher\u0027s Stone":53,"Fusion Hammer":80,"Turnip":112,"PureWater":0}]},"card_choices":[{"not_picked":["Evaluate","BattleHymn"],"picked":"BowlingBash","floor":1.0},{"not_picked":["Prostrate","FollowUp","ForeignInfluence"],"picked":"SKIP","floor":4.0},{"not_picked":["SignatureMove","Consecrate"],"picked":"Protect","floor":6.0},{"not_picked":["CarveReality","Protect"],"picked":"ThirdEye","floor":7.0},{"not_picked":["WaveOfTheHand","Halt","ForeignInfluence"],"picked":"SKIP","floor":8.0},{"not_picked":["JustLucky","BowlingBash","Nirvana"],"picked":"SKIP","floor":10.0},{"not_picked":["ThirdEye","FearNoEvil","DeusExMachina"],"picked":"SKIP","floor":13.0},{"not_picked":["CutThroughFate","Nirvana"],"picked":"Tantrum","floor":14.0},{"not_picked":["Blasphemy","Establishment"],"picked":"Wish","floor":16.0},{"not_picked":["Nirvana","Study"],"picked":"EmptyBody+1","floor":18.0},{"not_picked":["Weave","CarveReality"],"picked":"Wallop","floor":20.0},{"not_picked":["InnerPeace+1","Crescendo","Evaluate"],"picked":"SKIP","floor":22.0},{"not_picked":["BowlingBash","ClearTheMind"],"picked":"Meditate","floor":24.0},{"not_picked":["Prostrate+1","FlurryOfBlows","EmptyBody"],"picked":"SKIP","floor":28.0},{"not_picked":["WreathOfFlame+1","BowlingBash"],"picked":"LessonLearned","floor":29.0},{"not_picked":["DeusExMachina","MasterReality"],"picked":"Wish","floor":33.0},{"not_picked":["FlurryOfBlows","Crescendo+1","CrushJoints"],"picked":"SKIP","floor":35.0},{"not_picked":["PathToVictory","JustLucky+1","FlurryOfBlows"],"picked":"SKIP","floor":36.0},{"not_picked":["Consecrate","Swivel+1"],"picked":"WheelKick","floor":38.0},{"not_picked":["FollowUp+1","PathToVictory","Prostrate+1"],"picked":"SKIP","floor":39.0},{"not_picked":["Conclude","FollowUp"],"picked":"DevaForm","floor":42.0},{"not_picked":["Protect","Prostrate"],"picked":"WheelKick+1","floor":44.0},{"not_picked":["Crescendo","PathToVictory","CutThroughFate+1"],"picked":"SKIP","floor":47},{"not_picked":["DeusExMachina","ThirdEye+1","Judgement"],"picked":"SKIP","floor":54}],"player_experience":463231,"relics_obtained":[{"floor":2.0,"key":"Orichalcum"},{"floor":6.0,"key":"Ancient Tea Set"},{"floor":10.0,"key":"CloakClasp"},{"floor":14.0,"key":"Incense Burner"},{"floor":26.0,"key":"Potion Belt"},{"floor":43.0,"key":"Letter Opener"},{"floor":45.0,"key":"Torii"},{"floor":46,"key":"Turnip"},{"floor":54,"key":"Pear"}],"event_choices":[{"damage_healed":0.0,"max_hp_gain":0.0,"max_hp_loss":0.0,"gold_gain":0.0,"event_name":"Upgrade Shrine","player_choice":"Upgraded","floor":11.0,"gold_loss":0.0,"damage_taken":0.0,"cards_upgraded":["LikeWater"]},{"damage_healed":0.0,"max_hp_gain":0.0,"max_hp_loss":0.0,"gold_gain":0.0,"event_name":"Vampires","player_choice":"Ignored","floor":21.0,"gold_loss":0.0,"damage_taken":0.0},{"damage_healed":0.0,"max_hp_gain":0.0,"max_hp_loss":0.0,"gold_gain":99.0,"event_name":"Nest","player_choice":"Stole From Cult","floor":25.0,"gold_loss":0.0,"damage_taken":0.0},{"cards_removed":["Strike_P"],"damage_healed":0.0,"max_hp_gain":0.0,"max_hp_loss":0.0,"gold_gain":0.0,"event_name":"Falling","player_choice":"Removed Attack","floor":37.0,"gold_loss":0.0,"damage_taken":0.0},{"damage_healed":0.0,"max_hp_gain":0.0,"max_hp_loss":0.0,"gold_gain":0.0,"event_name":"Tomb of Lord Red Mask","player_choice":"Ignored","floor":41.0,"gold_loss":0.0,"damage_taken":0.0},{"damage_healed":0.0,"max_hp_gain":0.0,"max_hp_loss":0.0,"gold_gain":0.0,"event_name":"Mysterious Sphere","player_choice":"Fight","floor":45.0,"gold_loss":0.0,"damage_taken":0.0},{"damage_healed":0,"gold_gain":0,"player_choice":"Fight","damage_taken":0,"max_hp_gain":0,"max_hp_loss":0,"event_name":"MindBloom","floor":46,"gold_loss":0}],"is_beta":false,"boss_relics":[{"not_picked":["Runic Dome","Empty Cage"],"picked":"Philosopher\u0027s Stone"},{"not_picked":["Astrolabe","Coffee Dripper"],"picked":"Fusion Hammer"}],"items_purged_floors":[19],"is_endless":false,"potions_floor_spawned":[7,10,13,14,29,33,38,42,44,47,54],"ascension_level":0}}