{"host":"fiyb7gvx7tok3jeh","time":1610805596,"event":{"mods":["BaseMod","Colored Map","Colored Powertips","DeckTracker","Googly Eyes","Highlight Path","Minty Spire (QoL Compilation)"],"gold_per_floor":[219,144,144,159,159,159,193,219,280,317,329,359,391,413,425,541,553,579,501,533,545,577,589,601,601],"floor_reached":24,"language":"ENG","playtime":919,"items_purged":["Strike_R"],"score":270,"play_id":"7472e088-47ad-401c-9907-7402c093f94a","local_time":"20210116155956","is_ascension_mode":true,"campfire_choices":[{"data":"Sword Boomerang","floor":6,"key":"SMITH"},{"floor":11,"key":"REST"},{"floor":15,"key":"REST"},{"floor":23,"key":"REST"}],"circlet_count":0,"master_deck":["Strike_R","Defend_R","Defend_R","Defend_R","Defend_R","Bash+1","Sword Boomerang+1","Headbutt","Heavy Blade","Battle Trance","Cleave","Spot Weakness","Pummel","Flex","Double Tap+1","Rage"],"relics":["Burning Blood","MawBank","Tiny Chest","Regal Pillow","Black Star"],"acts_visited":["TheCity"],"potions_floor_usage":[10,14,24],"damage_taken":[{"damage":14,"enemies":"Small Slimes","floor":1,"turns":5},{"damage":14,"enemies":"2 Louse","floor":4,"turns":2},{"damage":20,"enemies":"Gremlin Nob","floor":7,"turns":4},{"damage":0,"enemies":"Cultist","floor":8,"turns":2},{"damage":35,"enemies":"Lagavulin","floor":10,"turns":5},{"damage":14,"enemies":"Red Slaver","floor":12,"turns":4},{"damage":23,"enemies":"Exordium Thugs","floor":13,"turns":3},{"damage":12,"enemies":"Exordium Wildlife","floor":14,"turns":3},{"damage":43,"enemies":"Slime Boss","floor":16,"turns":7},{"damage":33,"enemies":"Spheric Guardian","floor":18,"turns":4},{"damage":26,"enemies":"Shell Parasite","floor":20,"turns":3},{"damage":5,"enemies":"Snecko","floor":22,"turns":3},{"damage":61,"enemies":"Gremlin Leader","floor":24,"turns":4}],"seed_played":"4422503403344069384","potions_obtained":[{"floor":8,"key":"Strength Potion"},{"floor":13,"key":"SteroidPotion"},{"floor":18,"key":"BlessingOfTheForge"},{"floor":22,"key":"GamblersBrew"}],"is_trial":false,"path_per_floor":["M","$","?","M","?","R","E","M","T","E","R","M","M","M","R","B",null,"M","?","M","?","M","R","E"],"character_chosen":"IRONCLAD","items_purchased":[],"campfire_rested":3,"item_purchase_floors":[],"current_hp_per_floor":[64,64,64,56,56,56,42,48,48,19,58,50,33,27,66,29,67,40,40,20,20,21,60,0,0],"gold":601,"neow_bonus":"HUNDRED_GOLD","is_daily":false,"chose_seed":false,"campfire_upgraded":1,"win_rate":0.0,"timestamp":1610805596,"path_taken":["M","$","?","M","?","R","E","M","T","E","R","M","M","M","R","BOSS","M","?","?","?","M","R","E"],"items_purchased_type":[],"build_version":"2020-12-22","purchased_purges":1,"victory":false,"max_hp_per_floor":[80,80,80,80,80,80,80,80,80,80,80,80,80,80,80,80,80,80,80,80,80,80,80,80,80],"card_choices":[{"not_picked":["Thunderclap","Flex"],"picked":"Sword Boomerang","floor":1},{"not_picked":["Reckless Charge","Searing Blow"],"picked":"Headbutt","floor":4},{"not_picked":["Dropkick","True Grit"],"picked":"Heavy Blade","floor":7},{"not_picked":["Wild Strike","Iron Wave"],"picked":"Battle Trance","floor":8},{"not_picked":["Heavy Blade","Blood for Blood"],"picked":"Cleave","floor":10},{"not_picked":["Pommel Strike","Dark Embrace"],"picked":"Spot Weakness","floor":12},{"not_picked":["Carnage","Pommel Strike"],"picked":"Pummel","floor":13},{"not_picked":["Body Slam","Thunderclap"],"picked":"Flex","floor":14},{"not_picked":["Juggernaut","Barricade"],"picked":"Double Tap","floor":16},{"not_picked":["Entrench","Anger+1","Clothesline"],"picked":"SKIP","floor":18},{"not_picked":["Headbutt+1","Anger","Clash"],"picked":"SKIP","floor":20},{"not_picked":["Cleave","Headbutt+1"],"picked":"Rage","floor":22}],"player_experience":265855,"relics_obtained":[{"floor":7,"key":"MawBank"},{"floor":9,"key":"Tiny Chest"},{"floor":10,"key":"Regal Pillow"}],"event_choices":[{"damage_healed":0,"gold_gain":0,"player_choice":"Grow","damage_taken":0,"max_hp_gain":0,"max_hp_loss":0,"event_name":"Living Wall","floor":3,"gold_loss":0,"cards_upgraded":["Bash"]},{"cards_removed":["Strike_R"],"damage_healed":0,"gold_gain":0,"player_choice":"Offered Basic","damage_taken":0,"max_hp_gain":0,"max_hp_loss":0,"event_name":"Bonfire Elementals","floor":5,"gold_loss":0},{"cards_removed":["Strike_R"],"damage_healed":0,"gold_gain":0,"player_choice":"Upgrade and Remove","damage_taken":0,"max_hp_gain":0,"max_hp_loss":0,"event_name":"Designer","floor":19,"gold_loss":90,"cards_upgraded":["Double Tap"]},{"cards_removed":["Strike_R"],"damage_healed":0,"gold_gain":0,"player_choice":"Elegance","damage_taken":0,"max_hp_gain":0,"max_hp_loss":0,"event_name":"Back to Basics","floor":21,"gold_loss":0}],"is_beta":false,"boss_relics":[{"not_picked":["Empty Cage","Coffee Dripper"],"picked":"Black Star"}],"items_purged_floors":[2],"is_endless":false,"potions_floor_spawned":[8,13,18,22],"killed_by":"Gremlin Leader","ascension_level":6}}