{"host":"3ykswgue17e1ycc2","time":1610808887,"event":{"mods":["BaseMod","Colored Powertips","Dark Map","Minty Spire (QoL Compilation)","Quick Restart","Rare Cards Sparkle","StSLib"],"gold_per_floor":[11,11,30,48,48,48,76,76,76,102,102,113,132,166,166,264,264,283,299,39,39,59,391,391,391],"floor_reached":24,"language":"ENG","playtime":807,"items_purged":[],"score":358,"play_id":"778dafb7-30e1-4b26-93c9-4f57c0972193","local_time":"20210116215447","is_ascension_mode":true,"campfire_choices":[{"data":"Zap","floor":6.0,"key":"SMITH"},{"data":"Coolheaded","floor":8.0,"key":"SMITH"},{"data":"Consume","floor":11.0,"key":"SMITH"},{"floor":15.0,"key":"REST"}],"circlet_count":0,"master_deck":["Strike_B+1","Strike_B+1","Strike_B+1","Strike_B","Defend_B","Defend_B","Defend_B+1","Defend_B","Zap+1","Dualcast","Coolheaded+1","Ball Lightning","Consume+1","Doom and Gloom","Reprogram","Compile Driver","Seek","Cold Snap","Recycle+1","Streamline+1","Machine Learning"],"relics":["Cracked Core","Pocketwatch","HornCleat","Bag of Preparation","Whetstone","DataDisk","Cursed Key","Symbiotic Virus","Old Coin"],"acts_visited":[],"potions_floor_usage":[],"damage_taken":[{"damage":1.0,"enemies":"Cultist","floor":1.0,"turns":3.0},{"damage":0.0,"enemies":"2 Louse","floor":3.0,"turns":3.0},{"damage":3.0,"enemies":"Small Slimes","floor":4.0,"turns":2.0},{"damage":16.0,"enemies":"Gremlin Nob","floor":7.0,"turns":3.0},{"damage":6.0,"enemies":"3 Sentries","floor":10.0,"turns":6.0},{"damage":1.0,"enemies":"Red Slaver","floor":12.0,"turns":3.0},{"damage":6.0,"enemies":"2 Fungi Beasts","floor":13.0,"turns":3.0},{"damage":10.0,"enemies":"Gremlin Nob","floor":14.0,"turns":4.0},{"damage":0.0,"enemies":"Slime Boss","floor":16.0,"turns":5.0},{"damage":13.0,"enemies":"Spheric Guardian","floor":18.0,"turns":4.0},{"damage":5.0,"enemies":"Shell Parasite","floor":19.0,"turns":4.0},{"damage":2.0,"enemies":"Cultist and Chosen","floor":22.0,"turns":5.0},{"damage":7.0,"enemies":"Slavers","floor":23.0,"turns":2.0}],"seed_played":"908802584829180176","potions_obtained":[{"floor":1.0,"key":"FairyPotion"},{"floor":3.0,"key":"Fire Potion"},{"floor":16.0,"key":"SneckoOil"},{"floor":19.0,"key":"ColorlessPotion"},{"floor":22.0,"key":"Explosive Potion"}],"is_trial":false,"path_per_floor":["M","$","M","M","?","R","E","R","T","E","R","M","M","E","R","B",null,"M","M","$","?","M","E","R"],"character_chosen":"DEFECT","items_purchased":["Symbiotic Virus"],"campfire_rested":1,"item_purchase_floors":[20],"current_hp_per_floor":[74,74,74,71,56,56,40,40,40,34,34,33,27,17,39,39,66,53,48,48,73,71,64,64,64],"gold":391,"neow_bonus":"ONE_RARE_RELIC","is_daily":false,"chose_seed":false,"campfire_upgraded":3,"win_rate":0.0,"timestamp":1610808887,"path_taken":["M","?","M","M","?","R","E","R","T","E","R","M","M","E","R","BOSS","M","M","$","?","M","E","R"],"items_purchased_type":["Relic"],"build_version":"2020-12-22","purchased_purges":0,"victory":false,"max_hp_per_floor":[75,75,75,75,75,75,75,75,75,75,75,75,75,75,75,75,75,75,75,75,75,75,75,75,75],"card_choices":[{"not_picked":["Auto Shields","Gash"],"picked":"Coolheaded","floor":1.0},{"not_picked":["Redo","Beam Cell"],"picked":"Ball Lightning","floor":3.0},{"not_picked":["Blizzard","Steam","Rebound"],"picked":"SKIP","floor":4.0},{"not_picked":["Storm","Buffer"],"picked":"Consume","floor":7.0},{"not_picked":["Genetic Algorithm","Double Energy"],"picked":"Doom and Gloom","floor":10.0},{"not_picked":["Compile Driver","Coolheaded"],"picked":"Reprogram","floor":12.0},{"not_picked":["Steam","Beam Cell","Static Discharge"],"picked":"SKIP","floor":13.0},{"not_picked":["Steam Power","Hologram"],"picked":"Compile Driver","floor":14.0},{"not_picked":["Rainbow","Fission"],"picked":"Seek","floor":16.0},{"not_picked":["Rip and Tear","Steam+1"],"picked":"Cold Snap","floor":18.0},{"not_picked":["Chill","Hologram+1"],"picked":"Recycle+1","floor":19.0},{"not_picked":["Go for the Eyes","Barrage+1"],"picked":"Streamline+1","floor":22.0},{"not_picked":["Tempest+1","Rebound"],"picked":"Machine Learning","floor":23.0}],"player_experience":351677,"relics_obtained":[{"floor":7.0,"key":"HornCleat"},{"floor":9.0,"key":"Bag of Preparation"},{"floor":10.0,"key":"Whetstone"},{"floor":14.0,"key":"DataDisk"},{"floor":23.0,"key":"Old Coin"}],"event_choices":[{"damage_healed":0.0,"max_hp_gain":0.0,"max_hp_loss":0.0,"gold_gain":0.0,"event_name":"Shining Light","player_choice":"Entered Light","floor":5.0,"gold_loss":0.0,"damage_taken":15.0,"cards_upgraded":["Strike_B","Defend_B"]},{"damage_healed":25.0,"max_hp_gain":0.0,"max_hp_loss":0.0,"gold_gain":0.0,"event_name":"The Library","player_choice":"Heal","floor":21.0,"gold_loss":0.0,"damage_taken":0.0}],"is_beta":false,"boss_relics":[{"not_picked":["Busted Crown","Velvet Choker"],"picked":"Cursed Key"}],"items_purged_floors":[],"is_endless":false,"potions_floor_spawned":[1,3,16,19,22],"ascension_level":5}}