{"host":"zmr8u29ebzxwermy","time":1610806133,"event":{"mods":["BaseMod","BetterRewards","Colored Map","DeckTracker","Minty Spire (QoL Compilation)","Quick Restart","Relic Filter","Replay The Spire","Shop Mod","StSLib","SuperFastMode","everything is the same but u backflip on backflip"],"gold_per_floor":[117,132,144,164,239,273,273,286,313,313,313,313,313,352,352,478,478,494,494,510,541,135,135,135,175,175,194,293,328,328,328,328,453,453,477,498,498,115,115,115,146,146,194,231,231,231,261,290,290,302],"floor_reached":51,"language":"KOR","playtime":1551,"items_purged":["Strike_R","Strike_R","Strike_R"],"score":832,"play_id":"207f56cf-bf71-4fc0-a480-f390e6656951","local_time":"20210116230853","is_ascension_mode":true,"campfire_choices":[{"data":"Body Slam","floor":7.0,"key":"SMITH"},{"data":"Life Link","floor":10.0,"key":"SMITH"},{"floor":15.0,"key":"REST"},{"data":"Bludgeon","floor":23.0,"key":"SMITH"},{"data":"Flame Barrier","floor":30,"key":"SMITH"},{"floor":32,"key":"REST"},{"data":"Flex","floor":40,"key":"SMITH"},{"floor":42,"key":"REST"},{"data":"Clash","floor":46,"key":"SMITH"},{"data":"Body Slam","floor":49,"key":"SMITH"}],"circlet_count":0,"master_deck":["Defend_R","Defend_R","Defend_R","Flame Barrier+1","Body Slam+1","Iron Wave+1","Clash+1","Bludgeon+1","Life Link+1","Flex+1","Clash","Impervious","ReplayTheSpireMod:Muscle Training+1","Body Slam+1"],"relics":["Burning Blood","ReplayTheSpireMod:Shallot","Gambling Chip","Regal Pillow","ReplayTheSpireMod:Spearhead","Golden Idol","Lantern","Happy Flower","Philosopher\u0027s Stone","Red Mask","TungstenRod","MutagenicStrength","Iron Hammer","Durian","Mango","Nilry\u0027s Codex","Empty Cage","ReplayTheSpireMod:Ring of Exchange","Ring of Hypnosis","Onion Ring","Replay:Bandana","Bag of Preparation"],"acts_visited":["Exordium","TheCity","TheBeyond"],"potions_floor_usage":[33,33,41,50,50,50],"damage_taken":[{"damage":0.0,"enemies":"Cultist","floor":1.0,"turns":3.0},{"damage":0.0,"enemies":"Small Slimes","floor":2.0,"turns":4.0},{"damage":0.0,"enemies":"2 Louse","floor":3.0,"turns":3.0},{"damage":0.0,"enemies":"2 Fungi Beasts","floor":4.0,"turns":3.0},{"damage":26.0,"enemies":"Lagavulin","floor":6.0,"turns":6.0},{"damage":8.0,"enemies":"Exordium Wildlife","floor":8.0,"turns":3.0},{"damage":12.0,"enemies":"Gremlin Nob","floor":14.0,"turns":2.0},{"damage":51.0,"enemies":"Slime Boss","floor":16.0,"turns":14.0},{"damage":0.0,"enemies":"Chosen","floor":18.0,"turns":3.0},{"damage":20.0,"enemies":"2 Thieves","floor":20.0,"turns":3.0},{"damage":18.0,"enemies":"Masked Bandits","floor":21.0,"turns":5.0},{"damage":8,"enemies":"Replay:Snechameleon","floor":25,"turns":6},{"damage":0,"enemies":"Centurion and Healer","floor":27,"turns":4},{"damage":9,"enemies":"Slavers","floor":29,"turns":6},{"damage":10,"enemies":"Collector","floor":33,"turns":11},{"damage":0,"enemies":"3 Shapes","floor":35,"turns":5},{"damage":0,"enemies":"3 Darklings","floor":36,"turns":6},{"damage":84,"enemies":"Nemesis","floor":41,"turns":11},{"damage":6,"enemies":"4 Shapes","floor":44,"turns":4},{"damage":1,"enemies":"Spire Growth","floor":47,"turns":4},{"damage":1,"enemies":"Writhing Mass","floor":48,"turns":4},{"damage":0,"enemies":"Donu and Deca","floor":50,"turns":6}],"seed_played":"2918700048461103849","potions_obtained":[{"floor":2.0,"key":"AttackPotion"},{"floor":3.0,"key":"Explosive Potion"},{"floor":8.0,"key":"Block Potion"},{"floor":16.0,"key":"BlessingOfTheForge"},{"floor":33,"key":"LifebloodPotion"},{"floor":36,"key":"DuplicationPotion"},{"floor":41,"key":"Fire Potion"},{"floor":47,"key":"BloodPotion"}],"is_trial":false,"path_per_floor":["M","M","M","M","?","E","R","M","T","R","?","?","?","E","R","B",null,"M","?","M","?","$","R","?","E","T","M","?","E","R","?","R","B",null,"M","M","?","$","?","R","E","R","T","M","?","R","M","M","R","B",null],"character_chosen":"IRONCLAD","items_purchased":["Flame Barrier","Body Slam","ReplayTheSpireMod:Shallot","TungstenRod","Onion Ring"],"campfire_rested":3,"item_purchase_floors":[0,0,0,22,38],"current_hp_per_floor":[50,56,62,68,57,37,37,35,35,35,35,32,32,26,63,18,74,74,74,60,48,48,48,48,46,51,57,57,68,68,56,93,89,93,93,93,93,93,93,93,15,57,57,57,57,57,62,67,67,91],"gold":302,"neow_bonus":"","is_daily":false,"chose_seed":false,"campfire_upgraded":7,"win_rate":0.0,"timestamp":1610806133,"path_taken":["M","?","M","M","?","E","R","M","T","R","?","?","?","E","R","BOSS","M","?","M","?","$","R","?","E","T","M","?","E","R","?","R","BOSS","M","M","?","$","?","R","E","R","T","M","?","R","M","M","R","BOSS"],"items_purchased_type":["Card","Card","Relic","Relic","Relic"],"build_version":"2020-12-22","purchased_purges":3,"victory":true,"max_hp_per_floor":[80,80,80,80,80,80,80,80,80,80,74,74,74,74,74,74,74,74,74,74,74,74,74,74,74,79,79,79,93,93,93,93,93,93,93,93,93,93,93,93,93,93,93,93,93,93,93,93,93,93],"card_choices":[{"not_picked":["Dual Wield","Perfected Strike"],"picked":"Iron Wave","floor":1.0},{"not_picked":["Flex","True Grit"],"picked":"Clash","floor":3.0},{"not_picked":["Replay:Undeath\u0027s Touch","Anger"],"picked":"Bludgeon","floor":4.0},{"not_picked":["Heavy Blade","Power Through"],"picked":"Life Link","floor":8.0},{"not_picked":["Abandon","Replay:Undeath\u0027s Touch","Seeing Red"],"picked":"SKIP","floor":20.0},{"not_picked":["Second Wind","Thunderclap"],"picked":"Clash","floor":25},{"not_picked":["Replay:Many Hands","Hemogenesis"],"picked":"Impervious","floor":33},{"not_picked":["Dropkick+1","Whirlwind+1"],"picked":"ReplayTheSpireMod:Muscle Training+1","floor":36},{"not_picked":["Armaments+1","Headbutt","Evolve+1"],"picked":"SKIP","floor":44},{"not_picked":["Entrench","Feel No Pain"],"picked":"Body Slam","floor":48}],"player_experience":298294,"relics_obtained":[{"floor":6.0,"key":"Regal Pillow"},{"floor":9.0,"key":"ReplayTheSpireMod:Spearhead"},{"floor":14.0,"key":"Happy Flower"},{"floor":21.0,"key":"Red Mask"},{"floor":25,"key":"Iron Hammer"},{"floor":26,"key":"Durian"},{"floor":29,"key":"Mango"},{"floor":31,"key":"Nilry\u0027s Codex"},{"floor":37,"key":"ReplayTheSpireMod:Ring of Exchange"},{"floor":37,"key":"Ring of Hypnosis"},{"floor":41,"key":"Replay:Bandana"},{"floor":43,"key":"Bag of Preparation"}],"event_choices":[{"damage_healed":0.0,"max_hp_gain":0.0,"max_hp_loss":0.0,"gold_gain":75.0,"event_name":"World of Goop","player_choice":"Gather Gold","floor":5.0,"gold_loss":0.0,"damage_taken":11.0},{"damage_healed":0.0,"max_hp_gain":0.0,"max_hp_loss":6.0,"gold_gain":0.0,"event_name":"Golden Idol","player_choice":"Lose Max HP","floor":11.0,"gold_loss":0.0,"damage_taken":0.0,"relics_obtained":["Golden Idol"]},{"damage_healed":0.0,"max_hp_gain":0.0,"max_hp_loss":0.0,"gold_gain":0.0,"event_name":"Scrap Ooze","player_choice":"Success","floor":12.0,"gold_loss":0.0,"damage_taken":3.0,"relics_obtained":["Lantern"]},{"damage_healed":0.0,"max_hp_gain":0.0,"max_hp_loss":0.0,"gold_gain":0.0,"cards_transformed":["Strike_R"],"event_name":"Living Wall","player_choice":"Change","floor":13.0,"gold_loss":0.0,"damage_taken":0.0,"cards_obtained":["Flex"]},{"damage_healed":0.0,"max_hp_gain":0.0,"max_hp_loss":0.0,"gold_gain":0.0,"event_name":"Vampires","player_choice":"Ignored","floor":19.0,"gold_loss":0.0,"damage_taken":0.0},{"damage_healed":0.0,"max_hp_gain":0.0,"max_hp_loss":0.0,"gold_gain":0.0,"event_name":"Masked Bandits","player_choice":"Fought Bandits","floor":21.0,"gold_loss":0.0,"damage_taken":0.0},{"damage_healed":0,"gold_gain":0,"player_choice":"Inject Mutagens","damage_taken":0,"relics_obtained":["MutagenicStrength"],"max_hp_gain":0,"max_hp_loss":0,"event_name":"Drug Dealer","floor":24,"gold_loss":0},{"damage_healed":0,"gold_gain":99,"player_choice":"Stole From Cult","damage_taken":0,"max_hp_gain":0,"max_hp_loss":0,"event_name":"Nest","floor":28,"gold_loss":0},{"damage_healed":0,"gold_gain":0,"player_choice":"Obtained Book","damage_taken":16,"max_hp_gain":0,"max_hp_loss":0,"event_name":"Cursed Tome","floor":31,"gold_loss":0},{"cards_removed":["Defend_R"],"damage_healed":0,"gold_gain":0,"player_choice":"Removed Skill","damage_taken":0,"max_hp_gain":0,"max_hp_loss":0,"event_name":"Falling","floor":39,"gold_loss":0},{"damage_healed":0,"gold_gain":0,"player_choice":"Forge","damage_taken":0,"max_hp_gain":0,"max_hp_loss":0,"event_name":"Accursed Blacksmith","floor":45,"gold_loss":0,"cards_upgraded":["Iron Wave"]}],"is_beta":false,"boss_relics":[{"not_picked":["Cursed Key","ChewingGum"],"picked":"Philosopher\u0027s Stone"},{"not_picked":["Ooze Armor","Replay:Drink Me"],"picked":"Empty Cage"}],"items_purged_floors":[0,22,38],"is_endless":false,"potions_floor_spawned":[2,3,8,16,27,29,33,36,41,47,48],"ascension_level":1}}