{"host":"yvs6unqb0m2j26b0","time":1610809237,"event":{"mods":["AchievementEnabler","BaseMod","Colored Map","Colored Powertips","Minty Spire (QoL Compilation)"],"gold_per_floor":[111,124,124,13,13,46,46,64,118,162,162,176,200,150,150,271,271,284,284,308,327,29,63,63,63,63],"floor_reached":25,"language":"ENG","playtime":1698,"items_purged":["Strike_P"],"score":256,"play_id":"ce631e9c-4598-463c-a017-9d116d5ec2ab","local_time":"20210116130037","is_ascension_mode":false,"campfire_choices":[{"data":"MentalFortress","floor":7,"key":"SMITH"},{"data":"Eruption","floor":15,"key":"SMITH"},{"data":"Devotion","floor":24,"key":"SMITH"}],"circlet_count":0,"master_deck":["Strike_P","Strike_P+1","Strike_P+1","Defend_P+1","Defend_P","Defend_P+1","Eruption+1","Vigilance","ClearTheMind","DeceiveReality+1","Ragnarok+1","MentalFortress+1","Nirvana","TalkToTheHand+1","LessonLearned","Prostrate","Prostrate","Devotion+1","SandsOfTime","FlyingSleeves","JustLucky+1","Meditate","Wallop"],"relics":["PureWater","NeowsBlessing","Golden Idol","Bronze Scales","Whetstone","Darkstone Periapt","Cursed Key","Sling","Damaru","Omamori"],"acts_visited":["Exordium","TheCity"],"potions_floor_usage":[13,16,16,23,23,23],"damage_taken":[{"damage":0,"enemies":"Cultist","floor":1,"turns":1},{"damage":0,"enemies":"2 Louse","floor":2,"turns":1},{"damage":0,"enemies":"3 Sentries","floor":6,"turns":1},{"damage":8,"enemies":"Small Slimes","floor":8,"turns":4},{"damage":16,"enemies":"Gremlin Nob","floor":10,"turns":5},{"damage":5,"enemies":"Looter","floor":12,"turns":4},{"damage":9,"enemies":"Exordium Wildlife","floor":13,"turns":5},{"damage":29,"enemies":"Slime Boss","floor":16,"turns":11},{"damage":0,"enemies":"Shell Parasite","floor":18,"turns":5},{"damage":19,"enemies":"Spheric Guardian","floor":20,"turns":6},{"damage":0,"enemies":"Snecko","floor":21,"turns":2},{"damage":26,"enemies":"Slavers","floor":23,"turns":4},{"damage":30,"enemies":"Snake Plant","floor":25,"turns":2}],"seed_played":"-5180625072231955690","potions_obtained":[{"floor":6,"key":"SpeedPotion"},{"floor":12,"key":"Swift Potion"},{"floor":13,"key":"SkillPotion"},{"floor":16,"key":"Weak Potion"},{"floor":18,"key":"LiquidBronze"},{"floor":20,"key":"CultistPotion"},{"floor":23,"key":"Ambrosia"}],"is_trial":false,"path_per_floor":["M","M","?","$","?","E","R","M","T","E","?","M","M","?","R","B",null,"M","?","M","M","$","E","R","M"],"character_chosen":"WATCHER","items_purchased":["MentalFortress","Sling","Damaru"],"campfire_rested":0,"item_purchase_floors":[4,22,22],"current_hp_per_floor":[72,72,72,72,54,54,54,46,46,30,54,49,40,40,40,11,75,75,75,56,56,56,30,30,0,0],"gold":63,"neow_bonus":"THREE_ENEMY_KILL","is_daily":false,"chose_seed":false,"campfire_upgraded":3,"win_rate":0.0,"timestamp":1610809237,"path_taken":["M","?","?","$","?","E","R","M","T","E","?","M","?","?","R","BOSS","M","?","M","M","$","E","R","M"],"items_purchased_type":["Card","Relic","Relic"],"build_version":"2020-12-22","purchased_purges":1,"victory":false,"max_hp_per_floor":[72,72,72,72,72,72,72,72,72,72,78,78,78,75,75,75,75,75,75,75,75,75,75,75,75,75],"card_choices":[{"not_picked":["Adaptation","EmptyBody"],"picked":"ClearTheMind","floor":1},{"not_picked":["Conclude","Protect"],"picked":"DeceiveReality","floor":2},{"not_picked":["Meditate","EmptyMind"],"picked":"Nirvana","floor":6},{"not_picked":["SandsOfTime","SashWhip"],"picked":"TalkToTheHand","floor":8},{"not_picked":["WaveOfTheHand","FlurryOfBlows"],"picked":"LessonLearned","floor":10},{"not_picked":["Nirvana","SignatureMove"],"picked":"Prostrate","floor":12},{"not_picked":["Consecrate","Crescendo"],"picked":"Prostrate","floor":13},{"not_picked":["LessonLearned","DeusExMachina"],"picked":"Devotion","floor":16},{"not_picked":["PathToVictory+1","Halt"],"picked":"SandsOfTime","floor":18},{"not_picked":["Halt+1","FlurryOfBlows"],"picked":"JustLucky+1","floor":20},{"not_picked":["Alpha","EmptyBody"],"picked":"Meditate","floor":21},{"not_picked":["MentalFortress","Adaptation+1"],"picked":"Wallop","floor":23}],"player_experience":62799,"relics_obtained":[{"floor":6,"key":"Bronze Scales"},{"floor":9,"key":"Whetstone"},{"floor":10,"key":"Darkstone Periapt"},{"floor":23,"key":"Omamori"}],"event_choices":[{"damage_healed":0,"gold_gain":0,"cards_transformed":["Defend_P"],"player_choice":"Change","damage_taken":0,"max_hp_gain":0,"max_hp_loss":0,"event_name":"Living Wall","floor":3,"gold_loss":0,"cards_obtained":["Ragnarok"]},{"damage_healed":0,"gold_gain":0,"player_choice":"Take Damage","damage_taken":18,"relics_obtained":["Golden Idol"],"max_hp_gain":0,"max_hp_loss":0,"event_name":"Golden Idol","floor":5,"gold_loss":0},{"damage_healed":18,"gold_gain":0,"player_choice":"Healed and dodged fight","damage_taken":0,"max_hp_gain":0,"max_hp_loss":0,"event_name":"Mushrooms","floor":11,"gold_loss":0,"cards_obtained":["Parasite"]},{"cards_removed":["Parasite"],"damage_healed":0,"gold_gain":0,"player_choice":"Card Removal","damage_taken":0,"max_hp_gain":0,"max_hp_loss":0,"event_name":"The Cleric","floor":14,"gold_loss":50},{"damage_healed":0,"gold_gain":0,"player_choice":"Read","damage_taken":0,"max_hp_gain":0,"max_hp_loss":0,"event_name":"The Library","floor":19,"gold_loss":0,"cards_obtained":["FlyingSleeves"]}],"is_beta":false,"boss_relics":[{"not_picked":["Busted Crown","VioletLotus"],"picked":"Cursed Key"}],"items_purged_floors":[4],"is_endless":false,"potions_floor_spawned":[6,12,13,16,18,20,23],"killed_by":"Snake Plant","ascension_level":0}}