{"host":"0v07cr0k93jhgkpm","time":1610773485,"event":{"mods":["BaseMod","Colored Map","DeckTracker","Minty Spire (QoL Compilation)","Quick Restart","SuperFastMode"],"gold_per_floor":[119,129,54,73,73,104,104,124,124,124,134,149,16,26,26,105,105,105,105],"floor_reached":18,"language":"KOR","playtime":948,"items_purged":[],"score":328,"play_id":"65df72ff-462f-4c69-a46b-ce09edccf6ae","local_time":"20210116140445","is_ascension_mode":true,"campfire_choices":[{"floor":7.0,"key":"REST"},{"data":"Uppercut","floor":10.0,"key":"SMITH"},{"floor":15.0,"key":"REST"}],"circlet_count":0,"master_deck":["AscendersBane","Strike_R","Strike_R","Strike_R","Strike_R","Defend_R","Defend_R","Defend_R","Bash","Seeing Red","Battle Trance","Pummel","Uppercut+1","Pommel Strike","Demon Form+1","Feel No Pain+1","True Grit","Brutality+1"],"relics":["Black Blood","NeowsBlessing","Frozen Egg 2","Ginger"],"acts_visited":["Exordium","TheCity"],"potions_floor_usage":[18],"damage_taken":[{"damage":0.0,"enemies":"Cultist","floor":1.0,"turns":1.0},{"damage":0.0,"enemies":"2 Louse","floor":2.0,"turns":1.0},{"damage":0.0,"enemies":"Jaw Worm","floor":4.0,"turns":1.0},{"damage":69.0,"enemies":"Lagavulin","floor":6.0,"turns":7.0},{"damage":10.0,"enemies":"Red Slaver","floor":8.0,"turns":2.0},{"damage":11.0,"enemies":"Looter","floor":11.0,"turns":2.0},{"damage":1.0,"enemies":"2 Fungi Beasts","floor":12.0,"turns":3.0},{"damage":11.0,"enemies":"Blue Slaver","floor":14.0,"turns":3.0},{"damage":26.0,"enemies":"The Guardian","floor":16.0,"turns":10.0},{"damage":30,"enemies":"3 Byrds","floor":18,"turns":5}],"seed_played":"-8759339641540321421","potions_obtained":[{"floor":1.0,"key":"Swift Potion"},{"floor":4.0,"key":"GamblersBrew"},{"floor":12.0,"key":"Dexterity Potion"},{"floor":16.0,"key":"EssenceOfSteel"}],"is_trial":false,"path_per_floor":["M","M","?","M","?","E","R","M","T","R","M","M","$","M","R","B",null,"M"],"character_chosen":"IRONCLAD","items_purchased":["Feel No Pain+1","True Grit"],"campfire_rested":2,"item_purchase_floors":[13,13],"current_hp_per_floor":[74,75,75,75,75,12,34,30,30,30,25,30,30,25,47,27,63,33,33],"gold":105,"neow_bonus":"THREE_ENEMY_KILL","is_daily":false,"chose_seed":false,"campfire_upgraded":1,"win_rate":0.0,"timestamp":1610773485,"path_taken":["M","?","?","M","?","E","R","M","T","R","?","M","?","M","R","BOSS","M"],"items_purchased_type":["Card","Card"],"build_version":"2020-12-22","purchased_purges":0,"victory":false,"max_hp_per_floor":[75,75,75,75,75,75,75,75,75,75,75,75,75,75,75,75,75,75,75],"card_choices":[{"not_picked":["Fire Breathing","Combust"],"picked":"Seeing Red","floor":1.0},{"not_picked":["Clash","Headbutt"],"picked":"Battle Trance","floor":2.0},{"not_picked":["Heavy Blade","Wild Strike"],"picked":"Pummel","floor":4.0},{"not_picked":["Seeing Red","Clash"],"picked":"Uppercut","floor":6.0},{"not_picked":["Thunderclap","Dual Wield"],"picked":"Pommel Strike","floor":8.0},{"not_picked":["Shockwave","True Grit"],"picked":"Demon Form+1","floor":11.0},{"not_picked":["Blood for Blood","Hemokinesis","Headbutt"],"picked":"SKIP","floor":12.0},{"not_picked":["Armaments","Wild Strike","Twin Strike"],"picked":"SKIP","floor":14.0},{"not_picked":["Fiend Fire","Bludgeon"],"picked":"Brutality+1","floor":16.0}],"player_experience":2499845,"relics_obtained":[{"floor":6.0,"key":"Frozen Egg 2"},{"floor":9.0,"key":"Ginger"}],"event_choices":[{"cards_removed":["Strike_R"],"damage_healed":0.0,"max_hp_gain":0.0,"max_hp_loss":0.0,"gold_gain":0.0,"event_name":"The Cleric","player_choice":"Card Removal","floor":3.0,"gold_loss":75.0,"damage_taken":0.0},{"cards_removed":["Defend_R"],"damage_healed":0.0,"max_hp_gain":0.0,"max_hp_loss":0.0,"gold_gain":0.0,"event_name":"Purifier","player_choice":"Purged","floor":5.0,"gold_loss":0.0,"damage_taken":0.0}],"is_beta":false,"boss_relics":[{"not_picked":["Snecko Eye","Pandora\u0027s Box"],"picked":"Black Blood"}],"items_purged_floors":[],"is_endless":false,"potions_floor_spawned":[1,4,12,16],"killed_by":"3 Byrds","ascension_level":20}}