{"host":"x3q4ieql2tr7v8o6","time":1610815716,"event":{"mods":["BaseMod","Bestiary","Better Altar","Better Match","Better Note","Better Sensory Stone","Better Skull","Better Third Choice","Colored Map","Colored Powertips","Curses Come First","Minty Spire (QoL Compilation)","StSLib"],"gold_per_floor":[113,113,113,113,123,48,83,15,15,27,39,76,88,110,122,209,221,243,272,299,324,336,348,285,297,391,403,427,454,103,137,137,137,137],"floor_reached":33,"language":"ENG","playtime":1754,"items_purged":["Burn+1","Strike_G"],"score":522,"play_id":"970acc7c-7004-49d7-9af1-9ff753c13919","local_time":"20210116164836","is_ascension_mode":true,"campfire_choices":[{"data":"Noxious Fumes","floor":10,"key":"SMITH"},{"data":"Poisoned Stab","floor":13,"key":"SMITH"},{"data":"Neutralize","floor":15,"key":"SMITH"},{"floor":23,"key":"REST"},{"floor":25,"key":"REST"},{"floor":27,"key":"REST"},{"floor":32,"key":"REST"}],"circlet_count":0,"master_deck":["AscendersBane","Strike_G","Strike_G","Defend_G","Defend_G","Defend_G","Defend_G","Defend_G","Survivor","Neutralize+1","Dodge and Roll+1","Underhanded Strike","Poisoned Stab+1","Noxious Fumes+1","Acrobatics","Venomology","Bane","Footwork","Flying Knee","PiercingWail","Die Die Die","Footwork","Concentrate","Cloak And Dagger","Flying Knee"],"relics":["Ring of the Snake","NeowsBlessing","Pocketwatch","MawBank","Bottled Lightning","Snecko Eye","HornCleat","Meat on the Bone"],"acts_visited":["Exordium","TheCity"],"potions_floor_usage":[12,16,18,18,19,19,20,20,21,28,29,31,33,33,33],"damage_taken":[{"damage":0,"enemies":"Cultist","floor":1,"turns":1},{"damage":0,"enemies":"Small Slimes","floor":5,"turns":2},{"damage":0,"enemies":"3 Sentries","floor":7,"turns":1},{"damage":22,"enemies":"Gremlin Nob","floor":12,"turns":4},{"damage":6,"enemies":"Jaw Worm","floor":14,"turns":4},{"damage":24,"enemies":"The Guardian","floor":16,"turns":9},{"damage":13,"enemies":"Spheric Guardian","floor":18,"turns":5},{"damage":11,"enemies":"3 Byrds","floor":19,"turns":4},{"damage":13,"enemies":"3 Cultists","floor":20,"turns":6},{"damage":6,"enemies":"Chosen and Byrds","floor":21,"turns":5},{"damage":16,"enemies":"Centurion and Healer","floor":28,"turns":8},{"damage":0,"enemies":"Snecko","floor":29,"turns":7},{"damage":15,"enemies":"Gremlin Leader","floor":31,"turns":7},{"damage":76,"enemies":"Champ","floor":33,"turns":13}],"seed_played":"-710143535187508173","potions_obtained":[{"floor":1,"key":"EntropicBrew"},{"floor":16,"key":"CunningPotion"},{"floor":18,"key":"DistilledChaos"},{"floor":21,"key":"ColorlessPotion"},{"floor":29,"key":"SpeedPotion"},{"floor":31,"key":"Regen Potion"}],"is_trial":false,"path_per_floor":["M","?","?","?","M","$","E","$","T","R","?","E","R","M","R","B",null,"M","M","M","M","?","R","?","R","T","R","M","M","$","E","R","B"],"character_chosen":"THE_SILENT","items_purchased":["Noxious Fumes","GhostInAJar","Footwork","Concentrate","Cloak And Dagger"],"campfire_rested":4,"item_purchase_floors":[8,30,30,30,30],"current_hp_per_floor":[59,59,59,60,60,60,60,60,60,60,60,38,38,32,32,8,52,39,28,15,9,9,28,28,47,47,66,50,50,50,35,54,0,0],"gold":137,"neow_bonus":"THREE_ENEMY_KILL","is_daily":false,"chose_seed":false,"campfire_upgraded":3,"win_rate":0.0,"timestamp":1610815716,"path_taken":["M","?","?","?","?","$","E","$","T","R","?","E","R","M","R","BOSS","M","M","?","M","?","R","?","R","T","R","M","M","$","E","R","BOSS"],"items_purchased_type":["Card","Potion","Card","Card","Card"],"build_version":"2020-12-22","purchased_purges":2,"victory":false,"max_hp_per_floor":[66,66,66,66,66,66,66,66,66,66,66,66,66,66,66,66,66,66,66,66,66,66,66,66,66,66,66,66,66,66,66,66,66,66],"card_choices":[{"not_picked":["Crippling Poison","Prepared"],"picked":"Dodge and Roll","floor":1},{"not_picked":["Finisher","Escape Plan"],"picked":"Underhanded Strike","floor":5},{"not_picked":["Acrobatics","Cloak And Dagger"],"picked":"Poisoned Stab","floor":7},{"not_picked":["Cloak And Dagger","Flying Knee","Prepared"],"picked":"SKIP","floor":12},{"not_picked":["Quick Slash","Distraction"],"picked":"Acrobatics","floor":14},{"not_picked":["Night Terror","Adrenaline"],"picked":"Venomology","floor":16},{"not_picked":["Prepared","Backflip"],"picked":"Bane","floor":18},{"not_picked":["Cloak And Dagger","Catalyst"],"picked":"Footwork","floor":19},{"not_picked":["Slice","Poisoned Stab"],"picked":"Flying Knee","floor":20},{"not_picked":["Flying Knee","Choke"],"picked":"PiercingWail","floor":21},{"not_picked":["Acrobatics","Blur","Quick Slash"],"picked":"SKIP","floor":28},{"not_picked":["Endless Agony","Dagger Spray"],"picked":"Die Die Die","floor":29},{"not_picked":["Masterful Stab","Deflect"],"picked":"Flying Knee","floor":31}],"player_experience":726128,"relics_obtained":[{"floor":7,"key":"Pocketwatch"},{"floor":9,"key":"MawBank"},{"floor":12,"key":"Bottled Lightning"},{"floor":26,"key":"HornCleat"},{"floor":31,"key":"Meat on the Bone"}],"event_choices":[{"damage_healed":0,"gold_gain":0,"player_choice":"Grow","damage_taken":0,"max_hp_gain":0,"max_hp_loss":0,"event_name":"Living Wall","floor":2,"gold_loss":0,"cards_upgraded":["Dodge and Roll"]},{"damage_healed":59,"gold_gain":0,"player_choice":"Embrace Burn","damage_taken":0,"max_hp_gain":0,"max_hp_loss":66,"event_name":"betterThird:BetterShining","floor":3,"gold_loss":0},{"damage_healed":1,"gold_gain":0,"player_choice":"LEAVE ","damage_taken":0,"relics_obtained":[],"max_hp_gain":0,"max_hp_loss":0,"event_name":"betterSkull:BetterSkull","floor":4,"gold_loss":0,"cards_upgraded":[]},{"cards_removed":["Strike_G"],"damage_healed":0,"gold_gain":0,"player_choice":"Card Removal","damage_taken":0,"max_hp_gain":0,"max_hp_loss":0,"event_name":"Wheel of Change","floor":11,"gold_loss":0},{"damage_healed":0,"gold_gain":0,"player_choice":"Ignored","damage_taken":0,"max_hp_gain":0,"max_hp_loss":0,"event_name":"Cursed Tome","floor":22,"gold_loss":0},{"cards_removed":["Strike_G"],"damage_healed":0,"gold_gain":0,"player_choice":"Gave Gold","damage_taken":0,"max_hp_gain":0,"max_hp_loss":0,"event_name":"Beggar","floor":24,"gold_loss":75}],"is_beta":false,"boss_relics":[{"not_picked":["Sozu","Runic Dome"],"picked":"Snecko Eye"}],"items_purged_floors":[6,30],"is_endless":false,"potions_floor_spawned":[1,16,18,21,29,31],"killed_by":"Champ","ascension_level":15}}