{"host":"4ag909k4xupnj24b","time":1610779560,"event":{"mods":["BaseMod","Minty Spire (QoL Compilation)","StSLib"],"gold_per_floor":[112,8,28,46,121,121,153,168,168,168,179,23,23,23],"floor_reached":13,"language":"ENG","playtime":412,"items_purged":[],"score":128,"play_id":"29bb879d-0dc8-4169-acf0-9c98166b0bc6","local_time":"20210115224600","is_ascension_mode":true,"campfire_choices":[{"data":"Adaptation","floor":6,"key":"SMITH"},{"floor":10,"key":"REST"}],"circlet_count":0,"master_deck":["AscendersBane","Strike_P","Strike_P","Strike_P","Strike_P","Defend_P","Defend_P","Defend_P","Defend_P","Eruption","Vigilance","CrushJoints","Adaptation+1","Weave","Tantrum","ThirdEye","Nirvana","TalkToTheHand","WaveOfTheHand"],"relics":["Philosopher\u0027s Stone","Du-Vu Doll","GoldenEye","Toy Ornithopter"],"acts_visited":["Exordium"],"potions_floor_usage":[7,13,13],"damage_taken":[{"damage":0,"enemies":"Cultist","floor":1,"turns":2},{"damage":9,"enemies":"Jaw Worm","floor":3,"turns":5},{"damage":4,"enemies":"2 Louse","floor":4,"turns":3},{"damage":29,"enemies":"Gremlin Nob","floor":7,"turns":5},{"damage":10,"enemies":"Red Slaver","floor":8,"turns":2},{"damage":8,"enemies":"Looter","floor":11,"turns":3},{"damage":44,"enemies":"Lagavulin","floor":13,"turns":3}],"seed_played":"1136257331374639445","potions_obtained":[{"floor":3,"key":"Block Potion"},{"floor":4,"key":"SkillPotion"},{"floor":11,"key":"SneckoOil"}],"is_trial":false,"path_per_floor":["M","$","M","M","?","R","E","M","T","R","M","$","E"],"character_chosen":"WATCHER","items_purchased":["Adaptation","Weave","Toy Ornithopter"],"campfire_rested":1,"item_purchase_floors":[2,2,12],"current_hp_per_floor":[65,65,56,52,45,45,16,6,6,27,19,19,0,0],"gold":23,"neow_bonus":"BOSS_RELIC","is_daily":false,"chose_seed":false,"campfire_upgraded":1,"win_rate":0.0,"timestamp":1610779560,"path_taken":["M","$","M","M","?","R","E","M","T","R","M","$","E"],"items_purchased_type":["Card","Card","Relic"],"build_version":"2020-12-22","purchased_purges":0,"victory":false,"max_hp_per_floor":[72,72,72,72,72,72,72,72,72,72,72,72,72,72],"card_choices":[{"not_picked":["Prostrate","Study"],"picked":"CrushJoints","floor":1},{"not_picked":["BowlingBash","PathToVictory"],"picked":"Tantrum","floor":3},{"not_picked":["EmptyFist","CrushJoints"],"picked":"ThirdEye","floor":4},{"not_picked":["Weave","FlurryOfBlows"],"picked":"Nirvana","floor":7},{"not_picked":["CutThroughFate","BattleHymn"],"picked":"TalkToTheHand","floor":8},{"not_picked":["CrushJoints","Halt"],"picked":"WaveOfTheHand","floor":11}],"player_experience":838572,"relics_obtained":[{"floor":7,"key":"Du-Vu Doll"},{"floor":9,"key":"GoldenEye"}],"event_choices":[{"damage_healed":0,"gold_gain":75,"player_choice":"Touch","damage_taken":7,"max_hp_gain":0,"max_hp_loss":0,"event_name":"FaceTrader","floor":5,"gold_loss":0}],"is_beta":false,"boss_relics":[],"items_purged_floors":[],"is_endless":false,"potions_floor_spawned":[3,4,11],"killed_by":"Lagavulin","ascension_level":10}}