{"host":"pkysykycfg9bua8p","time":1610804194,"event":{"mods":["AchievementEnabler","BaseMod","Better Third Choice","Filter the Spire","Minty Spire (QoL Compilation)","StSLib"],"gold_per_floor":[10,10,28,28,40,40,15,15,15,15,15,28,28,40,40,145,145,164,164,164,175,28,28,28,28,28,48,48,62,12,12,12],"floor_reached":31,"language":"ENG","playtime":980,"items_purged":[],"score":234,"play_id":"d9c9a579-8501-462b-8a80-be592023a7e9","local_time":"20210117023634","is_ascension_mode":true,"campfire_choices":[{"data":"Backstab","floor":6,"key":"SMITH"},{"data":"Dagger Spray","floor":8,"key":"SMITH"},{"data":"Envenom","floor":13,"key":"SMITH"},{"data":"Dagger Spray","floor":15,"key":"SMITH"},{"data":"Poisoned Stab","floor":23,"key":"SMITH"},{"data":"Poisoned Stab","floor":25,"key":"SMITH"},{"data":"Poisoned Stab","floor":28,"key":"SMITH"}],"circlet_count":0,"master_deck":["Strike_G","Strike_G","Strike_G","Strike_G","Defend_G","Defend_G","Defend_G","Defend_G","Defend_G","Survivor","Neutralize","Envenom+1","Poisoned Stab+1","Dagger Throw+1","Poisoned Stab+1","Backstab+1","Dagger Spray+1","Slice","Dagger Spray+1","Night Terror+1","CurseOfTheBell","Poisoned Stab+1","Dagger Throw+1","Heel Hook+1","Predator+1","Deflect","Deadly Poison+1","Distraction","Deflect+1","Slice"],"relics":["Ring of the Snake","Blood Vial","Calling Bell","Happy Flower","Gremlin Horn","Peace Pipe","Mummified Hand","Orrery","Ice Cream"],"acts_visited":["Exordium","TheCity"],"potions_floor_usage":[16,21,29,29,31],"damage_taken":[{"damage":4,"enemies":"Cultist","floor":1,"turns":5},{"damage":0,"enemies":"Small Slimes","floor":3,"turns":3},{"damage":2,"enemies":"2 Louse","floor":5,"turns":3},{"damage":0,"enemies":"Gremlin Gang","floor":12,"turns":2},{"damage":3,"enemies":"Red Slaver","floor":14,"turns":2},{"damage":25,"enemies":"Hexaghost","floor":16,"turns":8},{"damage":12,"enemies":"2 Thieves","floor":18,"turns":4},{"damage":11,"enemies":"Shell Parasite","floor":21,"turns":5},{"damage":23,"enemies":"3 Cultists","floor":27,"turns":5},{"damage":10,"enemies":"Sentry and Sphere","floor":29,"turns":4},{"damage":22,"enemies":"Book of Stabbing","floor":31,"turns":3}],"seed_played":"-6680109369612419565","potions_obtained":[{"floor":3,"key":"Block Potion"},{"floor":16,"key":"Block Potion"},{"floor":18,"key":"LiquidBronze"},{"floor":27,"key":"DistilledChaos"},{"floor":29,"key":"PowerPotion"}],"is_trial":false,"path_per_floor":["M","?","M","$","M","R","$","R","T","$","?","M","R","M","R","B",null,"M","T","?","M","$","R","$","R","T","M","R","M","$","E"],"character_chosen":"THE_SILENT","items_purchased":["Dagger Spray","Orrery","Slice"],"campfire_rested":0,"item_purchase_floors":[7,22,30],"current_hp_per_floor":[66,66,66,66,64,64,64,64,64,64,64,66,66,65,65,42,70,58,58,58,49,49,49,49,49,49,28,28,20,20,0,0],"gold":12,"neow_bonus":"THREE_RARE_CARDS","is_daily":false,"chose_seed":false,"campfire_upgraded":7,"win_rate":0.0,"timestamp":1610804194,"path_taken":["M","?","M","?","?","R","?","R","T","$","?","M","R","M","R","BOSS","M","?","?","M","$","R","$","R","T","?","R","M","?","E"],"items_purchased_type":["Card","Relic","Card"],"build_version":"2020-12-22","purchased_purges":0,"victory":false,"max_hp_per_floor":[70,70,70,70,70,70,70,70,70,70,70,70,70,70,70,70,70,70,70,70,70,70,70,70,70,70,70,70,70,70,70,70],"card_choices":[{"not_picked":["Bullet Time","Corpse Explosion"],"picked":"Envenom","floor":0},{"not_picked":["Backflip","Slice"],"picked":"Poisoned Stab","floor":1},{"not_picked":["Dagger Spray","Cloak And Dagger"],"picked":"Poisoned Stab","floor":3},{"not_picked":["Phantasmal Killer","Deadly Poison"],"picked":"Backstab","floor":5},{"not_picked":["Sucker Punch","Distraction"],"picked":"Slice","floor":12},{"not_picked":["Footwork","Quick Slash"],"picked":"Dagger Spray","floor":14},{"not_picked":["Wraith Form v2","Bullet Time"],"picked":"Night Terror","floor":16},{"not_picked":["Sucker Punch","Prepared","Backflip"],"picked":"SKIP","floor":18},{"not_picked":["Terror","Blur"],"picked":"Poisoned Stab","floor":21},{"not_picked":["Leg Sweep","PiercingWail+1"],"picked":"Dagger Throw+1","floor":22},{"not_picked":["Calculated Gamble","Malaise"],"picked":"Heel Hook+1","floor":22},{"not_picked":["PiercingWail","Caltrops"],"picked":"Predator+1","floor":22},{"not_picked":["Sucker Punch","Blur"],"picked":"Deflect","floor":22},{"not_picked":["Finisher","Skewer"],"picked":"Deadly Poison+1","floor":22},{"not_picked":["Underhanded Strike","Acrobatics"],"picked":"Distraction","floor":27},{"not_picked":["Prepared","A Thousand Cuts"],"picked":"Deflect+1","floor":29}],"player_experience":54887,"relics_obtained":[{"floor":9,"key":"Blood Vial"},{"floor":17,"key":"Happy Flower"},{"floor":17,"key":"Gremlin Horn"},{"floor":17,"key":"Peace Pipe"},{"floor":19,"key":"Mummified Hand"},{"floor":26,"key":"Ice Cream"}],"event_choices":[{"damage_healed":0,"gold_gain":0,"cards_transformed":["Strike_G"],"player_choice":"Transformed","damage_taken":0,"max_hp_gain":0,"max_hp_loss":0,"event_name":"Transmorgrifier","floor":2,"gold_loss":0,"cards_obtained":["Dagger Throw"]},{"damage_healed":0,"gold_gain":0,"player_choice":"Forge","damage_taken":0,"max_hp_gain":0,"max_hp_loss":0,"event_name":"Accursed Blacksmith","floor":11,"gold_loss":0,"cards_upgraded":["Dagger Throw"]},{"damage_healed":0,"gold_gain":0,"player_choice":"Upgraded","damage_taken":0,"max_hp_gain":0,"max_hp_loss":0,"event_name":"Upgrade Shrine","floor":20,"gold_loss":0,"cards_upgraded":["Night Terror"]}],"is_beta":false,"boss_relics":[{"not_picked":["Runic Dome","Velvet Choker"],"picked":"Calling Bell"}],"items_purged_floors":[],"is_endless":false,"potions_floor_spawned":[3,16,18,27,29],"killed_by":"Book of Stabbing","ascension_level":1}}