{"host":"sc0o2qwpf9j16a4i","time":1610822449,"event":{"mods":["AchievementEnabler","BaseMod","BetterRewards","Block Reminder","Colored Map","Colored Powertips","Custom Start","Highlight Path","Minty Spire (QoL Compilation)","Relic Stats"],"gold_per_floor":[116,41,41,58,70,70,104,116,154,2,14,14,34,50,50,50,50],"floor_reached":16,"language":"ENG","playtime":385,"items_purged":[],"score":354,"play_id":"293d3c59-33ab-4a58-8357-3802dfee4f19","local_time":"20210116204049","is_ascension_mode":true,"campfire_choices":[{"data":"Wallop","floor":6,"key":"SMITH"},{"floor":12,"key":"REST"},{"floor":15,"key":"REST"}],"circlet_count":0,"master_deck":["AscendersBane","Strike_P","Strike_P","Strike_P+1","Defend_P","Defend_P","Defend_P","Defend_P","Eruption","Vigilance","FlyingSleeves","FearNoEvil","CarveReality","Tantrum","EmptyMind","Wallop+1","Halt+1","WindmillStrike","EmptyBody","Crescendo","Indignation","Protect"],"relics":["PureWater","Prayer Wheel","MawBank","MealTicket","Membership Card"],"acts_visited":["Exordium"],"potions_floor_usage":[16,16],"damage_taken":[{"damage":2.0,"enemies":"Small Slimes","floor":1.0,"turns":3.0},{"damage":7.0,"enemies":"Jaw Worm","floor":4.0,"turns":4.0},{"damage":0.0,"enemies":"2 Louse","floor":5.0,"turns":2.0},{"damage":0,"enemies":"3 Sentries","floor":7,"turns":4},{"damage":13,"enemies":"Blue Slaver","floor":11,"turns":3},{"damage":0,"enemies":"3 Louse","floor":13,"turns":2},{"damage":11,"enemies":"Large Slime","floor":14,"turns":4},{"damage":61,"enemies":"The Guardian","floor":16,"turns":9}],"seed_played":"6685310881227548198","potions_obtained":[{"floor":5,"key":"Weak Potion"},{"floor":7,"key":"Strength Potion"}],"is_trial":false,"path_per_floor":["M","?","?","M","M","R","E","?","T","$","M","R","M","M","R","B"],"character_chosen":"WATCHER","items_purchased":["Prayer Wheel","FlyingSleeves","Membership Card"],"campfire_rested":2,"item_purchase_floors":[0,0,10],"current_hp_per_floor":[48,48,48,41,41,41,41,21,21,36,23,43,43,32,52,0,0],"gold":50,"neow_bonus":"","is_daily":false,"chose_seed":false,"campfire_upgraded":1,"win_rate":0.0,"timestamp":1610822449,"path_taken":["M","?","?","M","M","R","E","?","T","$","M","R","M","M","R","BOSS"],"items_purchased_type":["Relic","Card","Relic"],"build_version":"2020-12-22","purchased_purges":0,"victory":false,"max_hp_per_floor":[68,68,68,68,68,68,68,68,68,68,68,68,68,68,68,68,68],"relic_stats":{"counters":[18,71],"Prayer Wheel":7,"MealTicket":27,"MawBank":36,"obtain_stats":[{"Astrolabe":0,"MealTicket":9,"Philosopher\u0027s Stone":17,"Prayer Wheel":0,"Membership Card":10,"PureWater":0,"Boot":7,"MawBank":7},{"Astrolabe":0,"MealTicket":4,"Philosopher\u0027s Stone":8,"Prayer Wheel":10,"Membership Card":14,"PureWater":0,"Boot":4,"MawBank":14},{"Astrolabe":0,"MealTicket":16,"Philosopher\u0027s Stone":32,"Prayer Wheel":40,"Membership Card":53,"PureWater":0,"Boot":16,"MawBank":53}]},"card_choices":[{"not_picked":["CutThroughFate","Weave"],"picked":"FearNoEvil","floor":1.0},{"not_picked":["SashWhip","FlurryOfBlows"],"picked":"CarveReality","floor":1.0},{"not_picked":["BowlingBash","CutThroughFate"],"picked":"Tantrum","floor":4.0},{"not_picked":["JustLucky","ThirdEye"],"picked":"EmptyMind","floor":4.0},{"not_picked":["ForeignInfluence","MentalFortress"],"picked":"Wallop","floor":5},{"not_picked":["PathToVictory","Judgement","Weave"],"picked":"SKIP","floor":5},{"not_picked":["Tantrum","ClearTheMind"],"picked":"Halt","floor":7},{"not_picked":["ReachHeaven","EmptyMind"],"picked":"WindmillStrike","floor":11},{"not_picked":["FollowUp","Evaluate"],"picked":"EmptyBody","floor":11},{"not_picked":["Pray","Fasting2"],"picked":"Crescendo","floor":13},{"not_picked":["Evaluate","EmptyBody"],"picked":"Indignation","floor":13},{"not_picked":["WheelKick","Crescendo"],"picked":"Protect","floor":14},{"not_picked":["Consecrate","Alpha","Prostrate"],"picked":"SKIP","floor":14}],"player_experience":671721,"relics_obtained":[{"floor":7,"key":"MawBank"},{"floor":9,"key":"MealTicket"}],"event_choices":[{"cards_removed":["Strike_P"],"damage_healed":0.0,"max_hp_gain":0.0,"max_hp_loss":0.0,"gold_gain":0.0,"event_name":"The Cleric","player_choice":"Card Removal","floor":2.0,"gold_loss":75.0,"damage_taken":0.0},{"damage_healed":0.0,"max_hp_gain":0.0,"max_hp_loss":0.0,"gold_gain":0.0,"event_name":"Scrap Ooze","player_choice":"Fled","floor":3.0,"gold_loss":0.0,"damage_taken":0.0},{"damage_healed":0,"gold_gain":0,"player_choice":"Entered Light","damage_taken":20,"max_hp_gain":0,"max_hp_loss":0,"event_name":"Shining Light","floor":8,"gold_loss":0,"cards_upgraded":["Halt","Strike_P"]}],"is_beta":false,"boss_relics":[],"items_purged_floors":[],"is_endless":false,"potions_floor_spawned":[5,7,11,14],"killed_by":"The Guardian","ascension_level":20}}