{"host":"91tsl82bt69efn37","time":1610813217,"event":{"mods":["2.2 Compatiblity","BaseMod","Colored Map","DeckTracker","Highlight Path","Keyboard Shortcuts","Minty Spire (QoL Compilation)","Permanent Neow","Quick Restart","SuperFastMode","everything is the same but u backflip on backflip"],"gold_per_floor":[118,135,60,79,96,96,129,141,166,166,166,66,66,66,66,163,163,181,199,74,88,104,104,115,115,141,152,187,205,205,55,55,159,159,174,224,224,237,256,256,256,81,107,107,119,144,159,0,0,0],"floor_reached":51,"language":"KOR","playtime":4927,"items_purged":["Strike_P","Strike_P","Defend_P","Defend_P","Strike_P"],"score":806,"play_id":"1b61c7a3-fd8b-4c03-a928-f53d28878402","local_time":"20210117010657","is_ascension_mode":true,"campfire_choices":[{"data":"Eruption","floor":6.0,"key":"SMITH"},{"floor":10.0,"key":"REST"},{"data":"Vengeance","floor":13.0,"key":"SMITH"},{"floor":15.0,"key":"REST"},{"floor":23.0,"key":"REST"},{"floor":25.0,"key":"REST"},{"floor":32.0,"key":"REST"},{"data":"Establishment","floor":40.0,"key":"SMITH"},{"floor":49,"key":"REST"}],"circlet_count":0,"master_deck":["Strike_P","Eruption+1","Vigilance","Impatience","ClearTheMind","Vengeance+1","SandsOfTime+1","EmptyBody","MentalFortress","Prostrate","Establishment+1","Wallop","Sanctity+1","Worship+1","FollowUp+1","DeusExMachina","EmptyFist+1","Apotheosis"],"relics":["PureWater","Mercury Hourglass","Nunchaku","FaceOfCleric","Empty Cage","Art of War","Tiny Chest","MutagenicStrength","Prayer Wheel","Juzu Bracelet","Whetstone","Bronze Scales","Red Mask"],"acts_visited":["Exordium","TheCity","TheBeyond"],"potions_floor_usage":[46,46,50,50],"damage_taken":[{"damage":0.0,"enemies":"Small Slimes","floor":1.0,"turns":5.0},{"damage":0.0,"enemies":"Cultist","floor":2.0,"turns":2.0},{"damage":6.0,"enemies":"Jaw Worm","floor":4.0,"turns":4.0},{"damage":4.0,"enemies":"Large Slime","floor":5.0,"turns":6.0},{"damage":27.0,"enemies":"Gremlin Nob","floor":7.0,"turns":4.0},{"damage":7.0,"enemies":"Exordium Thugs","floor":8.0,"turns":2.0},{"damage":61.0,"enemies":"The Guardian","floor":16.0,"turns":12.0},{"damage":12.0,"enemies":"Shell Parasite","floor":18.0,"turns":4.0},{"damage":14.0,"enemies":"Spheric Guardian","floor":19.0,"turns":4.0},{"damage":14.0,"enemies":"3 Cultists","floor":21.0,"turns":7.0},{"damage":13.0,"enemies":"Snake Plant","floor":22.0,"turns":2.0},{"damage":20.0,"enemies":"Sentry and Sphere","floor":24.0,"turns":5.0},{"damage":7.0,"enemies":"Centurion and Healer","floor":27.0,"turns":5.0},{"damage":23.0,"enemies":"Book of Stabbing","floor":28.0,"turns":7.0},{"damage":0.0,"enemies":"3 Cultists","floor":29.0,"turns":5.0},{"damage":3.0,"enemies":"Champ","floor":33.0,"turns":9.0},{"damage":6.0,"enemies":"3 Darklings","floor":35.0,"turns":6.0},{"damage":1.0,"enemies":"Mind Bloom Boss Battle","floor":36.0,"turns":5.0},{"damage":9.0,"enemies":"Orb Walker","floor":38.0,"turns":3.0},{"damage":0.0,"enemies":"Maw","floor":39.0,"turns":5.0},{"damage":21.0,"enemies":"Writhing Mass","floor":45.0,"turns":4.0},{"damage":1,"enemies":"Reptomancer","floor":46,"turns":5},{"damage":21,"enemies":"4 Shapes","floor":47,"turns":5},{"damage":49,"enemies":"Donu and Deca","floor":50,"turns":7}],"seed_played":"-7526062543454019200","potions_obtained":[{"floor":1.0,"key":"Strength Potion"},{"floor":7.0,"key":"LiquidBronze"},{"floor":8.0,"key":"BottledMiracle"},{"floor":28.0,"key":"Energy Potion"},{"floor":33.0,"key":"LiquidMemories"},{"floor":35.0,"key":"DuplicationPotion"},{"floor":38.0,"key":"Ambrosia"},{"floor":47,"key":"Strength Potion"}],"is_trial":false,"path_per_floor":["M","M","$","M","M","R","E","M","T","R","?","$","R","?","R","B",null,"M","M","$","M","M","R","M","R","T","M","E","M","?","$","R","B",null,"M","?","?","M","M","R","T","$","T","T","M","E","M","?","R","B",null],"character_chosen":"WATCHER","items_purchased":[],"campfire_rested":6,"item_purchase_floors":[],"current_hp_per_floor":[72,72,72,66,62,62,35,28,28,49,49,49,49,49,70,10,73,62,49,49,36,24,47,28,51,51,45,23,24,24,24,48,46,82,77,77,77,69,70,70,70,70,70,70,50,50,30,30,56,8],"gold":0,"neow_bonus":"RANDOM_COLORLESS","is_daily":false,"chose_seed":false,"campfire_upgraded":3,"win_rate":0.0,"timestamp":1610813217,"path_taken":["M","M","$","M","M","R","E","M","T","R","?","?","R","?","R","BOSS","M","M","$","?","M","R","M","R","T","M","E","M","?","$","R","BOSS","M","?","?","M","M","R","?","$","T","?","M","E","M","?","R","BOSS"],"items_purchased_type":[],"build_version":"2020-12-22","purchased_purges":5,"victory":true,"max_hp_per_floor":[72,72,72,72,72,72,72,72,72,72,72,72,72,72,72,73,73,74,75,75,76,77,77,78,78,78,79,80,81,81,81,81,82,82,83,84,84,85,86,86,86,86,86,86,87,88,89,89,89,90],"card_choices":[{"not_picked":["Madness","Trip"],"picked":"Impatience","floor":0.0},{"not_picked":["EmptyFist","SashWhip"],"picked":"ClearTheMind","floor":1.0},{"not_picked":["Sanctity","EmptyFist"],"picked":"Vengeance","floor":2.0},{"not_picked":["FlyingSleeves","Consecrate"],"picked":"SandsOfTime","floor":4.0},{"not_picked":["WaveOfTheHand","CutThroughFate"],"picked":"EmptyBody","floor":5.0},{"not_picked":["CrushJoints","Meditate"],"picked":"MentalFortress","floor":7.0},{"not_picked":["PathToVictory","ClearTheMind"],"picked":"Prostrate","floor":8.0},{"not_picked":["MasterReality","Blasphemy"],"picked":"Establishment","floor":16.0},{"not_picked":["BowlingBash+1","Prostrate"],"picked":"Wallop","floor":18.0},{"not_picked":["Prostrate","CrushJoints+1"],"picked":"Sanctity+1","floor":19.0},{"not_picked":["Tantrum","EmptyFist","BattleHymn+1"],"picked":"SKIP","floor":21.0},{"not_picked":["SandsOfTime","WheelKick","EmptyMind+1"],"picked":"SKIP","floor":22.0},{"not_picked":["JustLucky","Swivel","EmptyMind"],"picked":"SKIP","floor":24.0},{"not_picked":["WaveOfTheHand","BowlingBash+1"],"picked":"Worship+1","floor":27.0},{"not_picked":["SandsOfTime","InnerPeace+1","ThirdEye"],"picked":"SKIP","floor":28.0},{"not_picked":["SashWhip","ClearTheMind+1"],"picked":"FollowUp","floor":29.0},{"not_picked":["Omniscience","Alpha"],"picked":"DeusExMachina","floor":33.0},{"not_picked":["Wallop+1","FlyingSleeves+1","FlurryOfBlows+1"],"picked":"SKIP","floor":35.0},{"not_picked":["Swivel+1","Consecrate"],"picked":"EmptyFist+1","floor":36.0},{"not_picked":["Metamorphosis","Dark Shackles"],"picked":"Apotheosis","floor":37.0},{"not_picked":["Perseverance","Worship","Indignation"],"picked":"SKIP","floor":38.0},{"not_picked":["SashWhip+1","ClearTheMind","Swivel"],"picked":"SKIP","floor":38.0},{"not_picked":["CutThroughFate+1","LikeWater","FlyingSleeves+1"],"picked":"SKIP","floor":39.0},{"not_picked":["Ragnarok","Prostrate","Perseverance+1"],"picked":"SKIP","floor":39.0},{"not_picked":["SashWhip+1","WaveOfTheHand","Evaluate+1"],"picked":"SKIP","floor":45.0},{"not_picked":["FlurryOfBlows","Evaluate","Protect"],"picked":"SKIP","floor":45.0},{"not_picked":["BowlingBash+1","FollowUp","FlurryOfBlows"],"picked":"SKIP","floor":46},{"not_picked":["PathToVictory","TalkToTheHand+1","EmptyBody+1"],"picked":"SKIP","floor":47},{"not_picked":["Nirvana","BowlingBash+1","CarveReality"],"picked":"SKIP","floor":47},{"not_picked":["PathToVictory","TalkToTheHand+1","EmptyBody+1"],"picked":"SKIP","floor":47},{"not_picked":["Nirvana","BowlingBash+1","CarveReality"],"picked":"SKIP","floor":47}],"player_experience":69373,"relics_obtained":[{"floor":7.0,"key":"Mercury Hourglass"},{"floor":9.0,"key":"Nunchaku"},{"floor":26.0,"key":"Art of War"},{"floor":28.0,"key":"Tiny Chest"},{"floor":36.0,"key":"Prayer Wheel"},{"floor":41.0,"key":"Juzu Bracelet"},{"floor":44.0,"key":"Whetstone"},{"floor":46,"key":"Bronze Scales"}],"event_choices":[{"damage_healed":0.0,"max_hp_gain":0.0,"max_hp_loss":0.0,"gold_gain":0.0,"event_name":"The Woman in Blue","player_choice":"Bought 0 Potions","floor":11.0,"gold_loss":0.0,"damage_taken":0.0},{"damage_healed":0.0,"max_hp_gain":0.0,"max_hp_loss":0.0,"gold_gain":0.0,"event_name":"FaceTrader","player_choice":"Trade","floor":14.0,"gold_loss":0.0,"damage_taken":0.0,"relics_obtained":["FaceOfCleric"]},{"damage_healed":0.0,"max_hp_gain":0.0,"max_hp_loss":0.0,"gold_gain":0.0,"event_name":"Drug Dealer","player_choice":"Inject Mutagens","floor":30.0,"gold_loss":0.0,"damage_taken":0.0,"relics_obtained":["MutagenicStrength"]},{"damage_healed":0.0,"max_hp_gain":0.0,"max_hp_loss":0.0,"gold_gain":0.0,"event_name":"MindBloom","player_choice":"Fight","floor":36.0,"gold_loss":0.0,"damage_taken":0.0},{"damage_healed":0.0,"max_hp_gain":0.0,"max_hp_loss":0.0,"gold_gain":0.0,"event_name":"SensoryStone","player_choice":"Memory 1","floor":37.0,"gold_loss":0.0,"damage_taken":0.0},{"damage_healed":0,"gold_gain":0,"player_choice":"Paid","damage_taken":0,"relics_obtained":["Red Mask"],"max_hp_gain":0,"max_hp_loss":0,"event_name":"Tomb of Lord Red Mask","floor":48,"gold_loss":159}],"is_beta":false,"boss_relics":[{"not_picked":["Philosopher\u0027s Stone","HolyWater"],"picked":"Empty Cage"},{"not_picked":["Pandora\u0027s Box","Astrolabe","Runic Pyramid"]}],"items_purged_floors":[3,12,20,31,42],"is_endless":false,"potions_floor_spawned":[1,7,8,16,28,33,35,38,45,47],"ascension_level":1}}