{"host":"cv77zuuuekizn3ic","time":1610805074,"event":{"mods":["AchievementEnabler","Act Like it!","BaseMod","Gensokyo","Marisa£®ÏF”Í°°ƒß¿Ì…≥£©","Minty Spire (QoL Compilation)","StSLib","Waifu the Spire","everything is the same but u backflip on backflip","slay the spire mod where everything is the same but ironclad has a cowboy hat"],"gold_per_floor":[118,118,118,15,30,65,65,90,116,196,411,437,37,37,37,113,113,126,126,142,22,39,68,68,17,17,17,42,42,77,6,6,82,82,93,93,93,312,312,312,342,360,360,394,406,137,150,178,178,178,178,178,78,107,107],"floor_reached":56,"language":"ZHS","playtime":4500,"items_purged":["Strike_B","Pride"],"score":2196,"play_id":"c5fb0b72-ec7b-4e09-b425-2c5e1da76b94","local_time":"20210116215114","is_ascension_mode":true,"campfire_choices":[{"data":"Coolheaded","floor":7.0,"key":"SMITH"},{"data":"Darkness","floor":15.0,"key":"SMITH"},{"data":"Turbo","floor":27.0,"key":"SMITH"},{"data":"Impatience","floor":29.0,"key":"SMITH"},{"data":"Buffer","floor":32.0,"key":"SMITH"},{"data":"Creative AI","floor":40.0,"key":"SMITH"},{"floor":49.0,"key":"RECALL"},{"data":"Gensokyo:FourOfAKind","floor":52.0,"key":"SMITH"}],"circlet_count":0,"master_deck":["AscendersBane","Defend_B","Defend_B","Defend_B","Zap+1","Dualcast","Chill","Coolheaded+1","Recycle+1","Buffer+1","Compile Driver+1","Darkness+1","Capacitor","Meteor Strike+1","Gensokyo:FourOfAKind+1","Gensokyo:FourOfAKind","Gensokyo:FourOfAKind","Gensokyo:FourOfAKind","Fission","Turbo+1","Hologram+1","Gensokyo:ShootingStar+1","Creative AI+1","Gensokyo:PrivateSquare+1","Echo Form","Seek+1"],"relics":["Cracked Core","NeowsBlessing","Orichalcum","Art of War","Strawberry","War Paint","MealTicket","Happy Flower","Runic Pyramid","Gensokyo:LionMask","Sundial","Gensokyo:RedStar","Eternal Feather","Toxic Egg 2","Akabeko","Black Star","Vajra","Gensokyo:EmptyGrave","Nunchaku","Pantograph","Question Card","Whetstone","Bottled Tornado","Bronze Scales","HornCleat","Bag of Preparation","Blood Vial"],"acts_visited":["Exordium","Gensokyo:Gensokyo","Gensokyo:Gensokyoer","TheEnding"],"potions_floor_usage":[55,55],"damage_taken":[{"damage":0.0,"enemies":"Gensokyo:Gryphon","floor":1.0,"turns":1.0},{"damage":0.0,"enemies":"Gensokyo:2_Kodama","floor":5.0,"turns":2.0},{"damage":0.0,"enemies":"Gensokyo:Mamizou","floor":6.0,"turns":4.0},{"damage":19.0,"enemies":"Gensokyo:Aya","floor":8.0,"turns":9.0},{"damage":2.0,"enemies":"Gensokyo:3_Fairies","floor":11.0,"turns":5.0},{"damage":1.0,"enemies":"Gensokyo:Cirno","floor":12.0,"turns":6.0},{"damage":8.0,"enemies":"Gensokyo:Yukari","floor":16.0,"turns":6.0},{"damage":7.0,"enemies":"Gensokyo:3_Dogs","floor":18.0,"turns":4.0},{"damage":0.0,"enemies":"Gensokyo:2_Gloops","floor":20.0,"turns":3.0},{"damage":0.0,"enemies":"Gensokyo:Wraith","floor":22.0,"turns":4.0},{"damage":21.0,"enemies":"Gensokyo:Reisen","floor":23.0,"turns":7.0},{"damage":31.0,"enemies":"Gensokyo:Tenshi","floor":28.0,"turns":3.0},{"damage":12.0,"enemies":"Gensokyo:Koishi","floor":30.0,"turns":5.0},{"damage":12.0,"enemies":"Gensokyo:Kaguya","floor":33.0,"turns":5.0},{"damage":4.0,"enemies":"Gensokyo:3_Bats","floor":35.0,"turns":5.0},{"damage":0.0,"enemies":"Gensokyo:3_Boulders","floor":38.0,"turns":5.0},{"damage":4.0,"enemies":"Gensokyo:Marisa","floor":41.0,"turns":5.0},{"damage":0.0,"enemies":"Gensokyo:Sharpion","floor":42.0,"turns":4.0},{"damage":4.0,"enemies":"Gensokyo:Doremy","floor":44.0,"turns":5.0},{"damage":0.0,"enemies":"Gensokyo:SeedOfUnknown","floor":45.0,"turns":3.0},{"damage":0.0,"enemies":"Gensokyo:Dusk_and_Dawn","floor":47.0,"turns":3.0},{"damage":0.0,"enemies":"Gensokyo:Kasen","floor":48.0,"turns":5.0},{"damage":0.0,"enemies":"Gensokyo:Shinki","floor":50.0,"turns":5.0},{"damage":0.0,"enemies":"Shield and Spear","floor":54.0,"turns":6.0},{"damage":44,"enemies":"The Heart","floor":55,"turns":8}],"seed_played":"-1249584873671907867","potions_obtained":[{"floor":1.0,"key":"FearPotion"},{"floor":6.0,"key":"Energy Potion"},{"floor":11.0,"key":"LiquidMemories"},{"floor":16.0,"key":"Swift Potion"},{"floor":18.0,"key":"Block Potion"},{"floor":22.0,"key":"Explosive Potion"},{"floor":28.0,"key":"FocusPotion"},{"floor":30.0,"key":"PowerPotion"},{"floor":35.0,"key":"SpeedPotion"},{"floor":47.0,"key":"Fire Potion"}],"is_trial":false,"path_per_floor":["M","?","?","COS","M","E","R","E","T","?","M","E","$","?","R","B",null,"M","?","M","?","M","E","?","$","T","R","E","R","E","COS","R","B",null,"M","?","?","M","?","R","E","M","T","E","M","COS","M","E","R","B",null,"R","$","E","B",null],"character_chosen":"DEFECT","items_purchased":["Capacitor","Impatience","Happy Flower","Turbo"],"campfire_rested":0,"item_purchase_floors":[13,13,13,25],"current_hp_per_floor":[64,30,30,30,30,30,30,18,18,18,16,15,30,30,30,22,64,57,51,51,51,51,30,30,45,45,51,20,32,20,20,35,39,48,44,44,44,44,44,46,42,46,46,42,42,42,42,42,46,46,46,46,46,46,2],"gold":107,"neow_bonus":"THREE_ENEMY_KILL","is_daily":false,"chose_seed":false,"campfire_upgraded":7,"win_rate":0.0,"timestamp":1610805074,"path_taken":["M","?","?","COS","?","E","R","E","T","?","M","E","$","?","R","BOSS","M","?","M","?","?","E","?","?","T","R","E","R","E","COS","R","BOSS","M","?","?","M","?","R","E","M","T","E","M","COS","?","E","R","BOSS","R","$","E","BOSS"],"items_purchased_type":["Card","Card","Relic","Card"],"build_version":"2020-12-22","purchased_purges":2,"victory":true,"max_hp_per_floor":[71,71,71,71,71,71,71,78,78,78,78,78,78,78,78,78,78,78,51,51,51,51,51,51,51,51,51,51,51,51,51,51,51,51,51,51,51,51,46,46,46,46,46,46,46,46,46,46,46,46,46,46,46,46,46],"card_choices":[{"not_picked":["Aggregate","FTL"],"picked":"Chill","floor":1.0},{"not_picked":["Gash","Streamline"],"picked":"Coolheaded","floor":3.0},{"not_picked":["Steam","Hello World"],"picked":"Recycle","floor":3.0},{"not_picked":["BootSequence","Auto Shields"],"picked":"Buffer","floor":5.0},{"not_picked":["Barrage","Tempest","Chill"],"picked":"SKIP","floor":6.0},{"not_picked":["Hologram","Conserve Battery"],"picked":"Compile Driver","floor":8.0},{"not_picked":["Compile Driver","Stack"],"picked":"Darkness","floor":11.0},{"not_picked":["Streamline","Stack","Darkness"],"picked":"SKIP","floor":12.0},{"not_picked":["Rainbow","Multi-Cast"],"picked":"Meteor Strike","floor":16.0},{"not_picked":["Redo","Coolheaded","Barrage"],"picked":"SKIP","floor":18.0},{"not_picked":["Leap+1","Rebound","Conserve Battery"],"picked":"SKIP","floor":20.0},{"not_picked":["Capacitor","Go for the Eyes"],"picked":"Fission","floor":22.0},{"not_picked":["Compile Driver","Coolheaded","Stack"],"picked":"SKIP","floor":23.0},{"not_picked":["Compile Driver","Coolheaded","Stack"],"picked":"SKIP","floor":23.0},{"not_picked":["Static Discharge","Hologram+1","Cold Snap"],"picked":"SKIP","floor":28.0},{"not_picked":["Capacitor","Cold Snap"],"picked":"Hologram+1","floor":30.0},{"not_picked":[],"picked":"Gensokyo:ShootingStar","floor":33.0},{"not_picked":["All For One","Buffer"],"picked":"Creative AI","floor":33.0},{"not_picked":["Sunder","Glacier+1","Steam+1"],"picked":"SKIP","floor":35.0},{"not_picked":["Sunder","Glacier+1","Steam+1"],"picked":"SKIP","floor":35.0},{"not_picked":["Rebound","Conserve Battery+1","Gash"],"picked":"SKIP","floor":38.0},{"not_picked":["Sweeping Beam","Ball Lightning+1","Conserve Battery+1"],"picked":"SKIP","floor":41.0},{"not_picked":["Chaos+1","Redo+1","Compile Driver"],"picked":"SKIP","floor":42.0},{"not_picked":["Chaos+1","Streamline+1"],"picked":"Seek+1","floor":44.0},{"not_picked":["Coolheaded+1","Cold Snap","Beam Cell","Gash"],"picked":"SKIP","floor":45.0},{"not_picked":["Chaos+1","Turbo+1","Rebound","Rip and Tear"],"picked":"SKIP","floor":47.0},{"not_picked":["Sweeping Beam","Turbo+1","Buffer","Undo+1"],"picked":"SKIP","floor":48.0},{"not_picked":["Sweeping Beam","Undo+1","Scrape","Auto Shields+1"],"picked":"SKIP","floor":54.0}],"player_experience":918501,"relics_obtained":[{"floor":6.0,"key":"Orichalcum"},{"floor":8.0,"key":"Strawberry"},{"floor":9.0,"key":"War Paint"},{"floor":12.0,"key":"MealTicket"},{"floor":23.0,"key":"Sundial"},{"floor":26.0,"key":"Eternal Feather"},{"floor":28.0,"key":"Toxic Egg 2"},{"floor":30.0,"key":"Akabeko"},{"floor":41.0,"key":"Nunchaku"},{"floor":41.0,"key":"Pantograph"},{"floor":44.0,"key":"Question Card"},{"floor":44.0,"key":"Whetstone"},{"floor":48.0,"key":"Bronze Scales"},{"floor":48.0,"key":"HornCleat"},{"floor":54.0,"key":"Bag of Preparation"},{"floor":54.0,"key":"Blood Vial"}],"event_choices":[],"is_beta":false,"boss_relics":[{"not_picked":["Runic Dome","Inserter"],"picked":"Runic Pyramid"},{"not_picked":["Tiny House","Pandora\u0027s Box"],"picked":"Black Star"}],"items_purged_floors":[13,53],"is_endless":false,"potions_floor_spawned":[1,6,11,16,18,22,28,30,35,47,48],"ascension_level":15}}