{"host":"fm9e0lfunjlbhzxv","time":1610775232,"event":{"mods":["2.2 Compatiblity","Alarm Clock","Astrologer","BaseMod","Bestiary","Better Match","Better Skull","Better Third Choice","Colored Map","Colored Powertips","Curses Come First","Energized Spire","Good Game Mod","Jorbs\u0027s Wanderer Trilogy","Key Reminder","Koishi","Mimic Mod","Minty Spire (QoL Compilation)","Permanent Neow","Rare Cards Sparkle","Relic Stats","Spicy Shops","StSLib","The Administrix","The Blue Laboratory","The Bug Knight","The Disciple","The Servant 0.9.4","The Vixen","Trackpad","slay the spire mod where everything is the same but ironclad has a cowboy hat"],"gold_per_floor":[117,131,0,15,36,36,68,80,119,119,50,68,68,101,101,206,206,227,251,271,271,318,366,18,18,51,83,83,121,71,101,101,217,217,242,259,1258,1281,889,930,930,945,945,945,960,1002,1002,1033,1033,1058,1058,1058,219,276,281],"floor_reached":56,"language":"ENG","playtime":6181,"items_purged":["Fusion","Regret","Injury","Normality","Normality"],"score":1427,"play_id":"06529e61-fb8b-49f6-a35e-0ae2dd455a04","local_time":"20210115213352","is_ascension_mode":false,"campfire_choices":[{"data":"stsjorbsmod:OldPocket","floor":6,"key":"SMITH"},{"data":"stsjorbsmod:Thorns","floor":10,"key":"SMITH"},{"data":"stsjorbsmod:Aid","floor":13,"key":"SMITH"},{"floor":15,"key":"REST"},{"data":"stsjorbsmod:DeathThroes","floor":25,"key":"SMITH"},{"data":"stsjorbsmod:FindFamiliar","floor":28,"key":"SMITH"},{"data":"stsjorbsmod:MagicMirror","floor":32,"key":"SMITH"},{"data":"stsjorbsmod:ArcaneForm","floor":41,"key":"SMITH"},{"data":"stsjorbsmod:FranticSearch","floor":44,"key":"SMITH"},{"floor":49,"key":"RECALL"},{"data":"stsjorbsmod:ArcaneForm","floor":52,"key":"SMITH"}],"circlet_count":0,"master_deck":["stsjorbsmod:ForbiddenGrimoire+1","stsjorbsmod:Strike_Wanderer+1","stsjorbsmod:Strike_Wanderer+1","stsjorbsmod:Strike_Wanderer+1","stsjorbsmod:Defend_Wanderer+1","stsjorbsmod:Defend_Wanderer+1","stsjorbsmod:Defend_Wanderer+1","stsjorbsmod:FreshAdventure","stsjorbsmod:EyeOfTheStorm+1","stsjorbsmod:Hibernate+1","stsjorbsmod:OldPocket+1","stsjorbsmod:FaerieFire","stsjorbsmod:Message","stsjorbsmod:Thorns+1","stsjorbsmod:FranticSearch+1","stsjorbsmod:Mania+1","stsjorbsmod:Aid+1","stsjorbsmod:BookOfTongues","stsjorbsmod:ArcaneForm+1","stsjorbsmod:FindFamiliar+1","stsjorbsmod:DeathThroes+1","stsjorbsmod:Channel","stsjorbsmod:MagicMirror+1","stsjorbsmod:FracturedMind+1","stsjorbsmod:Counterspell","stsjorbsmod:LocateObject","stsjorbsmod:TrueStrike+1","stsjorbsmod:Mending","stsjorbsmod:WeightOfMemory","stsjorbsmod:Mending+1","Sadistic Nature+1","stsjorbsmod:Prestidigitation","stsjorbsmod:Thorns+1","Shame","stsjorbsmod:ArcaneForm+1","stsjorbsmod:DoubleCheck+1","stsjorbsmod:ChatteringStrike+1"],"relics":["stsjorbsmod:GrimoireRelic","REME:ComplimentaryCards","Dead Branch","Blood Vial","Pen Nib","trackpad:CultistFigurine","Cursed Key","trackpad:ByrdCharm","Ancient Tea Set","Mummified Hand","Shuriken","Smiling Mask","Centennial Puzzle","trackpad:Trackpad","Happy Flower","stsjorbsmod:MindGlassRelic","Nunchaku","Bronze Scales","Toolbox","Strawberry","HollowMod:LifeEnderRelic","Unceasing Top"],"acts_visited":["Exordium","TheCity","TheBeyond","TheEnding"],"potions_floor_usage":[46,54],"damage_taken":[{"damage":5,"enemies":"Cultist","floor":1,"turns":5},{"damage":5,"enemies":"Small Slimes","floor":2,"turns":7},{"damage":7,"enemies":"Jaw Worm","floor":4,"turns":4},{"damage":8,"enemies":"Exordium Wildlife","floor":5,"turns":7},{"damage":21,"enemies":"Lagavulin","floor":7,"turns":7},{"damage":0,"enemies":"3 Louse","floor":8,"turns":2},{"damage":0,"enemies":"Large Slime","floor":9,"turns":5},{"damage":0,"enemies":"Large Slime","floor":12,"turns":4},{"damage":9,"enemies":"Gremlin Nob","floor":14,"turns":4},{"damage":0,"enemies":"Slime Boss","floor":16,"turns":6},{"damage":2,"enemies":"Spheric Guardian","floor":18,"turns":5},{"damage":0,"enemies":"Chosen","floor":19,"turns":4},{"damage":0,"enemies":"Sentry and Sphere","floor":20,"turns":5},{"damage":1,"enemies":"Snecko","floor":22,"turns":5},{"damage":2,"enemies":"Gremlin Leader","floor":23,"turns":4},{"damage":2,"enemies":"Snecko","floor":26,"turns":5},{"damage":0,"enemies":"Book of Stabbing","floor":27,"turns":5},{"damage":4,"enemies":"Slavers","floor":29,"turns":3},{"damage":3,"enemies":"Snecko","floor":31,"turns":4},{"damage":13,"enemies":"Automaton","floor":33,"turns":5},{"damage":0,"enemies":"3 Darklings","floor":35,"turns":3},{"damage":3,"enemies":"Orb Walker","floor":36,"turns":3},{"damage":30,"enemies":"Spire Growth","floor":38,"turns":5},{"damage":22,"enemies":"Nemesis","floor":40,"turns":7},{"damage":31,"enemies":"Transient","floor":42,"turns":5},{"damage":0,"enemies":"Jaw Worm Horde","floor":45,"turns":1},{"damage":0,"enemies":"HollowMod:StalkingDevout","floor":46,"turns":3},{"damage":0,"enemies":"Sphere and 2 Shapes","floor":48,"turns":3},{"damage":15,"enemies":"Donu and Deca","floor":50,"turns":6},{"damage":7,"enemies":"Shield and Spear","floor":54,"turns":3},{"damage":34,"enemies":"The Heart","floor":55,"turns":4}],"seed_played":"-5242415413865831249","potions_obtained":[{"floor":2,"key":"blueLaboratory:Moonshine"},{"floor":7,"key":"blueLaboratory:NullPotion"},{"floor":14,"key":"Fire Potion"},{"floor":19,"key":"Explosive Potion"},{"floor":42,"key":"blueLaboratory:FruitPunch"},{"floor":54,"key":"blueLaboratory:AbyssPotion"}],"is_trial":false,"path_per_floor":["M","M","$","M","M","R","E","M","MIM","R","$","M","R","E","R","B",null,"M","M","M","?","MIM","E","$","R","MIM","E","R","E","$","M","R","B",null,"M","M","?","M","$","E","R","M","T","R","M","E","?","M","R","B",null,"R","$","E","B",null],"character_chosen":"WANDERER","items_purchased":["Dead Branch","stsjorbsmod:Aid","Mummified Hand","Sadistic Nature","Happy Flower","Bronze Scales","DistilledChaos","Toolbox","Strawberry","HollowMod:LifeEnderRelic"],"campfire_rested":1,"item_purchase_floors":[3,11,24,39,39,53,53,53,53,53],"current_hp_per_floor":[47,47,47,42,38,38,17,22,28,28,28,34,34,29,50,58,70,70,70,70,70,70,70,70,70,70,70,70,70,70,70,70,66,70,70,70,70,47,47,55,55,43,43,43,65,72,68,68,68,68,68,68,75,75,59],"gold":281,"neow_bonus":"REMOVE_TWO","is_daily":false,"chose_seed":false,"campfire_upgraded":9,"win_rate":0.0,"timestamp":1610775232,"path_taken":["M","M","?","M","M","R","E","M","MIM","R","$","M","R","E","R","BOSS","M","M","?","?","?","E","$","R","MIM","E","R","E","?","M","R","BOSS","M","M","?","M","$","E","R","M","T","R","M","E","?","M","R","BOSS","R","$","E","BOSS"],"items_purchased_type":["Relic","Card","Relic","Card","Relic","Relic","Potion","Relic","Relic","Relic"],"build_version":"2020-12-22","purchased_purges":5,"victory":true,"max_hp_per_floor":[68,70,70,70,70,70,70,70,70,70,70,70,70,70,70,70,70,70,70,70,70,70,70,70,70,70,70,70,70,70,70,70,70,70,70,70,70,70,70,70,70,70,70,70,70,72,68,68,68,68,68,68,75,75,75],"relic_stats":{"Happy Flower":[11],"counters":[31,139],"Dead Branch":[310],"Pen Nib":[16],"Cursed Key":3,"Smiling Mask":300,"Blood Vial":18,"Centennial Puzzle":[27],"Nunchaku":[3],"Mummified Hand":[118],"Shuriken":[15],"Bronze Scales":[48],"obtain_stats":[{"HollowMod:LifeEnderRelic":53,"Happy Flower":39,"trackpad:Trackpad":34,"Dead Branch":3,"stsjorbsmod:GrimoireRelic":0,"Pen Nib":9,"Cursed Key":17,"Ancient Tea Set":23,"Smiling Mask":27,"Blood Vial":7,"trackpad:ByrdCharm":22,"keyreminder:keyreminder":23,"REME:ComplimentaryCards":0,"Centennial Puzzle":29,"Nunchaku":46,"Mummified Hand":24,"Shuriken":26,"Bronze Scales":53,"Strawberry":53,"Toolbox":53,"stsjorbsmod:MindGlassRelic":40,"trackpad:CultistFigurine":14,"Unceasing Top":54},{"HollowMod:LifeEnderRelic":29,"Happy Flower":23,"trackpad:Trackpad":20,"Dead Branch":2,"stsjorbsmod:GrimoireRelic":0,"Pen Nib":7,"Cursed Key":10,"Ancient Tea Set":15,"Smiling Mask":17,"Blood Vial":5,"trackpad:ByrdCharm":14,"keyreminder:keyreminder":15,"REME:ComplimentaryCards":0,"Centennial Puzzle":18,"Nunchaku":27,"Mummified Hand":15,"Shuriken":16,"Bronze Scales":29,"Strawberry":29,"Toolbox":29,"stsjorbsmod:MindGlassRelic":24,"trackpad:CultistFigurine":9,"Unceasing Top":30},{"HollowMod:LifeEnderRelic":132,"Happy Flower":107,"trackpad:Trackpad":96,"Dead Branch":12,"stsjorbsmod:GrimoireRelic":0,"Pen Nib":37,"Cursed Key":51,"Ancient Tea Set":74,"Smiling Mask":84,"Blood Vial":30,"trackpad:ByrdCharm":70,"keyreminder:keyreminder":74,"REME:ComplimentaryCards":0,"Centennial Puzzle":87,"Nunchaku":123,"Mummified Hand":74,"Shuriken":79,"Bronze Scales":132,"Strawberry":132,"Toolbox":132,"stsjorbsmod:MindGlassRelic":114,"trackpad:CultistFigurine":45,"Unceasing Top":135}],"Unceasing Top":[0]},"card_choices":[{"not_picked":["stsjorbsmod:DisguiseSelf","stsjorbsmod:ChatteringStrike"],"picked":"stsjorbsmod:Hibernate","floor":1},{"not_picked":["stsjorbsmod:FlameWard","stsjorbsmod:Hurt"],"picked":"stsjorbsmod:OldPocket","floor":2},{"not_picked":["stsjorbsmod:MageArmor","stsjorbsmod:ChainLightning"],"picked":"stsjorbsmod:FaerieFire","floor":4},{"not_picked":["stsjorbsmod:ScorchingRay","stsjorbsmod:Firebolt"],"picked":"stsjorbsmod:Message","floor":5},{"not_picked":["stsjorbsmod:Will","stsjorbsmod:WanderingMind"],"picked":"stsjorbsmod:Thorns","floor":7},{"not_picked":["stsjorbsmod:SmithingStrike","stsjorbsmod:Message"],"picked":"stsjorbsmod:FranticSearch","floor":8},{"not_picked":["stsjorbsmod:Firebolt","stsjorbsmod:TrueStrike"],"picked":"stsjorbsmod:Mania","floor":9},{"not_picked":["stsjorbsmod:Prestidigitation","stsjorbsmod:ArcaneWeapon"],"picked":"stsjorbsmod:BookOfTongues","floor":12},{"not_picked":["stsjorbsmod:WanderingMind","stsjorbsmod:UnseenServant"],"picked":"stsjorbsmod:ArcaneForm","floor":14},{"not_picked":["stsjorbsmod:Banish","stsjorbsmod:HoldMonster"],"picked":"stsjorbsmod:DeathThroes","floor":16},{"not_picked":["stsjorbsmod:Mania","stsjorbsmod:LoseGrip"],"picked":"stsjorbsmod:Channel","floor":18},{"not_picked":["stsjorbsmod:Counterspell","stsjorbsmod:BookOfTongues"],"picked":"stsjorbsmod:MagicMirror","floor":19},{"not_picked":["stsjorbsmod:Materialize","stsjorbsmod:Firebolt"],"picked":"stsjorbsmod:FracturedMind+1","floor":20},{"not_picked":["stsjorbsmod:DoubleCheck","stsjorbsmod:BlackTentacles","stsjorbsmod:TrueStrike"],"picked":"SKIP","floor":23},{"not_picked":["stsjorbsmod:DoubleCheck","stsjorbsmod:BlackTentacles","stsjorbsmod:TrueStrike"],"picked":"SKIP","floor":23},{"not_picked":["stsjorbsmod:BookOfTongues","stsjorbsmod:Channel"],"picked":"stsjorbsmod:Counterspell","floor":26},{"not_picked":["stsjorbsmod:Materialize+1","stsjorbsmod:CorrodingBarrier","stsjorbsmod:Prestidigitation"],"picked":"SKIP","floor":27},{"not_picked":["stsjorbsmod:ChatteringStrike","stsjorbsmod:Introspection"],"picked":"stsjorbsmod:LocateObject","floor":29},{"not_picked":["stsjorbsmod:DisguiseSelf","stsjorbsmod:UnseenServant+1"],"picked":"stsjorbsmod:TrueStrike+1","floor":31},{"not_picked":["stsjorbsmod:Materialize","stsjorbsmod:Introspection","stsjorbsmod:Mending"],"picked":"SKIP","floor":35},{"not_picked":["stsjorbsmod:Materialize","stsjorbsmod:Introspection"],"picked":"stsjorbsmod:Mending","floor":35},{"not_picked":["stsjorbsmod:Firebolt","stsjorbsmod:Rest+1"],"picked":"stsjorbsmod:WeightOfMemory","floor":36},{"not_picked":["stsjorbsmod:Materialize+1","stsjorbsmod:Inferno+1"],"picked":"stsjorbsmod:Mending+1","floor":38},{"not_picked":["stsjorbsmod:HedgeWizard","stsjorbsmod:Will+1"],"picked":"stsjorbsmod:Prestidigitation","floor":40},{"not_picked":["stsjorbsmod:Firebolt","stsjorbsmod:Message"],"picked":"stsjorbsmod:Thorns+1","floor":42},{"not_picked":["stsjorbsmod:ChainLightning","stsjorbsmod:OldPocket","stsjorbsmod:Mindworm"],"picked":"SKIP","floor":45},{"not_picked":["stsjorbsmod:Rest+1","stsjorbsmod:MageArmor"],"picked":"stsjorbsmod:ArcaneForm","floor":46},{"not_picked":["stsjorbsmod:BlackTentacles+1","stsjorbsmod:Materialize+1"],"picked":"stsjorbsmod:DoubleCheck+1","floor":48},{"not_picked":["stsjorbsmod:BookOfTongues+1","stsjorbsmod:DoubleCheck"],"picked":"stsjorbsmod:ChatteringStrike+1","floor":54}],"player_experience":708705,"relics_obtained":[{"floor":7,"key":"Blood Vial"},{"floor":9,"key":"Pen Nib"},{"floor":14,"key":"trackpad:CultistFigurine"},{"floor":22,"key":"trackpad:ByrdCharm"},{"floor":23,"key":"Ancient Tea Set"},{"floor":26,"key":"Shuriken"},{"floor":27,"key":"Smiling Mask"},{"floor":29,"key":"Centennial Puzzle"},{"floor":40,"key":"stsjorbsmod:MindGlassRelic"},{"floor":46,"key":"Nunchaku"},{"floor":54,"key":"Unceasing Top"}],"event_choices":[{"damage_healed":0,"gold_gain":0,"player_choice":"Simplicity","damage_taken":0,"max_hp_gain":0,"max_hp_loss":5,"event_name":"betterThird:BetterWriting","floor":21,"gold_loss":0},{"damage_healed":0,"gold_gain":999,"player_choice":"Gold","damage_taken":0,"max_hp_gain":0,"max_hp_loss":0,"event_name":"MindBloom","floor":37,"gold_loss":0,"cards_obtained":["Normality","Normality"]},{"damage_healed":0,"gold_gain":0,"player_choice":"Max HP","damage_taken":0,"max_hp_gain":0,"max_hp_loss":4,"event_name":"Winding Halls","floor":47,"gold_loss":0}],"is_beta":false,"boss_relics":[{"not_picked":["Empty Cage","energizedSpire:MagnifyingGlass"],"picked":"Cursed Key"},{"not_picked":["Tiny House","Pandora\u0027s Box"],"picked":"trackpad:Trackpad"}],"items_purged_floors":[3,24,30,39,53],"is_endless":false,"potions_floor_spawned":[2,7,8,14,19,27,33,36,38,42,45,54],"ascension_level":0}}