{"host":"t9zjxed0utvsfjwc","time":1610784063,"event":{"mods":["2.2 Compatiblity","Aspiration","BaseMod","Better Altar","Better Match","Better Note","Better Sensory Stone","Better Skull","Better Third Choice","Block Reminder","Colored Map","Colored Powertips","Hermit","Highlight Path","Hubris","Infinite Spire","Ironclad Rager","Minty Spire (QoL Compilation)","Quick Restart","Replay The Spire","StSLib","The Cursed","The Marked","Unceasing Turn Reminder","everything is the same but u backflip on backflip"],"gold_per_floor":[116,116,126,126,126,154,166,166,166],"floor_reached":8,"language":"ENG","playtime":539,"items_purged":[],"score":81,"play_id":"5a4038c5-dec7-4398-b238-03e73d4bd556","local_time":"20210116080103","is_ascension_mode":false,"campfire_choices":[],"circlet_count":0,"master_deck":["TheCursedMod:Strike_TheCursed","TheCursedMod:Strike_TheCursed","TheCursedMod:Strike_TheCursed","TheCursedMod:Strike_TheCursed","TheCursedMod:Defend_TheCursed","TheCursedMod:Defend_TheCursed","TheCursedMod:Defend_TheCursed","TheCursedMod:Defend_TheCursed","TheCursedMod:CursedWand","TheCursedMod:CleanUpWorkshop","TheCursedMod:Dregs","TheCursedMod:CursedBlade","TheCursedMod:AshesToAshes+1","Doubt","TheCursedMod:WearCloak","TheCursedMod:CircleOfBlood"],"relics":["TheCursedMod:BlackMagic101","NeowsBlessing","ReplayTheSpireMod:Ring of Exchange","Bird Faced Urn"],"acts_visited":["Exordium"],"potions_floor_usage":[8],"damage_taken":[{"damage":0,"enemies":"2 Louse","floor":1,"turns":1},{"damage":0,"enemies":"Small Slimes","floor":3,"turns":1},{"damage":0,"enemies":"Gremlin Nob","floor":6,"turns":1},{"damage":8,"enemies":"Jaw Worm","floor":7,"turns":4},{"damage":80,"enemies":"Lagavulin","floor":8,"turns":12}],"seed_played":"4384703139960323163","potions_obtained":[{"floor":7,"key":"FearPotion"}],"is_trial":false,"path_per_floor":["M","?","M","?","?","E","M","E"],"character_chosen":"THE_CURSED","items_purchased":[],"campfire_rested":0,"item_purchase_floors":[],"current_hp_per_floor":[75,75,75,75,75,75,67,0,0],"gold":166,"neow_bonus":"THREE_ENEMY_KILL","is_daily":false,"chose_seed":false,"campfire_upgraded":0,"win_rate":0.0,"timestamp":1610784063,"path_taken":["M","?","M","?","?","E","M","E"],"items_purchased_type":[],"build_version":"2020-12-22","purchased_purges":0,"victory":false,"max_hp_per_floor":[75,75,75,75,75,75,75,75,75],"card_choices":[{"not_picked":["TheCursedMod:CircleOfWindfury","TheCursedMod:Wield"],"picked":"TheCursedMod:CursedBlade","floor":1},{"not_picked":["TheCursedMod:TacticalStrike","TheCursedMod:SoulCrush"],"picked":"TheCursedMod:AshesToAshes","floor":3},{"not_picked":["TheCursedMod:BlessingInDisguise","TheCursedMod:CircleOfFlame"],"picked":"TheCursedMod:WearCloak","floor":6},{"not_picked":["TheCursedMod:CursedArmor","TheCursedMod:CursedMace"],"picked":"TheCursedMod:CircleOfBlood","floor":7}],"player_experience":334318,"relics_obtained":[{"floor":5,"key":"ReplayTheSpireMod:Ring of Exchange"},{"floor":6,"key":"Bird Faced Urn"}],"event_choices":[],"is_beta":false,"boss_relics":[],"items_purged_floors":[],"is_endless":false,"potions_floor_spawned":[7],"killed_by":"Lagavulin","ascension_level":0}}