{"host":"ydg0vn0pu4pubmdt","time":1610810416,"event":{"mods":["AchievementEnabler","BaseMod","Colored Map","Gold Saver","Minty Spire (QoL Compilation)","Quick Restart","SuperFastMode"],"gold_per_floor":[135,171,70,145,45,45,107,172,172,224,224,224],"floor_reached":11,"language":"KOR","playtime":1555,"items_purged":["Strike_G","Defend_G"],"score":79,"play_id":"117dc8ff-4be6-4098-b32e-807ff5dffad3","local_time":"20210117002016","is_ascension_mode":true,"campfire_choices":[{"data":"HandOfGreed","floor":6,"key":"SMITH"}],"circlet_count":0,"master_deck":["Strike_G","Strike_G","Strike_G","Strike_G","Defend_G","Defend_G","Defend_G","Defend_G","Survivor","Neutralize","HandOfGreed+1","Cloak And Dagger","Backflip","Blade Dance","Dagger Spray","Reflex","Blade Dance"],"relics":["Ring of the Snake","Meat on the Bone","Odd Mushroom"],"acts_visited":["Exordium"],"potions_floor_usage":[10,11],"damage_taken":[{"damage":5,"enemies":"Cultist","floor":1,"turns":4},{"damage":7,"enemies":"Jaw Worm","floor":2,"turns":5},{"damage":4,"enemies":"Small Slimes","floor":7,"turns":4},{"damage":9,"enemies":"Exordium Thugs","floor":8,"turns":5},{"damage":10,"enemies":"The Mushroom Lair","floor":10,"turns":5},{"damage":8,"enemies":"Gremlin Nob","floor":11,"turns":3}],"seed_played":"-5381746604809380807","potions_obtained":[{"floor":1,"key":"ColorlessPotion"},{"floor":8,"key":"Regen Potion"}],"is_trial":false,"path_per_floor":["M","M","$","?","$","R","M","M","T","?","E"],"character_chosen":"THE_SILENT","items_purchased":["Blade Dance"],"campfire_rested":0,"item_purchase_floors":[3],"current_hp_per_floor":[58,51,51,45,45,45,41,32,32,36,28,28],"gold":224,"neow_bonus":"RANDOM_COLORLESS_2","is_daily":false,"chose_seed":false,"campfire_upgraded":1,"win_rate":0.0,"timestamp":1610810416,"path_taken":["M","M","$","?","$","R","M","?","T","?","E"],"items_purchased_type":["Card"],"build_version":"2020-12-22","purchased_purges":2,"victory":false,"max_hp_per_floor":[63,63,63,63,63,63,63,63,63,63,63,63],"card_choices":[{"not_picked":["Sadistic Nature","Secret Technique"],"picked":"HandOfGreed","floor":0},{"not_picked":["Deflect","Deadly Poison"],"picked":"Cloak And Dagger","floor":1},{"not_picked":["A Thousand Cuts","Terror"],"picked":"Backflip","floor":2},{"not_picked":["Flying Knee","Bouncing Flask"],"picked":"Dagger Spray","floor":7},{"not_picked":["Outmaneuver","Backstab"],"picked":"Reflex","floor":8},{"not_picked":["Riddle With Holes","Eviscerate"],"picked":"Blade Dance","floor":10}],"player_experience":402466,"relics_obtained":[{"floor":9,"key":"Meat on the Bone"},{"floor":10,"key":"Odd Mushroom"}],"event_choices":[{"damage_healed":0,"gold_gain":75,"player_choice":"Touch","damage_taken":6,"max_hp_gain":0,"max_hp_loss":0,"event_name":"FaceTrader","floor":4,"gold_loss":0},{"damage_healed":0,"gold_gain":0,"player_choice":"Fought Mushrooms","damage_taken":0,"max_hp_gain":0,"max_hp_loss":0,"event_name":"Mushrooms","floor":10,"gold_loss":0}],"is_beta":false,"boss_relics":[],"items_purged_floors":[3,5],"is_endless":false,"potions_floor_spawned":[1,8],"killed_by":"Gremlin Nob","ascension_level":5}}