{"host":"eejrqhjknvwl59ep","time":1610797379,"event":{"mods":["BaseMod","Defuse TimeMaze Blight","Hubris","Infinite Spire","Minty Spire (QoL Compilation)","StSLib"],"gold_per_floor":[113,213,226,226,242,277,277,247,247,7,27,27,61,61,61,160,160,178,178,178,23,23,23,34,45,45,45],"floor_reached":26,"language":"ENG","playtime":1154,"items_purged":["Warcry"],"score":214,"play_id":"94908a39-9162-4f75-98f1-fe93a56d5e37","local_time":"20210116124259","daily_mods":["Draft","Heirloom","Flight"],"is_ascension_mode":false,"campfire_choices":[{"data":"Armaments","floor":12,"key":"SMITH"},{"data":"True Grit","floor":15,"key":"SMITH"},{"data":"Barricade","floor":23,"key":"SMITH"}],"circlet_count":0,"master_deck":["Ghostly Armor","Headbutt","Shrug It Off","Wild Strike","Evolve","Twin Strike","Ghostly Armor","Shrug It Off","Heavy Blade","True Grit+1","Feel No Pain+1","Thunderclap","Sword Boomerang","Pommel Strike","Armaments+1","Shrug It Off+1","Spot Weakness+1","Wild Strike","Evolve","Finesse+1","Demon Form","Flame Barrier","Barricade+1","Dark Embrace+1"],"relics":["infinitespire:DarkRift","Calipers","infinitespire:Cubic Diamond","hubris:TenFootPole","hubris:Icosahedron","Red Skull","Runic Cube","MutagenicStrength","Membership Card","War Paint","Bottled Lightning"],"acts_visited":["Exordium","TheCity"],"potions_floor_usage":[23],"damage_taken":[{"damage":0,"enemies":"Small Slimes","floor":1,"turns":5},{"damage":0,"enemies":"Cultist","floor":3,"turns":4},{"damage":0,"enemies":"2 Louse","floor":5,"turns":3},{"damage":19,"enemies":"Gremlin Nob","floor":6,"turns":4},{"damage":2,"enemies":"Looter","floor":8,"turns":4},{"damage":7,"enemies":"3 Louse","floor":11,"turns":3},{"damage":12,"enemies":"3 Sentries","floor":13,"turns":8},{"damage":13,"enemies":"The Guardian","floor":16,"turns":10},{"damage":21,"enemies":"2 Thieves","floor":18,"turns":5},{"damage":0,"enemies":"Chosen","floor":24,"turns":8},{"damage":87,"enemies":"3 Cultists","floor":25,"turns":8}],"seed_played":"-2127628318036630390","potions_obtained":[{"floor":5,"key":"FairyPotion"},{"floor":11,"key":"AttackPotion"},{"floor":13,"key":"BlessingOfTheForge"},{"floor":16,"key":"Fruit Juice"},{"floor":25,"key":"DistilledChaos"}],"is_trial":true,"path_per_floor":["M","?","M","?","M","E","?","M","T","$","M","R","E","?","R","B",null,"M","?","?","$","?","R","M","M","T"],"character_chosen":"IRONCLAD","items_purchased":["Evolve","Finesse","Membership Card"],"campfire_rested":0,"item_purchase_floors":[10,10,21],"current_hp_per_floor":[80,80,80,80,80,61,61,69,69,69,62,62,60,52,52,39,80,59,54,54,54,54,59,59,10,10,10],"gold":45,"neow_bonus":"","is_daily":false,"chose_seed":false,"campfire_upgraded":3,"win_rate":0.0,"timestamp":1610797379,"path_taken":["M","?","?","?","M","E","?","M","T","$","M","R","E","?","R","BOSS","M","?","?","?","?","R","?","?","T"],"items_purchased_type":["Card","Card","Relic"],"build_version":"2020-12-22","purchased_purges":1,"victory":false,"max_hp_per_floor":[80,80,80,80,80,80,80,80,80,80,80,80,80,80,80,80,80,80,85,85,85,85,90,90,90,90,90],"card_choices":[{"not_picked":["Carnage","Clothesline"],"picked":"Ghostly Armor","floor":0},{"not_picked":["Blood for Blood","Whirlwind"],"picked":"Headbutt","floor":0},{"not_picked":["hubris:SharpeningStone","Wild Strike"],"picked":"Shrug It Off","floor":0},{"not_picked":["infinitespire:OneForAll","Warcry"],"picked":"Wild Strike","floor":0},{"not_picked":["Havoc","Perfected Strike"],"picked":"Evolve","floor":0},{"not_picked":["Clash","Flex"],"picked":"Warcry","floor":0},{"not_picked":["Perfected Strike","Warcry"],"picked":"Twin Strike","floor":0},{"not_picked":["Anger","Heavy Blade"],"picked":"Ghostly Armor","floor":0},{"not_picked":["Clothesline","Twin Strike"],"picked":"Shrug It Off","floor":0},{"not_picked":["Combust","Disarm"],"picked":"Heavy Blade","floor":0},{"not_picked":["Havoc","Rampage"],"picked":"True Grit","floor":0},{"not_picked":["Whirlwind","Hemokinesis"],"picked":"Feel No Pain","floor":0},{"not_picked":["Combust","Perfected Strike"],"picked":"Thunderclap","floor":0},{"not_picked":["Twin Strike","Uppercut"],"picked":"Sword Boomerang","floor":0},{"not_picked":["Combust","Clash"],"picked":"Pommel Strike","floor":0},{"not_picked":["Shockwave","Rampage"],"picked":"Armaments","floor":1},{"not_picked":["Clash","Infernal Blade","Body Slam"],"picked":"SKIP","floor":3},{"not_picked":["Combust","Flex"],"picked":"Shrug It Off","floor":5},{"not_picked":["Shrug It Off","Headbutt"],"picked":"Spot Weakness","floor":6},{"not_picked":["Carnage","Warcry"],"picked":"Wild Strike","floor":8},{"not_picked":["Pommel Strike","Dual Wield"],"picked":"Demon Form","floor":11},{"not_picked":["Cleave","Anger"],"picked":"Flame Barrier","floor":13},{"not_picked":["Limit Break","Juggernaut"],"picked":"Barricade","floor":16},{"not_picked":["Spot Weakness","Bloodletting+1"],"picked":"Dark Embrace+1","floor":18},{"not_picked":["Perfected Strike","Clothesline","Intimidate"],"picked":"SKIP","floor":24},{"not_picked":["Inflame","Rampage","Armaments"],"picked":"SKIP","floor":25}],"player_experience":242117,"relics_obtained":[{"floor":6,"key":"hubris:TenFootPole"},{"floor":9,"key":"Red Skull"},{"floor":26,"key":"Bottled Lightning"}],"event_choices":[{"damage_healed":0,"gold_gain":100,"player_choice":"Pray","damage_taken":0,"max_hp_gain":0,"max_hp_loss":0,"event_name":"Golden Shrine","floor":2,"gold_loss":0},{"damage_healed":0,"gold_gain":0,"player_choice":"Entered Light","damage_taken":16,"max_hp_gain":0,"max_hp_loss":0,"event_name":"Shining Light","floor":14,"gold_loss":0,"cards_upgraded":["Feel No Pain","Finesse"]},{"damage_healed":0,"gold_gain":0,"player_choice":"Shed Blood","damage_taken":20,"max_hp_gain":5,"max_hp_loss":0,"event_name":"Forgotten Altar","floor":19,"gold_loss":0},{"damage_healed":0,"gold_gain":0,"player_choice":"Inject Mutagens","damage_taken":0,"relics_obtained":["MutagenicStrength"],"max_hp_gain":0,"max_hp_loss":0,"event_name":"Drug Dealer","floor":20,"gold_loss":0},{"damage_healed":0,"gold_gain":0,"player_choice":"Opened","damage_taken":0,"relics_obtained":["War Paint"],"max_hp_gain":0,"max_hp_loss":0,"event_name":"The Mausoleum","floor":22,"gold_loss":0}],"is_beta":false,"boss_relics":[{"not_picked":["hubris:RunicObelisk","hubris:Stopwatch"],"picked":"Runic Cube"}],"items_purged_floors":[10],"is_endless":false,"potions_floor_spawned":[5,11,13,16,24,25],"ascension_level":0}}