{"host":"wghdsg8ym2wc7ov9","time":1610766274,"event":{"mods":["AchievementEnabler","Astrologer","BaseMod","Beaked The Cultist","Better Altar","Better Note","Colored Map","Downfall","Hermit","Highlight Path","Jorbs\u0027s Wanderer Trilogy","KinomotoSakuraMod(????)","Minty Spire (QoL Compilation)","Random Character Button","Relic Stats","SIMod","Shop Mod","StSLib","The Blackbeard","The Bladedancer","The Construct","The Cursed","The Death Knight","The Gatherer","The Hierophant","The Marked","The Mystic","The Necromancer","The Runesmith","The Senshi","The Servant 0.9.4"],"gold_per_floor":[119,192,205,280,300,326,326,344,344,344,4,20,59,82,82,189,189,206,206,230,246,251,251],"floor_reached":22,"language":"ENG","playtime":3396,"items_purged":[],"score":198,"play_id":"a3de19cf-8257-45aa-babf-76e048402320","local_time":"20210115190434","is_ascension_mode":false,"campfire_choices":[{"floor":7,"key":"REST"},{"floor":10,"key":"REST"},{"floor":15,"key":"REST"}],"circlet_count":0,"master_deck":["hermit:Strike_Hermit","hermit:Strike_Hermit","hermit:Strike_Hermit","hermit:Defend_Hermit","hermit:Defend_Hermit","hermit:Defend_Hermit","hermit:Defend_Hermit","hermit:Snapshot","hermit:Covet","hermit:Vantage","hermit:LoneWolf","hermit:Determination","hermit:Reprieve","hermit:Scavenge","hermit:TakeAim","hermit:GoldenBullet","hermit:Purgatory","hermit:Combo","hermit:FatalDesire","hermit:Brawl+1","hermit:Quickdraw","hermit:BodyArmor","hermit:ShadowCloak"],"relics":["hermit:Momento","Ornamental Fan","beaked:ShinyBauble","Membership Card","Turnip","The Courier","Philosopher\u0027s Stone"],"acts_visited":["Exordium","TheCity"],"potions_floor_usage":[13,14,22],"damage_taken":[{"damage":1,"enemies":"Cultist","floor":1,"turns":4},{"damage":0,"enemies":"2 Louse","floor":3,"turns":4},{"damage":5,"enemies":"Small Slimes","floor":5,"turns":4},{"damage":45,"enemies":"Lagavulin","floor":6,"turns":11},{"damage":8,"enemies":"3 Louse","floor":8,"turns":5},{"damage":2,"enemies":"Large Slime","floor":12,"turns":6},{"damage":32,"enemies":"Gremlin Nob","floor":13,"turns":6},{"damage":7,"enemies":"Blue Slaver","floor":14,"turns":6},{"damage":31,"enemies":"Hexaghost","floor":16,"turns":7},{"damage":25,"enemies":"Spheric Guardian","floor":18,"turns":7},{"damage":21,"enemies":"Chosen","floor":20,"turns":6},{"damage":32,"enemies":"Snake Plant","floor":21,"turns":6},{"damage":14,"enemies":"Sentry and Sphere","floor":22,"turns":4}],"seed_played":"-6044408828568668231","potions_obtained":[{"floor":6,"key":"construct:ShiftPotion"},{"floor":8,"key":"DeathKnight:BottledBloodEchoes"},{"floor":12,"key":"champ:CounterPotion"},{"floor":14,"key":"Fruit Juice"},{"floor":18,"key":"FearPotion"},{"floor":21,"key":"Block Potion"}],"is_trial":false,"path_per_floor":["M","?","M","?","M","E","R","M","T","R","$","M","E","M","R","B",null,"M","?","M","M","M"],"character_chosen":"HERMIT","items_purchased":["Membership Card","Turnip","hermit:TakeAim"],"campfire_rested":3,"item_purchase_floors":[11,11,11],"current_hp_per_floor":[81,81,81,70,65,20,44,40,40,64,64,66,34,36,62,31,87,62,62,41,13,0,0],"gold":251,"neow_bonus":"TEN_PERCENT_HP_BONUS","is_daily":false,"chose_seed":false,"campfire_upgraded":0,"win_rate":0.0,"timestamp":1610766274,"path_taken":["M","?","M","?","M","E","R","M","T","R","$","M","E","M","R","BOSS","M","?","M","M","M"],"items_purchased_type":["Relic","Relic","Card"],"build_version":"2020-12-22","purchased_purges":0,"victory":false,"max_hp_per_floor":[82,82,82,82,82,82,82,82,82,82,82,82,82,87,87,87,87,87,87,87,87,87,87],"relic_stats":{"counters":[13,76],"Ornamental Fan":[44],"Turnip":[14],"obtain_stats":[{"beaked:ShinyBauble":9,"Ornamental Fan":6,"Philosopher\u0027s Stone":17,"Turnip":11,"The Courier":13,"Membership Card":11,"hermit:Momento":0},{"beaked:ShinyBauble":5,"Ornamental Fan":4,"Philosopher\u0027s Stone":9,"Turnip":5,"The Courier":7,"Membership Card":5,"hermit:Momento":0},{"beaked:ShinyBauble":28,"Ornamental Fan":23,"Philosopher\u0027s Stone":53,"Turnip":28,"The Courier":40,"Membership Card":28,"hermit:Momento":0}]},"card_choices":[{"not_picked":["hermit:Coalescence","hermit:Feint"],"picked":"hermit:Vantage","floor":1},{"not_picked":["hermit:Coalescence","hermit:TrackingShot"],"picked":"hermit:LoneWolf","floor":3},{"not_picked":["hermit:HoleUp","hermit:Vantage"],"picked":"hermit:Determination","floor":5},{"not_picked":["hermit:LuckOfTheDraw","hermit:CalledShot"],"picked":"hermit:Reprieve","floor":6},{"not_picked":["hermit:Headshot","hermit:Shortfuse"],"picked":"hermit:Scavenge","floor":8},{"not_picked":["hermit:Quickdraw","hermit:Gestalt"],"picked":"hermit:GoldenBullet","floor":12},{"not_picked":["hermit:Feint","hermit:Quickdraw"],"picked":"hermit:Purgatory","floor":13},{"not_picked":["hermit:WideOpen","hermit:Spite"],"picked":"hermit:Combo","floor":14},{"not_picked":["hermit:FromBeyond","hermit:OverwhelmingPower"],"picked":"hermit:FatalDesire","floor":16},{"not_picked":["hermit:Ricochet","hermit:Manifest"],"picked":"hermit:Brawl+1","floor":18},{"not_picked":["hermit:Midnight","hermit:Brawl"],"picked":"hermit:BodyArmor","floor":20},{"not_picked":["hermit:FullyLoaded","hermit:Feint"],"picked":"hermit:ShadowCloak","floor":21}],"player_experience":688179,"relics_obtained":[{"floor":6,"key":"Ornamental Fan"},{"floor":9,"key":"beaked:ShinyBauble"},{"floor":13,"key":"The Courier"}],"event_choices":[{"damage_healed":0,"gold_gain":73,"player_choice":"Gained Gold","damage_taken":0,"max_hp_gain":0,"max_hp_loss":0,"event_name":"Golden Wing","floor":2,"gold_loss":0},{"damage_healed":0,"gold_gain":75,"player_choice":"Gather Gold","damage_taken":11,"max_hp_gain":0,"max_hp_loss":0,"event_name":"World of Goop","floor":4,"gold_loss":0},{"damage_healed":0,"gold_gain":0,"cards_transformed":["hermit:Strike_Hermit"],"player_choice":"Transformed","damage_taken":0,"max_hp_gain":0,"max_hp_loss":0,"event_name":"Transmorgrifier","floor":19,"gold_loss":0,"cards_obtained":["hermit:Quickdraw"]}],"is_beta":false,"boss_relics":[{"not_picked":["construct:ClawGrip","SlaversCollar"],"picked":"Philosopher\u0027s Stone"}],"items_purged_floors":[],"is_endless":false,"potions_floor_spawned":[6,8,12,14,18,21],"killed_by":"Sentry and Sphere","ascension_level":0}}