{"host":"xt3o4iokwksypl90","time":1610826301,"event":{"mods":["AchievementEnabler","BaseMod","Googly Eyes","Highlight Path","Minty Spire (QoL Compilation)","Permanent Neow"],"gold_per_floor":[114,129,144,219,234,234,264,264,289,319,349,349,349,379,391,503,515,542,569,680,712,739,781,823,865,927,939,951,978,376,391,391,491,491,506,521,431,74,1073,1103,1137,387,437,437,467,467,131,146,146,146],"floor_reached":51,"language":"ENG","playtime":4709,"items_purged":["Shame","Defend_G","Normality","Normality"],"score":914,"play_id":"15926995-0621-4ac1-994f-627149a7dadc","local_time":"20210116204501","daily_mods":["Allstar","Flight","Night Terrors"],"is_ascension_mode":false,"campfire_choices":[{"data":"Deadly Poison","floor":6.0,"key":"SMITH"},{"floor":8.0,"key":"REST"},{"data":"Panacea","floor":12.0,"key":"SMITH"},{"data":"Deadly Poison","floor":13.0,"key":"SMITH"},{"data":"Glass Knife","floor":15.0,"key":"SMITH"},{"data":"Adrenaline","floor":27.0,"key":"SMITH"},{"data":"Mayhem","floor":32.0,"key":"SMITH"},{"data":"Chrysalis","floor":44,"key":"SMITH"},{"data":"Apotheosis","floor":49,"key":"SMITH"}],"circlet_count":0,"master_deck":["Strike_G","Strike_G","Strike_G","Strike_G","Defend_G","Defend_G","Defend_G","Defend_G","Survivor","Neutralize","Impatience","Dark Shackles","Panacea+1","Mayhem+1","PanicButton+1","Deadly Poison+1","Acrobatics","Escape Plan","Glass Knife+1","Caltrops","Deadly Poison+1","PiercingWail","Adrenaline+1","Slice+1","Reflex+1","PiercingWail","Dodge and Roll","Well Laid Plans","Tactician","Crippling Poison+1","Footwork","Apotheosis+1","Venomology","Outmaneuver","PiercingWail+1","Acrobatics+1","Noxious Fumes","Chrysalis+1","Acrobatics","Blur+1","Caltrops","PanicButton","Slice","Well Laid Plans"],"relics":["Ring of the Snake","PreservedInsect","Orichalcum","HornCleat","Blood Vial","MawBank","Philosopher\u0027s Stone","Red Mask","Letter Opener","Bottled Lightning","Bottled Tornado","Smiling Mask","Oddly Smooth Stone","MealTicket","SlaversCollar","Darkstone Periapt","Thread and Needle","TungstenRod","OrangePellets","Eternal Feather","Potion Belt","Mango","Sundial","TwistedFunnel"],"acts_visited":["Exordium","TheCity","TheBeyond"],"potions_floor_usage":[40,41,48,50,50],"damage_taken":[{"damage":1.0,"enemies":"2 Louse","floor":1.0,"turns":4.0},{"damage":0.0,"enemies":"Small Slimes","floor":2.0,"turns":3.0},{"damage":0.0,"enemies":"Jaw Worm","floor":3.0,"turns":3.0},{"damage":7.0,"enemies":"Large Slime","floor":5.0,"turns":9.0},{"damage":45.0,"enemies":"Gremlin Nob","floor":7.0,"turns":7.0},{"damage":8.0,"enemies":"Lagavulin","floor":10.0,"turns":5.0},{"damage":4.0,"enemies":"3 Sentries","floor":11.0,"turns":4.0},{"damage":4.0,"enemies":"Lagavulin","floor":14.0,"turns":4.0},{"damage":9.0,"enemies":"Slime Boss","floor":16.0,"turns":13.0},{"damage":0.0,"enemies":"2 Thieves","floor":18.0,"turns":5.0},{"damage":0.0,"enemies":"Spheric Guardian","floor":19.0,"turns":4.0},{"damage":0.0,"enemies":"Masked Bandits","floor":21.0,"turns":5.0},{"damage":14.0,"enemies":"3 Cultists","floor":22.0,"turns":5.0},{"damage":0.0,"enemies":"Gremlin Leader","floor":23.0,"turns":4.0},{"damage":0.0,"enemies":"Book of Stabbing","floor":24.0,"turns":4.0},{"damage":0.0,"enemies":"Gremlin Leader","floor":25.0,"turns":4.0},{"damage":0.0,"enemies":"Cultist and Chosen","floor":29.0,"turns":5.0},{"damage":5.0,"enemies":"Centurion and Healer","floor":31.0,"turns":6.0},{"damage":35.0,"enemies":"Collector","floor":33.0,"turns":7.0},{"damage":2.0,"enemies":"3 Darklings","floor":35.0,"turns":5.0},{"damage":0.0,"enemies":"Orb Walker","floor":36.0,"turns":4.0},{"damage":40,"enemies":"Reptomancer","floor":40,"turns":5},{"damage":3,"enemies":"2 Orb Walkers","floor":41,"turns":5},{"damage":0,"enemies":"Giant Head","floor":45,"turns":7},{"damage":0,"enemies":"Jaw Worm Horde","floor":48,"turns":5},{"damage":7,"enemies":"Time Eater","floor":50,"turns":13}],"seed_played":"2700428786693623746","potions_obtained":[{"floor":2.0,"key":"Strength Potion"},{"floor":5.0,"key":"BlessingOfTheForge"},{"floor":7.0,"key":"DistilledChaos"},{"floor":11.0,"key":"DistilledChaos"},{"floor":16.0,"key":"Strength Potion"},{"floor":22.0,"key":"DistilledChaos"},{"floor":24.0,"key":"Ancient Potion"},{"floor":33.0,"key":"BlessingOfTheForge"},{"floor":36.0,"key":"Regen Potion"},{"floor":40,"key":"Dexterity Potion"},{"floor":41,"key":"DistilledChaos"},{"floor":45,"key":"Dexterity Potion"}],"is_trial":false,"path_per_floor":["M","M","M","?","M","R","E","R","T","E","E","R","R","E","R","B",null,"M","M","?","?","M","E","E","E","T","R","?","M","$","M","R","B",null,"M","M","?","$","?","E","?","$","T","R","E","T","$","M","R","B",null],"character_chosen":"THE_SILENT","items_purchased":["Footwork","Apotheosis","MealTicket","Venomology","Noxious Fumes","Chrysalis","Acrobatics","TungstenRod","OrangePellets","Eternal Feather","PanicButton","TwistedFunnel","Slice"],"campfire_rested":1,"item_purchase_floors":[30,30,30,30,38,38,38,42,42,42,47,47,47],"current_hp_per_floor":[69,69,69,58,51,51,6,65,65,57,53,53,53,51,51,44,65,65,65,65,65,51,53,55,57,57,57,57,59,59,56,56,23,65,63,65,65,65,65,34,33,48,48,65,79,79,79,79,79,72],"gold":146,"neow_bonus":"","is_daily":true,"chose_seed":false,"campfire_upgraded":8,"win_rate":0.0,"timestamp":1610826301,"path_taken":["M","M","M","?","M","R","E","R","T","E","E","R","R","E","R","BOSS","M","M","?","?","M","E","E","E","T","R","?","M","$","M","R","BOSS","M","M","?","?","?","E","?","$","T","R","E","?","$","M","R","BOSS"],"items_purchased_type":["Card","Card","Relic","Card","Card","Card","Card","Relic","Relic","Relic","Card","Relic","Card"],"build_version":"2020-12-22","purchased_purges":4,"victory":true,"max_hp_per_floor":[70,70,70,70,70,70,70,65,65,65,65,65,65,65,65,65,65,65,65,65,65,65,65,65,65,65,65,65,65,65,65,65,65,65,65,65,65,65,65,65,65,65,65,65,79,79,79,79,79,79],"card_choices":[{"not_picked":["Noxious Fumes","Blade Dance"],"picked":"Deadly Poison","floor":1.0},{"not_picked":["Eviscerate","Concentrate","Flying Knee"],"picked":"SKIP","floor":2.0},{"not_picked":["Finisher","Phantasmal Killer"],"picked":"Acrobatics","floor":3.0},{"not_picked":["Well Laid Plans","Dodge and Roll"],"picked":"Escape Plan","floor":5.0},{"not_picked":["Masterful Stab","Reflex"],"picked":"Glass Knife","floor":7.0},{"not_picked":["Riddle With Holes","Sucker Punch"],"picked":"Caltrops","floor":10.0},{"not_picked":["Eviscerate","Dagger Spray"],"picked":"Deadly Poison","floor":11.0},{"not_picked":["Infinite Blades","Blade Dance"],"picked":"PiercingWail","floor":14.0},{"not_picked":["Glass Knife","A Thousand Cuts"],"picked":"Adrenaline","floor":16.0},{"not_picked":["Dagger Spray","Riddle With Holes"],"picked":"Slice+1","floor":18.0},{"not_picked":["Flying Knee","Dagger Throw","Infinite Blades"],"picked":"SKIP","floor":19.0},{"not_picked":["Dagger Throw","Prepared"],"picked":"Reflex+1","floor":21.0},{"not_picked":["Setup","Skewer"],"picked":"PiercingWail","floor":22.0},{"not_picked":["Blade Dance+1","Terror+1"],"picked":"Dodge and Roll","floor":23.0},{"not_picked":["Endless Agony","Bane"],"picked":"Well Laid Plans","floor":24.0},{"not_picked":["Reflex","Dodge and Roll"],"picked":"Tactician","floor":25.0},{"not_picked":["Slice","Reflex"],"picked":"Crippling Poison+1","floor":29.0},{"not_picked":["Dagger Throw","Distraction"],"picked":"Outmaneuver","floor":31.0},{"not_picked":["Skewer+1","Dagger Spray+1"],"picked":"PiercingWail+1","floor":35.0},{"not_picked":["Reflex+1","Flying Knee"],"picked":"Acrobatics+1","floor":36.0},{"not_picked":["Accuracy","Blade Dance+1"],"picked":"Blur+1","floor":40},{"not_picked":["Slice","Cloak And Dagger"],"picked":"Caltrops","floor":41},{"not_picked":["Terror","Flying Knee+1","Poisoned Stab"],"picked":"SKIP","floor":45},{"not_picked":["Heel Hook","Bane+1"],"picked":"Well Laid Plans","floor":48}],"player_experience":333850,"relics_obtained":[{"floor":7.0,"key":"PreservedInsect"},{"floor":9.0,"key":"Orichalcum"},{"floor":10.0,"key":"HornCleat"},{"floor":11.0,"key":"Blood Vial"},{"floor":14.0,"key":"MawBank"},{"floor":21.0,"key":"Red Mask"},{"floor":23.0,"key":"Letter Opener"},{"floor":24.0,"key":"Bottled Lightning"},{"floor":25.0,"key":"Bottled Tornado"},{"floor":26.0,"key":"Smiling Mask"},{"floor":40,"key":"Darkstone Periapt"},{"floor":41,"key":"Thread and Needle"},{"floor":43,"key":"Potion Belt"},{"floor":45,"key":"Mango"},{"floor":46,"key":"Sundial"}],"event_choices":[{"damage_healed":0.0,"max_hp_gain":0.0,"max_hp_loss":0.0,"gold_gain":75.0,"event_name":"World of Goop","player_choice":"Gather Gold","floor":4.0,"gold_loss":0.0,"damage_taken":11.0},{"damage_healed":0.0,"max_hp_gain":0.0,"max_hp_loss":0.0,"gold_gain":99.0,"event_name":"Nest","player_choice":"Stole From Cult","floor":20.0,"gold_loss":0.0,"damage_taken":0.0},{"damage_healed":0.0,"max_hp_gain":0.0,"max_hp_loss":0.0,"gold_gain":0.0,"event_name":"Masked Bandits","player_choice":"Fought Bandits","floor":21.0,"gold_loss":0.0,"damage_taken":0.0},{"damage_healed":0.0,"max_hp_gain":0.0,"max_hp_loss":0.0,"gold_gain":0.0,"event_name":"Addict","player_choice":"Stole Relic","floor":28.0,"gold_loss":0.0,"damage_taken":0.0,"relics_obtained":["Oddly Smooth Stone"],"cards_obtained":["Shame"]},{"cards_removed":["Strike_G"],"damage_healed":0.0,"max_hp_gain":0.0,"max_hp_loss":0.0,"gold_gain":0.0,"event_name":"Designer","player_choice":"Upgrade and Remove","floor":37.0,"gold_loss":90.0,"damage_taken":0.0,"cards_upgraded":["PanicButton"]},{"damage_healed":0.0,"max_hp_gain":0.0,"max_hp_loss":0.0,"gold_gain":999.0,"event_name":"MindBloom","player_choice":"Gold","floor":39.0,"gold_loss":0.0,"damage_taken":0.0,"cards_obtained":["Normality","Normality"]},{"damage_healed":0,"gold_gain":0,"player_choice":"Fight","damage_taken":0,"max_hp_gain":0,"max_hp_loss":0,"event_name":"Mysterious Sphere","floor":41,"gold_loss":0}],"is_beta":false,"boss_relics":[{"not_picked":["Runic Dome","Fusion Hammer"],"picked":"Philosopher\u0027s Stone"},{"not_picked":["Runic Pyramid","Busted Crown"],"picked":"SlaversCollar"}],"items_purged_floors":[30,38,42,47],"is_endless":false,"potions_floor_spawned":[2,5,7,11,16,22,23,24,33,36,40,41,45,48],"ascension_level":0}}