{"host":"bfxnw9us3ok3sr4c","time":1610766453,"event":{"mods":["Act Like it!","BaseMod","BetterRewards","Colored Map","Colored Powertips","Downfall","Hallownest","Hubris","Infinite Spire","Minty Spire (QoL Compilation)","StSLib","The Cursed"],"gold_per_floor":[99,119,183,256,256,281,281,310,350,404,461,273,1120,1077,1104,1216,1216,1116,1140,1169,1194,1216,1379,1379,1379,1407,1426,1455,1489,1518,1537,1642,1642,1642,1665,1243,1263,1292,1316,1316,942,942,968,1010,1010,1036,1064,1064,1064,1107,29,29,29,29],"floor_reached":57,"language":"ENG","playtime":5055,"items_purged":["hubris:Lust","hubris:Envy","hubris:Compulsion","Doubt","Shame"],"score":1370,"play_id":"4bfef6b9-e648-47dd-87c2-0ab0b644d8d0","local_time":"20210116060733","is_ascension_mode":false,"campfire_choices":[{"floor":1,"key":"RECALL"},{"floor":12,"key":"REST"},{"data":"1","floor":18,"key":"LIFT"},{"data":"2","floor":25,"key":"LIFT"},{"data":"3","floor":35,"key":"LIFT"},{"data":"expansioncontent:StudyTheSpire","floor":42,"key":"SMITH"},{"data":"Guardian:AncientConstruct","floor":47,"key":"SMITH"},{"data":"expansioncontent:PolyBeam","floor":54,"key":"SMITH"}],"circlet_count":0,"master_deck":["Guardian:Strike_Guardian","Guardian:Strike_Guardian","Guardian:Strike_Guardian","Guardian:Strike_Guardian","Guardian:Defend_Guardian","Guardian:Defend_Guardian","Guardian:Defend_Guardian","Guardian:Defend_Guardian","Guardian:CurlUp","Guardian:TwinSlam","Guardian:BodySlam","Guardian:FastForward","Guardian:Incinerate","Guardian:Repulse","expansioncontent:DashGenerateEvil","Dramatic Entrance","Guardian:EvasiveProtocol","Guardian:BaubleBeam","Guardian:BronzeOrb","Guardian:TemporalShield","Guardian:ExploitGems","Guardian:VentSteam","Guardian:Recover","Guardian:PrismaticBeam","Purity","Guardian:ShieldCharger+1","Guardian:TimeBomb+1","Guardian:ConstructionForm","Guardian:WalkerClaw+1","Guardian:AncientConstruct+1","Guardian:ArmoredProtocol","Guardian:DonusPower","expansioncontent:StudyTheSpire+1","Guardian:PrimingBeam","Guardian:TemporalStrike","Guardian:Planning+1","Guardian:Suspension+1","Guardian:Emergency","expansioncontent:GuardianWhirl","Guardian:BronzeArmor+1","Guardian:ShieldSpikes+1","Guardian:SentryBeam","Guardian:TimeCapacitor+1","Guardian:ConstructionForm","expansioncontent:PolyBeam+1","Guardian:MultiBeam"],"relics":["Guardian:ModeShifter","CeramicFish","infinitespire:CheckeredPen","hubris:Icosahedron","StrikeDummy","Lantern","Cursed Key","MawBank","downfall:HeartBlessingRed","downfall:HeartBlessingBlue","hubris:Teleporter","Girya","Centennial Puzzle","Strange Spoon","hubris:Backtick","OrangePellets","downfall:HeartBlessingGreen","downfall:GremlinSack","Lizard Tail","hubris:CuriousFeather","Empty Cage","Oddly Smooth Stone","Mummified Hand","Blood Vial","Question Card","hubris:DeckOfHolding","hubris:BottledRain","Bottled Lightning","Boot","Lee\u0027s Waffle"],"acts_visited":["Exordium","TheCity","TheBeyond","TheEnding"],"potions_floor_usage":[9,16,16,23,27,27,28,29,33,33,40,45,46,46,46,46,50,50,50,55,55,55],"damage_taken":[{"damage":5,"enemies":"Cultist","floor":2,"turns":4},{"damage":35,"enemies":"Lagavulin Event","floor":3,"turns":8},{"damage":6,"enemies":"2 Louse","floor":6,"turns":3},{"damage":6,"enemies":"Jaw Worm","floor":8,"turns":3},{"damage":10,"enemies":"Lagavulin","floor":9,"turns":5},{"damage":20,"enemies":"Gremlin Nob","floor":13,"turns":4},{"damage":3,"enemies":"downfall:FleeingMerchant","floor":14,"turns":4},{"damage":0,"enemies":"2 Fungi Beasts","floor":15,"turns":2},{"damage":10,"enemies":"IC_STATUS_ARCHETYPE","floor":16,"turns":4},{"damage":4,"enemies":"Shell Parasite","floor":19,"turns":2},{"damage":0,"enemies":"Centurion and Healer","floor":20,"turns":4},{"damage":0,"enemies":"Snecko","floor":21,"turns":4},{"damage":15,"enemies":"Snake Plant","floor":22,"turns":3},{"damage":7,"enemies":"Snake Plant","floor":23,"turns":3},{"damage":0,"enemies":"Centurion and Healer","floor":27,"turns":4},{"damage":0,"enemies":"Chosen and Byrds","floor":28,"turns":2},{"damage":3,"enemies":"Shelled Parasite and Fungi","floor":29,"turns":3},{"damage":14,"enemies":"Gremlin Leader","floor":30,"turns":4},{"damage":18,"enemies":"Centurion and Healer","floor":31,"turns":2},{"damage":0,"enemies":"Snecko","floor":32,"turns":4},{"damage":0,"enemies":"SI_MIRROR_ARCHETYPE","floor":33,"turns":7},{"damage":2,"enemies":"3 Darklings","floor":36,"turns":3},{"damage":0,"enemies":"downfall:FleeingMerchant","floor":37,"turns":4},{"damage":0,"enemies":"3 Shapes","floor":38,"turns":2},{"damage":0,"enemies":"Spire Growth","floor":39,"turns":3},{"damage":0,"enemies":"3 Darklings","floor":40,"turns":1},{"damage":0,"enemies":"downfall:FleeingMerchant","floor":43,"turns":2},{"damage":0,"enemies":"Maw","floor":45,"turns":4},{"damage":16,"enemies":"Reptomancer","floor":46,"turns":4},{"damage":0,"enemies":"Transient","floor":48,"turns":5},{"damage":0,"enemies":"4 Shapes","floor":49,"turns":2},{"damage":9,"enemies":"WA_ARCHETYPE_DIVINITY","floor":50,"turns":6},{"damage":1,"enemies":"downfall:CharBossMerchant","floor":52,"turns":3},{"damage":3,"enemies":"downfall:NeowBoss","floor":55,"turns":8},{"damage":17,"enemies":"downfall:NeowBossFinal","floor":56,"turns":7}],"seed_played":"8834497200689606661","potions_obtained":[{"floor":6,"key":"Guardian:DefensiveModePotion"},{"floor":15,"key":"hexamod:SoulburnPotion"},{"floor":16,"key":"Energy Potion"},{"floor":20,"key":"Weak Potion"},{"floor":23,"key":"Regen Potion"},{"floor":27,"key":"Swift Potion"},{"floor":28,"key":"Weak Potion"},{"floor":31,"key":"CultistPotion"},{"floor":40,"key":"EntropicBrew"},{"floor":45,"key":"infinitespire:BlackPotion"},{"floor":46,"key":"Guardian:BlockOnCardUsePotion"},{"floor":48,"key":"Guardian:DefensiveModePotion"},{"floor":52,"key":"sneckomod:MuddlingPotion"}],"is_trial":false,"path_per_floor":["R","M","?","T","?","M","T","M","E","?","T","R","E","$","M","B",null,"R","M","M","M","M","?","R","AVR","M","M","M","E","M","M","B",null,"R","M","$","M","M","M","R","$","?","M","E","R","M","M","B",null,"E","$","R","B","B",null],"character_chosen":"GUARDIAN","items_purchased":["Girya","Centennial Puzzle","Strange Spoon","expansioncontent:DashGenerateEvil","Dramatic Entrance","Dexterity Potion","PowerPotion","Guardian:EvasiveProtocol","Guardian:Gem_Orange","Guardian:Gem_Blue","Guardian:BaubleBeam","Guardian:BronzeOrb","Oddly Smooth Stone","Mummified Hand","Guardian:BlockOnCardUsePotion","Weak Potion","Guardian:AcceleratePotion","Guardian:DonusPower","expansioncontent:StudyTheSpire","Guardian:PrimingBeam","Guardian:TemporalStrike","Blood Vial","Question Card","SkillPotion","Guardian:Emergency","expansioncontent:GuardianWhirl","Guardian:AcceleratePotion","Strength Potion","Weak Potion","Bottled Lightning","Boot","Lee\u0027s Waffle","Guardian:Gem_Lightblue","Guardian:Gem_Red","expansioncontent:PolyBeam","Guardian:MultiBeam"],"campfire_rested":1,"item_purchase_floors":[14,14,14,14,14,14,14,14,14,14,14,14,37,37,37,37,37,37,37,37,37,43,43,43,43,43,53,53,53,53,53,53,53,53,53,53],"current_hp_per_floor":[80,75,40,40,40,34,34,28,18,18,18,55,35,32,32,22,90,90,86,86,86,71,64,64,64,73,73,70,56,38,38,38,90,90,88,88,88,88,88,88,88,88,90,74,74,76,78,71,90,89,97,97,94,79],"gold":29,"neow_bonus":"RANDOM_COMMON_RELIC","is_daily":false,"chose_seed":false,"campfire_upgraded":3,"win_rate":0.0,"timestamp":1610766453,"path_taken":["R","M","?","?","?","M","T","?","E","?","?","R","E","$","M","BOSS","R","M","M","M","?","?","R","AVR","M","M","M","E","M","M","BOSS","R","M","$","M","M","?","R","?","?","?","E","R","M","M","BOSS","E","$","R","BOSS","BOSS"],"items_purchased_type":["Relic","Relic","Relic","Card","Card","Potion","Potion","Card","Card","Card","Card","Card","Relic","Relic","Potion","Potion","Potion","Card","Card","Card","Card","Relic","Relic","Potion","Card","Card","Potion","Potion","Potion","Relic","Relic","Relic","Card","Card","Card","Card"],"build_version":"2020-12-22","purchased_purges":5,"victory":true,"max_hp_per_floor":[80,80,80,80,80,80,80,80,80,80,80,90,90,90,90,90,90,90,90,90,90,90,90,90,90,90,90,90,90,90,90,90,90,90,90,90,90,90,90,90,90,90,90,90,90,90,90,90,90,90,97,97,97,97],"card_choices":[{"not_picked":["Guardian:GuardianWhirl","Guardian:Incinerate"],"picked":"Guardian:Gem_Purple","floor":2},{"not_picked":["Guardian:TemporalShield","Guardian:Harden"],"picked":"Guardian:Gem_Lightblue","floor":3},{"not_picked":["Guardian:CrystalBeam","Guardian:FloatingOrbs"],"picked":"Guardian:Gem_Red","floor":6},{"not_picked":["Guardian:ShieldCharger","Guardian:Planning"],"picked":"Guardian:Gem_Fragmented","floor":8},{"not_picked":["Guardian:RollAttack","Guardian:HyperBeam_Guardian"],"picked":"Guardian:BodySlam","floor":9},{"not_picked":["Guardian:Emergency","Guardian:ChargeCore"],"picked":"Guardian:Incinerate","floor":13},{"not_picked":["Guardian:ShieldCharger","Guardian:EvasiveProtocol"],"picked":"Guardian:Repulse","floor":14},{"not_picked":["Guardian:PiercingHide","Guardian:EvasiveProtocol"],"picked":"Guardian:TemporalShield","floor":15},{"not_picked":["Guardian:HyperBeam_Guardian","Guardian:StasisField"],"picked":"Guardian:ExploitGems","floor":16},{"not_picked":["Guardian:Incinerate+1","Guardian:FloatingOrbs"],"picked":"Guardian:VentSteam","floor":19},{"not_picked":["Guardian:BodySlam","Guardian:TemporalShield"],"picked":"Guardian:Gem_Crimson","floor":20},{"not_picked":["Guardian:Repulse+1","Guardian:BronzeOrb"],"picked":"Guardian:Gem_Lightblue","floor":21},{"not_picked":["Guardian:BodySlam+1","Guardian:TemporalStrike"],"picked":"Guardian:Gem_Yellow","floor":22},{"not_picked":["Guardian:Gem_Lightblue","Guardian:Clone"],"picked":"Guardian:Gem_White","floor":23},{"not_picked":["Guardian:ChargeCore","Guardian:TemporalStrike"],"picked":"Guardian:Gem_Lightblue","floor":27},{"not_picked":["Guardian:Repulse","Guardian:Reroute"],"picked":"Guardian:Gem_Purple","floor":28},{"not_picked":["Guardian:BodySlam","Guardian:VentSteam+1"],"picked":"Guardian:ShieldCharger+1","floor":29},{"not_picked":["Guardian:TemporalShield+1","Guardian:Reroute+1"],"picked":"Guardian:TimeBomb+1","floor":30},{"not_picked":["Guardian:PolyBeam","Guardian:GuardianWhirl"],"picked":"Guardian:ConstructionForm","floor":31},{"not_picked":["Guardian:Preprogram","Guardian:PolyBeam"],"picked":"Guardian:WalkerClaw+1","floor":32},{"not_picked":["Guardian:BaubleBeam","Guardian:HyperBeam_Guardian"],"picked":"Guardian:AncientConstruct","floor":33},{"not_picked":["Guardian:Gem_Blue","Guardian:RollAttack+1"],"picked":"Guardian:Gem_Cyan","floor":36},{"not_picked":["Guardian:RollAttack+1","Guardian:Planning"],"picked":"Guardian:ArmoredProtocol","floor":37},{"not_picked":["Guardian:Gem_Blue","Guardian:PrimingBeam+1"],"picked":"Guardian:Gem_White","floor":38},{"not_picked":["Guardian:Recover+1","Guardian:Gem_Cyan"],"picked":"Guardian:Planning+1","floor":39},{"not_picked":["Guardian:Gem_Crimson","Guardian:Incinerate"],"picked":"Guardian:Suspension+1","floor":40},{"not_picked":["Guardian:Gem_Green","Guardian:Recover"],"picked":"Guardian:Gem_Yellow","floor":43},{"not_picked":["Guardian:Gem_Cyan","Guardian:Planning","Guardian:Gem_Lightblue"],"picked":"Guardian:BronzeArmor+1","floor":45},{"not_picked":["Guardian:RevengeProtocol","Guardian:Repulse","Guardian:WalkerClaw"],"picked":"Guardian:ShieldSpikes+1","floor":46},{"not_picked":["Guardian:RefractedBeam+1","Guardian:Gem_Green","Guardian:TemporalShield"],"picked":"Guardian:SentryBeam","floor":48},{"not_picked":["Guardian:RollAttack","Guardian:TimeBomb+1","Guardian:Gem_Yellow"],"picked":"Guardian:TimeCapacitor+1","floor":49},{"not_picked":["Guardian:DonusPower","Guardian:FloatingOrbs","Guardian:VentSteam"],"picked":"Guardian:ConstructionForm","floor":52}],"player_experience":246108,"relics_obtained":[{"floor":3,"key":"infinitespire:CheckeredPen"},{"floor":7,"key":"StrikeDummy"},{"floor":9,"key":"Lantern"},{"floor":11,"key":"MawBank"},{"floor":13,"key":"hubris:Teleporter"},{"floor":23,"key":"downfall:GremlinSack"},{"floor":30,"key":"hubris:CuriousFeather"},{"floor":46,"key":"hubris:DeckOfHolding"},{"floor":52,"key":"hubris:BottledRain"}],"event_choices":[],"is_beta":false,"boss_relics":[{"not_picked":["hubris:GrandSneckoEye","SlaversCollar"],"picked":"hubris:Backtick"},{"not_picked":["Busted Crown","Calling Bell"],"picked":"Empty Cage"}],"items_purged_floors":[14,26,37,43,53],"is_endless":false,"potions_floor_spawned":[6,15,16,20,23,27,28,31,38,40,45,46,48,52],"ascension_level":0}}