{"host":"svjtl4dki9uqj609","time":1610822282,"event":{"mods":["BaseMod","Colored Map","Keyboard Shortcuts","Minty Spire (QoL Compilation)","StSLib","SuperFastMode"],"gold_per_floor":[363,65,78,91,41,69,69,103,103,103,147,147,180,200,200,319,319,340,240,240,263,263,304,324,357,382,150,168,168,93,109,109,237,237,257,271,284,347,360,401,417,451,463,808,836,501,511,531,531,531,531,531,96,123,123],"floor_reached":56,"language":"KOR","playtime":2146,"items_purged":["Strike_G","Strike_G","Strike_G","Strike_G","Defend_G","Defend_G"],"score":1601,"play_id":"7eb9b924-6a5d-4f95-957f-282e214c7ac8","local_time":"20210117033802","is_ascension_mode":true,"campfire_choices":[{"data":"Bouncing Flask","floor":10.0,"key":"SMITH"},{"data":"Noxious Fumes","floor":12.0,"key":"SMITH"},{"data":"Catalyst","floor":15.0,"key":"SMITH"},{"data":"Tactician","floor":29.0,"key":"SMITH"},{"data":"Tactician","floor":32.0,"key":"SMITH"},{"floor":49,"key":"RECALL"},{"data":"Calculated Gamble","floor":52,"key":"SMITH"}],"circlet_count":0,"master_deck":["Defend_G","Defend_G","Defend_G","Survivor","Neutralize","Dagger Spray","Corpse Explosion","Calculated Gamble+1","Noxious Fumes+1","Catalyst+1","Backstab","Poisoned Stab","Backstab","Bouncing Flask+1","Leg Sweep","Malaise","CurseOfTheBell","Tactician+1","Leg Sweep+1","Acrobatics","Escape Plan","Catalyst+1","Backflip","Backstab","Backflip+1","PiercingWail","Tactician+1","Caltrops+1","Blur+1","PiercingWail","Catalyst+1","Catalyst","Reflex","Prepared+1"],"relics":["Ring of the Snake","Orrery","Ice Cream","Odd Mushroom","HornCleat","PreservedInsect","Prayer Wheel","Calling Bell","Pen Nib","White Beast Statue","Tough Bandages","Potion Belt","Dream Catcher","MealTicket","Membership Card","Black Star","Shovel","Lantern","Molten Egg 2","Anchor","MawBank","Bag of Preparation","Toy Ornithopter","ClockworkSouvenir","Medical Kit","Ginger","Vajra","Snake Skull","Orichalcum"],"acts_visited":["Exordium","TheCity","TheBeyond","TheEnding"],"potions_floor_usage":[48,55,55,55,55,55,55,55,55],"damage_taken":[{"damage":0.0,"enemies":"Cultist","floor":1.0,"turns":4.0},{"damage":5.0,"enemies":"Jaw Worm","floor":3.0,"turns":5.0},{"damage":0.0,"enemies":"2 Louse","floor":4.0,"turns":2.0},{"damage":26.0,"enemies":"Lagavulin","floor":6.0,"turns":8.0},{"damage":1.0,"enemies":"The Mushroom Lair","floor":8.0,"turns":3.0},{"damage":0.0,"enemies":"Gremlin Nob","floor":11.0,"turns":3.0},{"damage":4.0,"enemies":"3 Sentries","floor":13.0,"turns":2.0},{"damage":7.0,"enemies":"Exordium Wildlife","floor":14.0,"turns":2.0},{"damage":0.0,"enemies":"The Guardian","floor":16.0,"turns":7.0},{"damage":0.0,"enemies":"Spheric Guardian","floor":18.0,"turns":3.0},{"damage":6.0,"enemies":"2 Thieves","floor":21.0,"turns":4.0},{"damage":0.0,"enemies":"Gremlin Leader","floor":23.0,"turns":3.0},{"damage":2.0,"enemies":"Shelled Parasite and Fungi","floor":24.0,"turns":5.0},{"damage":4.0,"enemies":"Slavers","floor":25.0,"turns":7.0},{"damage":0.0,"enemies":"3 Cultists","floor":28.0,"turns":2.0},{"damage":0.0,"enemies":"Sentry and Sphere","floor":31.0,"turns":3.0},{"damage":0.0,"enemies":"Automaton","floor":33.0,"turns":8.0},{"damage":0.0,"enemies":"Orb Walker","floor":35.0,"turns":4.0},{"damage":0.0,"enemies":"3 Shapes","floor":36.0,"turns":4.0},{"damage":12.0,"enemies":"Jaw Worm Horde","floor":37.0,"turns":6.0},{"damage":8.0,"enemies":"2 Orb Walkers","floor":38.0,"turns":3.0},{"damage":4.0,"enemies":"Transient","floor":39.0,"turns":5.0},{"damage":0.0,"enemies":"Reptomancer","floor":40.0,"turns":3.0},{"damage":0.0,"enemies":"Sphere and 2 Shapes","floor":41.0,"turns":4.0},{"damage":4.0,"enemies":"Giant Head","floor":42.0,"turns":6.0},{"damage":0.0,"enemies":"Maw","floor":45.0,"turns":4.0},{"damage":0.0,"enemies":"Transient","floor":47.0,"turns":5.0},{"damage":13,"enemies":"4 Shapes","floor":48,"turns":4},{"damage":3,"enemies":"Time Eater","floor":50,"turns":5},{"damage":6,"enemies":"Shield and Spear","floor":54,"turns":3},{"damage":31,"enemies":"The Heart","floor":55,"turns":8}],"seed_played":"123918835647672006","potions_obtained":[{"floor":1.0,"key":"Weak Potion"},{"floor":3.0,"key":"DuplicationPotion"},{"floor":4.0,"key":"LiquidBronze"},{"floor":13.0,"key":"BlessingOfTheForge"},{"floor":18.0,"key":"LiquidBronze"},{"floor":23.0,"key":"SneckoOil"},{"floor":24.0,"key":"SkillPotion"},{"floor":25.0,"key":"SteroidPotion"},{"floor":28.0,"key":"LiquidMemories"},{"floor":31.0,"key":"Ancient Potion"},{"floor":33.0,"key":"Swift Potion"},{"floor":37.0,"key":"SkillPotion"},{"floor":38.0,"key":"LiquidMemories"},{"floor":39.0,"key":"Fire Potion"},{"floor":40.0,"key":"Fire Potion"},{"floor":41.0,"key":"FairyPotion"},{"floor":42.0,"key":"Strength Potion"},{"floor":45.0,"key":"EntropicBrew"},{"floor":47.0,"key":"Fruit Juice"},{"floor":48,"key":"CultistPotion"}],"is_trial":false,"path_per_floor":["M","$","M","M","?","E","?","?","T","R","E","R","E","M","R","B",null,"M","$","?","M","?","E","M","E","T","$","M","R","$","M","R","B",null,"M","M","M","?","M","E","M","E","T","?","M","$","M","M","R","B",null,"R","$","E","B",null],"character_chosen":"THE_SILENT","items_purchased":["Orrery","Catalyst","Membership Card","Poison Potion","Bag of Preparation","Toy Ornithopter","ClockworkSouvenir","Reflex","Medical Kit","Ginger","Vajra","GamblersBrew"],"campfire_rested":0,"item_purchase_floors":[2,2,27,27,46,46,46,46,53,53,53,53],"current_hp_per_floor":[63,63,58,58,58,32,32,31,31,31,31,31,27,20,20,20,58,58,58,58,52,52,52,50,46,46,58,58,58,58,58,58,58,58,58,58,46,38,34,34,34,30,30,30,30,45,50,47,47,44,63,63,63,57,46],"gold":123,"neow_bonus":"TWO_FIFTY_GOLD","is_daily":false,"chose_seed":false,"campfire_upgraded":6,"win_rate":0.0,"timestamp":1610822282,"path_taken":["M","$","M","M","?","E","?","?","T","R","E","R","E","M","R","BOSS","M","$","?","M","?","E","M","E","T","$","M","R","$","M","R","BOSS","M","M","M","?","M","E","M","E","T","?","M","$","M","M","R","BOSS","R","$","E","BOSS"],"items_purchased_type":["Relic","Card","Relic","Potion","Relic","Relic","Relic","Card","Relic","Relic","Relic","Potion"],"build_version":"2020-12-22","purchased_purges":6,"victory":true,"max_hp_per_floor":[63,63,63,63,63,63,58,58,58,58,58,58,58,58,58,58,58,58,58,58,58,58,58,58,58,58,58,58,58,58,58,58,58,58,58,58,58,58,58,58,58,58,58,58,58,58,58,63,63,63,63,63,63,63,63],"card_choices":[{"not_picked":["Slice","Distraction"],"picked":"Dagger Spray","floor":1.0},{"not_picked":["Outmaneuver","Dodge and Roll"],"picked":"Corpse Explosion","floor":2.0},{"not_picked":["Dagger Throw","Bane"],"picked":"Calculated Gamble","floor":2.0},{"not_picked":["PiercingWail","Backflip"],"picked":"Noxious Fumes","floor":2.0},{"not_picked":["Bane","Quick Slash"],"picked":"Backstab","floor":3.0},{"not_picked":["Heel Hook","Dagger Spray"],"picked":"Poisoned Stab","floor":4.0},{"not_picked":["Poisoned Stab","Glass Knife"],"picked":"Backstab","floor":6.0},{"not_picked":["Dodge and Roll","Slice"],"picked":"Bouncing Flask","floor":8.0},{"not_picked":["Slice","Flying Knee"],"picked":"Leg Sweep","floor":11.0},{"not_picked":["Flying Knee","PiercingWail"],"picked":"Malaise","floor":13.0},{"not_picked":["Bane","Outmaneuver","Masterful Stab"],"picked":"SKIP","floor":14.0},{"not_picked":["Terror","Skewer","Flying Knee"],"picked":"SKIP","floor":14.0},{"not_picked":["Outmaneuver","Deflect+1"],"picked":"Tactician","floor":18.0},{"not_picked":["Dodge and Roll","Blade Dance"],"picked":"Leg Sweep+1","floor":18.0},{"not_picked":["Poisoned Stab","Bane"],"picked":"Escape Plan","floor":21.0},{"not_picked":["PiercingWail","Dodge and Roll+1"],"picked":"Catalyst+1","floor":21.0},{"not_picked":["Poisoned Stab","Catalyst","Endless Agony"],"picked":"SKIP","floor":23.0},{"not_picked":["Eviscerate+1","Outmaneuver","Dodge and Roll"],"picked":"SKIP","floor":24.0},{"not_picked":["Noxious Fumes","Heel Hook","Wraith Form v2"],"picked":"SKIP","floor":24.0},{"not_picked":["Blade Dance","Heel Hook+1"],"picked":"Backflip","floor":25.0},{"not_picked":["Bouncing Flask","Outmaneuver"],"picked":"Backstab","floor":28.0},{"not_picked":["Quick Slash","Deflect"],"picked":"Backflip+1","floor":28.0},{"not_picked":["Envenom","Well Laid Plans"],"picked":"PiercingWail","floor":31.0},{"not_picked":["Sucker Punch","Slice"],"picked":"Tactician","floor":31.0},{"not_picked":["Predator+1","Deflect","Well Laid Plans"],"picked":"SKIP","floor":35.0},{"not_picked":["Riddle With Holes+1","Flying Knee","Infinite Blades+1"],"picked":"SKIP","floor":35.0},{"not_picked":["Backflip","Outmaneuver"],"picked":"Caltrops+1","floor":36.0},{"not_picked":["Blade Dance","Escape Plan","Underhanded Strike"],"picked":"SKIP","floor":36.0},{"not_picked":["Die Die Die","Poisoned Stab"],"picked":"Blur+1","floor":37.0},{"not_picked":["Backflip","Leg Sweep","Predator+1"],"picked":"SKIP","floor":37.0},{"not_picked":["Distraction+1","Prepared+1"],"picked":"PiercingWail","floor":39.0},{"not_picked":["Distraction","Deadly Poison","Deflect"],"picked":"SKIP","floor":39.0},{"not_picked":["Flying Knee+1","Quick Slash+1"],"picked":"Catalyst+1","floor":40.0},{"not_picked":["Backstab+1","Venomology","Dagger Spray+1"],"picked":"SKIP","floor":41.0},{"not_picked":["All Out Attack+1","Outmaneuver+1","Slice+1"],"picked":"SKIP","floor":41.0},{"not_picked":["Deadly Poison","Quick Slash+1","Slice+1"],"picked":"SKIP","floor":42.0},{"not_picked":["Dodge and Roll+1","Well Laid Plans"],"picked":"Catalyst","floor":45.0},{"not_picked":["Dodge and Roll","Slice+1","Skewer+1"],"picked":"SKIP","floor":45.0},{"not_picked":["Envenom","Dagger Throw+1","Outmaneuver"],"picked":"SKIP","floor":47.0},{"not_picked":["Quick Slash+1","Sucker Punch+1","Backflip"],"picked":"SKIP","floor":47.0},{"not_picked":["Sucker Punch+1","Deflect+1"],"picked":"Prepared+1","floor":48},{"not_picked":["Dash+1","Flechettes+1","All Out Attack+1"],"picked":"SKIP","floor":48},{"not_picked":["Dagger Spray+1","Poisoned Stab+1","Sucker Punch+1"],"picked":"SKIP","floor":54}],"player_experience":12706,"relics_obtained":[{"floor":6.0,"key":"Ice Cream"},{"floor":8.0,"key":"Odd Mushroom"},{"floor":9.0,"key":"HornCleat"},{"floor":11.0,"key":"PreservedInsect"},{"floor":13.0,"key":"Prayer Wheel"},{"floor":17.0,"key":"Pen Nib"},{"floor":17.0,"key":"White Beast Statue"},{"floor":17.0,"key":"Tough Bandages"},{"floor":23.0,"key":"Potion Belt"},{"floor":25.0,"key":"Dream Catcher"},{"floor":26.0,"key":"MealTicket"},{"floor":38.0,"key":"Shovel"},{"floor":40.0,"key":"Lantern"},{"floor":40.0,"key":"Molten Egg 2"},{"floor":42.0,"key":"Anchor"},{"floor":42.0,"key":"MawBank"},{"floor":54,"key":"Snake Skull"},{"floor":54,"key":"Orichalcum"}],"event_choices":[{"cards_removed":["Strike_G"],"damage_healed":0.0,"max_hp_gain":0.0,"max_hp_loss":0.0,"gold_gain":0.0,"event_name":"The Cleric","player_choice":"Card Removal","floor":5.0,"gold_loss":50.0,"damage_taken":0.0},{"damage_healed":0.0,"max_hp_gain":0.0,"max_hp_loss":5.0,"gold_gain":0.0,"event_name":"Golden Idol","player_choice":"Lose Max HP","floor":7.0,"gold_loss":0.0,"damage_taken":0.0,"relics_obtained":["Golden Idol"]},{"damage_healed":0.0,"max_hp_gain":0.0,"max_hp_loss":0.0,"gold_gain":0.0,"event_name":"Mushrooms","player_choice":"Fought Mushrooms","floor":8.0,"gold_loss":0.0,"damage_taken":0.0},{"damage_healed":0.0,"max_hp_gain":0.0,"max_hp_loss":0.0,"gold_gain":0.0,"event_name":"The Library","player_choice":"Read","floor":20.0,"gold_loss":0.0,"damage_taken":0.0,"cards_obtained":["Acrobatics"]},{"damage_healed":0.0,"max_hp_gain":0.0,"max_hp_loss":0.0,"gold_gain":0.0,"event_name":"Vampires","player_choice":"Ignored","floor":22.0,"gold_loss":0.0,"damage_taken":0.0},{"damage_healed":0.0,"max_hp_gain":0.0,"max_hp_loss":0.0,"gold_gain":0.0,"event_name":"Mysterious Sphere","player_choice":"Fight","floor":38.0,"gold_loss":0.0,"damage_taken":0.0},{"damage_healed":0.0,"max_hp_gain":0.0,"max_hp_loss":0.0,"gold_gain":333.0,"event_name":"The Moai Head","player_choice":"Gave Idol","floor":44.0,"relics_lost":["Golden Idol"],"gold_loss":0.0,"damage_taken":0.0}],"is_beta":false,"boss_relics":[{"not_picked":["Astrolabe","Coffee Dripper"],"picked":"Calling Bell"},{"not_picked":["Fusion Hammer","Cursed Key"],"picked":"Black Star"}],"items_purged_floors":[2,19,27,30,46,53],"is_endless":false,"potions_floor_spawned":[1,3,4,13,18,21,23,24,25,28,31,33,35,36,37,38,39,40,41,42,45,47,48,54],"ascension_level":1}}