{"host":"bw00wb7p5bw58om7","time":1610809447,"event":{"mods":["Act Like it!","BaseMod","Better Third Choice","CapriCore","Chen","Downfall","Gensokyo","Koishi","KomeijiMod","Marisa????????","Minty Spire (QoL Compilation)","Onozuka Komachi Mod","Permanent Neow","Prisma Mod","Reimu??????","Remilia??????","StSLib","The Administrix","The Immortal","The Senshi","The Servant 0.9.4","Yakumo Yukari mod"],"gold_per_floor":[113,125,205,225,237,237,237],"floor_reached":6,"language":"ENG","playtime":391,"items_purged":[],"score":38,"play_id":"96b17fa8-3718-43b4-9e24-3334a185892b","local_time":"20210116150407","is_ascension_mode":false,"campfire_choices":[],"circlet_count":0,"master_deck":["PrismaMod:ChloeCommonAttack","PrismaMod:ChloeCommonAttack","PrismaMod:ChloeCommonAttack","PrismaMod:ChloeCommonAttack","PrismaMod:ChloeCommonAttack","PrismaMod:ChloeCommonDefend","PrismaMod:ChloeCommonDefend","PrismaMod:ChloeCommonDefend","PrismaMod:ChloeCommonDefend","PrismaMod:ChloeCommonDefend","PrismaMod:ChloeCheapAttack","PrismaMod:ChloeCheapDefend","PrismaMod:ChloeCheapDefend","PrismaMod:ChloeCaladbolg","PrismaMod:ChloeDiscardRecovery","PrismaMod:ChloeCheapAttackTwo"],"relics":["PrismaMod:PrismaTraceOn","Ice Cream"],"acts_visited":["Gensokyo:Gensokyo"],"potions_floor_usage":[],"damage_taken":[{"damage":2,"enemies":"Gensokyo:Python","floor":1,"turns":3},{"damage":0,"enemies":"Gensokyo:3_Fairies","floor":2,"turns":4},{"damage":4,"enemies":"Gensokyo:Gryphon","floor":4,"turns":4},{"damage":0,"enemies":"Gensokyo:VengefulSpirit","floor":5,"turns":4},{"damage":49,"enemies":"Gensokyo:Aya","floor":6,"turns":8}],"seed_played":"-3439440341025397549","potions_obtained":[{"floor":1,"key":"Block Potion"},{"floor":2,"key":"sneckomod:MuddlingPotion"}],"is_trial":false,"path_per_floor":["M","M","?","M","M","E"],"character_chosen":"CHLOE","items_purchased":[],"campfire_rested":0,"item_purchase_floors":[],"current_hp_per_floor":[52,52,52,48,48,0,0],"gold":237,"neow_bonus":"ONE_RARE_RELIC","is_daily":false,"chose_seed":false,"campfire_upgraded":0,"win_rate":0.0,"timestamp":1610809447,"path_taken":["M","M","?","M","?","E"],"items_purchased_type":[],"build_version":"2020-12-22","purchased_purges":0,"victory":false,"max_hp_per_floor":[75,75,75,75,75,75,75],"card_choices":[{"not_picked":["PrismaMod:ChloeRitsuka","PrismaMod:ChloeCommonAOEAttack"],"picked":"PrismaMod:ChloeCheapDefend","floor":1},{"not_picked":["PrismaMod:ChloeCheapDefend","PrismaMod:ChloeCheapAttack"],"picked":"PrismaMod:ChloeCaladbolg","floor":2},{"not_picked":["PrismaMod:ChloeCheapDefend","PrismaMod:ChloeExcalibur"],"picked":"PrismaMod:ChloeDiscardRecovery","floor":4},{"not_picked":["PrismaMod:ChloeUncommonAOEAttack","PrismaMod:ChloeUncommonDefend"],"picked":"PrismaMod:ChloeCheapAttackTwo","floor":5}],"player_experience":250988,"relics_obtained":[],"event_choices":[],"is_beta":false,"boss_relics":[],"items_purged_floors":[],"is_endless":false,"potions_floor_spawned":[1,2],"killed_by":"Gensokyo:Aya","ascension_level":0}}