{"host":"k3d6qnel5hz5mlh4","time":1610814169,"event":{"mods":["AchievementEnabler","BaseMod","Better Note","Better Skull","Better Vampires","Card Forge","Displayed Cursed Tome","Downfall","Hero for Fun","Hyrulean Relics","Marked Mod","Minty Spire (QoL Compilation)","Permanent Neow","Small Relic Pack","StSLib","The Animator","The Death Knight","The Saiyan","The Wild Card","Wandering Minibosses"],"gold_per_floor":[117,117,141,155,155,185,185,216,240,251,271,292,292,67,67,163,163,183,183,183,201,211,211,211,211,235,235,235,235,265,287,287,384,384,400,0,16,16,66,101,101,101,177,208,2,2,16,32,32,32],"floor_reached":51,"language":"ENG","playtime":5773,"items_purged":[],"score":1020,"play_id":"e2175d08-3d25-4eab-b983-820a51690109","local_time":"20210116172249","is_ascension_mode":false,"campfire_choices":[{"floor":13,"key":"REST"},{"data":"animator:Saitama","floor":15,"key":"SMITH"},{"floor":23,"key":"RECALL"},{"floor":25,"key":"REST"},{"floor":27,"key":"REST"},{"floor":29,"key":"REST"},{"data":"animator:Yuuichirou","floor":32,"key":"SMITH"},{"floor":41,"key":"REST"},{"floor":49,"key":"REST"}],"circlet_count":0,"master_deck":["Metallicize+1","Defend_R+1","Defend_R+1","Metallicize+1","Defend_R+1","Metallicize+1","Barricade+1","After Image+1","animator:Saitama+1","animator:Darkness+1","After Image+1","Metallicize+1","animator:Guren+1","animator:HiiragiShinya+1","animator:QuestionMark+1"],"relics":["animator:TheMissingPiece","Hammer of Thor","Seething Fire","Anvil of the Gods","animator:PurgingStone","relicPack:ShieldShield","Paper Crane","Eternal Feather","relicPack:DSword","animator:Buoy","Odd Mushroom","Omamori","Calling Bell","Lantern","animator:BattleDrones","Mango","Ancient Tea Set","Bag of Preparation","animator:CursedBlade","animator:OldCoffin","DollysMirror","animator:EngravedStaff","Bag of Marbles","Gremlin Horn","relicPack:InfinityGauntlet"],"acts_visited":["Exordium","TheCity","TheBeyond"],"potions_floor_usage":[6,18,22,22,33,35,39,50],"damage_taken":[{"damage":0,"enemies":"Jaw Worm","floor":1,"turns":4},{"damage":2,"enemies":"2 Louse","floor":3,"turns":3},{"damage":0,"enemies":"Cultist","floor":4,"turns":4},{"damage":0,"enemies":"Lagavulin","floor":6,"turns":4},{"damage":2,"enemies":"Large Slime","floor":8,"turns":5},{"damage":0,"enemies":"Exordium Thugs","floor":10,"turns":5},{"damage":0,"enemies":"2 Fungi Beasts","floor":11,"turns":4},{"damage":0,"enemies":"The Mushroom Lair","floor":12,"turns":5},{"damage":0,"enemies":"Hexaghost","floor":16,"turns":7},{"damage":0,"enemies":"Chosen","floor":18,"turns":5},{"damage":0,"enemies":"3 Byrds","floor":21,"turns":4},{"damage":0,"enemies":"Centurion and Healer","floor":22,"turns":6},{"damage":1,"enemies":"Book of Stabbing","floor":30,"turns":6},{"damage":4,"enemies":"Snake Plant","floor":31,"turns":4},{"damage":0,"enemies":"Collector","floor":33,"turns":7},{"damage":0,"enemies":"3 Darklings","floor":35,"turns":7},{"damage":0,"enemies":"Orb Walker","floor":37,"turns":5},{"damage":11,"enemies":"Mind Bloom Boss Battle","floor":39,"turns":6},{"damage":0,"enemies":"Giant Head","floor":40,"turns":7},{"damage":0,"enemies":"Jaw Worm Horde","floor":44,"turns":5},{"damage":6,"enemies":"3 Darklings","floor":47,"turns":6},{"damage":19,"enemies":"Sphere and 2 Shapes","floor":48,"turns":6},{"damage":0,"enemies":"Donu and Deca","floor":50,"turns":7}],"seed_played":"7231018664959227428","potions_obtained":[{"floor":1,"key":"animator:FalseLifePotion"},{"floor":3,"key":"Explosive Potion"},{"floor":11,"key":"Dexterity Potion"},{"floor":12,"key":"Ancient Potion"},{"floor":21,"key":"hexamod:SoulburnPotion"},{"floor":33,"key":"Slimebound:ThreeZeroPotion"},{"floor":35,"key":"EssenceOfSteel"}],"is_trial":false,"path_per_floor":["M","?","M","M","?","E","?","M","T","M","M","?","R","$","R","B",null,"M","?","?","M","M","R","?","R","T","R","?","R","E","M","R","B",null,"M","$","M","$","?","E","R","$","T","M","$","?","M","M","R","B",null],"character_chosen":"THE_ANIMATOR","items_purchased":["Omamori","animator:Saitama","animator:OldCoffin","DollysMirror","relicPack:InfinityGauntlet","SpeedPotion"],"campfire_rested":6,"item_purchase_floors":[14,14,36,36,45,45],"current_hp_per_floor":[66,63,61,61,61,61,26,24,24,24,24,24,49,49,55,55,80,80,77,77,77,77,80,80,80,80,80,80,80,79,75,80,80,80,80,80,80,80,69,70,81,81,81,81,81,81,75,56,81,81],"gold":32,"neow_bonus":"BOSS_RELIC","is_daily":false,"chose_seed":false,"campfire_upgraded":2,"win_rate":0.0,"timestamp":1610814169,"path_taken":["M","?","M","M","?","E","?","?","T","M","?","?","R","?","R","BOSS","M","?","?","M","M","R","?","R","T","R","?","R","E","?","R","BOSS","M","$","M","$","?","E","R","?","T","M","$","?","M","?","R","BOSS"],"items_purchased_type":["Relic","Card","Relic","Relic","Relic","Potion"],"build_version":"2020-12-22","purchased_purges":0,"victory":true,"max_hp_per_floor":[66,66,66,66,66,66,66,66,66,66,66,66,66,66,66,66,80,80,80,80,80,80,80,80,80,80,80,80,80,80,80,80,80,80,80,80,80,80,80,81,81,81,81,81,81,81,81,81,81,81],"card_choices":[{"not_picked":["animator:Melzalgald","animator:Guy","animator:NarberalGamma"],"picked":"SKIP","floor":1},{"not_picked":["animator:Shuna","animator:YuiTsuruno"],"picked":"animator:EmiyaShirou","floor":3},{"not_picked":["animator:Tatsumaki","animator:DwarfShaman","animator:Shinoa"],"picked":"SKIP","floor":4},{"not_picked":["animator:Priestess","animator:Aqua"],"picked":"animator:Witch","floor":8},{"not_picked":["animator:PandorasActor","animator:Priestess","animator:Kaijin"],"picked":"SKIP","floor":10},{"not_picked":["animator:YuiTsuruno","animator:MumenRider","animator:AcuraAkari"],"picked":"SKIP","floor":11},{"not_picked":["animator:Tatsumaki","animator:RinTohsaka"],"picked":"animator:GazelDwargon","floor":12},{"not_picked":["animator:Priestess","animator:Kazuma"],"picked":"animator:Darkness+1","floor":21},{"not_picked":["animator:YachiyoNanami+1","animator:NarberalGamma","animator:Lancer"],"picked":"SKIP","floor":22},{"not_picked":["animator:Rider+1","animator:HiiragiShinya","animator:Verdia"],"picked":"SKIP","floor":30},{"not_picked":["animator:HiiragiShinya","animator:Shinoa"],"picked":"animator:Yuuichirou","floor":31},{"not_picked":["animator:Tatsumaki","animator:Sebas","animator:Archer"],"picked":"SKIP","floor":35},{"not_picked":["animator:Mitsurugi","animator:Shigure","animator:Gillette+1"],"picked":"SKIP","floor":37},{"not_picked":["animator:Tatsumaki","animator:Rider"],"picked":"animator:Guren","floor":40},{"not_picked":["animator:Mikaela","animator:Yoichi"],"picked":"animator:HiiragiShinya","floor":44},{"not_picked":["animator:Verdia","animator:Melzalgald","animator:Priestess"],"picked":"SKIP","floor":47},{"not_picked":["animator:Shinoa+1","animator:GuildGirl","animator:YachiyoNanami"],"picked":"SKIP","floor":48}],"player_experience":258636,"relics_obtained":[{"floor":6,"key":"Eternal Feather"},{"floor":9,"key":"animator:Buoy"},{"floor":12,"key":"Odd Mushroom"},{"floor":17,"key":"Lantern"},{"floor":17,"key":"animator:BattleDrones"},{"floor":17,"key":"Mango"},{"floor":26,"key":"Ancient Tea Set"},{"floor":30,"key":"Bag of Preparation"},{"floor":39,"key":"animator:EngravedStaff"},{"floor":40,"key":"Bag of Marbles"},{"floor":43,"key":"Gremlin Horn"}],"event_choices":[{"damage_healed":0,"gold_gain":0,"player_choice":"Success","damage_taken":3,"relics_obtained":["Paper Crane"],"max_hp_gain":0,"max_hp_loss":0,"event_name":"Scrap Ooze","floor":2,"gold_loss":0},{"damage_healed":0,"gold_gain":0,"player_choice":"Leave","damage_taken":0,"max_hp_gain":0,"max_hp_loss":0,"event_name":"The Cleric","floor":5,"gold_loss":0},{"damage_healed":0,"gold_gain":0,"player_choice":"Fought Mushrooms","damage_taken":0,"max_hp_gain":0,"max_hp_loss":0,"event_name":"Mushrooms","floor":12,"gold_loss":0},{"damage_healed":0,"gold_gain":0,"player_choice":"Punched","damage_taken":3,"max_hp_gain":0,"max_hp_loss":0,"event_name":"Designer","floor":19,"gold_loss":0},{"damage_healed":0,"gold_gain":0,"player_choice":"Ignored","damage_taken":0,"max_hp_gain":0,"max_hp_loss":0,"event_name":"betterNote:BetterNote","floor":20,"gold_loss":0,"cards_obtained":["Serious_Punch"]},{"damage_healed":0,"gold_gain":0,"player_choice":"Copied","damage_taken":0,"max_hp_gain":0,"max_hp_loss":0,"event_name":"Duplicator","floor":28,"gold_loss":0,"cards_obtained":["After Image"]},{"damage_healed":0,"gold_gain":0,"player_choice":"Fight","damage_taken":0,"max_hp_gain":0,"max_hp_loss":0,"event_name":"MindBloom","floor":39,"gold_loss":0},{"damage_healed":0,"gold_gain":0,"player_choice":"1 cards matched","damage_taken":0,"max_hp_gain":0,"max_hp_loss":0,"event_name":"Match and Keep!","floor":46,"gold_loss":0,"cards_obtained":["animator:QuestionMark"]}],"is_beta":false,"boss_relics":[{"not_picked":["Velvet Choker","Busted Crown"],"picked":"Calling Bell"},{"not_picked":["bronze:MakeshiftBattery","animator:RacePiece"],"picked":"animator:CursedBlade"}],"items_purged_floors":[],"is_endless":false,"potions_floor_spawned":[1,3,11,12,21,33,35,47],"ascension_level":0}}