{"host":"ss2ocoam53r2lno0","time":1610798688,"event":{"mods":["Act Like it!","BaseMod","ChefMod","Clockwork Mod","Colored Powertips","Curses Come First","Displayed Cursed Tome","Downfall","Evolution","Googly Eyes","Hallownest","Highlight Path","Minty Spire (QoL Compilation)","Poor People Problems","Rare Cards Sparkle","Robot Space Explorer","Shade Mod","Shop Mod","Spicy Shops","StSLib","The Marked"],"gold_per_floor":[212,231,249,269,269,269,269],"floor_reached":6,"language":"ENG","playtime":584,"items_purged":[],"score":53,"play_id":"e4b9027f-5b87-4ce7-af95-53b227a8bfb1","local_time":"20210116130448","is_ascension_mode":true,"campfire_choices":[],"circlet_count":0,"master_deck":["Clockwork:Strike","Clockwork:Strike","Clockwork:Strike","Clockwork:Shield","Clockwork:Shield","Clockwork:Tinker+1","Clockwork:WarmUp","Clockwork:OccamsRazor","Clockwork:AdaptiveShield+1","Clockwork:ChargingBlade"],"relics":["Clockwork:MomentumEngine","EVO:Axolotl"],"acts_visited":["Exordium"],"potions_floor_usage":[4],"damage_taken":[{"damage":1,"enemies":"Cultist","floor":1,"turns":7},{"damage":12,"enemies":"2 Louse","floor":2,"turns":5},{"damage":0,"enemies":"Small Slimes","floor":3,"turns":7},{"damage":28,"enemies":"Red Slaver","floor":4,"turns":14},{"damage":20,"enemies":"3 Sentries","floor":6,"turns":4}],"seed_played":"-3854910548794150217","potions_obtained":[{"floor":1,"key":"Ancient Potion"},{"floor":2,"key":"Slimebound:ThreeZeroPotion"}],"is_trial":false,"path_per_floor":["M","M","M","M","?","E"],"character_chosen":"CLOCKWORK","items_purchased":[],"campfire_rested":0,"item_purchase_floors":[],"current_hp_per_floor":[76,64,64,36,19,0,0],"gold":269,"neow_bonus":"HUNDRED_GOLD","is_daily":false,"chose_seed":false,"campfire_upgraded":0,"win_rate":0.0,"timestamp":1610798688,"path_taken":["M","M","?","?","?","E"],"items_purchased_type":[],"build_version":"2020-12-22","purchased_purges":0,"victory":false,"max_hp_per_floor":[85,85,85,85,85,85,85],"card_choices":[{"not_picked":["Clockwork:LogisticRegression","Clockwork:Pluck"],"picked":"Clockwork:OccamsRazor","floor":1},{"not_picked":["Clockwork:Enhance","Clockwork:Pluck"],"picked":"Clockwork:AdaptiveShield","floor":2},{"not_picked":["Clockwork:AdaptiveShield","Clockwork:Minimalism"],"picked":"Clockwork:Downsize","floor":3},{"not_picked":["Clockwork:SystemScan","Clockwork:ZeroPointEnergy"],"picked":"Clockwork:ChargingBlade","floor":4}],"player_experience":743030,"relics_obtained":[],"event_choices":[{"damage_healed":0,"gold_gain":0,"player_choice":"Entered Light","damage_taken":17,"max_hp_gain":0,"max_hp_loss":0,"event_name":"Shining Light","floor":5,"gold_loss":0,"cards_upgraded":["Clockwork:AdaptiveShield","Clockwork:Tinker"]}],"is_beta":false,"boss_relics":[],"items_purged_floors":[],"is_endless":false,"potions_floor_spawned":[1,2],"killed_by":"3 Sentries","ascension_level":8}}