{"host":"1a3cjta80tad0aqj","time":1610828199,"event":{"mods":["2.2 Compatiblity","AchievementEnabler","BaseMod","Colored Map","DeckTracker","KOR Keyword Fix","Keyboard Shortcuts","Minty Spire (QoL Compilation)","Permanent Neow","Quick Restart","Random Character Button","StSLib","SuperFastMode","everything is the same but u backflip on backflip"],"gold_per_floor":[110,110,120,137,137,171,171,21,101,51,80,99,111,130,130,230,230,242,261,261],"floor_reached":19,"language":"KOR","playtime":980,"items_purged":[],"score":190,"play_id":"6cf13949-7f44-4335-9247-75309cb75af0","local_time":"20210117051639","is_ascension_mode":true,"campfire_choices":[{"floor":7.0,"key":"REST"},{"data":"Dualcast","floor":15,"key":"SMITH"}],"circlet_count":0,"master_deck":["Zap","Dualcast+1","Glacier","Streamline+1","Melter+1","Hologram","Leap","Buffer","Stack","Cold Snap","Conserve Battery","Hyperbeam","Barrage","Storm","Beam Cell","Echo Form","Echo Form","Multi-Cast","Defragment"],"relics":["Cracked Core","Dream Catcher","Blood Vial","Happy Flower","Question Card","Whetstone","Pandora\u0027s Box"],"acts_visited":["Exordium","TheCity"],"potions_floor_usage":[11,11],"damage_taken":[{"damage":1.0,"enemies":"Jaw Worm","floor":1.0,"turns":4.0},{"damage":1.0,"enemies":"Cultist","floor":3.0,"turns":3.0},{"damage":0.0,"enemies":"2 Louse","floor":4.0,"turns":1.0},{"damage":11.0,"enemies":"Lagavulin","floor":6.0,"turns":7.0},{"damage":16,"enemies":"Gremlin Nob","floor":11,"turns":3},{"damage":2,"enemies":"Exordium Thugs","floor":12,"turns":4},{"damage":0,"enemies":"3 Louse","floor":13,"turns":3},{"damage":6,"enemies":"Gremlin Gang","floor":14,"turns":4},{"damage":8,"enemies":"Hexaghost","floor":16,"turns":14},{"damage":23,"enemies":"2 Thieves","floor":18,"turns":3},{"damage":15,"enemies":"Shell Parasite","floor":19,"turns":6}],"seed_played":"8428716186922043476","potions_obtained":[{"floor":1.0,"key":"FearPotion"},{"floor":4.0,"key":"SkillPotion"},{"floor":6.0,"key":"Strength Potion"},{"floor":13,"key":"Fire Potion"},{"floor":16,"key":"LiquidMemories"},{"floor":19,"key":"Block Potion"}],"is_trial":false,"path_per_floor":["M","?","M","M","?","E","R","$","T","?","E","M","M","M","R","B",null,"M","M"],"character_chosen":"DEFECT","items_purchased":["Happy Flower"],"campfire_rested":1,"item_purchase_floors":[8],"current_hp_per_floor":[74,74,73,73,58,47,69,69,69,69,55,55,57,53,53,47,75,52,39,39],"gold":261,"neow_bonus":"RANDOM_COMMON_RELIC","is_daily":false,"chose_seed":false,"campfire_upgraded":1,"win_rate":0.0,"timestamp":1610828199,"path_taken":["M","?","M","?","?","E","R","$","T","?","E","M","M","M","R","BOSS","M","M"],"items_purchased_type":["Relic"],"build_version":"2020-12-22","purchased_purges":0,"victory":false,"max_hp_per_floor":[75,75,75,75,75,75,75,75,75,75,75,75,75,75,75,75,75,75,75,75],"card_choices":[{"not_picked":["Reinforced Body","Coolheaded"],"picked":"Glacier","floor":1.0},{"not_picked":["Reinforced Body","Sweeping Beam"],"picked":"Streamline","floor":3.0},{"not_picked":["Sweeping Beam","Skim"],"picked":"Melter","floor":4.0},{"not_picked":["Force Field","Meteor Strike"],"picked":"Hologram","floor":6.0},{"not_picked":["Sweeping Beam","Gash"],"picked":"Leap","floor":7.0},{"not_picked":["Glacier","Rebound","Capacitor"],"picked":"Buffer","floor":11},{"not_picked":["Barrage","Rebound","Reprogram"],"picked":"Stack","floor":12},{"not_picked":["Turbo","Beam Cell","Streamline"],"picked":"Cold Snap","floor":13},{"not_picked":["Ball Lightning","Gash","Beam Cell"],"picked":"Conserve Battery","floor":14},{"not_picked":["Multi-Cast","Thunder Strike","Fission"],"picked":"Hyperbeam","floor":16},{"not_picked":["Leap","Conserve Battery","Steam"],"picked":"Defragment","floor":18}],"player_experience":687667,"relics_obtained":[{"floor":6.0,"key":"Blood Vial"},{"floor":9.0,"key":"Question Card"},{"floor":11,"key":"Whetstone"}],"event_choices":[{"cards_removed":["Defend_B"],"damage_healed":0.0,"max_hp_gain":0.0,"max_hp_loss":0.0,"gold_gain":0.0,"event_name":"Bonfire Elementals","player_choice":"Offered Basic","floor":2.0,"gold_loss":0.0,"damage_taken":0.0},{"damage_healed":0.0,"max_hp_gain":0.0,"max_hp_loss":0.0,"gold_gain":0.0,"event_name":"Shining Light","player_choice":"Entered Light","floor":5.0,"gold_loss":0.0,"damage_taken":15.0,"cards_upgraded":["Defend_B","Melter"]},{"cards_removed":["Strike_B"],"damage_healed":0.0,"max_hp_gain":0.0,"max_hp_loss":0.0,"gold_gain":0.0,"event_name":"The Cleric","player_choice":"Card Removal","floor":10.0,"gold_loss":50.0,"damage_taken":0.0}],"is_beta":false,"boss_relics":[{"not_picked":["Runic Dome","Velvet Choker"],"picked":"Pandora\u0027s Box"}],"items_purged_floors":[],"is_endless":false,"potions_floor_spawned":[1,4,6,13,16,19],"killed_by":"Shell Parasite","ascension_level":1}}