{"host":"1zjc08c6hob33401","time":1610818545,"event":{"mods":["AchievementEnabler","Act Like it!","Aspiration","BaseMod","Downfall","Energized Spire","Evolution","Gensokyo","GifTheSpireLib","Hubris","Infinite Spire","Jedi Mod","Minty Spire (QoL Compilation)","Pale of the Ancients","Quick Restart","Retaliation","Shop Mod","StS++","StSLib","Stuff the Spire","The Blue Laboratory","Wandering Minibosses","vexMod"],"gold_per_floor":[109,122,122,135,98,98,110,120,189,202,202,202,202,47,47,146,146,107,125,125,125],"floor_reached":20,"language":"RUS","playtime":2341,"items_purged":[],"score":257,"play_id":"efda8721-56d2-40d4-82ae-adec57e471dd","local_time":"20210116193545","is_ascension_mode":true,"campfire_choices":[{"data":"Zap","floor":6.0,"key":"SMITH"},{"data":"StSpp:TargetLocked","floor":12.0,"key":"SMITH"},{"data":"StSpp:Channeliser","floor":15.0,"key":"SMITH"}],"circlet_count":0,"master_deck":["Compile Driver","Compile Driver","Compile Driver","Compile Driver","Leap","Leap","Leap","Zap+1","Dualcast","Meteor Strike","Barrage","Fusion","Cold Snap","Lockon+1","StSpp:Channeliser+1","Barrage","StSpp:TargetLocked+1","jedi:BurstDark","Beam Cell","jedi:BurstFrost+1"],"relics":["Cracked Core","aspiration:FetidBarrel","Toxic Egg 2","StuffTheSpire:TintedRock","energizedSpire:NeverEndingSparkler"],"acts_visited":["Gensokyo:Gensokyo","Gensokyo:Gensokyoer"],"potions_floor_usage":[],"damage_taken":[{"damage":0.0,"enemies":"Gensokyo:Gryphon","floor":1.0,"turns":3.0},{"damage":0.0,"enemies":"Gensokyo:Python","floor":2.0,"turns":2.0},{"damage":4.0,"enemies":"Gensokyo:3_Fairies","floor":4.0,"turns":3.0},{"damage":18.0,"enemies":"Gensokyo:2_Rabbits","floor":7.0,"turns":4.0},{"damage":0.0,"enemies":"Gensokyo:LivingMonolith","floor":8.0,"turns":2.0},{"damage":1.0,"enemies":"Gensokyo:Python_and_Kodama","floor":10.0,"turns":3.0},{"damage":25.0,"enemies":"Gensokyo:Yukari","floor":16.0,"turns":6.0},{"damage":8.0,"enemies":"Gensokyo:Chomper","floor":18.0,"turns":6.0},{"damage":42,"enemies":"Gensokyo:3_Dogs","floor":19,"turns":5},{"damage":17,"enemies":"Gensokyo:3_Gloops","floor":20,"turns":5}],"seed_played":"-8254164129579905797","potions_obtained":[{"floor":1.0,"key":"jedi:wingpotion"},{"floor":2.0,"key":"blueLaboratory:CorrosionFlask"}],"is_trial":false,"path_per_floor":["M","M","?","M","COS","R","M","M","T","M","?","R","?","$","R","B",null,"M","M","M"],"character_chosen":"DEFECT","items_purchased":["StuffTheSpire:TintedRock"],"campfire_rested":0,"item_purchase_floors":[14],"current_hp_per_floor":[68,68,68,64,64,64,46,46,46,45,45,45,53,53,53,28,63,55,13,0,0],"gold":125,"neow_bonus":"ONE_RANDOM_RARE_CARD","is_daily":false,"chose_seed":false,"campfire_upgraded":3,"win_rate":0.0,"timestamp":1610818545,"path_taken":["M","M","?","M","COS","R","M","?","T","?","?","R","?","?","R","BOSS","M","M","M"],"items_purchased_type":["Relic"],"build_version":"2020-12-22","purchased_purges":0,"victory":false,"max_hp_per_floor":[75,75,75,75,75,75,75,75,75,75,75,75,75,75,75,75,75,75,75,75,75],"card_choices":[{"not_picked":["Auto Shields","StuffTheSpire:CleanHardDrive"],"picked":"Barrage","floor":1.0},{"not_picked":["Rebound","Redo"],"picked":"Fusion","floor":2.0},{"not_picked":["Blizzard","StuffTheSpire:Plugnplay"],"picked":"Cold Snap","floor":4.0},{"not_picked":["Stack+1","jedi:BurstFrost+1"],"picked":"Lockon+1","floor":7.0},{"not_picked":["Gash","Hologram"],"picked":"StSpp:Channeliser","floor":7.0},{"not_picked":["Cold Snap","Sweeping Beam"],"picked":"Barrage","floor":8.0},{"not_picked":["Rebound","jedi:hex"],"picked":"StSpp:TargetLocked","floor":10.0},{"not_picked":["StuffTheSpire:EventHorizon+1","hubris:Prefetch+1"],"picked":"jedi:BurstDark","floor":16.0},{"not_picked":["Rebound","Force Field+1"],"picked":"Beam Cell","floor":18.0},{"not_picked":["Gash+1","Redo+1"],"picked":"jedi:BurstFrost+1","floor":19}],"player_experience":574343,"relics_obtained":[{"floor":9.0,"key":"aspiration:FetidBarrel"}],"event_choices":[],"is_beta":false,"boss_relics":[{"not_picked":["vexMod:ImprovementManual","aspiration:FutureDiary"],"picked":"energizedSpire:NeverEndingSparkler"}],"items_purged_floors":[],"is_endless":false,"potions_floor_spawned":[1,2],"killed_by":"Gensokyo:3_Gloops","ascension_level":8}}