{"host":"0mywbdtsrkvoq3rn","time":1610794072,"event":{"mods":["BaseMod","Lobotomy","Minty Spire (QoL Compilation)","Relic Stats","Replay The Spire","Shop Mod","Spicy Shops","StSLib","¡¾ÒÅÎï¿¨ÅÆ¡¿REMEMod"],"gold_per_floor":[109,3,3,17,29,55,70,70,121,155,155,186,35,65,65,169,169,169,169],"floor_reached":18,"language":"ZHS","playtime":757,"items_purged":[],"score":200,"play_id":"174b2b55-b6b6-4656-b57e-d7c15329e714","local_time":"20210116184752","is_ascension_mode":true,"campfire_choices":[{"data":"Vault","floor":15,"key":"SMITH"}],"circlet_count":0,"master_deck":["Strike_B","Strike_B","Strike_B","Strike_B","Defend_B","Defend_B","Defend_B","Defend_B","Zap","Dualcast","Vault+1","Self Repair","Gash","Storm","ReplayGash","Gash","Echo Form"],"relics":["Cracked Core","REME_ComplimentaryCards","CogitoBucket","ReplayFunnel","Bronze Scales","Symbiotic Virus","PreservedInsect","Lee\u0027s Waffle","ReplayTheSpireMod:Shallot","Replay:Drink Me"],"acts_visited":["Exordium","TheCity"],"potions_floor_usage":[12],"damage_taken":[{"damage":5.0,"enemies":"2 Louse","floor":1.0,"turns":2.0},{"damage":5.0,"enemies":"Cultist","floor":4.0,"turns":4.0},{"damage":5.0,"enemies":"Jaw Worm","floor":5.0,"turns":3.0},{"damage":28.0,"enemies":"Lagavulin","floor":6.0,"turns":8.0},{"damage":14.0,"enemies":"3 Louse","floor":7.0,"turns":3.0},{"damage":0.0,"enemies":"Looter","floor":8.0,"turns":1.0},{"damage":24,"enemies":"Gremlin Nob","floor":10,"turns":5},{"damage":18,"enemies":"Replay:BlueRogue","floor":12,"turns":5},{"damage":23,"enemies":"3 Sentries","floor":14,"turns":5},{"damage":40,"enemies":"Fading Forest","floor":16,"turns":12},{"damage":45,"enemies":"2 Thieves","floor":18,"turns":4}],"seed_played":"6594382447746067550","potions_obtained":[{"floor":3.0,"key":"SmokeBomb"},{"floor":3.0,"key":"Dexterity Potion"},{"floor":3.0,"key":"Flashbang"},{"floor":7.0,"key":"FearPotion"},{"floor":10,"key":"Dexterity Potion"},{"floor":12,"key":"Fire Potion"}],"is_trial":false,"path_per_floor":["M","$","?","M","M","E","M","M","T","E","T","E","$","E","R","B",null,"M"],"character_chosen":"DEFECT","items_purchased":["Self Repair","Lee\u0027s Waffle"],"campfire_rested":0,"item_purchase_floors":[2,13],"current_hp_per_floor":[70,70,70,72,75,47,48,48,48,39,39,32,82,66,66,53,62,17,17],"gold":169,"neow_bonus":"","is_daily":false,"chose_seed":false,"campfire_upgraded":1,"win_rate":0.0,"timestamp":1610794072,"path_taken":["M","$","?","M","M","E","M","M","T","E","?","E","$","E","R","BOSS","M"],"items_purchased_type":["Card","Relic"],"build_version":"2020-12-22","purchased_purges":0,"victory":false,"max_hp_per_floor":[75,75,75,75,75,75,75,75,75,75,75,75,82,82,82,82,62,62,62],"relic_stats":{"Lee\u0027s Waffle":50,"counters":[13,54],"Bronze Scales":[57],"PreservedInsect":33,"obtain_stats":[{"ReplayFunnel":6,"CogitoBucket":0,"Lee\u0027s Waffle":13,"ReplayTheSpireMod:Shallot":14,"Bronze Scales":9,"PreservedInsect":12,"Cracked Core":0,"Symbiotic Virus":10,"Replay:Drink Me":17,"REME_ComplimentaryCards":0},{"ReplayFunnel":4,"CogitoBucket":0,"Lee\u0027s Waffle":9,"ReplayTheSpireMod:Shallot":10,"Bronze Scales":7,"PreservedInsect":9,"Cracked Core":0,"Symbiotic Virus":8,"Replay:Drink Me":11,"REME_ComplimentaryCards":0},{"ReplayFunnel":17,"CogitoBucket":0,"Lee\u0027s Waffle":32,"ReplayTheSpireMod:Shallot":37,"Bronze Scales":22,"PreservedInsect":32,"Cracked Core":0,"Symbiotic Virus":27,"Replay:Drink Me":49,"REME_ComplimentaryCards":0}]},"card_choices":[{"not_picked":["NothingThere","Bloodbath"],"picked":"LittleHelper","floor":1.0},{"not_picked":["Stack","Compile Driver","Conserve Battery"],"picked":"SKIP","floor":1.0},{"not_picked":["FairyFestival","MHz"],"picked":"Scarecrow","floor":4.0},{"not_picked":["Sweeping Beam","Coolheaded"],"picked":"Gash","floor":4.0},{"not_picked":["Chaos","Go for the Eyes"],"picked":"Storm","floor":5.0},{"not_picked":["ReplaySolidLightProjector","Barrage","Stack"],"picked":"SKIP","floor":6.0},{"not_picked":["Compile Driver","Redo","Rebound"],"picked":"SKIP","floor":7.0},{"not_picked":["Crystallizer","Skim"],"picked":"ReplayGash","floor":10},{"not_picked":["Redo","BasicCrystalCard"],"picked":"Gash","floor":12},{"not_picked":["Compile Driver","ReplayTheSpireMod:Reroute Power","Reinforced Body"],"picked":"SKIP","floor":14},{"not_picked":["QueenOfHatred","BigBird"],"picked":"MeatLantern","floor":16},{"not_picked":["Thunder Strike","Hyperbeam"],"picked":"Echo Form","floor":16}],"player_experience":131666,"relics_obtained":[{"floor":6.0,"key":"ReplayFunnel"},{"floor":9.0,"key":"Bronze Scales"},{"floor":10,"key":"Symbiotic Virus"},{"floor":12,"key":"PreservedInsect"},{"floor":14,"key":"ReplayTheSpireMod:Shallot"}],"event_choices":[{"damage_healed":0.0,"max_hp_gain":0.0,"max_hp_loss":0.0,"gold_gain":0.0,"event_name":"Lab","player_choice":"Got Potions","floor":3.0,"gold_loss":0.0,"damage_taken":0.0}],"is_beta":false,"boss_relics":[{"not_picked":["Ectoplasm","Runic Pyramid"],"picked":"Replay:Drink Me"}],"items_purged_floors":[],"is_endless":false,"potions_floor_spawned":[7,10,12,16],"killed_by":"2 Thieves","ascension_level":1}}