{"host":"ormi09wwzv7sq47a","time":1610824776,"event":{"mods":["2.2 Compatiblity","AchievementEnabler","Act Like it!","BaseMod","Bestiary","Better Altar","Better Note","Better Sensory Stone","Better Silent Start","Better Skull","Better Third Choice","Better Vampires","BetterRewards","Block Reminder","Card Forge","Colored Map","Colored Powertips","Curses Come First","DeckTracker","Downfall","Highlight Path","Minty Spire (QoL Compilation)","Permanent Neow","Quick Restart","Rare Cards Sparkle","Relic Stats","Shop Mod","StSLib","The Jungle"],"gold_per_floor":[111,111,111,121,139,170,246,246,297,312,329,329,348,365,365,463,463,476,476,12,31,31,31,42,42,42,73,89,89,89,102,102,200,200,213,213,63,63,63,63],"floor_reached":38,"language":"ENG","playtime":2203,"items_purged":["champ:Defend"],"score":436,"play_id":"90d2ff7b-cb22-4a6e-888b-55710d9bdb72","local_time":"20210116171936","is_ascension_mode":true,"campfire_choices":[{"data":"champ:PerfectedStrike","floor":8.0,"key":"SMITH"},{"data":"champ:CheapShot","floor":12.0,"key":"SMITH"},{"floor":15.0,"key":"REST"},{"data":"champ:StrikeOfGenius","floor":23,"key":"SMITH"},{"data":"champ:MurderStrike","floor":25,"key":"SMITH"},{"data":"champ:RageSigil","floor":29,"key":"SMITH"},{"data":"champ:EnGarde","floor":32,"key":"SMITH"}],"circlet_count":0,"master_deck":["champ:Strike","champ:Strike","champ:Execute+1","champ:Taunt+1","champ:EnGarde+1","champ:DefensiveShout","champ:PerfectedStrike+1","champ:CheapShot+1","champ:SkillfulDodge","champ:ShieldWall","champ:FancyFootwork","champ:StrikeOfGenius+1","champ:StanceDance+1","champ:IronFortress","champ:CheapShot+1","Finesse","champ:Parry+1","champ:BerserkersShout","champ:MurderStrike+1","champ:RageSigil+1","champ:ShieldWall","champ:PerfectedStrike+1","champ:CheapShot"],"relics":["champ:ChampionCrown","Hammer of Thor","Seething Fire","Anvil of the Gods","Smiling Mask","Matryoshka","Boot","Tiny Chest","Velvet Choker","Centennial Puzzle","DollysMirror","Kunai","PreservedInsect","Dream Catcher","Meat on the Bone","Sozu","Bronze Scales"],"acts_visited":["Exordium","TheCity","TheBeyond"],"potions_floor_usage":[16,16,24,28,28,33],"damage_taken":[{"damage":14.0,"enemies":"Jaw Worm","floor":1.0,"turns":3.0},{"damage":12.0,"enemies":"Small Slimes","floor":4.0,"turns":3.0},{"damage":10.0,"enemies":"Cultist","floor":5.0,"turns":3.0},{"damage":42.0,"enemies":"3 Sentries","floor":6.0,"turns":6.0},{"damage":17.0,"enemies":"Exordium Thugs","floor":10.0,"turns":5.0},{"damage":0.0,"enemies":"Exordium Wildlife","floor":11.0,"turns":3.0},{"damage":2.0,"enemies":"Looter","floor":13.0,"turns":2.0},{"damage":11.0,"enemies":"2 Fungi Beasts","floor":14.0,"turns":3.0},{"damage":46,"enemies":"Slime Boss","floor":16,"turns":13},{"damage":23,"enemies":"3 Byrds","floor":18,"turns":5},{"damage":5,"enemies":"Shell Parasite","floor":21,"turns":3},{"damage":24,"enemies":"Sentry and Sphere","floor":24,"turns":5},{"damage":4,"enemies":"Book of Stabbing","floor":27,"turns":4},{"damage":9,"enemies":"Snecko","floor":28,"turns":4},{"damage":20,"enemies":"Snake Plant","floor":31,"turns":5},{"damage":47,"enemies":"Collector","floor":33,"turns":13},{"damage":15,"enemies":"Orb Walker","floor":35,"turns":4},{"damage":78,"enemies":"2 Orb Walkers","floor":38,"turns":5}],"seed_played":"-1246441121949126908","potions_obtained":[{"floor":3.0,"key":"SkillPotion"},{"floor":3.0,"key":"EntropicBrew"},{"floor":3.0,"key":"SneckoOil"},{"floor":5.0,"key":"Fire Potion"},{"floor":10.0,"key":"Energy Potion"},{"floor":14.0,"key":"SteroidPotion"},{"floor":16,"key":"Block Potion"},{"floor":21,"key":"SkillPotion"},{"floor":24,"key":"EssenceOfSteel"},{"floor":28,"key":"champ:OpenerPotion"}],"is_trial":false,"path_per_floor":["M","?","?","M","M","E","T","R","T","M","M","R","M","M","R","B",null,"M","?","$","M","?","R","M","R","T","E","M","R","T","M","R","B",null,"M","?","$","?"],"character_chosen":"THE_CHAMP","items_purchased":["champ:IronFortress","Centennial Puzzle","DollysMirror","Finesse","Bronze Scales"],"campfire_rested":1,"item_purchase_floors":[20,20,20,20,37],"current_hp_per_floor":[77,61,61,59,59,37,37,37,37,30,30,30,28,27,51,20,81,68,68,68,68,68,68,59,59,59,55,51,51,51,48,48,18,81,81,77,77,0,0,0],"gold":63,"neow_bonus":"REMOVE_TWO","is_daily":false,"chose_seed":false,"campfire_upgraded":6,"win_rate":0.0,"timestamp":1610824776,"path_taken":["M","?","?","?","M","E","?","R","T","M","M","R","M","M","R","BOSS","M","?","?","M","?","R","M","R","T","E","M","R","?","M","R","BOSS","M","?","$","?"],"items_purchased_type":["Card","Relic","Relic","Card","Relic"],"build_version":"2020-12-22","purchased_purges":1,"victory":false,"max_hp_per_floor":[81,81,81,81,81,81,81,81,81,81,81,81,81,81,81,81,81,81,81,81,81,81,81,81,81,81,81,81,81,81,81,81,81,81,81,77,77,77,77,77],"relic_stats":{"Sozu":1,"Centennial Puzzle":[36],"Dream Catcher":0,"counters":[25,118],"Bronze Scales":[10],"Tiny Chest":1,"PreservedInsect":41,"Kunai":[8],"Smiling Mask":50,"Boot":[55],"obtain_stats":[{"Singing Bowl":13,"Velvet Choker":17,"champ:ChampionCrown":0,"Hammer of Thor":0,"PreservedInsect":26,"Whetstone":9,"Seething Fire":0,"Smiling Mask":7,"Boot":9,"Sozu":34,"Centennial Puzzle":20,"Dream Catcher":27,"downfall:BrokenWingStatue":3,"Matryoshka":7,"Anvil of the Gods":0,"DollysMirror":20,"Pantograph":6,"champ:LiftRelic":14,"Bronze Scales":37,"Tiny Chest":9,"Kunai":26,"Meat on the Bone":30},{"Singing Bowl":5,"Velvet Choker":16,"champ:ChampionCrown":0,"Hammer of Thor":0,"PreservedInsect":19,"Whetstone":3,"Seething Fire":0,"Smiling Mask":2,"Boot":11,"Sozu":23,"Centennial Puzzle":17,"Dream Catcher":20,"downfall:BrokenWingStatue":0,"Matryoshka":11,"Anvil of the Gods":0,"DollysMirror":17,"Pantograph":2,"champ:LiftRelic":5,"Bronze Scales":24,"Tiny Chest":11,"Kunai":19,"Meat on the Bone":21},{"Singing Bowl":19,"Velvet Choker":70,"champ:ChampionCrown":0,"Hammer of Thor":0,"PreservedInsect":83,"Whetstone":12,"Seething Fire":0,"Smiling Mask":8,"Boot":44,"Sozu":109,"Centennial Puzzle":75,"Dream Catcher":87,"downfall:BrokenWingStatue":0,"Matryoshka":44,"Anvil of the Gods":0,"DollysMirror":75,"Pantograph":8,"champ:LiftRelic":19,"Bronze Scales":113,"Tiny Chest":44,"Kunai":83,"Meat on the Bone":91}],"Meat on the Bone":24},"card_choices":[{"not_picked":["champ:Circumvent","champ:SkillfulDodge"],"picked":"champ:EnGarde","floor":1.0},{"not_picked":["champ:Endure","champ:ShieldSigil","champ:PreemptiveStrike"],"picked":"SKIP","floor":4.0},{"not_picked":["champ:TornadoPunch","champ:BringItOn"],"picked":"champ:DefensiveShout","floor":5.0},{"not_picked":["champ:Shatter","champ:EnragedBash"],"picked":"champ:PerfectedStrike","floor":6.0},{"not_picked":["champ:Circumvent","champ:AdrenalArmor"],"picked":"champ:CheapShot","floor":10.0},{"not_picked":["champ:PreemptiveStrike","champ:TornadoPunch"],"picked":"champ:SkillfulDodge","floor":11.0},{"not_picked":["champ:FlashCut","champ:FancyFootwork"],"picked":"champ:ShieldWall","floor":13.0},{"not_picked":["champ:GutPunch","champ:TornadoPunch"],"picked":"champ:FancyFootwork","floor":14.0},{"not_picked":["champ:TripleStrike","champ:GladiatorForm"],"picked":"champ:StrikeOfGenius","floor":16},{"not_picked":["champ:FaceSlap","champ:ArenaPreparation+1"],"picked":"champ:StanceDance+1","floor":18},{"not_picked":["champ:BerserkersShout","champ:FlashCut"],"picked":"champ:Parry+1","floor":21},{"not_picked":["champ:PreciseThrust+1","champ:Parry","champ:AdrenalArmor"],"picked":"SKIP","floor":24},{"not_picked":["champ:StanceDance","champ:DeathBlow"],"picked":"champ:RageSigil","floor":27},{"not_picked":["champ:SwordSigil","champ:Shatter"],"picked":"champ:ShieldWall","floor":28},{"not_picked":["champ:BerserkersShout","champ:BladeFlurry"],"picked":"champ:PerfectedStrike+1","floor":31},{"not_picked":["champ:StrikeOfGenius","champ:Devastate"],"picked":"champ:CheapShot","floor":33},{"not_picked":["champ:GladiatorStyle+1","champ:BringItOn+1","champ:CrownThrow+1"],"picked":"SKIP","floor":35}],"player_experience":972489,"relics_obtained":[{"floor":6.0,"key":"Smiling Mask"},{"floor":7.0,"key":"Matryoshka"},{"floor":9.0,"key":"Boot"},{"floor":9.0,"key":"Tiny Chest"},{"floor":26,"key":"Kunai"},{"floor":26,"key":"PreservedInsect"},{"floor":27,"key":"Dream Catcher"},{"floor":30,"key":"Meat on the Bone"}],"event_choices":[{"damage_healed":77.0,"max_hp_gain":0.0,"max_hp_loss":81.0,"gold_gain":0.0,"event_name":"betterThird:BetterShining","player_choice":"Upgrade","floor":2.0,"gold_loss":0.0,"damage_taken":16.0,"cards_upgraded":["champ:Taunt","champ:Execute"]},{"damage_healed":0.0,"max_hp_gain":0.0,"max_hp_loss":0.0,"gold_gain":0.0,"event_name":"Lab","player_choice":"Got Potions","floor":3.0,"gold_loss":0.0,"damage_taken":0.0},{"cards_removed":["champ:Defend"],"damage_healed":0,"gold_gain":0,"player_choice":"Offered Basic","damage_taken":0,"max_hp_gain":0,"max_hp_loss":0,"event_name":"Bonfire Elementals","floor":19,"gold_loss":0},{"damage_healed":0,"gold_gain":0,"cards_transformed":["champ:Defend","champ:Strike"],"player_choice":"Became Test Subject","damage_taken":0,"max_hp_gain":0,"max_hp_loss":0,"event_name":"Drug Dealer","floor":22,"gold_loss":0,"cards_obtained":["champ:BerserkersShout","champ:MurderStrike"]},{"damage_healed":0,"gold_gain":0,"player_choice":"Max HP","damage_taken":0,"max_hp_gain":0,"max_hp_loss":4,"event_name":"Winding Halls","floor":36,"gold_loss":0},{"damage_healed":0,"gold_gain":0,"player_choice":"Fight","damage_taken":0,"max_hp_gain":0,"max_hp_loss":0,"event_name":"Mysterious Sphere","floor":38,"gold_loss":0}],"is_beta":false,"boss_relics":[{"not_picked":["Astrolabe","Fusion Hammer"],"picked":"Velvet Choker"},{"not_picked":["Runic Pyramid","Black Star"],"picked":"Sozu"}],"items_purged_floors":[20],"is_endless":false,"potions_floor_spawned":[5,10,14,16,21,24,28,35],"killed_by":"2 Orb Walkers","ascension_level":2}}