{"host":"vyjryxuuuxkt43k4","time":1610827397,"event":{"mods":["AchievementEnabler","BaseMod","Colored Map","DeckTracker","Minty Spire (QoL Compilation)","Permanent Neow","Quick Restart","StSLib","SuperFastMode","everything is the same but u backflip on backflip"],"gold_per_floor":[109,119,44,144,164,190,190,209,209,209,239,258,258,278,278,278,278],"floor_reached":16,"language":"KOR","playtime":493,"items_purged":["Strike_R"],"score":157,"play_id":"9b79fb0b-dc94-4625-93ad-1543cc62cc01","local_time":"20210117050317","is_ascension_mode":true,"campfire_choices":[{"floor":7,"key":"REST"},{"floor":10,"key":"REST"},{"floor":15,"key":"REST"}],"circlet_count":0,"master_deck":["Strike_R","Strike_R","Strike_R","Defend_R","Defend_R+1","Defend_R","Bash","Hemokinesis","Clash","Clothesline","Carnage+1","Offering"],"relics":["Burning Blood","Blood Vial","White Beast Statue"],"acts_visited":["Exordium"],"potions_floor_usage":[11,11,14,16],"damage_taken":[{"damage":1,"enemies":"Cultist","floor":1,"turns":3},{"damage":6,"enemies":"Jaw Worm","floor":2,"turns":3},{"damage":0,"enemies":"2 Louse","floor":5,"turns":3},{"damage":53,"enemies":"3 Sentries","floor":6,"turns":10},{"damage":26,"enemies":"Exordium Wildlife","floor":8,"turns":6},{"damage":23,"enemies":"Lagavulin","floor":11,"turns":4},{"damage":7,"enemies":"Red Slaver","floor":12,"turns":3},{"damage":5,"enemies":"Gremlin Gang","floor":14,"turns":5},{"damage":47,"enemies":"Slime Boss","floor":16,"turns":6}],"seed_played":"-3649801000592067050","potions_obtained":[{"floor":1,"key":"SteroidPotion"},{"floor":6,"key":"SkillPotion"},{"floor":12,"key":"SpeedPotion"},{"floor":14,"key":"SpeedPotion"}],"is_trial":false,"path_per_floor":["M","M","$","?","M","E","R","M","T","R","E","M","?","M","R","B"],"character_chosen":"IRONCLAD","items_purchased":[],"campfire_rested":3,"item_purchase_floors":[],"current_hp_per_floor":[56,56,56,56,62,15,39,21,21,45,30,31,15,18,42,0,0],"gold":278,"neow_bonus":"REMOVE_TWO","is_daily":false,"chose_seed":false,"campfire_upgraded":0,"win_rate":0.0,"timestamp":1610827397,"path_taken":["M","M","?","?","M","E","R","M","T","R","E","?","?","M","R","BOSS"],"items_purchased_type":[],"build_version":"2020-12-22","purchased_purges":1,"victory":false,"max_hp_per_floor":[80,80,80,80,80,80,80,80,80,80,80,80,80,80,80,80,80],"card_choices":[{"not_picked":["Metallicize","Battle Trance"],"picked":"Hemokinesis","floor":1},{"not_picked":["Warcry","Rage","Havoc"],"picked":"SKIP","floor":2},{"not_picked":["Entrench","Anger","Havoc"],"picked":"SKIP","floor":5},{"not_picked":["Anger","Heavy Blade"],"picked":"Clash","floor":6},{"not_picked":["Ghostly Armor","Perfected Strike"],"picked":"Clothesline","floor":8},{"not_picked":["Pommel Strike","Clash","Twin Strike"],"picked":"SKIP","floor":11},{"not_picked":["Clothesline","Sentinel"],"picked":"Carnage","floor":12},{"not_picked":["Entrench","Metallicize"],"picked":"Offering","floor":14}],"player_experience":387947,"relics_obtained":[{"floor":6,"key":"Blood Vial"},{"floor":11,"key":"White Beast Statue"}],"event_choices":[{"damage_healed":0,"gold_gain":100,"player_choice":"Pray","damage_taken":0,"max_hp_gain":0,"max_hp_loss":0,"event_name":"Golden Shrine","floor":4,"gold_loss":0},{"damage_healed":0,"gold_gain":0,"player_choice":"Entered Light","damage_taken":16,"max_hp_gain":0,"max_hp_loss":0,"event_name":"Shining Light","floor":13,"gold_loss":0,"cards_upgraded":["Defend_R","Carnage"]}],"is_beta":false,"boss_relics":[],"items_purged_floors":[3],"is_endless":false,"potions_floor_spawned":[1,6,12,14],"killed_by":"Slime Boss","ascension_level":8}}