{"host":"344lv32hnei0mdhu","time":1610763720,"event":{"mods":["Act Like it!","BaseMod","Better Match","Better Sensory Stone","Better Skull","Better Third Choice","Better Vampires","Colored Powertips","Highlight Path","Minty Spire (QoL Compilation)","Quick Restart","Random Character Button","Rare Cards Sparkle","StSLib"],"gold_per_floor":[111,79,4,15,15,15,46,61,61,61,61,61,61,15,15,117,117,134,56,42,42,56,82,7,7,7],"floor_reached":25,"language":"ENG","playtime":1958,"items_purged":["Strike_P"],"score":438,"play_id":"72d54b76-1ba1-4385-aac8-51474d37c3b6","local_time":"20210115202200","is_ascension_mode":true,"campfire_choices":[{"data":"Eruption","floor":6.0,"key":"SMITH"},{"floor":10.0,"key":"DIG"},{"floor":13.0,"key":"RECALL"},{"floor":15.0,"key":"DIG"}],"circlet_count":0,"master_deck":["AscendersBane","Strike_P","Strike_P","Strike_P","Defend_P","Defend_P","Defend_P","Defend_P","Eruption+1","Vigilance","ClearTheMind","Devotion+1","ConjureBlade+1","DevaForm+1","BattleHymn","BowlingBash","Ragnarok","Prostrate","Vault","LikeWater","Fasting2","Halt+1","SpiritShield"],"relics":["PureWater","NeowsBlessing","CaptainsWheel","Shovel","HornCleat","Pantograph","TeardropLocket","Dream Catcher"],"acts_visited":["Exordium","TheCity"],"potions_floor_usage":[23],"damage_taken":[{"damage":0.0,"enemies":"Cultist","floor":1.0,"turns":1.0},{"damage":0.0,"enemies":"Jaw Worm","floor":4.0,"turns":1.0},{"damage":0.0,"enemies":"Gremlin Nob","floor":7.0,"turns":1.0},{"damage":0.0,"enemies":"Small Slimes","floor":8.0,"turns":3.0},{"damage":0.0,"enemies":"Slime Boss","floor":16.0,"turns":6.0},{"damage":0.0,"enemies":"3 Byrds","floor":18.0,"turns":5.0},{"damage":22.0,"enemies":"2 Thieves","floor":20.0,"turns":6.0},{"damage":0.0,"enemies":"Centurion and Healer","floor":22.0,"turns":4.0},{"damage":38,"enemies":"Gremlin Leader","floor":23,"turns":8},{"damage":6,"enemies":"Sentry and Sphere","floor":25,"turns":4}],"seed_played":"-7556951777637118475","potions_obtained":[{"floor":4.0,"key":"Fruit Juice"},{"floor":22.0,"key":"Dexterity Potion"},{"floor":23,"key":"Dexterity Potion"}],"is_trial":false,"path_per_floor":["M","?","?","M","?","R","E","M","T","R","T","?","R","$","R","B",null,"M","$","M","?","M","E","$","M"],"character_chosen":"WATCHER","items_purchased":["Prostrate","Fasting2"],"campfire_rested":0,"item_purchase_floors":[14,19],"current_hp_per_floor":[65,65,65,70,70,70,70,70,70,70,70,70,70,70,70,77,77,77,77,55,41,41,3,3,0,0],"gold":7,"neow_bonus":"THREE_ENEMY_KILL","is_daily":false,"chose_seed":false,"campfire_upgraded":1,"win_rate":0.0,"timestamp":1610763720,"path_taken":["M","?","?","?","?","R","E","M","T","R","?","?","R","$","R","BOSS","M","$","M","?","M","E","$","M"],"items_purchased_type":["Card","Card"],"build_version":"2020-12-22","purchased_purges":1,"victory":false,"max_hp_per_floor":[72,72,72,77,77,77,77,77,77,77,77,77,77,77,77,77,77,77,77,77,82,82,82,82,82,82],"card_choices":[{"not_picked":["PathToVictory","ThirdEye"],"picked":"ClearTheMind","floor":1.0},{"not_picked":["SpiritShield+1","ConjureBlade+1"],"picked":"Devotion+1","floor":3.0},{"not_picked":["Alpha+1","Establishment+1"],"picked":"ConjureBlade+1","floor":3.0},{"not_picked":["Devotion+1","Judgement+1"],"picked":"DevaForm+1","floor":3.0},{"not_picked":["Evaluate","ReachHeaven"],"picked":"BattleHymn","floor":4.0},{"not_picked":["CutThroughFate","Consecrate"],"picked":"BowlingBash","floor":7.0},{"not_picked":["Crescendo","FearNoEvil"],"picked":"Ragnarok","floor":8.0},{"not_picked":["Blasphemy","Wish"],"picked":"Vault","floor":16.0},{"not_picked":["BowlingBash","CarveReality"],"picked":"LikeWater","floor":18.0},{"not_picked":["MentalFortress","FollowUp","Tantrum"],"picked":"SKIP","floor":20.0},{"not_picked":["ThirdEye","CutThroughFate"],"picked":"Halt+1","floor":22.0},{"not_picked":["Sanctity","Perseverance+1"],"picked":"SpiritShield","floor":23}],"player_experience":337669,"relics_obtained":[{"floor":7.0,"key":"CaptainsWheel"},{"floor":9.0,"key":"Shovel"},{"floor":10.0,"key":"HornCleat"},{"floor":11.0,"key":"Pantograph"},{"floor":15.0,"key":"TeardropLocket"},{"floor":23,"key":"Dream Catcher"}],"event_choices":[{"damage_healed":0.0,"max_hp_gain":0.0,"max_hp_loss":0.0,"gold_gain":0.0,"event_name":"betterThird:BetterGoop","player_choice":"Left","floor":2.0,"gold_loss":32.0,"damage_taken":0.0},{"damage_healed":0.0,"max_hp_gain":0.0,"max_hp_loss":0.0,"gold_gain":0.0,"event_name":"betterMatch:BetterMatch","player_choice":"3","floor":3.0,"gold_loss":0.0,"damage_taken":0.0,"cards_obtained":["betterMatch:RareCard"]},{"damage_healed":0.0,"max_hp_gain":0.0,"max_hp_loss":0.0,"gold_gain":0.0,"event_name":"Golden Wing","player_choice":"Ignored","floor":5.0,"gold_loss":0.0,"damage_taken":0.0},{"damage_healed":0.0,"max_hp_gain":0.0,"max_hp_loss":0.0,"gold_gain":1.0,"event_name":"betterStone:BetterStone","player_choice":"1","floor":12.0,"gold_loss":0.0,"damage_taken":0.0},{"damage_healed":0.0,"max_hp_gain":5.0,"max_hp_loss":0.0,"gold_gain":0.0,"event_name":"Forgotten Altar","player_choice":"Shed Blood","floor":21.0,"gold_loss":0.0,"damage_taken":19.0}],"is_beta":false,"boss_relics":[{"not_picked":["Runic Dome","Snecko Eye","Cursed Key"]}],"items_purged_floors":[24],"is_endless":false,"potions_floor_spawned":[4,22,23],"killed_by":"Sentry and Sphere","ascension_level":10}}