{"host":"v54ek091sdz7ha6h","time":1610829322,"event":{"mods":["BaseMod","Better Vampires","Colored Map","Colored Powertips","DeckTracker","Highlight Path","KOR Keyword Fix","Minty Spire (QoL Compilation)","Rare Cards Sparkle","Relic Stats","StSLib","SuperFastMode","everything is the same but u backflip on backflip","slay the spire mod where everything is the same but ironclad has a cowboy hat"],"gold_per_floor":[114,189,202,202,216,216,244,256,280,291,302,302,328,356,368,458,470,495,507,69,87,87,87,116,116,141,174,192,192,204,204,204,204,204],"floor_reached":33,"language":"KOR","playtime":966,"items_purged":[],"score":594,"play_id":"0be29816-9fcc-4ce7-ad93-eb19c8bf1de2","local_time":"20210117053522","is_ascension_mode":true,"campfire_choices":[{"data":"Underhanded Strike","floor":6.0,"key":"SMITH"},{"floor":12.0,"key":"REST"},{"data":"Underhanded Strike","floor":15.0,"key":"SMITH"},{"data":"Burst","floor":23.0,"key":"SMITH"},{"data":"Prepared","floor":25.0,"key":"SMITH"},{"data":"Doppelganger","floor":29.0,"key":"SMITH"},{"data":"Blade Dance","floor":32.0,"key":"SMITH"}],"circlet_count":0,"master_deck":["AscendersBane","Strike_G","Strike_G","Strike_G+1","Defend_G","Defend_G","Defend_G","Defend_G","Survivor","Neutralize","Doppelganger+1","Caltrops","Underhanded Strike+1","Quick Slash+1","Dagger Throw","Tactician","Dagger Spray","Underhanded Strike+1","Dash","Prepared+1","Burst+1","Leg Sweep","Blade Dance+1","PiercingWail+1","Writhe"],"relics":["Ring of the Snake","Toy Ornithopter","Blood Vial","MawBank","HoveringKite","OrangePellets","Ornamental Fan","Eternal Feather","Strawberry","Ninja Scroll","Peace Pipe"],"acts_visited":["Exordium","TheCity"],"potions_floor_usage":[33],"damage_taken":[{"damage":10.0,"enemies":"Small Slimes","floor":1.0,"turns":5.0},{"damage":0.0,"enemies":"2 Louse","floor":3.0,"turns":2.0},{"damage":0.0,"enemies":"Cultist","floor":5.0,"turns":2.0},{"damage":12.0,"enemies":"Lagavulin","floor":7.0,"turns":7.0},{"damage":5.0,"enemies":"Exordium Wildlife","floor":8.0,"turns":3.0},{"damage":4.0,"enemies":"Blue Slaver","floor":10.0,"turns":3.0},{"damage":10.0,"enemies":"Red Slaver","floor":11.0,"turns":3.0},{"damage":25.0,"enemies":"3 Sentries","floor":13.0,"turns":6.0},{"damage":1.0,"enemies":"Looter","floor":14.0,"turns":3.0},{"damage":19.0,"enemies":"The Guardian","floor":16.0,"turns":10.0},{"damage":25.0,"enemies":"Shell Parasite","floor":18.0,"turns":8.0},{"damage":0.0,"enemies":"Spheric Guardian","floor":21.0,"turns":3.0},{"damage":7.0,"enemies":"Book of Stabbing","floor":24.0,"turns":5.0},{"damage":34.0,"enemies":"Gremlin Leader","floor":27.0,"turns":9.0},{"damage":15.0,"enemies":"Snake Plant","floor":28.0,"turns":6.0},{"damage":2.0,"enemies":"Cultist and Chosen","floor":30.0,"turns":5.0},{"damage":65,"enemies":"Collector","floor":33,"turns":6}],"seed_played":"409380434513286962","potions_obtained":[{"floor":5.0,"key":"Regen Potion"},{"floor":7.0,"key":"CunningPotion"},{"floor":13.0,"key":"ColorlessPotion"},{"floor":14.0,"key":"SkillPotion"},{"floor":16.0,"key":"Fire Potion"},{"floor":18.0,"key":"Strength Potion"},{"floor":22.0,"key":"SkillPotion"},{"floor":24.0,"key":"Block Potion"},{"floor":27.0,"key":"Fire Potion"},{"floor":30.0,"key":"GamblersBrew"}],"is_trial":false,"path_per_floor":["M","?","M","?","M","R","E","M","T","M","M","R","E","M","R","B",null,"M","?","$","M","?","R","E","R","T","E","M","R","M","?","R","B"],"character_chosen":"THE_SILENT","items_purchased":["OrangePellets","Ornamental Fan"],"campfire_rested":1,"item_purchase_floors":[20,20],"current_hp_per_floor":[49,38,38,20,20,20,23,23,23,21,13,31,8,9,9,2,46,23,23,23,30,30,30,30,42,49,27,14,26,31,31,46,0,0],"gold":204,"neow_bonus":"TRANSFORM_TWO_CARDS","is_daily":false,"chose_seed":false,"campfire_upgraded":6,"win_rate":0.0,"timestamp":1610829322,"path_taken":["M","?","M","?","M","R","E","M","T","M","M","R","E","M","R","BOSS","M","?","$","M","?","R","E","R","T","E","M","R","?","?","R","BOSS"],"items_purchased_type":["Relic","Relic"],"build_version":"2020-12-22","purchased_purges":0,"victory":false,"max_hp_per_floor":[60,60,60,60,60,60,60,60,60,60,60,60,60,60,60,60,60,60,60,60,60,60,60,60,60,67,67,67,67,67,67,67,67,67],"relic_stats":{"Blood Vial":24,"Peace Pipe":0,"OrangePellets":[2],"counters":[17,86],"Ornamental Fan":[128],"HoveringKite":[22],"Eternal Feather":39,"MawBank":84,"obtain_stats":[{"Blood Vial":9,"Peace Pipe":31,"OrangePellets":20,"Ornamental Fan":20,"Ninja Scroll":27,"Strawberry":26,"HoveringKite":17,"Eternal Feather":24,"MawBank":13,"Toy Ornithopter":7,"Ring of the Snake":0},{"Blood Vial":5,"Peace Pipe":16,"OrangePellets":11,"Ornamental Fan":11,"Ninja Scroll":14,"Strawberry":13,"HoveringKite":10,"Eternal Feather":13,"MawBank":8,"Toy Ornithopter":4,"Ring of the Snake":0},{"Blood Vial":19,"Peace Pipe":80,"OrangePellets":52,"Ornamental Fan":52,"Ninja Scroll":69,"Strawberry":60,"HoveringKite":44,"Eternal Feather":60,"MawBank":31,"Toy Ornithopter":16,"Ring of the Snake":0}],"Toy Ornithopter":45,"Ring of the Snake":[34]},"card_choices":[{"not_picked":["Flying Knee","Finisher"],"picked":"Underhanded Strike","floor":1.0},{"not_picked":["Blade Dance","Quick Slash","Well Laid Plans"],"picked":"SKIP","floor":3.0},{"not_picked":["Blade Dance","Well Laid Plans"],"picked":"Quick Slash","floor":3.0},{"not_picked":["Setup","Terror"],"picked":"Dagger Throw","floor":5.0},{"not_picked":["Flechettes","Blade Dance"],"picked":"Tactician","floor":7.0},{"not_picked":["Envenom","Slice","Backflip"],"picked":"SKIP","floor":8.0},{"not_picked":["Endless Agony","Quick Slash"],"picked":"Dagger Spray","floor":10.0},{"not_picked":["Slice","Backflip"],"picked":"Underhanded Strike","floor":11.0},{"not_picked":["Flechettes","Distraction"],"picked":"Dash","floor":13.0},{"not_picked":["Flying Knee","Tactician"],"picked":"Prepared","floor":14.0},{"not_picked":["Die Die Die","Glass Knife"],"picked":"Burst","floor":16.0},{"not_picked":["Heel Hook","Endless Agony"],"picked":"Leg Sweep","floor":18.0},{"not_picked":["Eviscerate","Outmaneuver"],"picked":"Blade Dance","floor":21.0},{"not_picked":["Expertise","Dash"],"picked":"PiercingWail+1","floor":24.0},{"not_picked":["Quick Slash","Prepared","Glass Knife"],"picked":"SKIP","floor":27.0},{"not_picked":["Dagger Spray","Deadly Poison","Quick Slash"],"picked":"SKIP","floor":28.0},{"not_picked":["Sucker Punch","Underhanded Strike","Quick Slash"],"picked":"SKIP","floor":30.0}],"player_experience":1446212,"relics_obtained":[{"floor":7.0,"key":"Toy Ornithopter"},{"floor":9.0,"key":"Blood Vial"},{"floor":13.0,"key":"MawBank"},{"floor":24.0,"key":"Eternal Feather"},{"floor":26.0,"key":"Strawberry"},{"floor":27.0,"key":"Ninja Scroll"}],"event_choices":[{"damage_healed":0.0,"max_hp_gain":0.0,"max_hp_loss":0.0,"gold_gain":75.0,"event_name":"World of Goop","player_choice":"Gather Gold","floor":2.0,"gold_loss":0.0,"damage_taken":11.0},{"damage_healed":0.0,"max_hp_gain":0.0,"max_hp_loss":0.0,"gold_gain":0.0,"event_name":"Shining Light","player_choice":"Entered Light","floor":4.0,"gold_loss":0.0,"damage_taken":18.0,"cards_upgraded":["Quick Slash","Strike_G"]},{"cards_removed":["Strike_G"],"damage_healed":0.0,"max_hp_gain":0.0,"max_hp_loss":0.0,"gold_gain":0.0,"event_name":"Back to Basics","player_choice":"Elegance","floor":19.0,"gold_loss":0.0,"damage_taken":0.0},{"damage_healed":0.0,"max_hp_gain":0.0,"max_hp_loss":0.0,"gold_gain":0.0,"event_name":"Lab","player_choice":"Got Potions","floor":22.0,"gold_loss":0.0,"damage_taken":0.0},{"damage_healed":0.0,"max_hp_gain":0.0,"max_hp_loss":0.0,"gold_gain":0.0,"event_name":"The Mausoleum","player_choice":"Opened","floor":31.0,"gold_loss":0.0,"damage_taken":0.0,"relics_obtained":["Peace Pipe"],"cards_obtained":["Writhe"]}],"is_beta":false,"boss_relics":[{"not_picked":["Velvet Choker","SlaversCollar"],"picked":"HoveringKite"}],"items_purged_floors":[],"is_endless":false,"potions_floor_spawned":[5,7,13,14,16,18,24,27,30],"killed_by":"Collector","ascension_level":20}}