{"host":"qgrlfjrqk9z96gfi","time":1610837272,"event":{"mods":["BaseMod","Block Reminder","Colored Map","Custom Start","DeckTracker","Minty Spire (QoL Compilation)"],"gold_per_floor":[110,130,145,35,35,64,64,83,83,83,102,135,21,34,34,113,163,134,134,134,148,166,166,186,199,273,15,28,56,70,70,70],"floor_reached":31,"language":"ENG","playtime":1215,"items_purged":[],"score":542,"play_id":"fed18e0f-3c1b-4356-8952-d7d6c2e4a389","local_time":"20210116124752","is_ascension_mode":true,"campfire_choices":[{"floor":7.0,"key":"REST"},{"floor":10.0,"key":"REST"},{"floor":15.0,"key":"REST"},{"floor":23.0,"key":"REST"}],"circlet_count":0,"master_deck":["AscendersBane","Strike_G","Strike_G","Strike_G","Strike_G","Strike_G","Defend_G","Defend_G","Defend_G","Defend_G","Defend_G","Survivor","Neutralize","Eviscerate+1","Dagger Spray+1","Backstab","Noxious Fumes","Prepared+1","Deadly Poison","Leg Sweep","Underhanded Strike","Dash+1","Well Laid Plans","Underhanded Strike","Prepared","Terror","PiercingWail","Dagger Throw","Backflip","Footwork","Dodge and Roll+1"],"relics":["Fusion Hammer","Vajra","Pantograph","Pocketwatch","Tiny House","Enchiridion","Meat on the Bone","Whetstone","Tiny Chest"],"acts_visited":["Exordium","TheCity"],"potions_floor_usage":[25,31,31],"damage_taken":[{"damage":6.0,"enemies":"Cultist","floor":1.0,"turns":5.0},{"damage":5.0,"enemies":"Small Slimes","floor":2.0,"turns":3.0},{"damage":0.0,"enemies":"2 Louse","floor":3.0,"turns":2.0},{"damage":21.0,"enemies":"3 Sentries","floor":6.0,"turns":7.0},{"damage":4.0,"enemies":"Blue Slaver","floor":8.0,"turns":2.0},{"damage":19.0,"enemies":"Gremlin Gang","floor":11.0,"turns":5.0},{"damage":36.0,"enemies":"Gremlin Nob","floor":12.0,"turns":4.0},{"damage":0.0,"enemies":"Large Slime","floor":14.0,"turns":1.0},{"damage":7.0,"enemies":"The Guardian","floor":16.0,"turns":9.0},{"damage":9.0,"enemies":"2 Thieves","floor":18.0,"turns":4.0},{"damage":7.0,"enemies":"Chosen","floor":21.0,"turns":4.0},{"damage":10.0,"enemies":"Snecko","floor":22.0,"turns":5.0},{"damage":7.0,"enemies":"Snake Plant","floor":24.0,"turns":4.0},{"damage":8,"enemies":"Chosen and Byrds","floor":25,"turns":6},{"damage":6,"enemies":"Centurion and Healer","floor":28,"turns":4},{"damage":25,"enemies":"Book of Stabbing","floor":29,"turns":6},{"damage":10,"enemies":"Cultist and Chosen","floor":30,"turns":7},{"damage":25,"enemies":"Gremlin Leader","floor":31,"turns":4}],"seed_played":"4920918005314754416","potions_obtained":[{"floor":1.0,"key":"Energy Potion"},{"floor":2.0,"key":"LiquidMemories"},{"floor":12.0,"key":"DuplicationPotion"},{"floor":14.0,"key":"AttackPotion"},{"floor":21.0,"key":"BlessingOfTheForge"},{"floor":29,"key":"CultistPotion"},{"floor":30,"key":"Strength Potion"}],"is_trial":false,"path_per_floor":["M","M","M","$","?","E","R","M","T","R","M","E","$","M","R","B",null,"M","?","?","M","M","R","M","M","T","$","M","E","M","E"],"character_chosen":"THE_SILENT","items_purchased":["Noxious Fumes","Prepared","Well Laid Plans","Underhanded Strike","Footwork","Whetstone"],"campfire_rested":4,"item_purchase_floors":[4,4,13,13,27,27],"current_hp_per_floor":[53,48,48,48,48,27,46,42,42,61,42,6,6,6,25,43,65,56,35,35,28,18,39,32,24,24,24,30,17,19,0,0],"gold":70,"neow_bonus":"BOSS_RELIC","is_daily":false,"chose_seed":false,"campfire_upgraded":0,"win_rate":0.0,"timestamp":1610837272,"path_taken":["M","?","M","$","?","E","R","M","T","R","?","E","$","M","R","BOSS","M","?","?","M","M","R","M","M","T","$","M","E","M","E"],"items_purchased_type":["Card","Card","Card","Card","Card","Relic"],"build_version":"2020-12-22","purchased_purges":0,"victory":false,"max_hp_per_floor":[66,66,66,66,66,66,66,66,66,66,66,66,66,66,66,66,71,71,71,71,71,71,71,71,71,71,71,71,71,71,71,71],"card_choices":[{"not_picked":["Flechettes","Dodge and Roll"],"picked":"Eviscerate","floor":1.0},{"not_picked":["Distraction","Finisher"],"picked":"Dagger Spray","floor":2.0},{"not_picked":["Acrobatics","Blade Dance"],"picked":"Backstab","floor":3.0},{"not_picked":["Deflect","Outmaneuver"],"picked":"Deadly Poison","floor":6.0},{"not_picked":["Setup","Reflex"],"picked":"Leg Sweep","floor":8.0},{"not_picked":["Deflect","Calculated Gamble"],"picked":"Underhanded Strike","floor":11.0},{"not_picked":["Poisoned Stab","Backflip"],"picked":"Dash","floor":12.0},{"not_picked":["Skewer","Underhanded Strike"],"picked":"Prepared","floor":14.0},{"not_picked":["Bane","Slice","Grand Finale"],"picked":"SKIP","floor":18.0},{"not_picked":["Masterful Stab","Acrobatics"],"picked":"PiercingWail","floor":21.0},{"not_picked":["Finisher","Slice"],"picked":"Dagger Throw","floor":22.0},{"not_picked":["Cloak And Dagger","Slice","Infinite Blades+1"],"picked":"SKIP","floor":24},{"not_picked":["Dagger Spray","Poisoned Stab"],"picked":"Backflip","floor":25},{"not_picked":["Dash","Cloak And Dagger"],"picked":"Dodge and Roll+1","floor":28},{"not_picked":["Poisoned Stab","Flechettes","Backflip"],"picked":"SKIP","floor":29},{"not_picked":["Underhanded Strike","Dodge and Roll","Glass Knife"],"picked":"SKIP","floor":30}],"player_experience":1016329,"relics_obtained":[{"floor":6.0,"key":"Vajra"},{"floor":9.0,"key":"Pantograph"},{"floor":12.0,"key":"Pocketwatch"},{"floor":19.0,"key":"Enchiridion"},{"floor":26,"key":"Meat on the Bone"},{"floor":29,"key":"Tiny Chest"}],"event_choices":[{"damage_healed":0.0,"max_hp_gain":0.0,"max_hp_loss":0.0,"gold_gain":0.0,"event_name":"Upgrade Shrine","player_choice":"Upgraded","floor":5.0,"gold_loss":0.0,"damage_taken":0.0,"cards_upgraded":["Eviscerate"]},{"damage_healed":0.0,"max_hp_gain":0.0,"max_hp_loss":0.0,"gold_gain":0.0,"event_name":"Cursed Tome","player_choice":"Obtained Book","floor":19.0,"gold_loss":0.0,"damage_taken":21.0},{"damage_healed":0.0,"max_hp_gain":0.0,"max_hp_loss":0.0,"gold_gain":0.0,"event_name":"The Library","player_choice":"Read","floor":20.0,"gold_loss":0.0,"damage_taken":0.0,"cards_obtained":["Terror"]}],"is_beta":false,"boss_relics":[{"not_picked":["Philosopher\u0027s Stone","Runic Dome"],"picked":"Tiny House"}],"items_purged_floors":[],"is_endless":false,"potions_floor_spawned":[1,2,12,14,21,22,29,30],"killed_by":"Gremlin Leader","ascension_level":20}}