{"host":"byo4257mpp7krjml","time":1610825040,"event":{"mods":["BaseMod","Beaked The Cultist","Colored Map","Dio Mod","Googly Eyes","Hermit","Infinite Spire","Mad Scientist","Minty Spire (QoL Compilation)","Replay The Spire","StSLib","The Hayseed","The IronCluck","The Mystic"],"gold_per_floor":[116,133,133,150,161,161,193,193,220,240,250,263,316,328,328,426,426,426,426],"floor_reached":18,"language":"ENG","playtime":1656,"items_purged":[],"score":166,"play_id":"fe556589-88f2-44de-bcfb-73f418de7dbe","local_time":"20210116142400","is_ascension_mode":false,"campfire_choices":[{"data":"beaked:Brace","floor":6,"key":"SMITH"},{"data":"beaked:Foresight","floor":8,"key":"SMITH"},{"data":"beaked:Brace","floor":15,"key":"SMITH"}],"circlet_count":0,"master_deck":["beaked:Strike_Y","beaked:Defend_Y","beaked:Defend_Y","beaked:Defend_Y","beaked:Defend_Y","beaked:Ceremony","beaked:Ceremony","beaked:Ceremony","beaked:Foresight+1","beaked:WindBringer","beaked:Insight","beaked:Brace+1","beaked:WarriorEssence","beaked:Brace+1","beaked:MachineSpirit","beaked:Sacrifice","beaked:BloodForTheGods+1","beaked:Flinch+1","beaked:WildInstinct+1"],"relics":["beaked:MendingPlumage","Blue Doll","beaked:ThroatLozenge","Bronze Scales","Astrolabe"],"acts_visited":["Exordium","TheCity"],"potions_floor_usage":[14],"damage_taken":[{"damage":38,"enemies":"infinitespire:Voidling","floor":1,"turns":8},{"damage":6,"enemies":"Jaw Worm","floor":2,"turns":6},{"damage":5,"enemies":"Cultist","floor":4,"turns":5},{"damage":10,"enemies":"Looter","floor":5,"turns":4},{"damage":31,"enemies":"Lagavulin","floor":7,"turns":7},{"damage":13,"enemies":"2 Fungi Beasts","floor":10,"turns":4},{"damage":6,"enemies":"Blue Slaver","floor":11,"turns":10},{"damage":47,"enemies":"Gremlin Gang","floor":12,"turns":9},{"damage":8,"enemies":"3 Louse","floor":14,"turns":3},{"damage":14,"enemies":"Slime Boss","floor":16,"turns":9},{"damage":31,"enemies":"Spheric Guardian","floor":18,"turns":5}],"seed_played":"6865261107672765422","potions_obtained":[{"floor":2,"key":"AttackPotion"},{"floor":7,"key":"SteroidPotion"},{"floor":11,"key":"DuplicationPotion"},{"floor":13,"key":"Strength Potion"},{"floor":16,"key":"LifebloodPotion"}],"is_trial":false,"path_per_floor":["M","M","?","M","M","R","E","R","T","M","M","M","?","M","R","B",null,"M"],"character_chosen":"BEAKED_THE_CULTIST","items_purchased":[],"campfire_rested":0,"item_purchase_floors":[],"current_hp_per_floor":[49,50,50,50,48,48,28,28,28,29,50,26,6,9,9,29,50,50,50],"gold":426,"neow_bonus":"REMOVE_CARD","is_daily":false,"chose_seed":false,"campfire_upgraded":3,"win_rate":0.0,"timestamp":1610825040,"path_taken":["M","?","?","?","M","R","E","R","T","M","M","M","?","?","R","BOSS","M"],"items_purchased_type":[],"build_version":"2020-12-22","purchased_purges":0,"victory":false,"max_hp_per_floor":[50,50,50,50,50,50,50,50,50,50,50,50,50,50,50,50,50,50,50],"card_choices":[{"not_picked":["beaked:RitualOfBody","beaked:Evade"],"picked":"beaked:Foresight","floor":1},{"not_picked":["beaked:Tweet","beaked:Poke"],"picked":"beaked:WindBringer","floor":2},{"not_picked":["beaked:DigDeep","beaked:Struggle"],"picked":"beaked:Insight","floor":4},{"not_picked":["beaked:RitualOfBody","beaked:Foresight"],"picked":"beaked:Brace","floor":5},{"not_picked":["beaked:BounceBack","beaked:BarbedWire","beaked:Tradeoff"],"picked":"SKIP","floor":7},{"not_picked":["beaked:Daydream","beaked:SurvivalInstinct"],"picked":"beaked:WarriorEssence","floor":10},{"not_picked":["beaked:WarriorEssence","beaked:SurvivalInstinct"],"picked":"beaked:Brace","floor":11},{"not_picked":["beaked:Molting","beaked:VigorBurst"],"picked":"beaked:MachineSpirit","floor":12},{"not_picked":["beaked:VigorBurst","beaked:Overexert","beaked:SurvivalInstinct"],"picked":"SKIP","floor":14},{"not_picked":["beaked:VolatileMisfortune","beaked:KnowThyFoe"],"picked":"beaked:Sacrifice","floor":16}],"player_experience":111458,"relics_obtained":[{"floor":7,"key":"Blue Doll"},{"floor":9,"key":"beaked:ThroatLozenge"},{"floor":13,"key":"Bronze Scales"}],"event_choices":[{"cards_removed":["beaked:Strike_Y"],"damage_healed":0,"gold_gain":0,"player_choice":"Offered Basic","damage_taken":0,"max_hp_gain":0,"max_hp_loss":0,"event_name":"Bonfire Elementals","floor":3,"gold_loss":0}],"is_beta":false,"boss_relics":[{"not_picked":["Fusion Hammer","Snecko Eye"],"picked":"Astrolabe"}],"items_purged_floors":[],"is_endless":false,"potions_floor_spawned":[2,7,11,12,16],"killed_by":"Spheric Guardian","ascension_level":0}}