{"host":"640uue19m79c7wbt","time":1610833401,"event":{"mods":["BaseMod","Colored Map","Googly Eyes","Highlight Path","Minty Spire (QoL Compilation)","Quick Restart","StSLib"],"gold_per_floor":[118,118,293,72,147,490,490,523,549,649,649,126,141,175,175,299,299,323,347,50,63,81,115,115,150,195,195,208,208,123,163,163,292,292,308,641,135,180,200,230,248,248,248,248,263,297,308,337,337,337],"floor_reached":51,"language":"ENG","playtime":2962,"items_purged":["Strike_G","Doubt","Outmaneuver+1"],"score":1326,"play_id":"baecab58-d28a-498b-b436-0f09038cc573","local_time":"20210116164321","is_ascension_mode":true,"campfire_choices":[{"data":"Tactician","floor":7.0,"key":"SMITH"},{"floor":11.0,"key":"REST"},{"data":"Predator","floor":15.0,"key":"SMITH"},{"floor":29,"key":"REST"},{"floor":32,"key":"REST"},{"data":"Tools of the Trade","floor":42,"key":"SMITH"},{"data":"Night Terror","floor":44,"key":"SMITH"},{"data":"Sadistic Nature","floor":49,"key":"SMITH"}],"circlet_count":0,"master_deck":["AscendersBane","Survivor","Neutralize","Dagger Throw","Tactician+1","Wraith Form v2","Underhanded Strike","Predator+1","Cloak And Dagger","Prepared","Distraction","Night Terror+1","Terror","Tools of the Trade+1","Footwork","Blade Dance","Blade Dance","Bullet Time","Flying Knee","Crippling Poison+1","Glass Knife","Concentrate+1","Heel Hook","Reflex","Acrobatics","Reflex+1","Caltrops+1","A Thousand Cuts","Phantasmal Killer","CurseOfTheBell","Underhanded Strike+1","Accuracy","Sadistic Nature+1","Skewer","Cloak And Dagger","Riddle With Holes","Underhanded Strike+1","Well Laid Plans+1","Accuracy+1","Accuracy+1","Unload"],"relics":["Ring of the Snake","NeowsBlessing","Old Coin","White Beast Statue","Anchor","Bird Faced Urn","Incense Burner","Pandora\u0027s Box","Gambling Chip","Calipers","Toy Ornithopter","Thread and Needle","MealTicket","Letter Opener","Ancient Tea Set","Calling Bell","Orichalcum","Paper Crane","Unceasing Top","CaptainsWheel","Vajra","StoneCalendar","Eternal Feather","War Paint"],"acts_visited":["Exordium","TheCity","TheBeyond"],"potions_floor_usage":[28,28,31,33,35,38,39,40,41,41,45,50,50,50],"damage_taken":[{"damage":0.0,"enemies":"Small Slimes","floor":1.0,"turns":1.0},{"damage":0.0,"enemies":"3 Sentries","floor":6.0,"turns":1.0},{"damage":0.0,"enemies":"Gremlin Nob","floor":8.0,"turns":1.0},{"damage":0.0,"enemies":"Jaw Worm","floor":13.0,"turns":3.0},{"damage":17.0,"enemies":"3 Sentries","floor":14.0,"turns":7.0},{"damage":24.0,"enemies":"Hexaghost","floor":16.0,"turns":9.0},{"damage":6.0,"enemies":"2 Thieves","floor":18.0,"turns":3.0},{"damage":1.0,"enemies":"Spheric Guardian","floor":19.0,"turns":3.0},{"damage":9.0,"enemies":"Cultist and Chosen","floor":21.0,"turns":7.0},{"damage":0.0,"enemies":"Snake Plant","floor":22.0,"turns":1.0},{"damage":29.0,"enemies":"Book of Stabbing","floor":23.0,"turns":5.0},{"damage":22.0,"enemies":"Slavers","floor":25.0,"turns":4.0},{"damage":2,"enemies":"3 Cultists","floor":28,"turns":4},{"damage":19,"enemies":"Gremlin Leader","floor":31,"turns":5},{"damage":62,"enemies":"Automaton","floor":33,"turns":7},{"damage":11,"enemies":"3 Shapes","floor":35,"turns":5},{"damage":16,"enemies":"2 Orb Walkers","floor":38,"turns":6},{"damage":0,"enemies":"Orb Walker","floor":39,"turns":3},{"damage":10,"enemies":"Reptomancer","floor":40,"turns":4},{"damage":3,"enemies":"Maw","floor":41,"turns":6},{"damage":18,"enemies":"Spire Growth","floor":45,"turns":4},{"damage":8,"enemies":"Nemesis","floor":46,"turns":5},{"damage":13,"enemies":"Sphere and 2 Shapes","floor":47,"turns":5},{"damage":0,"enemies":"Reptomancer","floor":48,"turns":6},{"damage":33,"enemies":"Time Eater","floor":50,"turns":9}],"seed_played":"-4074554767317714972","potions_obtained":[{"floor":1.0,"key":"Fire Potion"},{"floor":13.0,"key":"Swift Potion"},{"floor":14.0,"key":"DistilledChaos"},{"floor":16.0,"key":"BlessingOfTheForge"},{"floor":18.0,"key":"SteroidPotion"},{"floor":19.0,"key":"LiquidMemories"},{"floor":21.0,"key":"Poison Potion"},{"floor":22.0,"key":"Strength Potion"},{"floor":23.0,"key":"Energy Potion"},{"floor":25.0,"key":"LiquidMemories"},{"floor":28,"key":"Strength Potion"},{"floor":31,"key":"BlessingOfTheForge"},{"floor":33,"key":"SkillPotion"},{"floor":35,"key":"SpeedPotion"},{"floor":38,"key":"DistilledChaos"},{"floor":39,"key":"Poison Potion"},{"floor":40,"key":"EntropicBrew"},{"floor":41,"key":"FearPotion"},{"floor":45,"key":"LiquidMemories"},{"floor":46,"key":"Strength Potion"},{"floor":48,"key":"Dexterity Potion"}],"is_trial":false,"path_per_floor":["M","?","?","$","?","E","R","E","T","?","R","$","M","E","R","B",null,"M","M","$","M","M","E","?","E","T","?","M","R","?","E","R","B",null,"M","?","$","?","M","E","M","R","T","R","M","E","M","E","R","B",null],"character_chosen":"THE_SILENT","items_purchased":["Tactician","Wraith Form v2","Bird Faced Urn","Predator","Cloak And Dagger","Gambling Chip","Accuracy","Sadistic Nature","Skewer","Cloak And Dagger"],"campfire_rested":3,"item_purchase_floors":[4,4,12,12,12,20,37,37,37,37],"current_hp_per_floor":[63,46,46,46,35,35,35,35,35,35,56,56,56,39,39,15,56,54,57,57,56,58,33,33,13,13,13,25,46,46,38,59,12,56,56,56,70,61,70,62,70,70,70,70,52,60,57,70,70,44],"gold":337,"neow_bonus":"THREE_ENEMY_KILL","is_daily":false,"chose_seed":false,"campfire_upgraded":5,"win_rate":0.0,"timestamp":1610833401,"path_taken":["M","?","?","$","?","E","R","E","T","?","R","$","M","E","R","BOSS","M","M","$","M","M","E","?","E","T","?","?","R","?","E","R","BOSS","M","?","$","?","M","E","M","R","T","R","M","E","M","E","R","BOSS"],"items_purchased_type":["Card","Card","Relic","Card","Card","Relic","Card","Card","Card","Card"],"build_version":"2020-12-22","purchased_purges":3,"victory":true,"max_hp_per_floor":[70,70,70,70,70,70,70,70,70,70,70,70,70,70,70,70,70,70,70,70,70,70,70,70,70,70,70,70,70,70,70,70,70,70,70,70,70,70,70,70,70,70,70,70,70,70,70,70,70,70],"card_choices":[{"not_picked":["Prepared","All Out Attack"],"picked":"Dagger Throw","floor":1.0},{"not_picked":["Deflect","Reflex"],"picked":"Underhanded Strike","floor":6.0},{"not_picked":["Setup","Bane","Dodge and Roll"],"picked":"SKIP","floor":8.0},{"not_picked":["Flechettes","Predator"],"picked":"Prepared","floor":13.0},{"not_picked":["Quick Slash","Poisoned Stab"],"picked":"Distraction","floor":14.0},{"not_picked":["A Thousand Cuts","Burst"],"picked":"Night Terror","floor":16.0},{"not_picked":["Prepared","Bane+1"],"picked":"Concentrate","floor":18.0},{"not_picked":["Dash+1","Underhanded Strike"],"picked":"Outmaneuver+1","floor":19.0},{"not_picked":["Deflect","Dodge and Roll"],"picked":"Heel Hook","floor":21.0},{"not_picked":["Backflip","Dagger Spray+1"],"picked":"Reflex","floor":22.0},{"not_picked":["Heel Hook","Prepared"],"picked":"Acrobatics","floor":23.0},{"not_picked":["Poisoned Stab","Masterful Stab"],"picked":"Reflex+1","floor":25.0},{"not_picked":["PiercingWail","Deflect"],"picked":"Caltrops+1","floor":28},{"not_picked":["Slice+1","Poisoned Stab"],"picked":"A Thousand Cuts","floor":31},{"not_picked":["A Thousand Cuts","Die Die Die"],"picked":"Phantasmal Killer","floor":33},{"not_picked":["Noxious Fumes","Deadly Poison"],"picked":"Underhanded Strike+1","floor":35},{"not_picked":["Slice+1","Backstab"],"picked":"Riddle With Holes","floor":38},{"not_picked":["Quick Slash","Flying Knee+1"],"picked":"Underhanded Strike+1","floor":39},{"not_picked":["Predator+1","Blur+1"],"picked":"Well Laid Plans+1","floor":40},{"not_picked":["Slice","Blade Dance+1","Bane"],"picked":"SKIP","floor":41},{"not_picked":["Infinite Blades","Tactician"],"picked":"Accuracy+1","floor":45},{"not_picked":["Dodge and Roll","Backflip"],"picked":"Accuracy+1","floor":46},{"not_picked":["Blade Dance+1","Deflect","Acrobatics+1"],"picked":"SKIP","floor":47},{"not_picked":["Backflip+1","Quick Slash+1"],"picked":"Unload","floor":48}],"player_experience":589348,"relics_obtained":[{"floor":6.0,"key":"Old Coin"},{"floor":8.0,"key":"White Beast Statue"},{"floor":9.0,"key":"Anchor"},{"floor":14.0,"key":"Incense Burner"},{"floor":23.0,"key":"Calipers"},{"floor":25.0,"key":"Thread and Needle"},{"floor":26.0,"key":"MealTicket"},{"floor":31,"key":"Ancient Tea Set"},{"floor":34,"key":"Orichalcum"},{"floor":34,"key":"Paper Crane"},{"floor":34,"key":"Unceasing Top"},{"floor":38,"key":"CaptainsWheel"},{"floor":40,"key":"Vajra"},{"floor":43,"key":"StoneCalendar"},{"floor":46,"key":"Eternal Feather"},{"floor":48,"key":"War Paint"}],"event_choices":[{"damage_healed":0.0,"max_hp_gain":0.0,"max_hp_loss":0.0,"gold_gain":0.0,"event_name":"Golden Idol","player_choice":"Take Damage","floor":2.0,"gold_loss":0.0,"damage_taken":17.0,"relics_obtained":["Golden Idol"]},{"damage_healed":0.0,"max_hp_gain":0.0,"max_hp_loss":0.0,"gold_gain":175.0,"event_name":"Liars Game","player_choice":"AGREE","floor":3.0,"gold_loss":0.0,"damage_taken":0.0,"cards_obtained":["Doubt"]},{"damage_healed":0.0,"max_hp_gain":0.0,"max_hp_loss":0.0,"gold_gain":75.0,"event_name":"World of Goop","player_choice":"Gather Gold","floor":5.0,"gold_loss":0.0,"damage_taken":11.0},{"damage_healed":0.0,"max_hp_gain":0.0,"max_hp_loss":0.0,"gold_gain":100.0,"event_name":"Golden Shrine","player_choice":"Pray","floor":10.0,"gold_loss":0.0,"damage_taken":0.0},{"damage_healed":0.0,"max_hp_gain":0.0,"max_hp_loss":0.0,"gold_gain":0.0,"event_name":"The Mausoleum","player_choice":"Opened","floor":24.0,"gold_loss":0.0,"damage_taken":0.0,"relics_obtained":["Toy Ornithopter"],"cards_obtained":["Writhe"]},{"cards_removed":["Writhe"],"damage_healed":0.0,"max_hp_gain":0.0,"max_hp_loss":0.0,"gold_gain":0.0,"event_name":"Fountain of Cleansing","player_choice":"Removed Curses","floor":27.0,"gold_loss":0.0,"damage_taken":0.0},{"damage_healed":0,"gold_gain":0,"player_choice":"Obtained Relic","damage_taken":0,"relics_obtained":["Letter Opener"],"max_hp_gain":0,"max_hp_loss":0,"event_name":"Addict","floor":30,"gold_loss":85},{"damage_healed":0,"gold_gain":333,"player_choice":"Gave Idol","damage_taken":0,"max_hp_gain":0,"max_hp_loss":0,"event_name":"The Moai Head","floor":36,"relics_lost":["Golden Idol"],"gold_loss":0},{"damage_healed":0,"gold_gain":0,"player_choice":"Fight","damage_taken":0,"max_hp_gain":0,"max_hp_loss":0,"event_name":"Mysterious Sphere","floor":38,"gold_loss":0}],"is_beta":false,"boss_relics":[{"not_picked":["Runic Dome","Coffee Dripper"],"picked":"Pandora\u0027s Box"},{"not_picked":["Tiny House","Philosopher\u0027s Stone"],"picked":"Calling Bell"}],"items_purged_floors":[4,12,37],"is_endless":false,"potions_floor_spawned":[1,13,14,16,18,19,21,22,23,25,28,31,33,35,38,39,40,41,45,46,47,48],"ascension_level":10}}