{"host":"w9yruvs4bqht6bhw","time":1610811237,"event":{"mods":["BaseMod","Colored Powertips","Minty Spire (QoL Compilation)"],"gold_per_floor":[118,130,147,157,157,157,176,176,200,216,216,226,259,44,44,146,146,161,161,175,175,195,195,195],"floor_reached":23,"language":"ENG","playtime":783,"items_purged":[],"score":355,"play_id":"8ea19211-d9e8-44bb-80c4-ac7cbf73b787","local_time":"20210116103357","is_ascension_mode":true,"campfire_choices":[{"data":"Armaments","floor":6,"key":"SMITH"},{"floor":8,"key":"REST"},{"floor":11,"key":"REST"},{"floor":15,"key":"REST"}],"circlet_count":0,"master_deck":["Strike_R","Strike_R","Strike_R","Strike_R","Strike_R","Defend_R","Defend_R","Defend_R","Defend_R","Bash","Anger","Disarm","Armaments+1","Pommel Strike","Shrug It Off","True Grit","Inflame","Battle Trance","Pommel Strike","Whirlwind","Disarm","Limit Break","Headbutt","Iron Wave+1"],"relics":["Burning Blood","Tiny Chest","Boot","Orrery","Toy Ornithopter"],"acts_visited":["Exordium","TheCity"],"potions_floor_usage":[16,16,22],"damage_taken":[{"damage":6,"enemies":"Cultist","floor":1,"turns":3},{"damage":1,"enemies":"Small Slimes","floor":2,"turns":3},{"damage":3,"enemies":"2 Louse","floor":3,"turns":3},{"damage":26,"enemies":"Lots of Slimes","floor":4,"turns":6},{"damage":37,"enemies":"Exordium Thugs","floor":7,"turns":6},{"damage":22,"enemies":"Exordium Wildlife","floor":10,"turns":4},{"damage":20,"enemies":"Lots of Slimes","floor":12,"turns":3},{"damage":29,"enemies":"Gremlin Nob","floor":13,"turns":4},{"damage":0,"enemies":"Hexaghost","floor":16,"turns":6},{"damage":6,"enemies":"3 Byrds","floor":18,"turns":5},{"damage":24,"enemies":"Chosen","floor":20,"turns":8},{"damage":58,"enemies":"3 Cultists","floor":22,"turns":6},{"damage":22,"enemies":"Slavers","floor":23,"turns":1}],"seed_played":"8351527985631692602","potions_obtained":[{"floor":4,"key":"GamblersBrew"},{"floor":5,"key":"SpeedPotion"},{"floor":5,"key":"CultistPotion"},{"floor":5,"key":"LiquidMemories"},{"floor":10,"key":"ColorlessPotion"},{"floor":16,"key":"CultistPotion"},{"floor":20,"key":"ElixirPotion"}],"is_trial":false,"path_per_floor":["M","M","M","M","?","R","M","R","T","M","R","M","E","$","R","B",null,"M","?","M","T","M","E"],"character_chosen":"IRONCLAD","items_purchased":["Orrery","Disarm"],"campfire_rested":3,"item_purchase_floors":[14,14],"current_hp_per_floor":[80,85,88,68,68,68,37,63,63,47,73,59,36,36,62,68,83,83,83,65,65,18,0,0],"gold":195,"neow_bonus":"TEN_PERCENT_HP_BONUS","is_daily":false,"chose_seed":false,"campfire_upgraded":1,"win_rate":0.0,"timestamp":1610811237,"path_taken":["M","?","M","M","?","R","M","R","T","?","R","M","E","?","R","BOSS","M","?","M","?","?","E"],"items_purchased_type":["Relic","Card"],"build_version":"2020-12-22","purchased_purges":0,"victory":false,"max_hp_per_floor":[88,88,88,88,88,88,88,88,88,88,88,88,88,88,88,88,88,88,88,88,88,88,88,88],"card_choices":[{"not_picked":["Warcry","Body Slam"],"picked":"Anger","floor":1},{"not_picked":["Evolve","Rage","Sever Soul"],"picked":"SKIP","floor":2},{"not_picked":["Sword Boomerang","Offering"],"picked":"Disarm","floor":3},{"not_picked":["Anger","Cleave"],"picked":"Armaments","floor":4},{"not_picked":["Twin Strike","Cleave"],"picked":"Pommel Strike","floor":7},{"not_picked":["Flex","Body Slam","Dual Wield"],"picked":"SKIP","floor":10},{"not_picked":["Clothesline","Anger"],"picked":"Shrug It Off","floor":12},{"not_picked":["Power Through","Twin Strike"],"picked":"True Grit","floor":13},{"not_picked":["Dark Embrace","Brutality"],"picked":"Inflame","floor":14},{"not_picked":["Heavy Blade","Wild Strike"],"picked":"Battle Trance","floor":14},{"not_picked":["Sword Boomerang","Armaments"],"picked":"Pommel Strike","floor":14},{"not_picked":["Clash","Body Slam"],"picked":"Whirlwind","floor":14},{"not_picked":["Feed","Fiend Fire"],"picked":"Limit Break","floor":16},{"not_picked":["Anger","Pommel Strike"],"picked":"Headbutt","floor":18},{"not_picked":["Wild Strike+1","Infernal Blade+1"],"picked":"Iron Wave+1","floor":20},{"not_picked":["Armaments","Carnage+1","Power Through"],"picked":"SKIP","floor":22}],"player_experience":397600,"relics_obtained":[{"floor":9,"key":"Tiny Chest"},{"floor":13,"key":"Boot"},{"floor":21,"key":"Toy Ornithopter"}],"event_choices":[{"damage_healed":0,"gold_gain":0,"player_choice":"Got Potions","damage_taken":0,"max_hp_gain":0,"max_hp_loss":0,"event_name":"Lab","floor":5,"gold_loss":0},{"damage_healed":0,"gold_gain":0,"player_choice":"0 cards matched","damage_taken":0,"max_hp_gain":0,"max_hp_loss":0,"event_name":"Match and Keep!","floor":19,"gold_loss":0,"cards_obtained":[]}],"is_beta":false,"boss_relics":[{"not_picked":["Runic Dome","Mark of Pain","Pandora\u0027s Box"]}],"items_purged_floors":[],"is_endless":false,"potions_floor_spawned":[4,7,10,16,20],"killed_by":"Slavers","ascension_level":9}}