{"host":"ied4ms9juizrl48v","time":1610823906,"event":{"mods":["BaseMod","Block Reminder","Colored Map","Colored Powertips","DeckTracker","Highlight Path","Minty Spire (QoL Compilation)","Quick Restart","Random Character Button","StSLib","SuperFastMode"],"gold_per_floor":[119,138,213,3,36,62,62,111,111,111,111,134,198,214,214,309,309,357,357,406,406,406],"floor_reached":21,"language":"JPN","playtime":2505,"items_purged":[],"score":398,"play_id":"7d3f844d-ca91-4456-b865-f3adf65c7d21","local_time":"20210117040506","is_ascension_mode":true,"campfire_choices":[{"data":"Skewer","floor":7,"key":"SMITH"},{"data":"HandOfGreed","floor":11,"key":"SMITH"},{"floor":15,"key":"REST"}],"circlet_count":0,"master_deck":["AscendersBane","Strike_G","Strike_G","Strike_G","Strike_G","Strike_G","Defend_G","Defend_G","Defend_G","Defend_G","Defend_G","Survivor","Neutralize","Underhanded Strike","Skewer+1","HandOfGreed+1","All Out Attack","Dash","Noxious Fumes","Outmaneuver","Die Die Die","Tactician","After Image+1","Deadly Poison","Dash"],"relics":["Runic Pyramid","Question Card","CaptainsWheel","Golden Idol","Boot","Sozu"],"acts_visited":["Exordium","TheCity"],"potions_floor_usage":[6,13],"damage_taken":[{"damage":0.0,"enemies":"2 Louse","floor":1.0,"turns":3.0},{"damage":0.0,"enemies":"Small Slimes","floor":2.0,"turns":5.0},{"damage":0.0,"enemies":"Cultist","floor":5.0,"turns":3.0},{"damage":8,"enemies":"Gremlin Nob","floor":6,"turns":3},{"damage":19,"enemies":"Lagavulin","floor":8,"turns":7},{"damage":0,"enemies":"2 Fungi Beasts","floor":12,"turns":2},{"damage":3,"enemies":"Gremlin Nob","floor":13,"turns":3},{"damage":0,"enemies":"Exordium Wildlife","floor":14,"turns":2},{"damage":25,"enemies":"The Guardian","floor":16,"turns":12},{"damage":13,"enemies":"Shell Parasite","floor":18,"turns":4},{"damage":29,"enemies":"2 Thieves","floor":20,"turns":3},{"damage":10,"enemies":"Centurion and Healer","floor":21,"turns":1}],"seed_played":"7000400224953038758","potions_obtained":[{"floor":1.0,"key":"Strength Potion"},{"floor":8,"key":"FearPotion"},{"floor":14,"key":"Energy Potion"},{"floor":16,"key":"PowerPotion"}],"is_trial":false,"path_per_floor":["M","M","?","$","M","E","R","E","T","?","R","M","E","M","R","B",null,"M","?","M","M"],"character_chosen":"THE_SILENT","items_purchased":["HandOfGreed"],"campfire_rested":1,"item_purchase_floors":[4],"current_hp_per_floor":[59,59,48,48,48,40,40,21,21,21,21,21,18,18,36,11,48,35,35,6,0,0],"gold":406,"neow_bonus":"BOSS_RELIC","is_daily":false,"chose_seed":false,"campfire_upgraded":2,"win_rate":0.0,"timestamp":1610823906,"path_taken":["M","M","?","$","M","E","R","E","T","?","R","M","E","M","R","BOSS","M","?","?","M"],"items_purchased_type":["Card"],"build_version":"2020-12-22","purchased_purges":0,"victory":false,"max_hp_per_floor":[66,66,66,66,66,66,66,66,66,60,60,60,60,60,60,60,60,60,60,60,60,60],"card_choices":[{"not_picked":["Reflex","Setup"],"picked":"Underhanded Strike","floor":1.0},{"not_picked":["Dagger Throw","Deflect"],"picked":"Skewer","floor":2.0},{"not_picked":["Prepared","Infinite Blades"],"picked":"All Out Attack","floor":5.0},{"not_picked":["Heel Hook","Deflect"],"picked":"Dash","floor":6},{"not_picked":["Crippling Poison","PiercingWail","Predator"],"picked":"Noxious Fumes","floor":8},{"not_picked":["Blade Dance","Slice","Expertise"],"picked":"Outmaneuver","floor":12},{"not_picked":["Distraction","Catalyst","Deflect"],"picked":"Die Die Die","floor":13},{"not_picked":["Underhanded Strike","Distraction","Endless Agony"],"picked":"Tactician","floor":14},{"not_picked":["Glass Knife","Phantasmal Killer","Corpse Explosion"],"picked":"After Image","floor":16},{"not_picked":["Deflect","Underhanded Strike","Accuracy"],"picked":"Deadly Poison","floor":18},{"not_picked":["Slice","Accuracy","Blade Dance"],"picked":"Dash","floor":20}],"player_experience":9199,"relics_obtained":[{"floor":6,"key":"Question Card"},{"floor":8,"key":"CaptainsWheel"},{"floor":13,"key":"Boot"}],"event_choices":[{"damage_healed":0.0,"max_hp_gain":0.0,"max_hp_loss":0.0,"gold_gain":75.0,"event_name":"World of Goop","player_choice":"Gather Gold","floor":3.0,"gold_loss":0.0,"damage_taken":11.0},{"damage_healed":0,"gold_gain":0,"player_choice":"Lose Max HP","damage_taken":0,"relics_obtained":["Golden Idol"],"max_hp_gain":0,"max_hp_loss":6,"event_name":"Golden Idol","floor":10,"gold_loss":0},{"damage_healed":0,"gold_gain":0,"player_choice":"Upgraded","damage_taken":0,"max_hp_gain":0,"max_hp_loss":0,"event_name":"Upgrade Shrine","floor":19,"gold_loss":0,"cards_upgraded":["After Image"]}],"is_beta":false,"boss_relics":[{"not_picked":["Busted Crown","WristBlade"],"picked":"Sozu"}],"items_purged_floors":[],"is_endless":false,"potions_floor_spawned":[1,8,14,16],"killed_by":"Centurion and Healer","ascension_level":20}}