{"host":"wkcoec525dnrk4jw","time":1610808026,"event":{"mods":["ATMod(°¢èªMod)","Aspiration","BaseMod","Challenge The Spire","Conspire","Energized Spire","Minty Spire (QoL Compilation)","Quick Restart","Replay The Spire","Shop Mod","Spicy Shops","StSLib","TestMod","[IsaacMod]ÒÔÈö¼âËþ","vexMod","¡¾ÒÅÎï¿¨ÅÆ¡¿REMEMod"],"gold_per_floor":[166,24,67,105,105,105,105],"floor_reached":6,"language":"ZHS","playtime":606,"items_purged":["Normality"],"score":41,"play_id":"0e44d84d-d032-4f6b-8f2f-a711c23f06ea","local_time":"20210116224026","is_ascension_mode":true,"campfire_choices":[],"circlet_count":0,"master_deck":["Strike_P","Strike_P","Strike_P","Strike_P","Defend_P","Defend_P","Defend_P","Defend_P","Eruption","Vigilance","AT_ShadowStep","Wish","BowlingBash","CrushJoints","ReachHeaven","testmod-Librarian"],"relics":["PureWater","HushsDoor","AT_ATBox","testmod-TestBox","REME_ComplimentaryCards","testmod-LifeArmor","AnarchistCookbook","aspiration:Nostalgia","Replay:M_SmolderingBlood","ReplayTheSpireMod:CursedCoin","Durian"],"acts_visited":["Exordium"],"potions_floor_usage":[],"damage_taken":[{"damage":9.0,"enemies":"2 Louse","floor":1.0,"turns":5.0},{"damage":1.0,"enemies":"Cultist","floor":3.0,"turns":3.0},{"damage":2.0,"enemies":"Small Slimes","floor":4.0,"turns":3.0},{"damage":15,"enemies":"Lagavulin","floor":6,"turns":5}],"seed_played":"3727856338527177846","potions_obtained":[{"floor":3.0,"key":"Regen Potion"},{"floor":4.0,"key":"Swift Potion"}],"is_trial":false,"path_per_floor":["M","$","M","M","?","E"],"character_chosen":"WATCHER","items_purchased":["ReplayTheSpireMod:CursedCoin","Durian","CrushJoints"],"campfire_rested":0,"item_purchase_floors":[2,2,2],"current_hp_per_floor":[63,68,67,65,65,40,40],"gold":105,"neow_bonus":"NOSTALGIA","is_daily":false,"chose_seed":false,"campfire_upgraded":0,"win_rate":0.0,"timestamp":1610808026,"path_taken":["M","$","M","M","?","E"],"items_purchased_type":["Relic","Relic","Card"],"build_version":"2020-12-22","purchased_purges":1,"victory":false,"max_hp_per_floor":[72,77,77,77,77,77,77],"card_choices":[{"not_picked":[],"picked":"SuicideKing","floor":0.0},{"not_picked":["Replay:ManipulateFuture","Crescendo"],"picked":"BowlingBash","floor":1.0},{"not_picked":["Replay:AtTheReady","FollowUp"],"picked":"Bomb","floor":3.0},{"not_picked":["FearNoEvil","Protect"],"picked":"ReachHeaven","floor":4.0}],"player_experience":223446,"relics_obtained":[],"event_choices":[{"damage_healed":0,"gold_gain":0,"cards_transformed":["SuicideKing"],"player_choice":"Transformed","damage_taken":0,"max_hp_gain":0,"max_hp_loss":0,"event_name":"Transmorgrifier","floor":5,"gold_loss":0,"cards_obtained":["testmod-Librarian"]}],"is_beta":false,"boss_relics":[],"items_purged_floors":[2],"is_endless":false,"potions_floor_spawned":[3,4],"killed_by":"Lagavulin","ascension_level":3}}