{"host":"kiauivt48syq9iz6","time":1610829490,"event":{"mods":["A Magickal Journey","BaseMod","Conspire","Downfall","Hermit","Minty Spire (QoL Compilation)","SIMod","Somnambulant","StSLib","The Animator","The Construct","The Cursed","The Disciple","The Forsaken","The Judge","The Marked","The Runesmith","The Servant 0.9.4","The Spell Scribe"],"gold_per_floor":[112,187,187,213,236,248,276,288,354,366,402,430,442,474,486,594,606,636,667,679,707,3,36,36,49,49,49,62,75,75,117,117,222,222,238,5,20,20,36,36,65,83,83,36,51,0,0,20,20,20],"floor_reached":51,"language":"ENG","playtime":2369,"items_purged":[],"score":716,"play_id":"61d4982c-887c-4e23-b62c-364a56547913","local_time":"20210116133810","is_ascension_mode":false,"campfire_choices":[{"data":"Armaments","floor":6,"key":"SMITH"},{"data":"Armaments","floor":10,"key":"SMITH"},{"data":"Berserk","floor":15,"key":"SMITH"},{"floor":24,"key":"REST"},{"floor":27,"key":"REST"},{"data":"Barricade","floor":30,"key":"SMITH"},{"floor":32,"key":"REST"},{"data":"Metallicize","floor":40,"key":"SMITH"},{"floor":49,"key":"REST"}],"circlet_count":0,"master_deck":["Strike_R","Strike_R","Strike_R","Defend_R","Defend_R","Bash","conspire:ExplosiveBarrier","Armaments+1","Impervious","Armaments+1","Pommel Strike","Berserk+1","Metallicize+1","conspire:Purge","Shrug It Off","True Grit+1","Barricade+1","Flex","Intimidate+1","Flame Barrier","Cleave","Bludgeon","Disarm","Seeing Red","Dual Wield","Cleave","Iron Wave","Headbutt+1","Impervious","Thunderclap+1","Disarm","Metallicize+1","Bloodletting","conspire:Charge+1","Shrug It Off","Clothesline"],"relics":["Burning Blood","MawBank","Omamori","Pen Nib","Calling Bell","conspire:TopHat","Mercury Hourglass","Gambling Chip","Orrery","Red Skull","Champion Belt","Bronze Scales","Torii","theForsaken:Lifeblossom","Busted Crown","Oddly Smooth Stone","Happy Flower","Juzu Bracelet","Red Mask"],"acts_visited":["Exordium","TheCity","TheBeyond"],"potions_floor_usage":[18,18,23,31,33,41,42,45],"damage_taken":[{"damage":2,"enemies":"2 Louse","floor":1,"turns":4},{"damage":0,"enemies":"Small Slimes","floor":4,"turns":4},{"damage":4,"enemies":"Cultist","floor":5,"turns":5},{"damage":2,"enemies":"Exordium Thugs","floor":7,"turns":6},{"damage":0,"enemies":"Gremlin Gang","floor":12,"turns":10},{"damage":1,"enemies":"2 Fungi Beasts","floor":14,"turns":4},{"damage":32,"enemies":"Hexaghost","floor":16,"turns":14},{"damage":16,"enemies":"Spheric Guardian","floor":18,"turns":4},{"damage":14,"enemies":"3 Byrds","floor":19,"turns":8},{"damage":8,"enemies":"Shelled Parasite and Fungi","floor":21,"turns":10},{"damage":31,"enemies":"Slavers","floor":23,"turns":6},{"damage":1,"enemies":"Centurion and Healer","floor":25,"turns":8},{"damage":16,"enemies":"3 Cultists","floor":28,"turns":4},{"damage":1,"enemies":"Snake Plant","floor":29,"turns":5},{"damage":16,"enemies":"conspire:MimicChest","floor":31,"turns":11},{"damage":33,"enemies":"Champ","floor":33,"turns":13},{"damage":5,"enemies":"Orb Walker","floor":35,"turns":7},{"damage":15,"enemies":"3 Shapes","floor":37,"turns":4},{"damage":14,"enemies":"3 Darklings","floor":39,"turns":6},{"damage":9,"enemies":"Nemesis","floor":41,"turns":9},{"damage":5,"enemies":"Spire Growth","floor":42,"turns":9},{"damage":21,"enemies":"Jaw Worm Horde","floor":45,"turns":6},{"damage":12,"enemies":"Transient","floor":48,"turns":5},{"damage":42,"enemies":"Donu and Deca","floor":50,"turns":13}],"seed_played":"-1579584208524402686","potions_obtained":[{"floor":1,"key":"PowerPotion"},{"floor":7,"key":"Explosive Potion"},{"floor":16,"key":"Fire Potion"},{"floor":18,"key":"Strength Potion"},{"floor":23,"key":"sneckomod:MuddlingPotion"},{"floor":28,"key":"SteroidPotion"},{"floor":31,"key":"PowerPotion"},{"floor":33,"key":"LiquidMemories"},{"floor":35,"key":"EssenceOfSteel"},{"floor":41,"key":"SkillPotion"},{"floor":42,"key":"sneckomod:MuddlingPotion"},{"floor":48,"key":"SpeedPotion"}],"is_trial":false,"path_per_floor":["M","?","?","M","M","R","M","$","T","R","T","M","$","M","R","B",null,"M","M","?","M","$","E","R","M","T","R","M","M","R","?","R","B",null,"M","$","M","?","M","R","E","M","T","$","M","?","$","M","R","B",null],"character_chosen":"IRONCLAD","items_purchased":["Orrery","Red Skull","Champion Belt","Disarm","Seeing Red","Oddly Smooth Stone","Disarm","Shrug It Off"],"campfire_rested":4,"item_purchase_floors":[22,22,22,22,22,36,36,44],"current_hp_per_floor":[80,69,69,75,77,77,80,80,80,80,80,80,80,80,80,54,80,70,62,62,60,60,35,59,64,64,80,70,75,75,65,80,56,80,80,80,74,74,72,72,75,80,80,80,66,66,66,66,80,45],"gold":20,"neow_bonus":"THREE_CARDS","is_daily":false,"chose_seed":false,"campfire_upgraded":5,"win_rate":0.0,"timestamp":1610829490,"path_taken":["M","?","?","M","?","R","M","$","T","R","?","M","?","?","R","BOSS","M","M","?","M","$","E","R","M","T","R","M","M","R","?","R","BOSS","M","$","M","?","?","R","E","M","T","?","M","?","?","M","R","BOSS"],"items_purchased_type":["Relic","Relic","Relic","Card","Card","Relic","Card","Card"],"build_version":"2020-12-22","purchased_purges":0,"victory":true,"max_hp_per_floor":[80,80,80,80,80,80,80,80,80,80,80,80,80,80,80,80,80,80,80,80,80,80,80,80,80,80,80,80,80,80,80,80,80,80,80,80,80,80,80,80,80,80,80,80,80,80,80,80,80,80],"card_choices":[{"not_picked":["Intimidate","Searing Blow"],"picked":"conspire:ExplosiveBarrier","floor":0},{"not_picked":["Rampage","Heavy Blade"],"picked":"Armaments","floor":1},{"not_picked":["Body Slam","Thunderclap"],"picked":"Impervious","floor":4},{"not_picked":["Perfected Strike","Clash"],"picked":"Armaments","floor":5},{"not_picked":["Burning Pact","Armaments"],"picked":"Pommel Strike","floor":7},{"not_picked":["Seeing Red","Iron Wave"],"picked":"Berserk","floor":12},{"not_picked":["True Grit","Flex"],"picked":"Metallicize","floor":14},{"not_picked":["Fiend Fire","Offering"],"picked":"conspire:Purge","floor":16},{"not_picked":["Carnage","Reckless Charge"],"picked":"Shrug It Off","floor":18},{"not_picked":["Intimidate","Dual Wield"],"picked":"True Grit+1","floor":19},{"not_picked":["Heavy Blade+1","Intimidate+1"],"picked":"Barricade","floor":21},{"not_picked":["Clash","Perfected Strike+1"],"picked":"Flex","floor":22},{"not_picked":["Combust","Headbutt"],"picked":"Intimidate+1","floor":22},{"not_picked":["Shrug It Off+1","Flex"],"picked":"Flame Barrier","floor":22},{"not_picked":["conspire:ExplosiveBarrier+1","Carnage"],"picked":"Cleave","floor":22},{"not_picked":["Seeing Red","Headbutt"],"picked":"Bludgeon","floor":22},{"not_picked":["Warcry","Armaments"],"picked":"Dual Wield","floor":23},{"not_picked":["Clash","Blood for Blood"],"picked":"Cleave","floor":25},{"not_picked":["Cleave","conspire:ExplosiveBarrier+1"],"picked":"Iron Wave","floor":28},{"not_picked":["Limit Break","Heavy Blade"],"picked":"Headbutt+1","floor":29},{"not_picked":["Demon Form","Offering"],"picked":"Impervious","floor":33},{"not_picked":[],"picked":"Thunderclap+1","floor":35},{"not_picked":["True Grit"],"picked":"SKIP","floor":37},{"not_picked":[],"picked":"Metallicize+1","floor":39},{"not_picked":[],"picked":"Bloodletting","floor":41},{"not_picked":[],"picked":"conspire:Charge+1","floor":42},{"not_picked":["Perfected Strike"],"picked":"SKIP","floor":45},{"not_picked":[],"picked":"Clothesline","floor":48}],"player_experience":165279,"relics_obtained":[{"floor":9,"key":"Omamori"},{"floor":11,"key":"Pen Nib"},{"floor":17,"key":"conspire:TopHat"},{"floor":17,"key":"Mercury Hourglass"},{"floor":17,"key":"Gambling Chip"},{"floor":23,"key":"Bronze Scales"},{"floor":26,"key":"Torii"},{"floor":31,"key":"theForsaken:Lifeblossom"},{"floor":41,"key":"Happy Flower"},{"floor":43,"key":"Juzu Bracelet"}],"event_choices":[{"damage_healed":0,"gold_gain":75,"player_choice":"Gather Gold","damage_taken":11,"max_hp_gain":0,"max_hp_loss":0,"event_name":"World of Goop","floor":2,"gold_loss":0},{"damage_healed":0,"gold_gain":0,"player_choice":"Gave Potion","damage_taken":0,"relics_obtained":["MawBank"],"max_hp_gain":0,"max_hp_loss":0,"event_name":"WeMeetAgain","floor":3,"gold_loss":0},{"damage_healed":0,"gold_gain":0,"player_choice":"Ignored","damage_taken":0,"max_hp_gain":0,"max_hp_loss":0,"event_name":"SecretPortal","floor":38,"gold_loss":0},{"damage_healed":0,"gold_gain":0,"player_choice":"Paid","damage_taken":0,"relics_obtained":["Red Mask"],"max_hp_gain":0,"max_hp_loss":0,"event_name":"Tomb of Lord Red Mask","floor":46,"gold_loss":51}],"is_beta":false,"boss_relics":[{"not_picked":["Sozu","conspire:RoyalGoblet"],"picked":"Calling Bell"},{"not_picked":["Runic Cube","Runic Pyramid"],"picked":"Busted Crown"}],"items_purged_floors":[],"is_endless":false,"potions_floor_spawned":[1,7,16,18,23,28,31,33,35,41,42,48],"ascension_level":0}}