{"host":"2yhbarjh4s9lrrzt","time":1610762193,"event":{"mods":["BaseMod","Better Third Choice","Minty Spire (QoL Compilation)","Replay The Spire","StSLib"],"gold_per_floor":[113,123,11,11,11,11,23,23,48,60,33,48,59,73,73,177,177,117,117,117,128,7,7,18,18,18],"floor_reached":25,"language":"ENG","playtime":1854,"items_purged":[],"score":193,"play_id":"5642064c-406d-4168-a2e9-050c6502b40e","local_time":"20210115205633","is_ascension_mode":false,"campfire_choices":[{"floor":6,"key":"RECALL"},{"floor":8,"key":"REST"},{"floor":23,"key":"REST"}],"circlet_count":0,"master_deck":["Strike_P","Strike_P","Strike_P","Defend_P","Defend_P","Defend_P","Eruption","Vigilance","Scrawl","Tantrum","Collect","SignatureMove","Nirvana","WheelKick","Replay:Anticipation","ClearTheMind","EmptyBody","Prostrate+1","DeceiveReality","Alpha","EmptyMind","Halt","MentalFortress","Replay:ManipulateFuture","FlurryOfBlows"],"relics":["PureWater","Damaru","Black Star"],"acts_visited":["Exordium","TheCity"],"potions_floor_usage":[13,16,24,25],"damage_taken":[{"damage":3,"enemies":"Cultist","floor":1,"turns":5},{"damage":0,"enemies":"2 Louse","floor":2,"turns":2},{"damage":9,"enemies":"Small Slimes","floor":7,"turns":3},{"damage":16,"enemies":"Blue Slaver","floor":10,"turns":4},{"damage":50,"enemies":"Gremlin Gang","floor":12,"turns":8},{"damage":2,"enemies":"3 Louse","floor":13,"turns":4},{"damage":0,"enemies":"Lots of Slimes","floor":14,"turns":4},{"damage":9,"enemies":"Hexaghost","floor":16,"turns":15},{"damage":26,"enemies":"2 Thieves","floor":18,"turns":4},{"damage":25,"enemies":"3 Byrds","floor":21,"turns":5},{"damage":29,"enemies":"Centurion and Healer","floor":24,"turns":7},{"damage":18,"enemies":"Slavers","floor":25,"turns":4}],"seed_played":"6466345697255994013","potions_obtained":[{"floor":12,"key":"Block Potion"},{"floor":13,"key":"Elixir"},{"floor":16,"key":"Energy Potion"},{"floor":21,"key":"Milkshake"}],"is_trial":false,"path_per_floor":["M","M","$","?","$","R","M","R","T","M","$","M","M","M","R","B",null,"M","?","?","M","$","R","M","E"],"character_chosen":"WATCHER","items_purchased":["SignatureMove","Nirvana","ClearTheMind","MentalFortress","Replay:ManipulateFuture","Elixir"],"campfire_rested":2,"item_purchase_floors":[3,3,11,22,22,22],"current_hp_per_floor":[69,69,69,69,69,69,60,72,72,56,56,6,4,4,25,16,72,46,46,46,21,21,42,13,0,0],"gold":18,"neow_bonus":"ONE_RANDOM_RARE_CARD","is_daily":false,"chose_seed":false,"campfire_upgraded":0,"win_rate":0.0,"timestamp":1610762193,"path_taken":["M","?","$","?","?","R","M","R","T","M","$","?","M","M","R","BOSS","M","?","?","M","$","R","M","E"],"items_purchased_type":["Card","Card","Card","Card","Card","Potion"],"build_version":"2020-12-22","purchased_purges":0,"victory":false,"max_hp_per_floor":[72,72,72,72,72,72,72,72,72,72,72,72,72,72,72,72,72,72,72,72,72,72,72,72,72,72],"card_choices":[{"not_picked":["Consecrate","FollowUp"],"picked":"Tantrum","floor":1},{"not_picked":["Study","Sanctity"],"picked":"Collect","floor":2},{"not_picked":["Replay:Cycle","FlyingSleeves"],"picked":"WheelKick","floor":7},{"not_picked":["JustLucky","Weave"],"picked":"Replay:Anticipation","floor":10},{"not_picked":["Consecrate","Sanctity"],"picked":"EmptyBody","floor":12},{"not_picked":["Consecrate","FollowUp"],"picked":"Prostrate","floor":13},{"not_picked":["Ragnarok","FlurryOfBlows"],"picked":"DeceiveReality","floor":14},{"not_picked":["Omniscience","Ragnarok"],"picked":"Alpha","floor":16},{"not_picked":["Consecrate","Crescendo"],"picked":"EmptyMind","floor":18},{"not_picked":["SandsOfTime","Replay:AtTheReady"],"picked":"Halt","floor":21},{"not_picked":["JustLucky","FlyingSleeves"],"picked":"FlurryOfBlows","floor":24}],"player_experience":215243,"relics_obtained":[{"floor":9,"key":"Damaru"}],"event_choices":[{"cards_removed":["Defend_P"],"damage_healed":0,"gold_gain":0,"player_choice":"Purged","damage_taken":0,"max_hp_gain":0,"max_hp_loss":0,"event_name":"Purifier","floor":4,"gold_loss":0},{"damage_healed":0,"gold_gain":0,"player_choice":"Ignored","damage_taken":0,"max_hp_gain":0,"max_hp_loss":0,"event_name":"Vampires","floor":19,"gold_loss":0},{"cards_removed":["Strike_P"],"damage_healed":0,"gold_gain":0,"player_choice":"Purged","damage_taken":0,"max_hp_gain":0,"max_hp_loss":0,"event_name":"Purifier","floor":20,"gold_loss":0}],"is_beta":false,"boss_relics":[{"not_picked":["Runic Pyramid","Velvet Choker"],"picked":"Black Star"}],"items_purged_floors":[],"is_endless":false,"potions_floor_spawned":[12,13,16,21],"killed_by":"Slavers","ascension_level":0}}