{"host":"6azrrw3tf7wb0f4b","time":1610769250,"event":{"mods":["BaseMod","DeckTracker","Minty Spire (QoL Compilation)","SuperFastMode"],"gold_per_floor":[114,155,155,195,46,46,84,141,141,192,215,26,68,68,68,164,164,189,189],"floor_reached":18,"language":"KOR","playtime":777,"items_purged":["Strike_P"],"score":342,"play_id":"df981c8d-b439-43c3-bff8-ed4c4ab5018e","local_time":"20210116125410","is_ascension_mode":true,"campfire_choices":[{"data":"Eruption","floor":6.0,"key":"SMITH"},{"floor":15.0,"key":"REST"}],"circlet_count":0,"master_deck":["AscendersBane","Strike_P","Strike_P","Strike_P","Defend_P","Defend_P","Defend_P","Defend_P","Eruption+1","Vigilance","Wish","SashWhip","EmptyFist","FlurryOfBlows","MentalFortress","Halt","DeusExMachina","WindmillStrike","LessonLearned+1"],"relics":["PureWater","Vajra","MawBank","PreservedInsect","Molten Egg 2","Philosopher\u0027s Stone"],"acts_visited":["Exordium","TheCity"],"potions_floor_usage":[16],"damage_taken":[{"damage":0.0,"enemies":"2 Louse","floor":1.0,"turns":2.0},{"damage":1.0,"enemies":"Jaw Worm","floor":2.0,"turns":5.0},{"damage":3.0,"enemies":"Cultist","floor":4.0,"turns":4.0},{"damage":4.0,"enemies":"Exordium Wildlife","floor":7.0,"turns":5.0},{"damage":17.0,"enemies":"3 Sentries","floor":8.0,"turns":6.0},{"damage":6.0,"enemies":"Looter","floor":10.0,"turns":4.0},{"damage":6.0,"enemies":"Lots of Slimes","floor":11.0,"turns":4.0},{"damage":0.0,"enemies":"Exordium Wildlife","floor":13.0,"turns":3.0},{"damage":0,"enemies":"Slime Boss","floor":16,"turns":7},{"damage":67,"enemies":"3 Byrds","floor":18,"turns":4}],"seed_played":"4441850422872889964","potions_obtained":[{"floor":1.0,"key":"Block Potion"},{"floor":4.0,"key":"Dexterity Potion"},{"floor":10.0,"key":"EntropicBrew"}],"is_trial":false,"path_per_floor":["M","M","?","M","$","R","M","E","T","M","M","$","M","T","R","B",null,"M"],"character_chosen":"WATCHER","items_purchased":["MentalFortress","PreservedInsect","PowerPotion"],"campfire_rested":1,"item_purchase_floors":[5,12,12],"current_hp_per_floor":[47,46,51,48,48,48,44,27,27,21,15,15,15,15,38,38,67,0,0],"gold":189,"neow_bonus":"THREE_RARE_CARDS","is_daily":false,"chose_seed":false,"campfire_upgraded":1,"win_rate":0.0,"timestamp":1610769250,"path_taken":["M","M","?","M","?","R","M","E","T","M","M","$","M","?","R","BOSS","M"],"items_purchased_type":["Card","Relic","Potion"],"build_version":"2020-12-22","purchased_purges":1,"victory":false,"max_hp_per_floor":[72,72,77,77,77,77,77,77,77,77,77,77,77,77,77,77,77,77,77],"card_choices":[{"not_picked":["Establishment","Alpha"],"picked":"Wish","floor":0.0},{"not_picked":["Weave","JustLucky"],"picked":"SashWhip","floor":1.0},{"not_picked":["SignatureMove","ThirdEye"],"picked":"EmptyFist","floor":2.0},{"not_picked":["Sanctity","FlyingSleeves"],"picked":"FlurryOfBlows","floor":4.0},{"not_picked":["JustLucky","Fasting2","EmptyFist"],"picked":"SKIP","floor":7.0},{"not_picked":["EmptyFist","Conclude"],"picked":"Halt","floor":8.0},{"not_picked":["Sanctity","Halt"],"picked":"DeusExMachina","floor":10.0},{"not_picked":["ClearTheMind","Indignation","Consecrate"],"picked":"SKIP","floor":11.0},{"not_picked":["Weave","Indignation"],"picked":"WindmillStrike","floor":13.0},{"not_picked":["MasterReality","Ragnarok+1"],"picked":"LessonLearned+1","floor":16}],"player_experience":719596,"relics_obtained":[{"floor":8.0,"key":"Vajra"},{"floor":9.0,"key":"MawBank"},{"floor":14.0,"key":"Molten Egg 2"}],"event_choices":[{"damage_healed":0.0,"max_hp_gain":5.0,"max_hp_loss":0.0,"gold_gain":0.0,"event_name":"Big Fish","player_choice":"Donut","floor":3.0,"gold_loss":0.0,"damage_taken":0.0}],"is_beta":false,"boss_relics":[{"not_picked":["Tiny House","SacredBark"],"picked":"Philosopher\u0027s Stone"}],"items_purged_floors":[5],"is_endless":false,"potions_floor_spawned":[1,4,10],"killed_by":"3 Byrds","ascension_level":12}}