{"host":"xkmvu47k9fdstweo","time":1610780110,"event":{"mods":["BaseMod","Colored Map","Conspire","Hubris","Minty Spire (QoL Compilation)","Quick Restart","Railgun Mod","Shop Mod","StSLib","The Alterego","The Animator","The Servant 0.9.4","The Wild Card","TheBandit","WarShipGirlsR/??è≠èóR mod","vexMod"],"gold_per_floor":[109,129,158,240,240,278,278,309,309,331,367,367,55,55,55,160,160,184,28,28,48,48,80,101,101,147,180,205,205,219,219,219,347,372,394,394,407,426,437,514,514,514,539,589,616,616,616,639,639,643],"floor_reached":51,"language":"ENG","playtime":3144,"items_purged":["conspire:Blindness"],"score":1153,"play_id":"01e3bcfd-1514-4b7d-bb29-b3c497b63b9d","local_time":"20210116015510","is_ascension_mode":true,"campfire_choices":[{"data":"animator:Berserker","floor":7,"key":"SMITH"},{"data":"theWildCard:Arsene","floor":15,"key":"SMITH"},{"data":"animator:Hibiki","floor":25,"key":"SMITH"},{"data":"alterego_mod:RidiculouslyBig","floor":32,"key":"SMITH"},{"floor":41,"key":"RECALL"},{"floor":46,"key":"REST"},{"floor":49,"key":"REST"}],"circlet_count":0,"master_deck":["animator:Strike_OwariNoSeraph","animator:Defend_OwariNoSeraph","animator:Strike","animator:Strike","animator:Defend","animator:Defend","animator:Defend","animator:Shinoa","animator:Mikaela","animator:Berserker+1","animator:MumenRider","animator:LeleiLaLalena","animator:Mitsuba+1","animator:Chris","animator:DolaStephanie","animator:Hibiki+1","animator:PandorasActor","theWildCard:Arsene+1","animator:HigakiRinne","animator:Gillette","animator:DolaSchwi","animator:RinTohsaka","animator:Tyuule","animator:Sonic","animator:EmiyaShirou","alterego_mod:RidiculouslyBig+1","animator:Gilgamesh+4","animator:Emonzaemon+1","animator:Hibiki+1","animator:Wiz","animator:Lancer+1","animator:RoryMercury","animator:Yuuichirou+1","animator:HigakiRinne+1"],"relics":["animator:LivingPicture","animator:TheMissingPiece","animator:PurgingStone","Dead Branch","hubris:SphereOfDissonance","Mummified Hand","Pear","hubris:ToyBattleship","Bronze Scales","animator:HolyGrailRelic","PreservedInsect","animator:AlchemistGlove","Omamori","Champion Belt","hubris:BottledHeart","Fusion Hammer","conspire:Boomerang","Toxic Egg 2","Whetstone"],"acts_visited":["Exordium","TheCity","TheBeyond"],"potions_floor_usage":[10,21,24,33,33,50,50,50],"damage_taken":[{"damage":0,"enemies":"Cultist","floor":1,"turns":4},{"damage":4,"enemies":"Small Slimes","floor":2,"turns":4},{"damage":1,"enemies":"conspire:RoseBush","floor":3,"turns":5},{"damage":18,"enemies":"Gremlin Nob","floor":6,"turns":4},{"damage":24,"enemies":"conspire:MimicChest","floor":8,"turns":6},{"damage":0,"enemies":"Large Slime","floor":10,"turns":2},{"damage":9,"enemies":"3 Sentries","floor":11,"turns":4},{"damage":0,"enemies":"Hexaghost","floor":16,"turns":8},{"damage":9,"enemies":"Spheric Guardian","floor":18,"turns":4},{"damage":24,"enemies":"conspire:FuzzyDice","floor":21,"turns":5},{"damage":0,"enemies":"animator:HornedBat","floor":23,"turns":6},{"damage":10,"enemies":"3 Cultists","floor":24,"turns":5},{"damage":16,"enemies":"conspire:SneckoGhost","floor":27,"turns":4},{"damage":6,"enemies":"Cultist and Chosen","floor":28,"turns":6},{"damage":0,"enemies":"Snake Plant","floor":30,"turns":3},{"damage":0,"enemies":"Champ","floor":33,"turns":10},{"damage":0,"enemies":"Orb Walker","floor":35,"turns":2},{"damage":0,"enemies":"3 Shapes","floor":37,"turns":4},{"damage":0,"enemies":"Jaw Worm Horde","floor":38,"turns":3},{"damage":0,"enemies":"3 Darklings","floor":39,"turns":5},{"damage":0,"enemies":"Giant Head","floor":40,"turns":7},{"damage":0,"enemies":"Nemesis","floor":44,"turns":4},{"damage":0,"enemies":"Writhing Mass","floor":45,"turns":5},{"damage":0,"enemies":"Sphere and 2 Shapes","floor":48,"turns":4},{"damage":0,"enemies":"hubris:GrandSnecko","floor":50,"turns":16}],"seed_played":"1780879828414412947","potions_obtained":[{"floor":3,"key":"conspire:TimeTravelPotion"},{"floor":8,"key":"Energy Potion"},{"floor":11,"key":"Swift Potion"},{"floor":21,"key":"Ancient Potion"},{"floor":23,"key":"Fruit Juice"},{"floor":24,"key":"BlessingOfTheForge"},{"floor":38,"key":"Weak Potion"},{"floor":44,"key":"LiquidBronze"}],"is_trial":false,"path_per_floor":["M","M","M","T","?","E","R","?","T","M","E","?","$","?","R","B",null,"M","$","?","M","?","E","M","R","T","E","M","?","M","?","R","B",null,"M","?","M","M","M","E","R","?","T","E","M","R","?","M","R","B",null],"character_chosen":"THE_ANIMATOR","items_purchased":["animator:Hibiki","animator:PandorasActor","PreservedInsect"],"campfire_rested":2,"item_purchase_floors":[13,13,19],"current_hp_per_floor":[66,62,61,61,61,43,43,29,29,29,20,25,25,25,25,25,89,80,80,80,81,86,88,86,86,86,72,66,1,1,1,1,1,1,1,1,1,1,1,1,1,1,1,1,1,1,1,1,1,1],"gold":643,"neow_bonus":"ONE_RARE_RELIC","is_daily":false,"chose_seed":false,"campfire_upgraded":4,"win_rate":0.0,"timestamp":1610780110,"path_taken":["M","M","?","?","?","E","R","?","T","M","E","?","$","?","R","BOSS","M","$","?","M","?","E","?","R","T","E","M","?","M","?","R","BOSS","M","?","?","M","M","E","R","?","T","E","M","R","?","M","R","BOSS"],"items_purchased_type":["Card","Card","Relic"],"build_version":"2020-12-22","purchased_purges":1,"victory":true,"max_hp_per_floor":[66,66,66,66,66,66,66,76,76,76,76,81,81,81,81,81,89,89,89,89,91,91,93,101,101,101,103,100,1,1,1,1,1,1,1,1,1,1,1,1,1,1,1,1,1,1,1,1,1,1],"card_choices":[{"not_picked":["animator:Tatsumaki","animator:Kuribayashi"],"picked":"animator:Berserker","floor":1},{"not_picked":["animator:Yoichi","animator:AcuraTooru"],"picked":"animator:MumenRider","floor":2},{"not_picked":["animator:Boros","animator:Mikaela"],"picked":"animator:LeleiLaLalena","floor":3},{"not_picked":["animator:Shinoa","animator:HiiragiShinya"],"picked":"animator:Mitsuba","floor":6},{"not_picked":["animator:ShinjiMatou","animator:Mitsurugi"],"picked":"animator:Chris","floor":8},{"not_picked":["animator:DolaCouronne","animator:Vanir"],"picked":"animator:DolaStephanie","floor":10},{"not_picked":["animator:Genos","animator:Azekura"],"picked":"animator:DolaRiku","floor":11},{"not_picked":["animator:Guren","animator:AcuraShin"],"picked":"animator:HigakiRinne","floor":16},{"not_picked":["animator:Shalltear","animator:Cocytus"],"picked":"animator:Gillette","floor":18},{"not_picked":["animator:DolaCouronne","animator:ChlammyZell"],"picked":"animator:DolaSchwi","floor":21},{"not_picked":["animator:Tatsumaki","animator:UneriGinkaku"],"picked":"animator:RinTohsaka","floor":23},{"not_picked":["animator:Mikaela+1","animator:Gillette"],"picked":"animator:Tyuule","floor":24},{"not_picked":["animator:Aqua","animator:Mitsuba+1"],"picked":"animator:Sonic","floor":27},{"not_picked":["animator:Layla","animator:Evileye"],"picked":"animator:EmiyaShirou","floor":30},{"not_picked":["animator:AcuraShin","animator:Biyorigo"],"picked":"animator:Gilgamesh","floor":33},{"not_picked":["animator:RinTohsaka","animator:Alexander"],"picked":"animator:Emonzaemon+1","floor":35},{"not_picked":["animator:Shichika","animator:TsurugaMeisai"],"picked":"animator:Wiz","floor":37},{"not_picked":["animator:ShinjiMatou","animator:Berserker"],"picked":"animator:Lancer","floor":38},{"not_picked":["animator:TsurugaMeisai+1","animator:Entoma+1","animator:Sebas+1"],"picked":"SKIP","floor":39},{"not_picked":["animator:DolaCouronne","animator:Sonic"],"picked":"animator:RoryMercury","floor":40},{"not_picked":["animator:AcuraTooru","animator:Fredrika+1"],"picked":"animator:Yuuichirou+1","floor":44},{"not_picked":["animator:Guy+1","animator:Illya+1"],"picked":"animator:HigakiRinne+1","floor":48}],"player_experience":348042,"relics_obtained":[{"floor":4,"key":"hubris:SphereOfDissonance"},{"floor":6,"key":"Mummified Hand"},{"floor":8,"key":"Pear"},{"floor":9,"key":"hubris:ToyBattleship"},{"floor":11,"key":"Bronze Scales"},{"floor":23,"key":"animator:AlchemistGlove"},{"floor":26,"key":"Omamori"},{"floor":27,"key":"Champion Belt"},{"floor":40,"key":"conspire:Boomerang"},{"floor":43,"key":"Toxic Egg 2"},{"floor":44,"key":"Whetstone"}],"event_choices":[{"damage_healed":0,"gold_gain":0,"player_choice":"Ignored","damage_taken":0,"max_hp_gain":0,"max_hp_loss":0,"event_name":"Liars Game","floor":5,"gold_loss":0},{"damage_healed":0,"gold_gain":0,"player_choice":"Donut","damage_taken":0,"max_hp_gain":5,"max_hp_loss":0,"event_name":"Big Fish","floor":12,"gold_loss":0},{"cards_removed":["animator:DolaRiku"],"damage_healed":5,"gold_gain":0,"player_choice":"Offered Common","damage_taken":0,"max_hp_gain":0,"max_hp_loss":0,"event_name":"Bonfire Elementals","floor":22,"gold_loss":0},{"cards_removed":["animator:DolaRiku"],"damage_healed":5,"gold_gain":0,"player_choice":"Offered Special","damage_taken":0,"max_hp_gain":0,"max_hp_loss":0,"event_name":"Bonfire Elementals","floor":22,"gold_loss":0},{"damage_healed":0,"gold_gain":0,"player_choice":"Read","damage_taken":0,"max_hp_gain":0,"max_hp_loss":0,"event_name":"The Library","floor":31,"gold_loss":0,"cards_obtained":["alterego_mod:RidiculouslyBig"]},{"damage_healed":0,"gold_gain":0,"player_choice":"Copied","damage_taken":0,"max_hp_gain":0,"max_hp_loss":0,"event_name":"Duplicator","floor":36,"gold_loss":0,"cards_obtained":["animator:Hibiki"]},{"damage_healed":0,"gold_gain":0,"player_choice":"Memory 1","damage_taken":0,"max_hp_gain":0,"max_hp_loss":0,"event_name":"SensoryStone","floor":42,"gold_loss":0},{"cards_removed":["animator:Strike"],"damage_healed":0,"gold_gain":0,"player_choice":"Purged","damage_taken":0,"max_hp_gain":0,"max_hp_loss":0,"event_name":"Purifier","floor":47,"gold_loss":0}],"is_beta":false,"boss_relics":[{"not_picked":["hubris:BlackHole","Velvet Choker"],"picked":"animator:HolyGrailRelic"},{"not_picked":["animator:RacePiece","conspire:RunicOctahedron"],"picked":"Fusion Hammer"}],"items_purged_floors":[13],"is_endless":false,"potions_floor_spawned":[3,8,11,21,23,24,38,44,45,48],"ascension_level":2}}