{"host":"jm9833yuloeli2yd","time":1610764934,"event":{"mods":["BaseMod","Better Altar","Better Match","Better Note","Better Sensory Stone","Better Skull","Better Third Choice","Better Vampires","BetterRewards","Colored Map","Colored Powertips","DeckTracker","Minty Spire (QoL Compilation)","Permanent Neow","Quick Restart","Slay-I","StSLib","SuperFastMode"],"gold_per_floor":[111,111,128,141,11,11,38,50,100,129,185,202,77,77,77,176,176,190,1,51,65,81,81,81],"floor_reached":23,"language":"ENG","playtime":628,"items_purged":["Defend_B","Strike_B"],"score":602,"play_id":"087ca8b2-00b2-48f0-9d7a-36c1ce9379b6","local_time":"20210115214214","is_ascension_mode":true,"campfire_choices":[{"data":"Defragment","floor":6.0,"key":"SMITH"},{"floor":15.0,"key":"REST"}],"circlet_count":0,"master_deck":["AscendersBane","Defend_B","Defend_B","Defend_B","Dualcast","Defragment+1","Ball Lightning","Chill","Ball Lightning","Auto Shields","Go for the Eyes","Coolheaded","Defragment","Genetic Algorithm","Biased Cognition+1","Apotheosis+1","Reboot","Hyperbeam+1","Hologram+1","Coolheaded+1","Capacitor","Cold Snap"],"relics":["Cracked Core","Letter Opener","Smiling Mask","MealTicket","Cables","Golden Idol","Astrolabe"],"acts_visited":["Exordium","TheCity"],"potions_floor_usage":[16,22,23],"damage_taken":[{"damage":0.0,"enemies":"Cultist","floor":1.0,"turns":2.0},{"damage":3.0,"enemies":"Small Slimes","floor":3.0,"turns":3.0},{"damage":2.0,"enemies":"Jaw Worm","floor":4.0,"turns":3.0},{"damage":6.0,"enemies":"Lagavulin","floor":7.0,"turns":6.0},{"damage":1.0,"enemies":"2 Fungi Beasts","floor":8.0,"turns":3.0},{"damage":8.0,"enemies":"3 Sentries","floor":10.0,"turns":7.0},{"damage":17.0,"enemies":"Gremlin Nob","floor":11.0,"turns":4.0},{"damage":5.0,"enemies":"Blue Slaver","floor":12.0,"turns":4.0},{"damage":7,"enemies":"Slime Boss","floor":16,"turns":7},{"damage":10,"enemies":"Shell Parasite","floor":18,"turns":7},{"damage":0,"enemies":"3 Byrds","floor":21,"turns":4},{"damage":8,"enemies":"Shelled Parasite and Fungi","floor":22,"turns":6},{"damage":54,"enemies":"Gremlin Leader","floor":23,"turns":5}],"seed_played":"-6613399721228746363","potions_obtained":[{"floor":1.0,"key":"EssenceOfSteel"},{"floor":3.0,"key":"GamblersBrew"},{"floor":10.0,"key":"Dexterity Potion"},{"floor":11.0,"key":"EssenceOfDarkness"},{"floor":18,"key":"DistilledChaos"}],"is_trial":false,"path_per_floor":["M","?","M","M","$","R","E","M","T","E","?","M","?","?","R","B",null,"M","$","?","M","M","E"],"character_chosen":"DEFECT","items_purchased":["Defragment","Ball Lightning","FocusPotion","Capacitor","Cold Snap"],"campfire_rested":1,"item_purchase_floors":[0,0,5,19,19],"current_hp_per_floor":[59,52,49,47,47,47,41,40,40,32,15,10,10,10,29,22,54,44,59,59,59,51,0,0],"gold":81,"neow_bonus":"","is_daily":false,"chose_seed":false,"campfire_upgraded":1,"win_rate":0.0,"timestamp":1610764934,"path_taken":["M","?","M","M","$","R","E","M","T","E","?","M","?","?","R","BOSS","M","$","?","M","M","E"],"items_purchased_type":["Card","Card","Potion","Card","Card"],"build_version":"2020-12-22","purchased_purges":2,"victory":false,"max_hp_per_floor":[71,71,71,71,71,71,71,71,71,71,71,71,71,64,64,64,64,64,64,64,64,64,64,64],"card_choices":[{"not_picked":["Turbo","Skim"],"picked":"Chill","floor":1.0},{"not_picked":["Cold Snap","Turbo"],"picked":"Ball Lightning","floor":3.0},{"not_picked":["Skim","Compile Driver"],"picked":"Auto Shields","floor":4.0},{"not_picked":["Creative AI","Stack","Rebound"],"picked":"SKIP","floor":7.0},{"not_picked":["Tempest","Rebound"],"picked":"Go for the Eyes","floor":8.0},{"not_picked":["Stack","Steam Power"],"picked":"Coolheaded","floor":10.0},{"not_picked":["Stack","Cold Snap"],"picked":"Defragment","floor":11.0},{"not_picked":["Redo","Gash"],"picked":"Genetic Algorithm","floor":12.0},{"not_picked":["Creative AI+1","Machine Learning+1"],"picked":"Biased Cognition+1","floor":13.0},{"not_picked":["The Bomb+1","Mayhem+1"],"picked":"Apotheosis+1","floor":13.0},{"not_picked":["Thunder Strike","Multi-Cast"],"picked":"Reboot","floor":16},{"not_picked":["Redo","Steam Power+1","Go for the Eyes"],"picked":"SKIP","floor":18},{"not_picked":["Leap+1","Redo","Sweeping Beam"],"picked":"SKIP","floor":21},{"not_picked":["Go for the Eyes","Sunder","Redo"],"picked":"SKIP","floor":22}],"player_experience":1320949,"relics_obtained":[{"floor":7.0,"key":"Letter Opener"},{"floor":9.0,"key":"Smiling Mask"},{"floor":10.0,"key":"MealTicket"},{"floor":11.0,"key":"Cables"}],"event_choices":[{"cards_removed":["Zap"],"damage_healed":0.0,"max_hp_gain":0.0,"max_hp_loss":0.0,"gold_gain":0.0,"event_name":"Golden Wing","player_choice":"Card Removal","floor":2.0,"gold_loss":0.0,"damage_taken":7.0},{"damage_healed":0.0,"max_hp_gain":0.0,"max_hp_loss":0.0,"gold_gain":30.0,"event_name":"Dead Adventurer","player_choice":"Searched \u00272\u0027 times","floor":11.0,"gold_loss":0.0,"damage_taken":0.0},{"damage_healed":0.0,"max_hp_gain":0.0,"max_hp_loss":0.0,"gold_gain":0.0,"event_name":"betterMatch:BetterMatch","player_choice":"2","floor":13.0,"gold_loss":0.0,"damage_taken":0.0,"cards_obtained":["betterMatch:RareCard","betterMatch:ColorlessRareCard"]},{"damage_healed":0.0,"max_hp_gain":0.0,"max_hp_loss":7.0,"gold_gain":0.0,"event_name":"Golden Idol","player_choice":"Lose Max HP","floor":14.0,"gold_loss":0.0,"damage_taken":0.0,"relics_obtained":["Golden Idol"]},{"damage_healed":0,"gold_gain":50,"player_choice":"Steal","damage_taken":0,"max_hp_gain":0,"max_hp_loss":0,"event_name":"betterThird:BetterNest","floor":20,"gold_loss":0}],"is_beta":false,"boss_relics":[{"not_picked":["Tiny House","Snecko Eye"],"picked":"Astrolabe"}],"items_purged_floors":[5,19],"is_endless":false,"potions_floor_spawned":[1,3,10,11,18],"killed_by":"Gremlin Leader","ascension_level":20}}