{"host":"r6ielracppyxzfle","time":1610766458,"event":{"mods":["Ascension Reborn","BaseMod","BetterRewards","Colored Map","Marisa£®ÏF”Í°°ƒß¿Ì…≥£©","Minty Spire (QoL Compilation)","Quick Restart","Shop Mod","StSLib","The Bug Knight","The Necromancer","The Servant 0.9.4","[IsaacMod]“‘»ˆº‚À˛"],"gold_per_floor":[119,74,85,99,99,99,132,132,132,307,307,339,339,350,350,450,450,463,388,398,298,313,313,344,344,344,344,354,444,444,182,182,285,285,295,341,341,341,341,341],"floor_reached":39,"language":"ZHS","playtime":1781,"items_purged":["Doubt","Parasite","Defend_S+1"],"score":403,"play_id":"474f1af6-5fa1-4a5a-862f-2234f1d1f4e3","local_time":"20210116110738","is_ascension_mode":true,"campfire_choices":[{"floor":6,"key":"RECALL"},{"data":"EpicFetus","floor":11,"key":"SMITH"},{"data":"MurderousAura","floor":13,"key":"SMITH"},{"data":"Advance","floor":15,"key":"SMITH"},{"data":"Magnetism","floor":23,"key":"SMITH"},{"data":"Sunlight","floor":25,"key":"SMITH"},{"floor":27,"key":"REST"},{"data":"Solidify","floor":32,"key":"SMITH"}],"circlet_count":0,"master_deck":["Strike_S+1","Strike_S+1","Strike_S+1","Defend_S+1","Defend_S+1","Defend_S+1","KidneyShot+1","Exchange+1","EpicFetus+1","Advance+1","Ricochet","MurderousAura+1","Sunlight+1","Magnetism+1","Sabotage","SilverBlades","Solidify+1","TheWorld","InstantArmor+1","Madness","Madness"],"relics":["SplendidAttire","HushsDoor","NeowsBlessing","YumHeart","MoneyPower","HollowMod:StagPassRelic","Gremlin Horn","Black Star","DeadEye","MealTicket","SharpPlug","Ancient Tea Set"],"acts_visited":["Exordium","TheCity","TheBeyond"],"potions_floor_usage":[22],"damage_taken":[{"damage":0,"enemies":"Cultist","floor":1,"turns":2},{"damage":0,"enemies":"Small Slimes","floor":3,"turns":2},{"damage":7,"enemies":"2 Louse","floor":4,"turns":2},{"damage":11,"enemies":"Gremlin Nob","floor":7,"turns":4},{"damage":1,"enemies":"3 Sentries","floor":12,"turns":2},{"damage":3,"enemies":"Exordium Wildlife","floor":14,"turns":3},{"damage":30,"enemies":"The Guardian","floor":16,"turns":7},{"damage":22,"enemies":"2 Thieves","floor":18,"turns":3},{"damage":10,"enemies":"Shell Parasite","floor":20,"turns":2},{"damage":0,"enemies":"3 Cultists","floor":22,"turns":3},{"damage":15,"enemies":"HollowMod:Nosk","floor":24,"turns":6},{"damage":14,"enemies":"Cultist and Chosen","floor":28,"turns":4},{"damage":3,"enemies":"Collector","floor":33,"turns":5},{"damage":20,"enemies":"3 Darklings","floor":35,"turns":3}],"seed_played":"-6735214770799720274","potions_obtained":[{"floor":1,"key":"SteroidPotion"},{"floor":12,"key":"EntropicBrew"},{"floor":16,"key":"Explosive Potion"},{"floor":24,"key":"LiquidMemories"},{"floor":28,"key":"SteroidPotion"},{"floor":35,"key":"SkillPotion"}],"is_trial":false,"path_per_floor":["M","$","M","M","?","R","E","?","T","?","R","E","R","M","R","B",null,"M","$","M","$","M","R","E","R","T","R","M","?","?","$","R","B",null,"M","T","?","?","M"],"character_chosen":"THE_SERVANT","items_purchased":["Ricochet","Magnetism","FairyPotion","Bomb","Sabotage","Solidify"],"campfire_rested":1,"item_purchase_floors":[2,17,17,17,17,31],"current_hp_per_floor":[65,65,65,58,33,58,47,63,63,63,63,62,62,59,59,29,52,30,30,42,42,42,42,27,27,27,41,27,37,37,49,49,46,49,29,29,23,23,0,0],"gold":341,"neow_bonus":"THREE_ENEMY_KILL","is_daily":false,"chose_seed":false,"campfire_upgraded":6,"win_rate":0.0,"timestamp":1610766458,"path_taken":["M","$","M","?","?","R","E","?","T","?","R","E","R","M","R","BOSS","M","$","M","$","M","R","E","R","T","R","M","?","?","?","R","BOSS","M","?","?","?","M"],"items_purchased_type":["Card","Card","Potion","Card","Card","Card"],"build_version":"2020-12-22","purchased_purges":3,"victory":false,"max_hp_per_floor":[65,65,65,65,65,65,65,65,65,65,65,65,65,65,65,65,52,52,52,52,49,49,49,49,49,49,49,49,49,49,49,49,49,49,49,49,49,49,49,49],"card_choices":[{"not_picked":[],"picked":"EpicFetus","floor":0},{"not_picked":["Alleviate","Comet"],"picked":"Advance","floor":1},{"not_picked":["Misdirection","SurpressingFire","Unruled"],"picked":"SKIP","floor":3},{"not_picked":["Replace","Defy"],"picked":"Bomb","floor":4},{"not_picked":["DoubleEdge","Gouge"],"picked":"MurderousAura","floor":7},{"not_picked":["Potential","DoubleEdge","FanOfKnives"],"picked":"SKIP","floor":12},{"not_picked":["Rearm","Alleviate"],"picked":"Bomb","floor":14},{"not_picked":["TheWorld","Duplication"],"picked":"Sunlight","floor":16},{"not_picked":["Spin","TimeWarp","GearUp"],"picked":"SKIP","floor":18},{"not_picked":["Potential","FastForward","Rewind+1"],"picked":"SKIP","floor":20},{"not_picked":["Moonlight","Defy","Foresight+1"],"picked":"SKIP","floor":22},{"not_picked":["Rearm","Alleviate","WasteNot"],"picked":"SKIP","floor":24},{"not_picked":["Replace","Rearm"],"picked":"SilverBlades","floor":28},{"not_picked":["Dilation","Deny"],"picked":"TheWorld","floor":33},{"not_picked":["Rearm","Comet"],"picked":"InstantArmor+1","floor":35}],"player_experience":23396,"relics_obtained":[{"floor":7,"key":"HollowMod:StagPassRelic"},{"floor":12,"key":"Gremlin Horn"},{"floor":24,"key":"DeadEye"},{"floor":24,"key":"MealTicket"},{"floor":26,"key":"SharpPlug"},{"floor":36,"key":"Ancient Tea Set"}],"event_choices":[{"damage_healed":0,"gold_gain":0,"player_choice":"Success","damage_taken":25,"relics_obtained":["MoneyPower"],"max_hp_gain":0,"max_hp_loss":0,"event_name":"Scrap Ooze","floor":5,"gold_loss":0},{"damage_healed":16,"gold_gain":0,"player_choice":"Healed and dodged fight","damage_taken":0,"max_hp_gain":0,"max_hp_loss":0,"event_name":"Mushrooms","floor":8,"gold_loss":0,"cards_obtained":["Parasite"]},{"damage_healed":0,"gold_gain":175,"player_choice":"AGREE","damage_taken":0,"max_hp_gain":0,"max_hp_loss":0,"event_name":"Liars Game","floor":10,"gold_loss":0,"cards_obtained":["Doubt"]},{"damage_healed":0,"gold_gain":90,"player_choice":"GOLD ","damage_taken":12,"max_hp_gain":0,"max_hp_loss":0,"event_name":"Knowing Skull","floor":29,"potions_obtained":[],"gold_loss":0,"cards_obtained":[]},{"cards_removed":["Strike_S"],"damage_healed":0,"gold_gain":0,"player_choice":"Elegance","damage_taken":0,"max_hp_gain":0,"max_hp_loss":0,"event_name":"Back to Basics","floor":30,"gold_loss":0},{"damage_healed":0,"gold_gain":0,"player_choice":"Embrace Madness","damage_taken":6,"max_hp_gain":0,"max_hp_loss":0,"event_name":"Winding Halls","floor":37,"gold_loss":0,"cards_obtained":["Madness","Madness"]}],"is_beta":false,"boss_relics":[{"not_picked":["Cursed Key","Empty Cage"],"picked":"Black Star"},{"not_picked":[]},{"not_picked":["Astrolabe","Sozu"],"picked":"SplendidAttire"},{"not_picked":[]}],"items_purged_floors":[19,21,31],"is_endless":false,"potions_floor_spawned":[1,12,16,24,28,35],"killed_by":"3 Shapes","ascension_level":0}}