{"host":"wkcoec525dnrk4jw","time":1610790540,"event":{"mods":["BaseMod","Challenge The Spire","Conspire","GungeonMod","Lobotomy","Minty Spire (QoL Compilation)","Quick Restart","Replay The Spire","Shop Mod","StSLib","TestMod","The Bug Knight","The Cursed","The Dragon Tamer","[IsaacMod]ÒÔÈö¼âËþ","vexMod","¡¾ÒÅÎï¿¨ÅÆ¡¿REMEMod"],"gold_per_floor":[119,119,139,139,156,188,198,223,223,223,239,269,239,239,239,339,339,354,354,754,754,68,101,101,129,129,141,174,174,174,185,185,283,283,297,297,314,60,78,103,78,78,104,104,120,145,145,40,40,40,40,40,17,42,42],"floor_reached":56,"language":"ZHS","playtime":2636,"items_purged":[],"score":2100,"play_id":"1fc94668-bd61-41f9-a4eb-f3f839e79222","local_time":"20210116174900","is_ascension_mode":true,"campfire_choices":[{"floor":10.0,"key":"REST"},{"data":"Pummel","floor":15,"key":"SMITH"},{"floor":24,"key":"REST"},{"floor":30,"key":"REST"},{"data":"1","floor":32,"key":"LIFT"},{"data":"2","floor":42,"key":"LIFT"},{"floor":44,"key":"RECALL"},{"floor":49,"key":"REST"},{"data":"3","floor":52,"key":"LIFT"}],"circlet_count":0,"master_deck":["Strike_G","Strike_G","Strike_G","Strike_G","Defend_G","Defend_G","Defend_G","Defend_G","Defend_G","Survivor","Neutralize","SuicideKing","Pummel+1","ReplayTheSpireMod:Doomed","Pain","Replay:Hysterical Blindness","Draining Mist","Underhanded Strike","Hidden Blade","Sucker Punch","Escape Plan","Fluid Movement","Poisoned Stab","ReplayTheSpireMod:Shiv Toss","Prepared","Slice","Blade Dance","Deflect","ReplayTheSpireMod:Speed Training","Underhanded Strike","Backstab","Sucker Punch","ReplayTheSpireMod:Tripwire","conspire:DoublingDagger","Panache","Poisoned Stab","Toxin Wave","Blade Dance","PiercingWail","RitualDagger","Bane+1","testmod-PulseDistributor","ReplayTheSpireMod:Scrap Shanks","Slice+1","Deadly Poison","Quick Slash","Flying Knee","Underhanded Strike","Hidden Blade","Deflect","Toxin Wave","Outmaneuver+1","Distraction","Choke","Slice","Cloak And Dagger+1","Infinite Blades+1","Deadly Poison","Backstab","Flying Knee","Dash+1","Quick Slash","Underhanded Strike+1","Riddle With Holes","Dodge and Roll","Slice","Caltrops","Deflect+1","Cloak And Dagger+1","Hidden Blade","Bouncing Flask+1","Outmaneuver+1","ReplayTheSpireMod:Exploit Weakness+1","Deflect+1","Escape Plan","Dagger Throw+1","Fluid Movement+1","Sneak Up","Heel Hook","conspire:PoisonWeapons","conspire:DoublingDagger+1","Accuracy+1","Expertise+1","Deflect","Parasite","testmod-PainDetonator","Infinite Blades","Blade Dance","Flechettes+1","Choke+1","Outmaneuver"],"relics":["HushsDoor","REME_ComplimentaryCards","DeadEye","testmod-Laevatain","REME_IWantAll","Sizzling Blood","Mercury Hourglass","Art of War","Juzu Bracelet","testmod-InfectionSource","Question Card","vexMod:TanglingVine","OrangePellets","DemoMod:Bottle","Girya","EdensBlessing","PunchingBag","Singing Bowl","Philosopher\u0027s Stone","Incubus","Ring of Peace","Ring of Chaos","REME_LimitBreaker","Gremlin Horn","conspire:TopHat","Snake Skull","ReplayTheSpireMod:CursedCoin","Replay:Baseball"],"acts_visited":["Exordium","TheCity","TheBeyond","TheEnding"],"potions_floor_usage":[16,22,28,40,55,55,55,55],"damage_taken":[{"damage":1.0,"enemies":"Small Slimes","floor":1.0,"turns":2.0},{"damage":6.0,"enemies":"Jaw Worm","floor":3.0,"turns":2.0},{"damage":0.0,"enemies":"2 Louse","floor":5.0,"turns":1.0},{"damage":9.0,"enemies":"Gremlin Nob","floor":6.0,"turns":3.0},{"damage":16.0,"enemies":"Blue Slaver","floor":7.0,"turns":3.0},{"damage":0.0,"enemies":"HollowMod:MossKnight","floor":8.0,"turns":2.0},{"damage":16,"enemies":"Exordium Thugs","floor":11,"turns":3},{"damage":22,"enemies":"Hexaghost","floor":16,"turns":5},{"damage":5,"enemies":"conspire:FuzzyDice","floor":18,"turns":3},{"damage":23,"enemies":"conspire:SneckoGhost","floor":23,"turns":4},{"damage":4,"enemies":"HollowMod:Nosk","floor":25,"turns":4},{"damage":22,"enemies":"3 Byrds","floor":27,"turns":3},{"damage":8,"enemies":"Slavers","floor":28,"turns":3},{"damage":5,"enemies":"Cultist and Chosen","floor":31,"turns":4},{"damage":9,"enemies":"Automaton","floor":33,"turns":4},{"damage":0,"enemies":"Orb Walker","floor":35,"turns":2},{"damage":0,"enemies":"3 Darklings","floor":37,"turns":3},{"damage":21,"enemies":"Sphere and 2 Shapes","floor":39,"turns":3},{"damage":4,"enemies":"Giant Head","floor":40,"turns":5},{"damage":16,"enemies":"3 Darklings","floor":45,"turns":3},{"damage":15,"enemies":"HollowMod:StalkingDevout","floor":46,"turns":3},{"damage":1,"enemies":"Time Eater","floor":50,"turns":4},{"damage":31,"enemies":"Shield and Spear","floor":54,"turns":4},{"damage":37,"enemies":"The Heart","floor":55,"turns":6}],"seed_played":"-1914402286918198647","potions_obtained":[{"floor":1.0,"key":"REME_GoldPotion"},{"floor":3.0,"key":"DistilledChaos"},{"floor":11,"key":"CunningPotion"},{"floor":13,"key":"Elixir"},{"floor":13,"key":"Elixir"},{"floor":16,"key":"Elixir"},{"floor":18,"key":"FearPotion"},{"floor":25,"key":"Explosive Potion"},{"floor":27,"key":"Languid Potion"},{"floor":33,"key":"Toxic Potion"},{"floor":35,"key":"ColorlessPotion"},{"floor":40,"key":"SpeedPotion"},{"floor":46,"key":"CunningPotion"}],"is_trial":false,"path_per_floor":["M","?","M","?","M","E","M","E","T","R","M","?","?","?","R","B",null,"M","?","?","?","$","E","R","E","T","M","E","?","R","M","R","B",null,"M","?","M","$","M","E","?","R","T","R","M","E","?","$","R","B",null,"R","$","E","B",null],"character_chosen":"THE_SILENT","items_purchased":["Panache","OrangePellets","Bane+1","DemoMod:Bottle","testmod-SpacePotion","testmod-PulseDistributor","Backstab","Incubus","REME_LimitBreaker","DistilledChaos","Deflect","ReplayTheSpireMod:CursedCoin","testmod-PainDetonator","Infinite Blades"],"campfire_rested":4,"item_purchase_floors":[17,22,22,22,22,22,34,34,38,48,48,53,53,53],"current_hp_per_floor":[58,62,63,38,42,40,31,38,38,60,51,51,51,51,51,37,67,70,64,64,64,64,49,74,74,74,60,60,60,87,90,90,89,78,82,82,86,86,73,83,83,83,83,83,75,68,68,68,98,101,102,102,102,79,46],"gold":42,"neow_bonus":"ONE_RARE_RELIC","is_daily":false,"chose_seed":false,"campfire_upgraded":1,"win_rate":0.0,"timestamp":1610790540,"path_taken":["M","?","M","?","M","E","?","E","T","R","M","?","?","?","R","BOSS","M","?","?","?","$","E","R","E","T","M","E","?","R","M","R","BOSS","M","?","M","$","M","E","?","R","T","R","M","E","?","$","R","BOSS","R","$","E","BOSS"],"items_purchased_type":["Card","Relic","Card","Relic","Potion","Card","Card","Relic","Relic","Potion","Card","Relic","Card","Card"],"build_version":"2020-12-22","purchased_purges":0,"victory":true,"max_hp_per_floor":[59,63,66,66,66,69,72,75,75,75,78,78,78,78,78,82,77,81,81,81,81,81,85,85,85,85,89,93,93,93,97,97,101,78,82,82,86,86,90,94,94,94,94,94,98,102,102,102,102,102,102,102,102,106,106],"card_choices":[{"not_picked":[],"picked":"SuicideKing","floor":0.0},{"not_picked":["Draining Mist","Underhanded Strike","Hidden Blade"],"picked":"Singing Bowl","floor":1.0},{"not_picked":["Sucker Punch","Escape Plan","Fluid Movement"],"picked":"Singing Bowl","floor":3.0},{"not_picked":["Fluid Movement","Underhanded Strike"],"picked":"Poisoned Stab","floor":5.0},{"not_picked":["ReplayTheSpireMod:Shiv Toss","Prepared","Slice"],"picked":"Singing Bowl","floor":6.0},{"not_picked":["Blade Dance","Bomb","Deflect"],"picked":"Singing Bowl","floor":7.0},{"not_picked":["ReplayTheSpireMod:Speed Training","Underhanded Strike","Backstab"],"picked":"Singing Bowl","floor":8.0},{"not_picked":["Sucker Punch","ReplayTheSpireMod:Tripwire","conspire:DoublingDagger"],"picked":"Singing Bowl","floor":11},{"not_picked":["Malaise","Wraith Form v2","Envenom","Tools of the Trade"],"picked":"Singing Bowl","floor":16},{"not_picked":["Poisoned Stab","Toxin Wave","Blade Dance","PiercingWail"],"picked":"Singing Bowl","floor":18},{"not_picked":["ReplayTheSpireMod:Scrap Shanks","Slice+1","Deadly Poison","Quick Slash"],"picked":"Singing Bowl","floor":23},{"not_picked":["All Out Attack","Fluid Movement","Deadly Poison"],"picked":"Flying Knee","floor":25},{"not_picked":["Underhanded Strike","Hidden Blade","Deflect","Toxin Wave"],"picked":"Singing Bowl","floor":27},{"not_picked":["Outmaneuver+1","Distraction","REME_GreenPollution","Choke"],"picked":"Singing Bowl","floor":28},{"not_picked":["Slice","Cloak And Dagger+1","Infinite Blades+1","Deadly Poison"],"picked":"Singing Bowl","floor":31},{"not_picked":["Phantasmal Killer","Burst","Bullet Time","REME_LeechingPoison"],"picked":"Singing Bowl","floor":33},{"not_picked":["Flying Knee","Dash+1","Quick Slash","Underhanded Strike+1"],"picked":"Singing Bowl","floor":35},{"not_picked":["Riddle With Holes","Dodge and Roll","Slice","Caltrops"],"picked":"Singing Bowl","floor":37},{"not_picked":["Deflect+1","Cloak And Dagger+1","Hidden Blade","Bouncing Flask+1"],"picked":"Singing Bowl","floor":39},{"not_picked":["Outmaneuver+1","ReplayTheSpireMod:Exploit Weakness+1","Deflect+1","Escape Plan"],"picked":"Singing Bowl","floor":40},{"not_picked":["Dagger Throw+1","Fluid Movement+1","Sneak Up","Heel Hook"],"picked":"Singing Bowl","floor":45},{"not_picked":["conspire:PoisonWeapons","conspire:DoublingDagger+1","Accuracy+1","Expertise+1"],"picked":"Singing Bowl","floor":46},{"not_picked":["Blade Dance","Flechettes+1","Choke+1","Outmaneuver"],"picked":"Singing Bowl","floor":54}],"player_experience":226132,"relics_obtained":[{"floor":6.0,"key":"Art of War"},{"floor":8.0,"key":"Juzu Bracelet"},{"floor":9.0,"key":"testmod-InfectionSource"},{"floor":23,"key":"Girya"},{"floor":25,"key":"EdensBlessing"},{"floor":26,"key":"PunchingBag"},{"floor":28,"key":"Singing Bowl"},{"floor":36,"key":"Ring of Peace"},{"floor":36,"key":"Ring of Chaos"},{"floor":40,"key":"Gremlin Horn"},{"floor":46,"key":"Snake Skull"},{"floor":54,"key":"Replay:Baseball"}],"event_choices":[{"damage_healed":0.0,"max_hp_gain":0.0,"max_hp_loss":0.0,"gold_gain":0.0,"event_name":"Scrap Ooze","player_choice":"Success","floor":4.0,"gold_loss":0.0,"damage_taken":25.0,"relics_obtained":["Mercury Hourglass"]},{"damage_healed":0,"gold_gain":30,"player_choice":"Searched \u00273\u0027 times","damage_taken":0,"relics_obtained":["Question Card"],"max_hp_gain":0,"max_hp_loss":0,"event_name":"Dead Adventurer","floor":12,"gold_loss":0},{"damage_healed":0,"gold_gain":0,"player_choice":"Bought 2 Potions","damage_taken":0,"max_hp_gain":0,"max_hp_loss":0,"event_name":"The Woman in Blue","floor":13,"gold_loss":0},{"damage_healed":0,"gold_gain":0,"player_choice":"Joined the Cult","damage_taken":6,"max_hp_gain":0,"max_hp_loss":0,"event_name":"Nest","floor":19,"gold_loss":0,"cards_obtained":["RitualDagger"]},{"damage_healed":0,"gold_gain":400,"player_choice":"Sell","damage_taken":0,"max_hp_gain":0,"max_hp_loss":0,"event_name":"¶÷ÂåË¹µÄÅÌ×Ó","floor":20,"relics_lost":["testmod-TestBox"],"gold_loss":0},{"cards_removed":["Strike_G"],"damage_healed":0,"gold_gain":0,"player_choice":"Purged","damage_taken":0,"max_hp_gain":0,"max_hp_loss":0,"event_name":"Purifier","floor":29,"gold_loss":0},{"cards_removed":["REME_GreenPollution"],"damage_healed":0,"gold_gain":0,"player_choice":"Removed Power","damage_taken":0,"max_hp_gain":0,"max_hp_loss":0,"event_name":"Falling","floor":47,"gold_loss":0}],"is_beta":false,"boss_relics":[{"not_picked":["conspire:RunicOctahedron","Sozu"],"picked":"vexMod:TanglingVine"},{"not_picked":[]},{"not_picked":["testmod-SaigiyounoYou","Astrolabe"],"picked":"Philosopher\u0027s Stone"},{"not_picked":[]}],"items_purged_floors":[],"is_endless":false,"potions_floor_spawned":[1,3,11,16,18,25,27,33,35,37,40,46,54],"ascension_level":9}}