{"host":"ulgy7qv29koqnldf","time":1610825686,"event":{"mods":["100% Spire Juice","ATMod(∞¢Ë™Mod)","Act Like it!","Arknights The Spire","BaseMod","CapriCore","Friendly Minions","Koishi","Marisa£®ÏF”Í°°ƒß¿Ì…≥£©","Minty Spire (QoL Compilation)","READ ME - Guardian Mod","Reimu£®≤©¿ˆ¡È√Œ£©","StSLib","The Immortal","The Servant 0.9.4","Waifu the Spire","WarShipGirlsR/’ΩΩ¢…Ÿ≈ÆR mod","Youmu£®ªÍ∆«—˝√Œ£©","Yuyuko","°æ“≈ŒÔø®≈∆°øREMEMod"],"gold_per_floor":[118,118,129,129,204,232,252,272,296,309,161,161,172,185,185,287,287,301,251,251,268,287,287,287],"floor_reached":23,"language":"ZHS","playtime":8363,"items_purged":["ats:Strike S","ats:Defend"],"score":220,"play_id":"e6d4b3a2-e1ce-4c54-b56a-1da55eafc231","local_time":"20210117033446","is_ascension_mode":false,"campfire_choices":[{"data":"Envenom","floor":12,"key":"SMITH"},{"data":"ats:Emotion Absorption","floor":15,"key":"SMITH"}],"circlet_count":0,"master_deck":["ats:Strike G","ats:Armor Crushing Shot","ats:Defend","ats:Defend","ats:Defend","ats:Emotion Absorption+1","AT_KingSlayer","Envenom+1","ats:Shell Defense","ats:Consecutive Shot Auto","ats:Neurotoxin","ats:Poison Spread","ats:Red Shift","ats:Thorns","ats:Charging Defense","ats:Cat Scratch","ats:Calcification","ats:Revitalization","ats:Part Time Job","ats:Thorns"],"relics":["ats:Sanity","AT_ATBox","REME_ComplimentaryCards","NeowsBlessing","ats:Originium","Smiling Mask","Bag of Marbles","RedLine:ReiMu"],"acts_visited":["Exordium","TheCity"],"potions_floor_usage":[11,14,16],"damage_taken":[{"damage":0,"enemies":"2 Louse","floor":1,"turns":1},{"damage":0,"enemies":"Jaw Worm","floor":3,"turns":1},{"damage":0,"enemies":"Lagavulin","floor":6,"turns":1},{"damage":4,"enemies":"Small Slimes","floor":7,"turns":4},{"damage":9,"enemies":"Blue Slaver","floor":8,"turns":5},{"damage":11,"enemies":"Exordium Wildlife","floor":10,"turns":3},{"damage":1,"enemies":"Large Slime","floor":13,"turns":7},{"damage":13,"enemies":"Exordium Thugs","floor":14,"turns":5},{"damage":32,"enemies":"Slime Boss","floor":16,"turns":14},{"damage":4,"enemies":"Shell Parasite","floor":18,"turns":9},{"damage":16,"enemies":"Chosen","floor":21,"turns":6},{"damage":15,"enemies":"Shelled Parasite and Fungi","floor":22,"turns":10},{"damage":58,"enemies":"Book of Stabbing","floor":23,"turns":5}],"seed_played":"-5125645646264891877","potions_obtained":[{"floor":3,"key":"BlessingOfTheForge"},{"floor":6,"key":"Explosive Potion"},{"floor":10,"key":"MagicPotion:ReiMu"},{"floor":13,"key":"Dexterity Potion"},{"floor":14,"key":"REME_GoldPotion"}],"is_trial":false,"path_per_floor":["M","?","M","?","?","E","M","M","T","M","$","R","M","M","R","B",null,"M","$","?","M","M","E"],"character_chosen":"DOCTOR_CLASS","items_purchased":["Fruit Juice"],"campfire_rested":0,"item_purchase_floors":[11],"current_hp_per_floor":[72,65,65,65,54,54,50,46,46,35,40,40,45,35,35,12,77,77,77,77,65,77,24,24],"gold":287,"neow_bonus":"THREE_ENEMY_KILL","is_daily":false,"chose_seed":false,"campfire_upgraded":2,"win_rate":0.0,"timestamp":1610825686,"path_taken":["M","?","M","?","?","E","M","M","T","M","?","R","M","?","R","BOSS","M","$","?","M","M","E"],"items_purchased_type":["Potion"],"build_version":"2020-12-22","purchased_purges":2,"victory":false,"max_hp_per_floor":[72,72,72,72,72,72,72,72,72,72,77,77,77,77,77,77,77,77,77,77,77,77,77,77],"card_choices":[{"not_picked":["ats:Powerful Strike","ats:Collapsing Strike"],"picked":"ats:Shell Defense","floor":1},{"not_picked":["ats:Flexible Camouflage","ats:Hammer On"],"picked":"ats:Consecutive Shot Auto","floor":3},{"not_picked":["ats:Explosion Area Strengthen","ats:Consecutive Shot Auto"],"picked":"ats:Neurotoxin","floor":6},{"not_picked":["ats:Healing Strengthening","ats:Explosion Area Strengthen"],"picked":"ats:Poison Spread","floor":7},{"not_picked":["ats:Powerful Strike","ats:Ignite"],"picked":"ats:Red Shift","floor":8},{"not_picked":["ats:Closed Bolt Burst Fire","ats:Ignite"],"picked":"ats:Thorns","floor":10},{"not_picked":["ats:Leaping Hammer","ats:Guardian Obelisk"],"picked":"ats:Charging Defense","floor":13},{"not_picked":["ats:Childhood Dance","ats:Ignite"],"picked":"ats:Cat Scratch","floor":14},{"not_picked":["ats:Rat Pack","ats:Disruption Kick"],"picked":"ats:Calcification","floor":16},{"not_picked":["ats:Collapsing Strike+1","ats:Shell Defense"],"picked":"ats:Revitalization","floor":18},{"not_picked":["ats:Mental Burst","ats:Leaping Hammer"],"picked":"ats:Thorns","floor":21},{"not_picked":["ats:Consecutive Shot Auto","ats:LN2 Cannon","ats:Counter Healing Mode"],"picked":"SKIP","floor":22}],"player_experience":145696,"relics_obtained":[{"floor":6,"key":"ats:Originium"},{"floor":6,"key":"Smiling Mask"},{"floor":9,"key":"Bag of Marbles"}],"event_choices":[{"cards_removed":["ats:Strike C"],"damage_healed":0,"gold_gain":0,"player_choice":"Card Removal","damage_taken":7,"max_hp_gain":0,"max_hp_loss":0,"event_name":"Golden Wing","floor":2,"gold_loss":0},{"cards_removed":["ats:Strike V"],"damage_healed":0,"gold_gain":0,"player_choice":"Forget","damage_taken":0,"max_hp_gain":0,"max_hp_loss":0,"event_name":"Living Wall","floor":4,"gold_loss":0},{"damage_healed":0,"gold_gain":75,"player_choice":"Gather Gold","damage_taken":11,"max_hp_gain":0,"max_hp_loss":0,"event_name":"World of Goop","floor":5,"gold_loss":0},{"damage_healed":0,"gold_gain":0,"player_choice":"Read","damage_taken":0,"max_hp_gain":0,"max_hp_loss":0,"event_name":"The Library","floor":20,"gold_loss":0,"cards_obtained":["ats:Part Time Job"]}],"is_beta":false,"boss_relics":[{"not_picked":["Coffee Dripper","REME_DemonsWealth"],"picked":"RedLine:ReiMu"}],"items_purged_floors":[11,19],"is_endless":false,"potions_floor_spawned":[3,6,10,13,14],"killed_by":"Book of Stabbing","ascension_level":0}}