{"host":"1gp1o2u6gt64xxzw","time":1610758733,"event":{"mods":["AchievementEnabler","BaseMod","Better Note","Colored Powertips","Highlight Path","HololiveMod","Minty Spire (QoL Compilation)","Quick Restart","Robot Space Explorer","StSLib","Unceasing Turn Reminder"],"gold_per_floor":[109,109,109,124,142,142,160,160,160,160,160,176,176,207,207,305,305,316,334,351,371,389,389,416,416,416,416,416,416,433,451,451,554,554,571,571,571,571,582,582,205,238,288,338,338,338,353,370,370,370,370,370,12,43,43],"floor_reached":56,"language":"ENG","playtime":2871,"items_purged":["RobotSpaceExplorer:Defend","RobotSpaceExplorer:Defend"],"score":1147,"play_id":"8a4c3aa5-d74e-4274-9903-da5fec9956e5","local_time":"20210116015853","is_ascension_mode":false,"campfire_choices":[{"floor":6.0,"key":"REST"},{"data":"RobotSpaceExplorer:ExhaustFan","floor":8.0,"key":"SMITH"},{"data":"RobotSpaceExplorer:MiniLasers","floor":10.0,"key":"SMITH"},{"data":"RobotSpaceExplorer:SurgingStrike","floor":13.0,"key":"SMITH"},{"data":"RobotSpaceExplorer:Blaster","floor":15.0,"key":"SMITH"},{"floor":23.0,"key":"REST"},{"data":"RobotSpaceExplorer:TrailblazerForm","floor":25.0,"key":"SMITH"},{"floor":28.0,"key":"RECALL"},{"floor":32.0,"key":"REST"},{"floor":40.0,"key":"REST"},{"data":"RobotSpaceExplorer:Scanner","floor":45.0,"key":"SMITH"},{"floor":49.0,"key":"REST"},{"data":"RobotSpaceExplorer:ShovelStrike","floor":52.0,"key":"SMITH"}],"circlet_count":0,"master_deck":["RobotSpaceExplorer:Strike+1","RobotSpaceExplorer:Strike","RobotSpaceExplorer:Strike+1","RobotSpaceExplorer:Defend","RobotSpaceExplorer:MiniLasers+1","RobotSpaceExplorer:ScrapMissile+1","RobotSpaceExplorer:ImprovisedAttack+1","RobotSpaceExplorer:ExhaustFan+1","RobotSpaceExplorer:SurgingStrike+1","RobotSpaceExplorer:Blaster+1","RobotSpaceExplorer:ChargingLaser","RobotSpaceExplorer:ShovelStrike","RobotSpaceExplorer:Probe","RobotSpaceExplorer:ShovelStrike+1","RobotSpaceExplorer:ScrapToss","RobotSpaceExplorer:TrailblazerForm+1","RobotSpaceExplorer:ExhaustFan+1","RobotSpaceExplorer:ChargingLaser","RobotSpaceExplorer:Scanner+1","RobotSpaceExplorer:ScrapMissile+1"],"relics":["RobotSpaceExplorer:RoboCore","NeowsBlessing","Whetstone","Darkstone Periapt","SlaversCollar","Thread and Needle","TungstenRod","Singing Bowl","Omamori","Pocketwatch","RobotSpaceExplorer:PlasmaHourglass","Bird Faced Urn"],"acts_visited":["Exordium","TheCity","TheBeyond","TheEnding"],"potions_floor_usage":[55,55],"damage_taken":[{"damage":0.0,"enemies":"2 Louse","floor":1.0,"turns":1.0},{"damage":0.0,"enemies":"Small Slimes","floor":4.0,"turns":1.0},{"damage":0.0,"enemies":"Cultist","floor":5.0,"turns":1.0},{"damage":0.0,"enemies":"Large Slime","floor":7.0,"turns":6.0},{"damage":11.0,"enemies":"Exordium Wildlife","floor":12.0,"turns":2.0},{"damage":10.0,"enemies":"3 Sentries","floor":14.0,"turns":7.0},{"damage":9.0,"enemies":"Hexaghost","floor":16.0,"turns":6.0},{"damage":5.0,"enemies":"3 Byrds","floor":18.0,"turns":4.0},{"damage":7.0,"enemies":"Shell Parasite","floor":19.0,"turns":3.0},{"damage":9.0,"enemies":"Sentry and Sphere","floor":20.0,"turns":4.0},{"damage":5.0,"enemies":"Chosen and Byrds","floor":21.0,"turns":4.0},{"damage":9.0,"enemies":"Centurion and Healer","floor":22.0,"turns":3.0},{"damage":1.0,"enemies":"Book of Stabbing","floor":24.0,"turns":4.0},{"damage":6.0,"enemies":"Cultist and Chosen","floor":30.0,"turns":5.0},{"damage":0.0,"enemies":"Snecko","floor":31.0,"turns":6.0},{"damage":17.0,"enemies":"Collector","floor":33.0,"turns":10.0},{"damage":25.0,"enemies":"3 Darklings","floor":35.0,"turns":7.0},{"damage":13.0,"enemies":"3 Shapes","floor":39.0,"turns":5.0},{"damage":4.0,"enemies":"Nemesis","floor":42.0,"turns":7.0},{"damage":0.0,"enemies":"Mind Bloom Boss Battle","floor":44.0,"turns":6.0},{"damage":17.0,"enemies":"Spire Growth","floor":47.0,"turns":5.0},{"damage":0.0,"enemies":"Jaw Worm Horde","floor":48.0,"turns":5.0},{"damage":23.0,"enemies":"Donu and Deca","floor":50.0,"turns":9.0},{"damage":46.0,"enemies":"Shield and Spear","floor":54.0,"turns":6.0},{"damage":40,"enemies":"The Heart","floor":55,"turns":9}],"seed_played":"-8083636796726468395","potions_obtained":[{"floor":1.0,"key":"RobotSpaceExplorer:RecyclePotion"},{"floor":16.0,"key":"SkillPotion"},{"floor":19.0,"key":"ColorlessPotion"},{"floor":20.0,"key":"DuplicationPotion"},{"floor":31.0,"key":"SteroidPotion"},{"floor":35.0,"key":"Regen Potion"},{"floor":47.0,"key":"LiquidBronze"}],"is_trial":false,"path_per_floor":["M","?","?","M","M","R","M","R","T","R","?","M","R","E","R","B",null,"M","M","M","M","M","R","E","R","T","?","R","?","M","M","R","B",null,"M","?","?","?","M","R","$","E","T","?","R","?","M","M","R","B",null,"R","$","E","B",null],"character_chosen":"RobotSpaceExplorer","items_purchased":["TungstenRod","RobotSpaceExplorer:PlasmaHourglass"],"campfire_rested":5,"item_purchase_floors":[41,53],"current_hp_per_floor":[75,68,53,53,53,75,75,75,75,75,75,64,64,54,54,45,75,70,63,54,49,40,62,61,61,61,61,61,61,55,55,75,58,75,50,50,50,50,37,59,59,57,57,57,57,57,40,42,65,42,79,79,79,49,19],"gold":43,"neow_bonus":"THREE_ENEMY_KILL","is_daily":false,"chose_seed":false,"campfire_upgraded":7,"win_rate":0.0,"timestamp":1610758733,"path_taken":["M","?","?","M","M","R","M","R","T","R","?","M","R","E","R","BOSS","M","M","M","M","?","R","E","R","T","?","R","?","?","M","R","BOSS","M","?","?","?","M","R","$","E","T","?","R","?","M","M","R","BOSS","R","$","E","BOSS"],"items_purchased_type":["Relic","Relic"],"build_version":"2020-12-22","purchased_purges":2,"victory":true,"max_hp_per_floor":[75,75,75,75,75,75,75,75,75,75,75,75,75,75,75,75,75,75,75,75,75,75,75,75,75,75,75,75,75,75,75,75,75,75,75,75,75,75,75,75,75,77,77,77,77,77,77,79,79,79,79,79,79,81,81],"card_choices":[{"not_picked":["RobotSpaceExplorer:ScrapToss","RobotSpaceExplorer:LaserBurst"],"picked":"RobotSpaceExplorer:ScrapMissile","floor":1.0},{"not_picked":["RobotSpaceExplorer:ShovelStrike","RobotSpaceExplorer:TurboDodge"],"picked":"RobotSpaceExplorer:ImprovisedAttack","floor":4.0},{"not_picked":["RobotSpaceExplorer:MiniDrones","RobotSpaceExplorer:Fix"],"picked":"RobotSpaceExplorer:ExhaustFan","floor":5.0},{"not_picked":["RobotSpaceExplorer:FrostMissile","RobotSpaceExplorer:Pulsar","RobotSpaceExplorer:GlueSpray"],"picked":"SKIP","floor":7.0},{"not_picked":["RobotSpaceExplorer:Ammunition","RobotSpaceExplorer:ImprovisedAttack"],"picked":"RobotSpaceExplorer:SurgingStrike","floor":12.0},{"not_picked":["RobotSpaceExplorer:StarDust","RobotSpaceExplorer:Electroshield"],"picked":"RobotSpaceExplorer:Blaster","floor":14.0},{"not_picked":["RobotSpaceExplorer:Blaster","RobotSpaceExplorer:Wormhole"],"picked":"RobotSpaceExplorer:ChargingLaser","floor":16.0},{"not_picked":["RobotSpaceExplorer:PowerGlove","RobotSpaceExplorer:LaserBurst"],"picked":"RobotSpaceExplorer:ShovelStrike","floor":18.0},{"not_picked":["RobotSpaceExplorer:Electropulse","RobotSpaceExplorer:StunGrenade+1","RobotSpaceExplorer:GlueSpray"],"picked":"SKIP","floor":19.0},{"not_picked":["RobotSpaceExplorer:Ammunition","RobotSpaceExplorer:ShockKick"],"picked":"RobotSpaceExplorer:Probe","floor":20.0},{"not_picked":["RobotSpaceExplorer:Ammunition","RobotSpaceExplorer:Calculate"],"picked":"RobotSpaceExplorer:ShovelStrike","floor":21.0},{"not_picked":["RobotSpaceExplorer:GlueShot","RobotSpaceExplorer:ShovelStrike"],"picked":"RobotSpaceExplorer:ScrapToss","floor":22.0},{"not_picked":["RobotSpaceExplorer:Blaster","RobotSpaceExplorer:SwiftStep+1"],"picked":"RobotSpaceExplorer:TrailblazerForm","floor":24.0},{"not_picked":["RobotSpaceExplorer:GlueShot+1","RobotSpaceExplorer:Counterblock","RobotSpaceExplorer:DualCore"],"picked":"SKIP","floor":30.0},{"not_picked":["RobotSpaceExplorer:ScrapMissile","RobotSpaceExplorer:LuckyStrike","RobotSpaceExplorer:StarLightning"],"picked":"SKIP","floor":31.0},{"not_picked":["RobotSpaceExplorer:HighVoltage","RobotSpaceExplorer:Comet"],"picked":"RobotSpaceExplorer:ChargingLaser","floor":33.0},{"not_picked":["RobotSpaceExplorer:IronShell","RobotSpaceExplorer:StarLightning+1","RobotSpaceExplorer:DualCore"],"picked":"SKIP","floor":35.0},{"not_picked":["RobotSpaceExplorer:Ammunition+1","RobotSpaceExplorer:SurgingShield","RobotSpaceExplorer:ImprovisedAttack"],"picked":"SKIP","floor":39.0},{"not_picked":["RobotSpaceExplorer:Ammunition","RobotSpaceExplorer:SurgingStrike","RobotSpaceExplorer:TurboDodge+1"],"picked":"Singing Bowl","floor":42.0},{"not_picked":["RobotSpaceExplorer:Pulsar+1","RobotSpaceExplorer:Probe"],"picked":"RobotSpaceExplorer:Scanner","floor":44.0},{"not_picked":["RobotSpaceExplorer:FrostMissile+1","RobotSpaceExplorer:SurgingStrike"],"picked":"RobotSpaceExplorer:ScrapMissile+1","floor":47.0},{"not_picked":["RobotSpaceExplorer:Probe","RobotSpaceExplorer:Ammunition","RobotSpaceExplorer:StunGrenade+1"],"picked":"Singing Bowl","floor":48.0},{"not_picked":["RobotSpaceExplorer:Comet","RobotSpaceExplorer:Exploration","RobotSpaceExplorer:DualCore+1"],"picked":"Singing Bowl","floor":54.0}],"player_experience":383753,"relics_obtained":[{"floor":9.0,"key":"Whetstone"},{"floor":14.0,"key":"Darkstone Periapt"},{"floor":24.0,"key":"Thread and Needle"},{"floor":42.0,"key":"Singing Bowl"},{"floor":43.0,"key":"Omamori"},{"floor":44.0,"key":"Pocketwatch"},{"floor":54.0,"key":"Bird Faced Urn"}],"event_choices":[{"cards_removed":["RobotSpaceExplorer:Strike"],"damage_healed":0.0,"max_hp_gain":0.0,"max_hp_loss":0.0,"gold_gain":0.0,"event_name":"Golden Wing","player_choice":"Card Removal","floor":2.0,"gold_loss":0.0,"damage_taken":7.0},{"damage_healed":0.0,"max_hp_gain":0.0,"max_hp_loss":0.0,"gold_gain":0.0,"event_name":"Shining Light","player_choice":"Entered Light","floor":3.0,"gold_loss":0.0,"damage_taken":15.0,"cards_upgraded":["RobotSpaceExplorer:Strike","RobotSpaceExplorer:Strike"]},{"cards_removed":["RobotSpaceExplorer:Defend"],"damage_healed":0.0,"max_hp_gain":0.0,"max_hp_loss":0.0,"gold_gain":0.0,"event_name":"Purifier","player_choice":"Purged","floor":11.0,"gold_loss":0.0,"damage_taken":0.0},{"cards_removed":["RobotSpaceExplorer:Defend"],"damage_healed":0.0,"max_hp_gain":0.0,"max_hp_loss":0.0,"gold_gain":0.0,"event_name":"betterNote:BetterNote","player_choice":"Give","floor":27.0,"gold_loss":0.0,"damage_taken":0.0,"cards_obtained":["Parasite"]},{"damage_healed":0.0,"max_hp_gain":0.0,"max_hp_loss":0.0,"gold_gain":0.0,"event_name":"Duplicator","player_choice":"Copied","floor":29.0,"gold_loss":0.0,"damage_taken":0.0,"cards_obtained":["RobotSpaceExplorer:ExhaustFan"]},{"cards_removed":["RobotSpaceExplorer:Scan"],"damage_healed":0.0,"max_hp_gain":0.0,"max_hp_loss":0.0,"gold_gain":0.0,"event_name":"Falling","player_choice":"Removed Skill","floor":36.0,"gold_loss":0.0,"damage_taken":0.0},{"damage_healed":0.0,"max_hp_gain":0.0,"max_hp_loss":0.0,"gold_gain":0.0,"event_name":"Tomb of Lord Red Mask","player_choice":"Ignored","floor":37.0,"gold_loss":0.0,"damage_taken":0.0},{"damage_healed":0.0,"max_hp_gain":0.0,"max_hp_loss":0.0,"gold_gain":0.0,"event_name":"SensoryStone","player_choice":"Memory 1","floor":38.0,"gold_loss":0.0,"damage_taken":0.0},{"damage_healed":0.0,"max_hp_gain":0.0,"max_hp_loss":0.0,"gold_gain":0.0,"event_name":"MindBloom","player_choice":"Fight","floor":44.0,"gold_loss":0.0,"damage_taken":0.0},{"damage_healed":0.0,"max_hp_gain":0.0,"max_hp_loss":0.0,"gold_gain":0.0,"event_name":"Match and Keep!","player_choice":"0 cards matched","floor":46.0,"gold_loss":0.0,"damage_taken":0.0,"cards_obtained":[]}],"is_beta":false,"boss_relics":[{"not_picked":["Runic Dome","Hololive_ChaosS"],"picked":"SlaversCollar"},{"not_picked":["Calling Bell","Velvet Choker","Astrolabe"]}],"items_purged_floors":[41,53],"is_endless":false,"potions_floor_spawned":[1,16,19,20,31,33,35,42,47],"ascension_level":0}}