{"host":"n4fty02wqqi95laq","time":1610803688,"event":{"mods":["BaseMod","Highlight Path","Minty Spire (QoL Compilation)","Quick Restart","Rare Cards Sparkle","StSLib"],"gold_per_floor":[117,117,136,186,197,197,210,236,236,263,197,197,197,268,268,362,362,362,362],"floor_reached":18,"language":"ZHS","playtime":535,"items_purged":[],"score":436,"play_id":"917c91d0-7fc9-40d3-9c54-e110415f773d","local_time":"20210116212808","is_ascension_mode":true,"campfire_choices":[{"data":"Eruption","floor":6.0,"key":"SMITH"},{"floor":13.0,"key":"REST"},{"data":"EmptyFist","floor":15.0,"key":"SMITH"}],"circlet_count":0,"master_deck":["AscendersBane","Strike_P","Strike_P","Defend_P","Defend_P","Defend_P","Defend_P+1","Eruption+1","Vigilance+1","Prostrate","FollowUp","Adaptation+1","EmptyFist+1","LessonLearned","Establishment+1","Prostrate+1","Pray+1","InnerPeace+1"],"relics":["Black Star","Frozen Egg 2","HornCleat","Pen Nib","Pantograph","Smiling Mask","StrikeDummy","Golden Idol","Question Card","Astrolabe"],"acts_visited":["Exordium","TheCity"],"potions_floor_usage":[18],"damage_taken":[{"damage":1.0,"enemies":"Small Slimes","floor":1.0,"turns":4.0},{"damage":6.0,"enemies":"2 Louse","floor":3.0,"turns":4.0},{"damage":4.0,"enemies":"Cultist","floor":5.0,"turns":3.0},{"damage":3.0,"enemies":"3 Louse","floor":7.0,"turns":4.0},{"damage":8.0,"enemies":"3 Sentries","floor":8.0,"turns":4.0},{"damage":8.0,"enemies":"Lagavulin","floor":10.0,"turns":4.0},{"damage":18.0,"enemies":"Lagavulin Event","floor":14.0,"turns":4.0},{"damage":0.0,"enemies":"Slime Boss","floor":16.0,"turns":5.0},{"damage":49,"enemies":"3 Byrds","floor":18,"turns":5}],"seed_played":"3507331836201613587","potions_obtained":[{"floor":3.0,"key":"BlessingOfTheForge"},{"floor":7.0,"key":"Weak Potion"}],"is_trial":false,"path_per_floor":["M","?","M","?","M","R","M","E","T","E","?","?","R","?","R","B",null,"M"],"character_chosen":"WATCHER","items_purchased":[],"campfire_rested":1,"item_purchase_floors":[],"current_hp_per_floor":[60,34,28,28,24,24,21,13,13,5,5,5,23,5,5,30,54,5,5],"gold":362,"neow_bonus":"BOSS_RELIC","is_daily":false,"chose_seed":false,"campfire_upgraded":2,"win_rate":0.0,"timestamp":1610803688,"path_taken":["M","?","M","?","?","R","M","E","T","E","?","?","R","?","R","BOSS","M"],"items_purchased_type":[],"build_version":"2020-12-22","purchased_purges":0,"victory":false,"max_hp_per_floor":[68,68,68,68,68,68,68,68,68,68,68,62,62,62,62,62,62,62,62],"card_choices":[{"not_picked":["WreathOfFlame","FollowUp"],"picked":"Prostrate","floor":1.0},{"not_picked":["JustLucky","Halt"],"picked":"FollowUp","floor":3.0},{"not_picked":["CrushJoints","Perseverance"],"picked":"Adaptation+1","floor":5.0},{"not_picked":["FlyingSleeves","BowlingBash"],"picked":"BattleHymn+1","floor":7.0},{"not_picked":["WreathOfFlame","Evaluate"],"picked":"EmptyFist","floor":8.0},{"not_picked":["WreathOfFlame","DeceiveReality"],"picked":"LessonLearned","floor":10.0},{"not_picked":["LessonLearned","Wish","Brilliance"],"picked":"Establishment+1","floor":16.0}],"player_experience":673301,"relics_obtained":[{"floor":8.0,"key":"HornCleat"},{"floor":8.0,"key":"Pen Nib"},{"floor":9.0,"key":"Pantograph"},{"floor":10.0,"key":"Smiling Mask"},{"floor":10.0,"key":"StrikeDummy"},{"floor":14.0,"key":"Question Card"}],"event_choices":[{"damage_healed":0.0,"max_hp_gain":0.0,"max_hp_loss":0.0,"gold_gain":0.0,"event_name":"Scrap Ooze","player_choice":"Success","floor":2.0,"gold_loss":0.0,"damage_taken":26.0,"relics_obtained":["Frozen Egg 2"]},{"damage_healed":0.0,"max_hp_gain":0.0,"max_hp_loss":0.0,"gold_gain":50.0,"event_name":"Golden Shrine","player_choice":"Pray","floor":4.0,"gold_loss":0.0,"damage_taken":0.0},{"damage_healed":0.0,"max_hp_gain":0.0,"max_hp_loss":0.0,"gold_gain":0.0,"event_name":"World of Goop","player_choice":"Left Gold","floor":11.0,"gold_loss":66.0,"damage_taken":0.0},{"damage_healed":0.0,"max_hp_gain":0.0,"max_hp_loss":6.0,"gold_gain":0.0,"event_name":"Golden Idol","player_choice":"Lose Max HP","floor":12.0,"gold_loss":0.0,"damage_taken":0.0,"relics_obtained":["Golden Idol"]},{"damage_healed":0.0,"max_hp_gain":0.0,"max_hp_loss":0.0,"gold_gain":0.0,"event_name":"Dead Adventurer","player_choice":"Searched \u00271\u0027 times","floor":14.0,"gold_loss":0.0,"damage_taken":0.0}],"is_beta":false,"boss_relics":[{"not_picked":["Philosopher\u0027s Stone","Coffee Dripper"],"picked":"Astrolabe"}],"items_purged_floors":[],"is_endless":false,"potions_floor_spawned":[3,7],"killed_by":"3 Byrds","ascension_level":20}}