{"host":"b3acx0fd85ri4t7i","time":1610799596,"event":{"mods":["BaseMod","Colored Powertips","Minty Spire (QoL Compilation)","Quick Restart","Relic Stats","StSLib","[功能]功能增强和修复MOD"],"gold_per_floor":[114,114,114,130,73,73,73],"floor_reached":6,"language":"ZHS","playtime":246,"items_purged":["Injury","Strike_B","Strike_B","Defend_B","Defend_B","Strike_B","Defend_B"],"score":68,"play_id":"e2ba1fb5-0b91-4e47-99f4-2954c2b28fa2","local_time":"20210116201956","is_ascension_mode":true,"campfire_choices":[],"circlet_count":0,"master_deck":["AscendersBane","Strike_B","Defend_B","Zap","Dualcast+1","Ball Lightning","Defragment"],"relics":["Black Star","Golden Idol"],"acts_visited":["Exordium"],"potions_floor_usage":[6,6],"damage_taken":[{"damage":4,"enemies":"Jaw Worm","floor":1,"turns":5},{"damage":3,"enemies":"Small Slimes","floor":4,"turns":3},{"damage":54,"enemies":"3 Sentries","floor":6,"turns":5}],"seed_played":"5498844998751070722","potions_obtained":[{"floor":1,"key":"EssenceOfSteel"},{"floor":4,"key":"DuplicationPotion"}],"is_trial":false,"path_per_floor":["M","?","?","M","$","E"],"character_chosen":"DEFECT","items_purchased":["Defragment"],"campfire_rested":0,"item_purchase_floors":[5],"current_hp_per_floor":[60,60,60,57,57,3,3],"gold":73,"neow_bonus":"BOSS_RELIC","is_daily":false,"chose_seed":false,"campfire_upgraded":0,"win_rate":0.0,"timestamp":1610799596,"path_taken":["M","?","?","M","$","E"],"items_purchased_type":["Card"],"build_version":"2020-12-22","purchased_purges":7,"victory":false,"max_hp_per_floor":[71,71,71,71,71,71,71],"relic_stats":{"counters":[3,13],"Golden Idol":3,"Black Star":0,"obtain_stats":[{"Golden Idol":2,"Black Star":0,"Cracked Core":0},{"Golden Idol":1,"Black Star":0,"Cracked Core":0},{"Golden Idol":5,"Black Star":0,"Cracked Core":0}]},"card_choices":[{"not_picked":["White Noise","Go for the Eyes"],"picked":"Ball Lightning","floor":1},{"not_picked":["White Noise","Steam Power","Hello World"],"picked":"SKIP","floor":4}],"player_experience":306098,"relics_obtained":[],"event_choices":[{"damage_healed":0,"gold_gain":0,"player_choice":"Take Wound","damage_taken":0,"relics_obtained":["Golden Idol"],"max_hp_gain":0,"max_hp_loss":0,"event_name":"Golden Idol","floor":2,"gold_loss":0,"cards_obtained":["Injury"]},{"damage_healed":0,"gold_gain":0,"player_choice":"Grow","damage_taken":0,"max_hp_gain":0,"max_hp_loss":0,"event_name":"Living Wall","floor":3,"gold_loss":0,"cards_upgraded":["Dualcast"]}],"is_beta":false,"boss_relics":[],"items_purged_floors":[5,5,5,5,5,5,5],"is_endless":false,"potions_floor_spawned":[1,4],"killed_by":"3 Sentries","ascension_level":20}}