{"host":"twdka4p4fki82j1d","time":1610836648,"event":{"mods":["BaseMod","Minty Spire (QoL Compilation)","Robot Space Explorer","Shop Mod","StSLib"],"gold_per_floor":[119,119,119,119,119,146,146,180,180,197,214,214,214,232,232,333,333,348,316,330,330,330,330,364,364,364,364,364,364,364,383,383,486,486,498,498,509,4,4,38,67,79,118,44,77,77,125,136,136,136],"floor_reached":51,"language":"ENG","playtime":9187,"items_purged":[],"score":781,"play_id":"eecb2e7a-595d-4c51-abc4-6cb83ee34fed","local_time":"20210116163728","is_ascension_mode":false,"campfire_choices":[{"data":"Loop","floor":7.0,"key":"SMITH"},{"data":"Chaos","floor":12.0,"key":"SMITH"},{"data":"Glacier","floor":15.0,"key":"SMITH"},{"data":"Coolheaded","floor":23.0,"key":"SMITH"},{"data":"Lockon","floor":27.0,"key":"SMITH"},{"floor":30.0,"key":"REST"},{"data":"Beam Cell","floor":32.0,"key":"SMITH"},{"floor":42.0,"key":"REST"},{"data":"Go for the Eyes","floor":49,"key":"SMITH"}],"circlet_count":0,"master_deck":["Defend_B","Defend_B","Defend_B","Defend_B","Zap+1","Dualcast","Go for the Eyes+1","Loop+1","Chaos+1","Lockon+1","Beam Cell+1","Coolheaded+1","Glacier+1","All For One","Barrage+1","Scrape+1","Fusion","Ghostly","Ghostly","Ghostly","Ghostly","Ghostly","Cold Snap+1","All For One+1","Self Repair+1","Conserve Battery+1","Capacitor+1","Static Discharge","Fusion"],"relics":["NeowsBlessing","Ancient Tea Set","Letter Opener","Snecko Eye","Bag of Preparation","Anchor","WingedGreaves","Enchiridion","Nuclear Battery","MerchantsRug","Juzu Bracelet","TheAbacus","Whetstone","Prayer Wheel"],"acts_visited":["TheBeyond"],"potions_floor_usage":[50,50,50],"damage_taken":[{"damage":0.0,"enemies":"Cultist","floor":1.0,"turns":1.0},{"damage":0.0,"enemies":"Lagavulin","floor":6.0,"turns":1.0},{"damage":0.0,"enemies":"Gremlin Nob","floor":8.0,"turns":1.0},{"damage":0.0,"enemies":"2 Louse","floor":10.0,"turns":2.0},{"damage":0.0,"enemies":"Small Slimes","floor":11.0,"turns":2.0},{"damage":0.0,"enemies":"2 Fungi Beasts","floor":14.0,"turns":2.0},{"damage":50.0,"enemies":"The Guardian","floor":16.0,"turns":9.0},{"damage":10.0,"enemies":"Chosen","floor":18.0,"turns":3.0},{"damage":6.0,"enemies":"2 Thieves","floor":19.0,"turns":5.0},{"damage":20.0,"enemies":"Centurion and Healer","floor":20.0,"turns":5.0},{"damage":0.0,"enemies":"Snake Plant","floor":21.0,"turns":1.0},{"damage":1.0,"enemies":"Gremlin Leader","floor":24.0,"turns":7.0},{"damage":0.0,"enemies":"Sentry and Sphere","floor":31.0,"turns":5.0},{"damage":7.0,"enemies":"Collector","floor":33.0,"turns":9.0},{"damage":0.0,"enemies":"3 Shapes","floor":35.0,"turns":3.0},{"damage":0.0,"enemies":"Orb Walker","floor":37.0,"turns":2.0},{"damage":26.0,"enemies":"Reptomancer","floor":40.0,"turns":10.0},{"damage":0.0,"enemies":"3 Darklings","floor":41.0,"turns":5.0},{"damage":18,"enemies":"Giant Head","floor":45,"turns":8},{"damage":0,"enemies":"2 Orb Walkers","floor":47,"turns":2},{"damage":0,"enemies":"Spire Growth","floor":48,"turns":5},{"damage":47,"enemies":"Time Eater","floor":50,"turns":14}],"seed_played":"9212230622616859116","potions_obtained":[{"floor":6.0,"key":"DuplicationPotion"},{"floor":11.0,"key":"Strength Potion"},{"floor":14.0,"key":"SmokeBomb"},{"floor":33.0,"key":"SkillPotion"}],"is_trial":false,"path_per_floor":["M","?","$","?","$","E","R","E","T","M","M","R","?","M","R","B",null,"M","M","M","M","?","R","E","?","T","R","T","?","R","M","R","B",null,"M","?","M","$","?","E","M","R","T","$","E","?","?","M","R","B",null],"character_chosen":"DEFECT","items_purchased":["MerchantsRug","Mango","Lee\u0027s Waffle","TheAbacus"],"campfire_rested":2,"item_purchase_floors":[38,38,38,44],"current_hp_per_floor":[75,75,75,75,75,82,82,82,82,82,82,82,82,82,82,32,82,72,66,46,46,41,41,40,35,35,35,35,19,32,32,32,25,46,46,46,46,67,64,38,48,64,64,64,56,56,64,64,64,27],"gold":136,"neow_bonus":"THREE_ENEMY_KILL","is_daily":false,"chose_seed":false,"campfire_upgraded":7,"win_rate":0.0,"timestamp":1610836648,"path_taken":["M","?","$","?","$","E","R","E","T","M","?","R","?","?","R","BOSS","M","M","M","M","?","R","E","?","T","R","?","?","R","M","R","BOSS","M","?","M","$","?","E","?","R","T","?","E","?","?","M","R","BOSS"],"items_purchased_type":["Relic","Relic","Relic","Relic"],"build_version":"2020-12-22","purchased_purges":0,"victory":true,"max_hp_per_floor":[75,75,75,75,75,82,82,82,82,82,82,82,82,82,82,82,82,82,82,82,82,41,41,41,46,46,46,46,46,46,46,46,46,46,46,46,46,67,64,64,64,64,64,64,64,64,64,64,64,64],"card_choices":[{"not_picked":["Conserve Battery","Leap"],"picked":"Go for the Eyes","floor":1.0},{"not_picked":["Steam","Leap"],"picked":"Loop","floor":6.0},{"not_picked":["Machine Learning","Static Discharge"],"picked":"Chaos","floor":8.0},{"not_picked":["Double Energy","Gash"],"picked":"Lockon","floor":10.0},{"not_picked":["White Noise","Heatsinks"],"picked":"Beam Cell","floor":11.0},{"not_picked":["Barrage","Redo"],"picked":"Glacier","floor":14.0},{"not_picked":["Thunder Strike","Seek"],"picked":"All For One","floor":16.0},{"not_picked":["Leap","Hologram"],"picked":"Barrage+1","floor":18.0},{"not_picked":["Rip and Tear","Redo+1"],"picked":"Scrape+1","floor":19.0},{"not_picked":["Barrage","Coolheaded"],"picked":"Fusion","floor":20.0},{"not_picked":["Leap","Streamline"],"picked":"Cold Snap+1","floor":24.0},{"not_picked":["Amplify","Barrage","Stack"],"picked":"SKIP","floor":31.0},{"not_picked":["Rainbow","Seek"],"picked":"All For One","floor":33.0},{"not_picked":["Cold Snap","Go for the Eyes+1","Redo+1"],"picked":"SKIP","floor":35.0},{"not_picked":["Chill+1","Steam+1","Rebound"],"picked":"SKIP","floor":37.0},{"not_picked":["Compile Driver+1","Go for the Eyes+1"],"picked":"Self Repair+1","floor":40.0},{"not_picked":["Amplify","Sweeping Beam"],"picked":"Conserve Battery+1","floor":41.0},{"not_picked":["Storm","Hologram"],"picked":"Capacitor+1","floor":45},{"not_picked":["Redo","Undo"],"picked":"Static Discharge","floor":47},{"not_picked":["Aggregate","Rebound+1"],"picked":"Fusion","floor":48},{"not_picked":["White Noise+1","Rebound","Compile Driver"],"picked":"SKIP","floor":48}],"player_experience":216606,"relics_obtained":[{"floor":6.0,"key":"Strawberry"},{"floor":8.0,"key":"Ancient Tea Set"},{"floor":9.0,"key":"Letter Opener"},{"floor":24.0,"key":"Bag of Preparation"},{"floor":26.0,"key":"Anchor"},{"floor":28.0,"key":"WingedGreaves"},{"floor":29.0,"key":"Enchiridion"},{"floor":40.0,"key":"MawBank"},{"floor":43.0,"key":"Juzu Bracelet"},{"floor":45,"key":"Whetstone"},{"floor":47,"key":"Prayer Wheel"}],"event_choices":[{"damage_healed":0.0,"max_hp_gain":0.0,"max_hp_loss":0.0,"gold_gain":0.0,"event_name":"Living Wall","player_choice":"Grow","floor":2.0,"gold_loss":0.0,"damage_taken":0.0,"cards_upgraded":["Zap"]},{"cards_removed":["Strike_B"],"damage_healed":0.0,"max_hp_gain":0.0,"max_hp_loss":0.0,"gold_gain":0.0,"event_name":"Purifier","player_choice":"Purged","floor":4.0,"gold_loss":0.0,"damage_taken":0.0},{"cards_removed":["Strike_B"],"damage_healed":0.0,"max_hp_gain":0.0,"max_hp_loss":0.0,"gold_gain":0.0,"event_name":"NoteForYourself","player_choice":"Took Card","floor":13.0,"gold_loss":0.0,"damage_taken":0.0,"cards_obtained":["Coolheaded"]},{"damage_healed":0.0,"max_hp_gain":0.0,"max_hp_loss":41.0,"gold_gain":0.0,"event_name":"Ghosts","player_choice":"Became a Ghost","floor":22.0,"gold_loss":0.0,"damage_taken":0.0,"cards_obtained":["Ghostly","Ghostly","Ghostly","Ghostly","Ghostly"]},{"damage_healed":0.0,"max_hp_gain":5.0,"max_hp_loss":0.0,"gold_gain":0.0,"event_name":"Forgotten Altar","player_choice":"Shed Blood","floor":25.0,"gold_loss":0.0,"damage_taken":10.0},{"damage_healed":0.0,"max_hp_gain":0.0,"max_hp_loss":0.0,"gold_gain":0.0,"event_name":"Cursed Tome","player_choice":"Obtained Book","floor":29.0,"gold_loss":0.0,"damage_taken":16.0},{"cards_removed":["Strike_B"],"damage_healed":0.0,"max_hp_gain":0.0,"max_hp_loss":0.0,"gold_gain":0.0,"event_name":"Falling","player_choice":"Removed Attack","floor":36.0,"gold_loss":0.0,"damage_taken":0.0},{"damage_healed":0.0,"max_hp_gain":0.0,"max_hp_loss":3.0,"gold_gain":0.0,"event_name":"Winding Halls","player_choice":"Max HP","floor":39.0,"gold_loss":0.0,"damage_taken":0.0},{"cards_removed":["Strike_B"],"damage_healed":0,"gold_gain":0,"player_choice":"Purged","damage_taken":0,"max_hp_gain":0,"max_hp_loss":0,"event_name":"Purifier","floor":46,"gold_loss":0},{"damage_healed":0,"gold_gain":0,"player_choice":"Fight","damage_taken":0,"max_hp_gain":0,"max_hp_loss":0,"event_name":"Mysterious Sphere","floor":47,"gold_loss":0}],"is_beta":false,"boss_relics":[{"not_picked":["Runic Dome","Velvet Choker"],"picked":"Snecko Eye"},{"not_picked":["SacredBark","Cursed Key"],"picked":"Nuclear Battery"}],"items_purged_floors":[],"is_endless":false,"potions_floor_spawned":[6,11,14,16,18,21,33,35,37],"ascension_level":0}}