{"host":"npubv26u89aif4fa","time":1610800438,"event":{"mods":["Astrologer","BaseMod","Better Vampires","Better-Laid Plans","Colored Powertips","GifTheSpireLib","GungeonMod","HornydragonMod","Hubris","Jedi Mod","Minty Spire (QoL Compilation)","Quick Restart","Remilia（蕾米莉亚）","Replay The Spire","StSLib","Td1madao Mod","The Administrix","The Alterego","The Bug Knight","The Cursed","The Runesmith","Yuri Mod","残留之物"],"gold_per_floor":[112,123,136,136,154,180,180,212,235,235,249,267,287,462,462,558,558,572,57,75,75,85,114,128,148,172,172,172,201,231,274,286,401,463,493,97,109,121,176,209,224,26,50,67,67,67,117,134,134,134,134,134,14,14],"floor_reached":55,"language":"ZHS","playtime":5554,"items_purged":["CommonCold","Strike_P","Doubt","Strike_P"],"score":1348,"play_id":"c8d77e7b-17d1-4339-bb56-ae80119bdefb","local_time":"20210116203358","is_ascension_mode":false,"campfire_choices":[{"data":"Apotheosis","floor":7.0,"key":"SMITH"},{"floor":15.0,"key":"RECALL"},{"data":"TheCursedMod:CircleOfCorruption","floor":32,"key":"SMITH"},{"floor":45,"key":"DIG"},{"floor":46,"key":"DIG"},{"floor":49,"key":"DIG"},{"floor":52,"key":"DIG"}],"circlet_count":0,"master_deck":["Strike_P","Defend_P","Defend_P","Defend_P+1","Defend_P","Eruption+1","Vigilance","Apotheosis+1","EmptyMind","WindmillStrike","WindmillStrike","CutThroughFate","Prostrate","DeceiveReality","Blasphemy","ReachHeaven","DeceiveReality","ForeignInfluence+1","TheCursedMod:CircleOfCorruption+1","SandsOfTime+1","CutThroughFate+1","ClearTheMind","hubris:DuctTapeCard","Jack Of All Trades","DeceiveReality+1","WindmillStrike+1","WaveOfTheHand","BattleHymn"],"relics":["PureWater","ReplayTheSpireMod:TigerMarble","hubris:Potato","DemoMod:RiddleOfLead","Garlic","ClockworkSouvenir","Smiling Mask","jedi:arcanewood","alterego_mod:SomeoneToFightFor","MawBank","Lizard Tail","Tiny House","hubris:DuctTape","Shovel","Ice Cream","Toolbox","ScarletDevilRocket","Peace Pipe","Chameleon Ring","jedi:firstaidkit","Replay:Bottled Flurry","hubris:BottledRain"],"acts_visited":["Exordium","TheCity","TheBeyond","TheEnding"],"potions_floor_usage":[22,39,54,54],"damage_taken":[{"damage":9.0,"enemies":"Small Slimes","floor":1.0,"turns":2.0},{"damage":0.0,"enemies":"Cultist","floor":2.0,"turns":4.0},{"damage":0.0,"enemies":"Jaw Worm","floor":3.0,"turns":4.0},{"damage":6.0,"enemies":"3 Louse","floor":5.0,"turns":4.0},{"damage":0.0,"enemies":"HollowMod:MossKnight","floor":6.0,"turns":4.0},{"damage":0.0,"enemies":"Replay:BlueRogue","floor":8.0,"turns":5.0},{"damage":0.0,"enemies":"Large Slime","floor":11.0,"turns":4.0},{"damage":0.0,"enemies":"2 Fungi Beasts","floor":12.0,"turns":4.0},{"damage":0.0,"enemies":"Exordium Wildlife","floor":13.0,"turns":5.0},{"damage":21.0,"enemies":"Slime Boss","floor":16.0,"turns":9.0},{"damage":0.0,"enemies":"Spheric Guardian","floor":18.0,"turns":1.0},{"damage":0,"enemies":"Chosen","floor":20,"turns":2},{"damage":7,"enemies":"Shelled Parasite and Fungi","floor":22,"turns":3},{"damage":17,"enemies":"Slavers","floor":23,"turns":5},{"damage":13,"enemies":"Snecko","floor":24,"turns":4},{"damage":6,"enemies":"Sentry and Sphere","floor":25,"turns":6},{"damage":0,"enemies":"Gremlin Leader","floor":29,"turns":4},{"damage":0,"enemies":"Shelled Parasite and Fungi","floor":30,"turns":3},{"damage":0,"enemies":"Replay:Snechameleon","floor":31,"turns":4},{"damage":8,"enemies":"Champ","floor":33,"turns":9},{"damage":3,"enemies":"3 Darklings","floor":35,"turns":4},{"damage":0,"enemies":"Orb Walker","floor":37,"turns":2},{"damage":0,"enemies":"Spire Growth","floor":38,"turns":5},{"damage":0,"enemies":"2 Orb Walkers","floor":39,"turns":4},{"damage":38,"enemies":"Nemesis","floor":40,"turns":7},{"damage":10,"enemies":"Writhing Mass","floor":41,"turns":7},{"damage":1,"enemies":"3 Darklings","floor":44,"turns":7},{"damage":0,"enemies":"Mind Bloom Boss Battle","floor":47,"turns":13},{"damage":19,"enemies":"Sphere and 2 Shapes","floor":48,"turns":10},{"damage":20,"enemies":"Awakened One","floor":50,"turns":7},{"damage":96,"enemies":"The Heart","floor":54,"turns":11}],"seed_played":"-738644768996797832","potions_obtained":[{"floor":3.0,"key":"Elixir"},{"floor":5.0,"key":"LifebloodPotion"},{"floor":8.0,"key":"Strength Potion"},{"floor":13.0,"key":"SkillPotion"},{"floor":16.0,"key":"Adrenaline Potion"},{"floor":22,"key":"BottledMiracle"},{"floor":41,"key":"SteroidPotion"}],"is_trial":false,"path_per_floor":["M","M","M","?","M","E","R","E","T","?","M","M","M","?","R","B",null,"M","$","M","?","M","E","M","M","T","?","?","E","M","E","R","B",null,"M","$","M","M","?","E","M","$","T","M","R","R","?","M","R","B",null,"R","$","B",null],"character_chosen":"WATCHER","items_purchased":["Garlic","ClockworkSouvenir","ReachHeaven","hubris:DuctTape","Jack Of All Trades","Toolbox","BattleHymn"],"campfire_rested":0,"item_purchase_floors":[19,19,19,36,36,42,53],"current_hp_per_floor":[63,63,63,63,57,57,57,57,57,57,57,57,57,57,57,36,82,82,82,82,82,75,58,45,39,39,39,39,39,39,39,39,31,87,84,84,84,84,84,46,36,36,36,35,35,35,71,59,59,46,87,87,87,30],"gold":14,"neow_bonus":"RANDOM_COLORLESS_2","is_daily":false,"chose_seed":false,"campfire_upgraded":2,"win_rate":0.0,"timestamp":1610800438,"path_taken":["M","M","M","?","?","E","R","E","T","?","M","?","M","?","R","BOSS","M","$","M","?","?","E","M","M","T","?","?","E","M","E","R","BOSS","M","$","M","M","?","E","?","?","T","M","?","R","?","M","R","BOSS","R","$","BOSS"],"items_purchased_type":["Relic","Relic","Card","Relic","Card","Relic","Card"],"build_version":"2020-12-22","purchased_purges":4,"victory":true,"max_hp_per_floor":[72,72,72,72,72,72,72,72,72,72,72,72,72,72,72,72,82,82,82,82,82,82,82,82,82,82,82,82,82,82,82,82,82,87,87,87,87,87,87,87,87,87,87,87,87,87,87,87,87,87,87,87,87,87],"card_choices":[{"not_picked":["jedi:LeechingStrike","Metamorphosis"],"picked":"Apotheosis","floor":0.0},{"not_picked":["ClearTheMind","JustLucky"],"picked":"EmptyMind","floor":1.0},{"not_picked":["Consecrate","FlyingSleeves"],"picked":"WindmillStrike","floor":2.0},{"not_picked":["ClearTheMind","Replay:Anticipation"],"picked":"WindmillStrike","floor":3.0},{"not_picked":["TalkToTheHand","Evaluate"],"picked":"Prostrate","floor":5.0},{"not_picked":["Wireheading","EmptyMind"],"picked":"DeceiveReality","floor":6.0},{"not_picked":["Replay:AtTheReady","JustLucky"],"picked":"Replay:Anticipation","floor":8.0},{"not_picked":["Protect","JustLucky","Halt"],"picked":"SKIP","floor":11.0},{"not_picked":["FollowUp","Scrawl","Protect"],"picked":"SKIP","floor":12.0},{"not_picked":["EmptyBody","Omniscience","Replay:DivineShield"],"picked":"SKIP","floor":13.0},{"not_picked":["DevaForm","SpiritShield"],"picked":"Blasphemy","floor":16.0},{"not_picked":["Replay:ManipulateFuture","FearNoEvil","PathToVictory"],"picked":"SKIP","floor":18.0},{"not_picked":["Vengeance","EmptyFist","Replay:BluntJabs"],"picked":"SKIP","floor":20},{"not_picked":["FollowUp+1","Halt"],"picked":"ForeignInfluence+1","floor":22},{"not_picked":["ReachHeaven","Tantrum","PathToVictory+1"],"picked":"SKIP","floor":23},{"not_picked":["Evaluate","EmptyFist","SignatureMove"],"picked":"SKIP","floor":24},{"not_picked":["EmptyFist","Replay:Battleflow","Vengeance"],"picked":"SKIP","floor":25},{"not_picked":["Halt+1","Replay:ManipulateFuture"],"picked":"SandsOfTime+1","floor":29},{"not_picked":["Prostrate","PathToVictory"],"picked":"CutThroughFate+1","floor":30},{"not_picked":["Replay:BluntJabs","BowlingBash","PathToVictory+1"],"picked":"SKIP","floor":31},{"not_picked":["MasterReality","Omniscience"],"picked":"jedi:nirvanicrebirth","floor":33},{"not_picked":["TalkToTheHand","SandsOfTime"],"picked":"ClearTheMind","floor":34},{"not_picked":["Meditate+1","Replay:AtTheReady+1"],"picked":"FlurryOfBlows","floor":35},{"not_picked":["Adaptation+1","JustLucky+1"],"picked":"DeceiveReality+1","floor":37},{"not_picked":["Nirvana+1","FlyingSleeves"],"picked":"WindmillStrike+1","floor":38},{"not_picked":["Replay:Cycle+1","Vengeance+1"],"picked":"WaveOfTheHand","floor":40},{"not_picked":["FlyingSleeves","Pray","Halt+1"],"picked":"SKIP","floor":41},{"not_picked":["EmptyMind+1","PathToVictory+1","Nirvana"],"picked":"SKIP","floor":44},{"not_picked":["CrushJoints","Replay:Battleflow+1","SandsOfTime"],"picked":"SKIP","floor":48}],"player_experience":296590,"relics_obtained":[{"floor":6.0,"key":"ReplayTheSpireMod:TigerMarble"},{"floor":8.0,"key":"hubris:Potato"},{"floor":23,"key":"Smiling Mask"},{"floor":26,"key":"jedi:arcanewood"},{"floor":29,"key":"MawBank"},{"floor":31,"key":"Lizard Tail"},{"floor":39,"key":"Shovel"},{"floor":40,"key":"Ice Cream"},{"floor":43,"key":"ScarletDevilRocket"},{"floor":45,"key":"Peace Pipe"},{"floor":46,"key":"Chameleon Ring"},{"floor":47,"key":"jedi:firstaidkit"},{"floor":49,"key":"Replay:Bottled Flurry"},{"floor":52,"key":"hubris:BottledRain"}],"event_choices":[{"damage_healed":0.0,"max_hp_gain":0.0,"max_hp_loss":0.0,"gold_gain":0.0,"cards_transformed":["Strike_P"],"event_name":"Transmorgrifier","player_choice":"Transformed","floor":4.0,"gold_loss":0.0,"damage_taken":0.0,"cards_obtained":["CutThroughFate"]},{"damage_healed":0.0,"max_hp_gain":0.0,"max_hp_loss":0.0,"gold_gain":0.0,"event_name":"Upgrade Shrine","player_choice":"Upgraded","floor":10.0,"gold_loss":0.0,"damage_taken":0.0,"cards_upgraded":["Eruption"]},{"damage_healed":0.0,"max_hp_gain":0.0,"max_hp_loss":0.0,"gold_gain":175.0,"event_name":"Liars Game","player_choice":"AGREE","floor":14.0,"gold_loss":0.0,"damage_taken":0.0,"cards_obtained":["Doubt"]},{"damage_healed":0,"gold_gain":0,"player_choice":"Copied","damage_taken":0,"max_hp_gain":0,"max_hp_loss":0,"event_name":"Duplicator","floor":21,"gold_loss":0,"cards_obtained":["DeceiveReality"]},{"damage_healed":0,"gold_gain":0,"player_choice":"Choice 2","damage_taken":0,"relics_obtained":["alterego_mod:SomeoneToFightFor"],"max_hp_gain":0,"max_hp_loss":0,"event_name":"爱的神圣花园","floor":27,"gold_loss":0},{"damage_healed":0,"gold_gain":0,"player_choice":"Read","damage_taken":0,"max_hp_gain":0,"max_hp_loss":0,"event_name":"The Library","floor":28,"gold_loss":0,"cards_obtained":["TheCursedMod:CircleOfCorruption"]},{"damage_healed":0,"gold_gain":0,"player_choice":"Fight","damage_taken":0,"max_hp_gain":0,"max_hp_loss":0,"event_name":"Mysterious Sphere","floor":39,"gold_loss":0},{"damage_healed":0,"gold_gain":0,"player_choice":"Fight","damage_taken":0,"max_hp_gain":0,"max_hp_loss":0,"event_name":"MindBloom","floor":47,"gold_loss":0}],"is_beta":false,"boss_relics":[{"not_picked":["Replay:Bronze Core","jedi:hotpepper"],"picked":"DemoMod:RiddleOfLead"},{"not_picked":["Replay:Drink Me","Velvet Choker"],"picked":"Tiny House"}],"items_purged_floors":[19,36,42,53],"is_endless":false,"potions_floor_spawned":[3,5,8,13,16,22,25,29,30,35,41],"ascension_level":0}}