{"host":"yo9wwslrag05lh37","time":1610840657,"event":{"mods":["AchievementEnabler","BaseMod","Block Reminder","Colored Map","Colored Powertips","GifTheSpireLib","HexUI Lib","Highlight Path","Minty Spire (QoL Compilation)","Rare Cards Sparkle","Relic Stats","StSLib","everything is the same but u backflip on backflip"],"gold_per_floor":[119,119,119,119,134,134,134,134,134,134,170,191,191,37,37,37,37],"floor_reached":16,"language":"ENG","playtime":387,"items_purged":["Strike_R"],"score":192,"play_id":"11ff227a-8346-48ef-acf7-3e09f22171eb","local_time":"20210117004417","is_ascension_mode":true,"campfire_choices":[{"data":"Hemokinesis","floor":6,"key":"SMITH"},{"floor":8,"key":"REST"},{"data":"Combust","floor":13,"key":"SMITH"},{"data":"Ghostly Armor","floor":15,"key":"SMITH"}],"circlet_count":0,"master_deck":["AscendersBane","Strike_R","Strike_R","Strike_R","Strike_R","Defend_R","Defend_R","Defend_R","Bash+1","Ghostly Armor+1","Hemokinesis+1","Combust+1","Dropkick"],"relics":["Burning Blood","StoneCalendar","Golden Idol","Gremlin Horn","Meat on the Bone"],"acts_visited":["Exordium"],"potions_floor_usage":[],"damage_taken":[{"damage":9,"enemies":"Jaw Worm","floor":1,"turns":5},{"damage":0,"enemies":"Small Slimes","floor":5,"turns":4},{"damage":22,"enemies":"Lagavulin","floor":11,"turns":7},{"damage":3,"enemies":"2 Louse","floor":12,"turns":3},{"damage":51,"enemies":"The Guardian","floor":16,"turns":8}],"seed_played":"1745892135915353241","potions_obtained":[{"floor":12,"key":"BlessingOfTheForge"}],"is_trial":false,"path_per_floor":["M","?","?","?","M","R","?","R","T","?","E","M","R","$","R","B"],"character_chosen":"IRONCLAD","items_purchased":["Dropkick"],"campfire_rested":1,"item_purchase_floors":[14],"current_hp_per_floor":[47,47,21,21,27,27,27,49,49,49,33,48,48,48,48,0,0],"gold":37,"neow_bonus":"ONE_RARE_RELIC","is_daily":false,"chose_seed":false,"campfire_upgraded":3,"win_rate":0.0,"timestamp":1610840657,"path_taken":["M","?","?","?","M","R","?","R","T","?","E","M","R","$","R","BOSS"],"items_purchased_type":["Card"],"build_version":"2020-12-22","purchased_purges":1,"victory":false,"max_hp_per_floor":[75,75,75,75,75,75,75,75,75,75,75,75,75,75,75,75,75],"relic_stats":{"Gremlin Horn":[1,1],"counters":[5,27],"Golden Idol":14,"StoneCalendar":[89],"obtain_stats":[{"Gremlin Horn":9,"Golden Idol":3,"StoneCalendar":0,"Burning Blood":0,"Meat on the Bone":11},{"Gremlin Horn":2,"Golden Idol":1,"StoneCalendar":0,"Burning Blood":0,"Meat on the Bone":3},{"Gremlin Horn":9,"Golden Idol":5,"StoneCalendar":0,"Burning Blood":0,"Meat on the Bone":16}],"Burning Blood":24,"Meat on the Bone":12},"card_choices":[{"not_picked":["Headbutt","Perfected Strike"],"picked":"Ghostly Armor","floor":1},{"not_picked":["Searing Blow","Anger"],"picked":"Hemokinesis","floor":5},{"not_picked":["Dark Embrace","Reckless Charge","Entrench"],"picked":"SKIP","floor":11},{"not_picked":["Power Through","Havoc"],"picked":"Combust","floor":12}],"player_experience":1513950,"relics_obtained":[{"floor":9,"key":"Gremlin Horn"},{"floor":11,"key":"Meat on the Bone"}],"event_choices":[{"damage_healed":0,"gold_gain":0,"player_choice":"Grow","damage_taken":0,"max_hp_gain":0,"max_hp_loss":0,"event_name":"Living Wall","floor":2,"gold_loss":0,"cards_upgraded":["Bash"]},{"damage_healed":0,"gold_gain":0,"player_choice":"Take Damage","damage_taken":26,"relics_obtained":["Golden Idol"],"max_hp_gain":0,"max_hp_loss":0,"event_name":"Golden Idol","floor":3,"gold_loss":0},{"damage_healed":0,"gold_gain":0,"player_choice":"Ignored","damage_taken":0,"max_hp_gain":0,"max_hp_loss":0,"event_name":"Shining Light","floor":4,"gold_loss":0},{"damage_healed":0,"gold_gain":0,"player_choice":"Ignored","damage_taken":0,"max_hp_gain":0,"max_hp_loss":0,"event_name":"Liars Game","floor":7,"gold_loss":0},{"cards_removed":["Defend_R"],"damage_healed":0,"gold_gain":0,"player_choice":"Offered Basic","damage_taken":0,"max_hp_gain":0,"max_hp_loss":0,"event_name":"Bonfire Elementals","floor":10,"gold_loss":0}],"is_beta":false,"boss_relics":[],"items_purged_floors":[14],"is_endless":false,"potions_floor_spawned":[12],"killed_by":"The Guardian","ascension_level":20}}