{"host":"9v3x998ddbx8o276","time":1610766295,"event":{"mods":["BaseMod","Colored Map","Highlight Path","Minty Spire (QoL Compilation)","Quick Restart","Rare Cards Sparkle"],"gold_per_floor":[12,28,79,97,22,22,47,47,99,99,133,163,180,199,199,295,295,314,413,21,21,35,70,88,117,168,184,184,198,198,215,215,311,311,334,360,391,120,138,138,157,186,212,212,212,212,263,0,0,0],"floor_reached":51,"language":"ENG","playtime":4588,"items_purged":["Strike_R","Iron Wave"],"score":837,"play_id":"5d575ed6-f415-4308-9ab0-e58589088e02","local_time":"20210116133455","is_ascension_mode":true,"campfire_choices":[{"data":"Fiend Fire","floor":6,"key":"SMITH"},{"floor":8,"key":"REST"},{"floor":15,"key":"REST"},{"floor":28,"key":"REST"},{"floor":30,"key":"REST"},{"data":"Second Wind","floor":32,"key":"SMITH"},{"data":"Seeing Red","floor":40,"key":"SMITH"},{"floor":44,"key":"REST"},{"data":"Discovery","floor":46,"key":"SMITH"},{"floor":49,"key":"REST"}],"circlet_count":0,"master_deck":["Bash+1","Fiend Fire+1","Wild Strike+1","Rampage+1","Sword Boomerang","Pommel Strike","Whirlwind","Anger","Havoc","Double Tap","Shockwave","Blood for Blood","Fire Breathing","Seeing Red+1","Burning Pact","Wild Strike","Anger","Thunderclap","Ghostly Armor","Battle Trance","Inflame","Shrug It Off+1","Battle Trance","Entrench+1","Sever Soul+1","Second Wind+1","Offering","Immolate+1","CurseOfTheBell","Parasite","Dark Embrace+1","Feel No Pain","Discovery+1","Purity"],"relics":["Burning Blood","Whetstone","InkBottle","Orichalcum","Bag of Preparation","Odd Mushroom","Pandora\u0027s Box","Membership Card","Dead Branch","Molten Egg 2","Regal Pillow","MealTicket","Calling Bell","MawBank","Sundial","CaptainsWheel","PreservedInsect","Bronze Scales","Lee\u0027s Waffle","Shuriken","Boot","Torii","Red Mask"],"acts_visited":["Exordium","TheCity","TheBeyond"],"potions_floor_usage":[16,21,41,41,41,42,50],"damage_taken":[{"damage":1,"enemies":"Cultist","floor":1,"turns":3},{"damage":8,"enemies":"2 Louse","floor":2,"turns":2},{"damage":14,"enemies":"Small Slimes","floor":4,"turns":2},{"damage":40,"enemies":"Lagavulin","floor":7,"turns":6},{"damage":33,"enemies":"3 Sentries","floor":11,"turns":8},{"damage":6,"enemies":"The Mushroom Lair","floor":12,"turns":3},{"damage":5,"enemies":"3 Louse","floor":13,"turns":3},{"damage":8,"enemies":"Red Slaver","floor":14,"turns":2},{"damage":35,"enemies":"The Guardian","floor":16,"turns":8},{"damage":20,"enemies":"2 Thieves","floor":18,"turns":3},{"damage":6,"enemies":"Shell Parasite","floor":22,"turns":3},{"damage":35,"enemies":"Gremlin Leader","floor":23,"turns":6},{"damage":2,"enemies":"Snecko","floor":24,"turns":3},{"damage":28,"enemies":"Slavers","floor":25,"turns":5},{"damage":20,"enemies":"Centurion and Healer","floor":27,"turns":4},{"damage":17,"enemies":"Cultist and Chosen","floor":29,"turns":4},{"damage":14,"enemies":"Snake Plant","floor":31,"turns":3},{"damage":68,"enemies":"Automaton","floor":33,"turns":7},{"damage":6,"enemies":"Orb Walker","floor":35,"turns":2},{"damage":21,"enemies":"3 Darklings","floor":36,"turns":3},{"damage":26,"enemies":"Sphere and 2 Shapes","floor":37,"turns":4},{"damage":7,"enemies":"Writhing Mass","floor":39,"turns":3},{"damage":53,"enemies":"Transient","floor":41,"turns":5},{"damage":20,"enemies":"Nemesis","floor":42,"turns":3},{"damage":17,"enemies":"2 Orb Walkers","floor":47,"turns":2},{"damage":38,"enemies":"Awakened One","floor":50,"turns":7}],"seed_played":"-3887417366552398747","potions_obtained":[{"floor":7,"key":"Ancient Potion"},{"floor":11,"key":"LiquidMemories"},{"floor":13,"key":"SpeedPotion"},{"floor":16,"key":"Dexterity Potion"},{"floor":21,"key":"BloodPotion"},{"floor":21,"key":"EntropicBrew"},{"floor":21,"key":"LiquidBronze"},{"floor":25,"key":"PowerPotion"},{"floor":29,"key":"LiquidMemories"}],"is_trial":false,"path_per_floor":["M","M","T","M","$","R","E","R","T","?","E","?","M","M","R","B",null,"M","?","$","?","M","E","M","E","T","M","R","M","R","M","R","B",null,"M","M","M","$","M","R","M","E","T","R","?","R","?","?","R","B",null],"character_chosen":"IRONCLAD","items_purchased":["Membership Card","Dead Branch","Battle Trance","Inflame","Iron Wave","PreservedInsect","Bronze Scales","Lee\u0027s Waffle"],"campfire_rested":6,"item_purchase_floors":[20,20,20,20,20,38,38,38],"current_hp_per_floor":[80,78,78,70,70,70,36,60,60,60,33,33,34,32,56,27,80,66,66,66,80,80,51,55,33,33,19,58,47,80,72,72,10,80,80,65,45,87,86,86,39,34,34,75,70,70,59,59,87,55],"gold":0,"neow_bonus":"THREE_RARE_CARDS","is_daily":false,"chose_seed":false,"campfire_upgraded":4,"win_rate":0.0,"timestamp":1610766295,"path_taken":["M","M","?","?","$","R","E","R","T","?","E","?","M","M","R","BOSS","M","?","$","?","M","E","?","E","T","M","R","M","R","M","R","BOSS","M","?","M","$","?","R","M","E","T","R","?","R","?","?","R","BOSS"],"items_purchased_type":["Relic","Relic","Card","Card","Card","Relic","Relic","Relic"],"build_version":"2020-12-22","purchased_purges":2,"victory":true,"max_hp_per_floor":[80,80,80,80,80,80,80,80,80,80,80,80,80,80,80,80,80,80,80,80,80,80,80,80,80,80,80,80,80,80,80,80,80,80,80,80,80,87,87,87,87,87,87,87,87,87,87,87,87,87],"card_choices":[{"not_picked":["Limit Break","Juggernaut"],"picked":"Fiend Fire","floor":0},{"not_picked":["Shrug It Off","Heavy Blade"],"picked":"Wild Strike","floor":1},{"not_picked":["Thunderclap","Flex"],"picked":"Rampage","floor":2},{"not_picked":["Flex","Blood for Blood"],"picked":"Sword Boomerang","floor":4},{"not_picked":["Combust","Berserk"],"picked":"Pommel Strike","floor":7},{"not_picked":["Wild Strike","Heavy Blade"],"picked":"Whirlwind","floor":11},{"not_picked":["Cleave","Searing Blow"],"picked":"Anger","floor":12},{"not_picked":["Armaments","Whirlwind","Sword Boomerang"],"picked":"SKIP","floor":13},{"not_picked":["Warcry","Perfected Strike"],"picked":"Havoc","floor":14},{"not_picked":["Exhume","Bludgeon"],"picked":"Double Tap","floor":16},{"not_picked":["Armaments","Heavy Blade"],"picked":"Ghostly Armor","floor":18},{"not_picked":["Iron Wave","Body Slam"],"picked":"Shrug It Off+1","floor":22},{"not_picked":["Rage","Heavy Blade+1"],"picked":"Battle Trance","floor":23},{"not_picked":["Shockwave","Cleave+1"],"picked":"Entrench+1","floor":24},{"not_picked":["Headbutt+1","Evolve"],"picked":"Sever Soul+1","floor":25},{"not_picked":["Cleave+1","Clash+1","Iron Wave+1"],"picked":"SKIP","floor":27},{"not_picked":["Headbutt+1","Metallicize"],"picked":"Second Wind","floor":29},{"not_picked":["Headbutt+1","Warcry"],"picked":"Offering","floor":31},{"not_picked":["Bludgeon+1","Exhume"],"picked":"Immolate+1","floor":33},{"not_picked":["Rage","Flex","Combust"],"picked":"SKIP","floor":35},{"not_picked":["Uppercut+1","Intimidate","Entrench+1"],"picked":"SKIP","floor":36},{"not_picked":["Sever Soul+1","Warcry+1","Cleave+1"],"picked":"SKIP","floor":37},{"not_picked":["Carnage+1","Body Slam+1"],"picked":"Dark Embrace+1","floor":39},{"not_picked":["Metallicize+1","Thunderclap+1"],"picked":"Feel No Pain","floor":41},{"not_picked":["Evolve+1","Immolate+1","Perfected Strike+1"],"picked":"SKIP","floor":42},{"not_picked":["Bandage Up","Purity"],"picked":"Discovery","floor":45},{"not_picked":["Panacea","Metamorphosis"],"picked":"Purity","floor":45}],"player_experience":1656052,"relics_obtained":[{"floor":3,"key":"Whetstone"},{"floor":7,"key":"InkBottle"},{"floor":9,"key":"Orichalcum"},{"floor":11,"key":"Bag of Preparation"},{"floor":12,"key":"Odd Mushroom"},{"floor":23,"key":"Molten Egg 2"},{"floor":25,"key":"Regal Pillow"},{"floor":26,"key":"MealTicket"},{"floor":34,"key":"MawBank"},{"floor":34,"key":"Sundial"},{"floor":34,"key":"CaptainsWheel"},{"floor":42,"key":"Shuriken"},{"floor":43,"key":"Boot"},{"floor":47,"key":"Torii"}],"event_choices":[{"damage_healed":0,"gold_gain":0,"player_choice":"Grow","damage_taken":0,"max_hp_gain":0,"max_hp_loss":0,"event_name":"Living Wall","floor":10,"gold_loss":0,"cards_upgraded":["Bash"]},{"damage_healed":0,"gold_gain":0,"player_choice":"Fought Mushrooms","damage_taken":0,"max_hp_gain":0,"max_hp_loss":0,"event_name":"Mushrooms","floor":12,"gold_loss":0},{"damage_healed":0,"gold_gain":99,"player_choice":"Stole From Cult","damage_taken":0,"max_hp_gain":0,"max_hp_loss":0,"event_name":"Nest","floor":19,"gold_loss":0},{"damage_healed":0,"gold_gain":0,"player_choice":"Got Potions","damage_taken":0,"max_hp_gain":0,"max_hp_loss":0,"event_name":"Lab","floor":21,"gold_loss":0},{"damage_healed":0,"gold_gain":0,"player_choice":"Memory 2","damage_taken":5,"max_hp_gain":0,"max_hp_loss":0,"event_name":"SensoryStone","floor":45,"gold_loss":0},{"damage_healed":0,"gold_gain":0,"player_choice":"Fight","damage_taken":0,"max_hp_gain":0,"max_hp_loss":0,"event_name":"Mysterious Sphere","floor":47,"gold_loss":0},{"damage_healed":0,"gold_gain":0,"player_choice":"Paid","damage_taken":0,"relics_obtained":["Red Mask"],"max_hp_gain":0,"max_hp_loss":0,"event_name":"Tomb of Lord Red Mask","floor":48,"gold_loss":263}],"is_beta":false,"boss_relics":[{"not_picked":["Empty Cage","SacredBark"],"picked":"Pandora\u0027s Box"},{"not_picked":["Fusion Hammer","Velvet Choker"],"picked":"Calling Bell"}],"items_purged_floors":[5,38],"is_endless":false,"potions_floor_spawned":[7,11,13,16,23,24,25,29,37,39],"ascension_level":4}}