{"host":"t7mx8yfj1no5p62f","time":1610778544,"event":{"mods":["BaseMod","Bestiary","Colored Map","Colored Powertips","Minty Spire (QoL Compilation)","Relic Stats","StSLib","ojb\u0027s Info Mod"],"gold_per_floor":[122,134,162,192,204,216,259,289,301,326,357,369,381,404,416,428,428],"floor_reached":16,"language":"ENG","playtime":516,"items_purged":[],"score":208,"play_id":"876a9bd8-9b5a-40b0-90a9-5b7af8992c6d","local_time":"20210116012904","is_ascension_mode":true,"campfire_choices":[{"data":"Dagger Spray","floor":6,"key":"SMITH"},{"data":"Well Laid Plans","floor":12,"key":"SMITH"},{"data":"Dagger Throw","floor":15,"key":"SMITH"}],"circlet_count":0,"master_deck":["AscendersBane","Strike_G","Strike_G","Strike_G","Strike_G","Strike_G","Defend_G","Defend_G","Defend_G","Defend_G","Defend_G","Survivor","Neutralize","Quick Slash+1","Dagger Spray+1","Calculated Gamble","Pain","Well Laid Plans+1","Dagger Throw+1","Tools of the Trade"],"relics":["Ring of the Snake","MawBank","WarpedTongs","Bottled Flame","StrikeDummy"],"acts_visited":["Exordium"],"potions_floor_usage":[16,16],"damage_taken":[{"damage":9,"enemies":"Jaw Worm","floor":1,"turns":7},{"damage":0,"enemies":"2 Louse","floor":3,"turns":4},{"damage":4,"enemies":"Cultist","floor":4,"turns":6},{"damage":42,"enemies":"Gremlin Nob","floor":7,"turns":4},{"damage":0,"enemies":"2 Fungi Beasts","floor":8,"turns":2},{"damage":12,"enemies":"Large Slime","floor":10,"turns":5},{"damage":1,"enemies":"Blue Slaver","floor":11,"turns":3},{"damage":0,"enemies":"Lots of Slimes","floor":14,"turns":1},{"damage":10,"enemies":"Slime Boss","floor":16,"turns":6}],"seed_played":"-4889448720966068843","potions_obtained":[{"floor":4,"key":"FairyPotion"},{"floor":10,"key":"CunningPotion"},{"floor":11,"key":"Block Potion"}],"is_trial":false,"path_per_floor":["M","?","M","M","?","R","E","M","T","M","M","R","?","M","R","B"],"character_chosen":"THE_SILENT","items_purchased":[],"campfire_rested":0,"item_purchase_floors":[],"current_hp_per_floor":[50,50,50,46,46,46,4,4,4,11,10,10,10,10,10,0,0],"gold":428,"neow_bonus":"RANDOM_COMMON_RELIC","is_daily":false,"chose_seed":false,"campfire_upgraded":3,"win_rate":0.0,"timestamp":1610778544,"path_taken":["M","?","M","M","?","R","E","M","T","?","M","R","?","M","R","BOSS"],"items_purchased_type":[],"build_version":"2020-12-22","purchased_purges":0,"victory":false,"max_hp_per_floor":[66,66,66,66,66,66,66,66,66,66,66,66,66,66,66,66,66],"relic_stats":{"counters":[9,38],"MawBank":192,"obtain_stats":[{"Bottled Flame":7,"MawBank":0,"StrikeDummy":9,"Ring of the Snake":0,"WarpedTongs":5},{"Bottled Flame":4,"MawBank":0,"StrikeDummy":5,"Ring of the Snake":0,"WarpedTongs":3},{"Bottled Flame":21,"MawBank":0,"StrikeDummy":23,"Ring of the Snake":0,"WarpedTongs":17}],"Ring of the Snake":[18],"WarpedTongs":[21]},"card_choices":[{"not_picked":["Bane","Sucker Punch"],"picked":"Quick Slash","floor":1},{"not_picked":["Prepared","Quick Slash"],"picked":"Dagger Spray","floor":3},{"not_picked":["Eviscerate","Bane"],"picked":"Calculated Gamble","floor":4},{"not_picked":["Concentrate","Backstab"],"picked":"Well Laid Plans","floor":7},{"not_picked":["Cloak And Dagger","Slice"],"picked":"Dagger Throw","floor":8},{"not_picked":["Deflect","Cloak And Dagger","Catalyst"],"picked":"SKIP","floor":10},{"not_picked":["Deadly Poison","Slice"],"picked":"Tools of the Trade","floor":11},{"not_picked":["Infinite Blades","Dagger Spray","Escape Plan"],"picked":"SKIP","floor":14}],"player_experience":1778223,"relics_obtained":[{"floor":7,"key":"Bottled Flame"},{"floor":9,"key":"StrikeDummy"}],"event_choices":[{"damage_healed":0,"gold_gain":0,"player_choice":"Grow","damage_taken":0,"max_hp_gain":0,"max_hp_loss":0,"event_name":"Living Wall","floor":2,"gold_loss":0,"cards_upgraded":["Quick Slash"]},{"damage_healed":0,"gold_gain":0,"player_choice":"Rummage","damage_taken":0,"relics_obtained":["WarpedTongs"],"max_hp_gain":0,"max_hp_loss":0,"event_name":"Accursed Blacksmith","floor":5,"gold_loss":0,"cards_obtained":["Pain"]},{"damage_healed":0,"gold_gain":0,"player_choice":"Ignored","damage_taken":0,"max_hp_gain":0,"max_hp_loss":0,"event_name":"Shining Light","floor":13,"gold_loss":0}],"is_beta":false,"boss_relics":[],"items_purged_floors":[],"is_endless":false,"potions_floor_spawned":[4,10,11,14],"killed_by":"Slime Boss","ascension_level":20}}