{"host":"vowwmltf0agfbljp","time":1610830364,"event":{"mods":["Bard","BaseMod","ChefMod","Downfall","Duelist Mod","Googly Eyes","Minty Spire (QoL Compilation)","Potionbrewer","StSLib","The Druid","The Elementalist","The Forsaken","The Necromancer","The Poker Player","TheFirefly","TheVacant"],"gold_per_floor":[109,109,124,124,135,135,167,167,167,177,177,205,205,205,205,302,302,319,418,448,462,462,462,462,482,482,500,500,500,134,149,149,149,149],"floor_reached":33,"language":"ENG","playtime":2163,"items_purged":[],"score":253,"play_id":"49627d47-fae2-436f-971b-f69d79c21da1","local_time":"20210116145244","is_ascension_mode":false,"campfire_choices":[{"data":"chefmod:Escargot","floor":6,"key":"SMITH"},{"data":"chefmod:TodaysSpecial","floor":8,"key":"SMITH"},{"floor":15,"key":"REST"},{"floor":23,"key":"REST"},{"floor":28,"key":"REST"},{"floor":32,"key":"REST"}],"circlet_count":0,"master_deck":["chefmod:Strike","chefmod:Strike","chefmod:Strike","chefmod:QuickThaw","chefmod:Defend+1","chefmod:Defend","chefmod:Defend","chefmod:Defend+1","chefmod:TodaysSpecial+1","chefmod:HotSoup+1","chefmod:FreezeSolid","chefmod:Escargot+1","chefmod:IcePick","chefmod:FireUp+1","chefmod:FireUp","chefmod:AllYouCanEat","theForsaken:PlagueCurse","chefmod:Tenderizer","chefmod:IcePick","chefmod:ColdSteel+1","chefmod:KnifeFlurry","chefmod:CleanHouse","chefmod:DoubleChop+1","chefmod:Puree","chefmod:NoSoupForYou","chefmod:ColdSteel","chefmod:KnifeFlurry","chefmod:OrderUp","chefmod:Gelato+1"],"relics":["chefmod:TrustyPot","NeowsBlessing","chefmod:WoodenSpoon","Ornamental Fan","War Paint","Whetstone","theForsaken:PlagueMask","Sundial","bronze:MakeshiftBattery","Red Mask","Matryoshka"],"acts_visited":["Exordium","TheCity"],"potions_floor_usage":[31,33,33],"damage_taken":[{"damage":0,"enemies":"2 Louse","floor":1,"turns":1},{"damage":0,"enemies":"Cultist","floor":3,"turns":1},{"damage":0,"enemies":"Jaw Worm","floor":5,"turns":1},{"damage":20,"enemies":"Gremlin Nob","floor":7,"turns":5},{"damage":4,"enemies":"3 Louse","floor":10,"turns":4},{"damage":28,"enemies":"Lagavulin","floor":12,"turns":7},{"damage":45,"enemies":"The Guardian","floor":16,"turns":12},{"damage":5,"enemies":"Shell Parasite","floor":18,"turns":5},{"damage":60,"enemies":"Masked Bandits","floor":20,"turns":8},{"damage":2,"enemies":"2 Thieves","floor":21,"turns":4},{"damage":8,"enemies":"Centurion and Healer","floor":25,"turns":8},{"damage":15,"enemies":"Shelled Parasite and Fungi","floor":27,"turns":7},{"damage":21,"enemies":"Snake Plant","floor":31,"turns":6},{"damage":54,"enemies":"Champ","floor":33,"turns":8}],"seed_played":"5120782730890560608","potions_obtained":[{"floor":3,"key":"chefmod:AntifreezePotion"},{"floor":7,"key":"Ancient Potion"},{"floor":10,"key":"Swift Potion"},{"floor":12,"key":"potionbrewer:ToxicPotion"},{"floor":18,"key":"FairyPotion"},{"floor":31,"key":"SkillPotion"}],"is_trial":false,"path_per_floor":["M","?","M","?","M","R","E","R","T","M","?","E","?","T","R","B",null,"M","?","?","M","?","R","?","M","T","M","R","?","$","M","R","B"],"character_chosen":"THE_CHEF","items_purchased":["chefmod:NoSoupForYou","chefmod:ColdSteel","chefmod:KnifeFlurry","chefmod:OrderUp"],"campfire_rested":4,"item_purchase_floors":[30,30,30,30],"current_hp_per_floor":[76,76,76,69,69,69,49,49,49,45,70,42,42,42,64,19,76,71,71,11,9,9,31,31,23,23,8,30,30,30,9,31,0,0],"gold":149,"neow_bonus":"THREE_ENEMY_KILL","is_daily":false,"chose_seed":false,"campfire_upgraded":2,"win_rate":0.0,"timestamp":1610830364,"path_taken":["M","?","?","?","M","R","E","R","T","M","?","E","?","?","R","BOSS","M","?","?","M","?","R","?","M","T","?","R","?","$","M","R","BOSS"],"items_purchased_type":["Card","Card","Card","Card"],"build_version":"2020-12-22","purchased_purges":0,"victory":false,"max_hp_per_floor":[76,76,76,76,76,76,76,76,76,76,76,76,76,76,76,76,76,76,76,76,76,76,76,76,76,76,76,76,76,76,76,76,76,76],"card_choices":[{"not_picked":["chefmod:SearedScallops","chefmod:Granita"],"picked":"chefmod:HotSoup","floor":1},{"not_picked":["chefmod:Julienne","chefmod:ZaruSoba"],"picked":"chefmod:Escargot","floor":3},{"not_picked":["chefmod:Gelato","chefmod:Sorbet"],"picked":"chefmod:IcePick","floor":5},{"not_picked":["chefmod:FryPan","chefmod:Defrost"],"picked":"chefmod:FireUp","floor":7},{"not_picked":["chefmod:Ratatouille","chefmod:ColdSteel"],"picked":"chefmod:FireUp","floor":10},{"not_picked":["chefmod:Puree","chefmod:LiquidNitrogen"],"picked":"chefmod:AllYouCanEat","floor":12},{"not_picked":["chefmod:SushiPlatter","chefmod:DeepFreeze"],"picked":"chefmod:Tenderizer","floor":16},{"not_picked":["chefmod:ZaruSoba","chefmod:Cleavers"],"picked":"chefmod:IcePick","floor":18},{"not_picked":["chefmod:DimSum+1","chefmod:OldCookbook"],"picked":"chefmod:ColdSteel+1","floor":20},{"not_picked":["chefmod:ColdSteel","chefmod:Granita"],"picked":"chefmod:KnifeFlurry","floor":21},{"not_picked":["chefmod:Flambe+1","chefmod:CuttingBoard"],"picked":"chefmod:DoubleChop+1","floor":25},{"not_picked":["chefmod:DinoKale","chefmod:AllYouCanEat"],"picked":"chefmod:Puree","floor":27},{"not_picked":["chefmod:TastyDistraction","chefmod:ZaruSoba"],"picked":"chefmod:Gelato+1","floor":31}],"player_experience":531401,"relics_obtained":[{"floor":7,"key":"Ornamental Fan"},{"floor":9,"key":"War Paint"},{"floor":12,"key":"Whetstone"},{"floor":14,"key":"Sundial"},{"floor":20,"key":"Red Mask"},{"floor":26,"key":"Matryoshka"}],"event_choices":[{"damage_healed":0,"gold_gain":0,"player_choice":"1 cards matched","damage_taken":0,"max_hp_gain":0,"max_hp_loss":0,"event_name":"Match and Keep!","floor":2,"gold_loss":0,"cards_obtained":["chefmod:FreezeSolid"]},{"damage_healed":0,"gold_gain":0,"player_choice":"Success","damage_taken":7,"relics_obtained":["chefmod:WoodenSpoon"],"max_hp_gain":0,"max_hp_loss":0,"event_name":"Scrap Ooze","floor":4,"gold_loss":0},{"damage_healed":25,"gold_gain":0,"player_choice":"Banana","damage_taken":0,"max_hp_gain":0,"max_hp_loss":0,"event_name":"Big Fish","floor":11,"gold_loss":0},{"damage_healed":0,"gold_gain":0,"player_choice":"Obtain Plague Curse","damage_taken":0,"max_hp_gain":0,"max_hp_loss":0,"event_name":"Plague Doctor","floor":13,"gold_loss":0,"cards_obtained":["theForsaken:PlagueCurse"]},{"damage_healed":0,"gold_gain":99,"player_choice":"Stole From Cult","damage_taken":0,"max_hp_gain":0,"max_hp_loss":0,"event_name":"Nest","floor":19,"gold_loss":0},{"damage_healed":0,"gold_gain":0,"player_choice":"Fought Bandits","damage_taken":0,"max_hp_gain":0,"max_hp_loss":0,"event_name":"Masked Bandits","floor":20,"gold_loss":0},{"damage_healed":0,"gold_gain":0,"player_choice":"Ignored","damage_taken":0,"max_hp_gain":0,"max_hp_loss":0,"event_name":"Vampires","floor":22,"gold_loss":0},{"damage_healed":0,"gold_gain":0,"cards_transformed":["chefmod:Strike"],"player_choice":"Transformed","damage_taken":0,"max_hp_gain":0,"max_hp_loss":0,"event_name":"Transmorgrifier","floor":24,"gold_loss":0,"cards_obtained":["chefmod:CleanHouse"]},{"damage_healed":0,"gold_gain":0,"player_choice":"Ignored","damage_taken":0,"max_hp_gain":0,"max_hp_loss":0,"event_name":"Ghosts","floor":29,"gold_loss":0}],"is_beta":false,"boss_relics":[{"not_picked":["Busted Crown","Tiny House"],"picked":"bronze:MakeshiftBattery"}],"items_purged_floors":[],"is_endless":false,"potions_floor_spawned":[3,7,10,12,18,31],"killed_by":"Champ","ascension_level":0}}