{"host":"x52zk6e1f2bye2h7","time":1610804706,"event":{"mods":["AchievementEnabler","BaseMod","Highlight Path","Minty Spire (QoL Compilation)","everything is the same but u backflip on backflip"],"gold_per_floor":[113,188,188,208,222,222,121,152,179,214,34,34,50,69,69,174,174,193,193,207,82,82,82,112,112,193,193,193,206,305,305,305,305,305],"floor_reached":33,"language":"ENG","playtime":1443,"items_purged":["Defend_B","Strike_B","Dualcast"],"score":285,"play_id":"57a259b4-cdb2-4af1-b5fa-da8aeb0b216d","local_time":"20210116134506","is_ascension_mode":true,"campfire_choices":[{"data":"Zap","floor":6,"key":"SMITH"},{"data":"Storm","floor":15,"key":"SMITH"},{"data":"Defragment","floor":23,"key":"SMITH"},{"floor":28,"key":"REST"},{"data":"Conserve Battery","floor":32,"key":"SMITH"}],"circlet_count":0,"master_deck":["Strike_B","Defend_B","Defend_B","Defend_B","Zap+1","Ball Lightning","Self Repair","Conserve Battery+1","Static Discharge","Capacitor","Storm+1","Electrodynamics","Heatsinks+1","Consume","Defragment+1","Loop"],"relics":["Cracked Core","Oddly Smooth Stone","Bronze Scales","Ornamental Fan","Question Card","Inserter","Dream Catcher","Frozen Egg 2"],"acts_visited":["Exordium","TheCity"],"potions_floor_usage":[24,24],"damage_taken":[{"damage":1,"enemies":"Jaw Worm","floor":1,"turns":4},{"damage":0,"enemies":"Cultist","floor":4,"turns":3},{"damage":0,"enemies":"2 Louse","floor":5,"turns":3},{"damage":10,"enemies":"Lagavulin","floor":8,"turns":6},{"damage":16,"enemies":"3 Sentries","floor":10,"turns":6},{"damage":0,"enemies":"Large Slime","floor":13,"turns":4},{"damage":3,"enemies":"3 Louse","floor":14,"turns":3},{"damage":24,"enemies":"The Guardian","floor":16,"turns":8},{"damage":20,"enemies":"Spheric Guardian","floor":18,"turns":4},{"damage":26,"enemies":"2 Thieves","floor":20,"turns":3},{"damage":41,"enemies":"Book of Stabbing","floor":24,"turns":4},{"damage":12,"enemies":"Chosen and Byrds","floor":29,"turns":4},{"damage":28,"enemies":"Collector","floor":33,"turns":5}],"seed_played":"1577437179623585932","potions_obtained":[{"floor":8,"key":"Energy Potion"},{"floor":10,"key":"LiquidBronze"},{"floor":13,"key":"Ancient Potion"},{"floor":14,"key":"LiquidMemories"},{"floor":24,"key":"SmokeBomb"}],"is_trial":false,"path_per_floor":["M","?","?","M","M","R","$","E","T","E","$","?","M","M","R","B",null,"M","?","M","$","?","R","E","$","T","?","R","M","?","?","R","B"],"character_chosen":"DEFECT","items_purchased":["Conserve Battery","Static Discharge"],"campfire_rested":1,"item_purchase_floors":[7,11],"current_hp_per_floor":[74,63,63,63,70,70,70,67,67,58,58,55,62,59,59,42,75,62,62,43,43,43,43,9,9,9,9,31,26,26,26,26,0,0],"gold":305,"neow_bonus":"RANDOM_COMMON_RELIC","is_daily":false,"chose_seed":false,"campfire_upgraded":4,"win_rate":0.0,"timestamp":1610804706,"path_taken":["M","?","?","?","M","R","$","E","T","E","$","?","M","M","R","BOSS","M","?","M","$","?","R","E","$","T","?","R","?","?","?","R","BOSS"],"items_purchased_type":["Card","Card"],"build_version":"2020-12-22","purchased_purges":3,"victory":false,"max_hp_per_floor":[75,75,75,75,75,75,75,75,75,75,75,75,75,75,75,75,75,75,75,75,75,75,75,75,75,75,75,75,75,75,75,75,75,75],"card_choices":[{"not_picked":["Cold Snap","Reinforced Body"],"picked":"Ball Lightning","floor":1},{"not_picked":["Reinforced Body","Compile Driver"],"picked":"Self Repair","floor":4},{"not_picked":["Coolheaded","Sweeping Beam","Hologram"],"picked":"SKIP","floor":5},{"not_picked":["Streamline","Rip and Tear","Steam"],"picked":"SKIP","floor":8},{"not_picked":["Tempest","Doom and Gloom","Recycle"],"picked":"SKIP","floor":10},{"not_picked":["Beam Cell","Leap","Ball Lightning"],"picked":"Capacitor","floor":13},{"not_picked":["Ball Lightning","Creative AI","Steam"],"picked":"Storm","floor":14},{"not_picked":["Seek","Fission","Multi-Cast"],"picked":"Electrodynamics","floor":16},{"not_picked":["Hello World","Beam Cell","Go for the Eyes"],"picked":"Heatsinks+1","floor":18},{"not_picked":["Chaos","Conserve Battery+1","Ball Lightning"],"picked":"Defragment","floor":20},{"not_picked":["Heatsinks","Rip and Tear","FTL"],"picked":"Loop","floor":24},{"not_picked":["Beam Cell+1","Gash+1","Rebound","Glacier"],"picked":"SKIP","floor":29}],"player_experience":98801,"relics_obtained":[{"floor":8,"key":"Bronze Scales"},{"floor":10,"key":"Ornamental Fan"},{"floor":24,"key":"Dream Catcher"},{"floor":26,"key":"Frozen Egg 2"}],"event_choices":[{"damage_healed":0,"gold_gain":75,"player_choice":"Gather Gold","damage_taken":11,"max_hp_gain":0,"max_hp_loss":0,"event_name":"World of Goop","floor":2,"gold_loss":0},{"cards_removed":["Strike_B"],"damage_healed":0,"gold_gain":0,"player_choice":"Offered Basic","damage_taken":0,"max_hp_gain":0,"max_hp_loss":0,"event_name":"Bonfire Elementals","floor":3,"gold_loss":0},{"damage_healed":0,"gold_gain":0,"player_choice":"Success","damage_taken":3,"relics_obtained":["Question Card"],"max_hp_gain":0,"max_hp_loss":0,"event_name":"Scrap Ooze","floor":12,"gold_loss":0},{"damage_healed":0,"gold_gain":0,"player_choice":"Read","damage_taken":0,"max_hp_gain":0,"max_hp_loss":0,"event_name":"The Library","floor":19,"gold_loss":0,"cards_obtained":["Consume"]},{"damage_healed":0,"gold_gain":0,"player_choice":"Ignored","damage_taken":0,"max_hp_gain":0,"max_hp_loss":0,"event_name":"Vampires","floor":22,"gold_loss":0},{"cards_removed":["Strike_B"],"damage_healed":0,"gold_gain":0,"player_choice":"Purged","damage_taken":0,"max_hp_gain":0,"max_hp_loss":0,"event_name":"Purifier","floor":27,"gold_loss":0},{"damage_healed":0,"gold_gain":99,"player_choice":"Stole From Cult","damage_taken":0,"max_hp_gain":0,"max_hp_loss":0,"event_name":"Nest","floor":30,"gold_loss":0},{"damage_healed":0,"gold_gain":0,"player_choice":"Ignored","damage_taken":0,"max_hp_gain":0,"max_hp_loss":0,"event_name":"Cursed Tome","floor":31,"gold_loss":0}],"is_beta":false,"boss_relics":[{"not_picked":["Snecko Eye","Velvet Choker"],"picked":"Inserter"}],"items_purged_floors":[7,11,21],"is_endless":false,"potions_floor_spawned":[8,10,13,14,16,20,24],"killed_by":"Collector","ascension_level":1}}