{"host":"y3h3n3f7seyagppx","time":1610819603,"event":{"mods":["AlwaysNeverKeys","BaseMod","Better Vampires","Colored Powertips","DeckTracker","Emptier Cage","Minty Spire (QoL Compilation)","Permanent Neow","Quick Restart","Rare Cards Sparkle","Relic Sorter","Relic Stats","StSLib","Transform Curses"],"gold_per_floor":[16,27,27,39,58,86,86,116,169,2,2,18,18,34,34,105,105,115,115,115,115,135,135,162,162,162,196,196,36,63,33,33,110,110,129,139,139,156,167,197,197,67,67,97,116,157,182,214,214,214,214,214,214,14,55,55],"floor_reached":57,"language":"ENG","playtime":8704,"items_purged":["Strike_R"],"score":3376,"play_id":"0c6b1307-78f3-4b51-b5b0-8a247e802118","local_time":"20210116125323","is_ascension_mode":true,"campfire_choices":[{"data":"Apotheosis","floor":7.0,"key":"SMITH"},{"floor":11.0,"key":"REST"},{"data":"Carnage","floor":15.0,"key":"SMITH"},{"data":"Shrug It Off","floor":23,"key":"SMITH"},{"data":"Feed","floor":25,"key":"SMITH"},{"data":"Shockwave","floor":28,"key":"SMITH"},{"data":"Spot Weakness","floor":32,"key":"SMITH"},{"data":"Strike_R","floor":49,"key":"PURGE"},{"data":"Bash","floor":53,"key":"PURGE"}],"circlet_count":0,"master_deck":["AscendersBane","Strike_R","Defend_R","Defend_R","Defend_R","Defend_R","Apotheosis+1","Second Wind","Thunderclap","Iron Wave","Feed+1","Carnage+1","Uppercut+1","Shrug It Off+1","Reaper","Ghostly","Ghostly","Ghostly","Warcry+1","Dropkick","Shockwave+1","Spot Weakness+1","Corruption","Sentinel","Body Slam","Rage","Shrug It Off","Sword Boomerang+1","Feel No Pain+1","Dark Embrace","Shrug It Off","Demon Form","Warcry+1","Sentinel","Intimidate+1","Dual Wield"],"relics":["Burning Blood","FossilizedHelix","Ornamental Fan","Juzu Bracelet","Pen Nib","SlaversCollar","Enchiridion","Smiling Mask","Torii","Thread and Needle","Strange Spoon","Orichalcum","Runic Pyramid","MealTicket","Blood Vial","CeramicFish","Centennial Puzzle","Peace Pipe","Lantern","Orrery","Mercury Hourglass"],"acts_visited":["Exordium","TheCity","TheBeyond","TheEnding"],"potions_floor_usage":[24,24,31,33,45,55,56,56],"damage_taken":[{"damage":16.0,"enemies":"Small Slimes","floor":1.0,"turns":5.0},{"damage":0.0,"enemies":"Cultist","floor":2.0,"turns":3.0},{"damage":5.0,"enemies":"2 Louse","floor":4.0,"turns":3.0},{"damage":12.0,"enemies":"Large Slime","floor":5.0,"turns":8.0},{"damage":34.0,"enemies":"3 Sentries","floor":6.0,"turns":10.0},{"damage":29.0,"enemies":"Lagavulin","floor":8.0,"turns":10.0},{"damage":11.0,"enemies":"Lots of Slimes","floor":12.0,"turns":5.0},{"damage":0.0,"enemies":"Red Slaver","floor":14.0,"turns":3.0},{"damage":34.0,"enemies":"Hexaghost","floor":16.0,"turns":9.0},{"damage":31,"enemies":"3 Byrds","floor":18,"turns":8},{"damage":4,"enemies":"Shell Parasite","floor":22,"turns":6},{"damage":10,"enemies":"Slavers","floor":24,"turns":8},{"damage":1,"enemies":"Book of Stabbing","floor":27,"turns":4},{"damage":38,"enemies":"Gremlin Leader","floor":30,"turns":10},{"damage":32,"enemies":"Collector","floor":33,"turns":12},{"damage":0,"enemies":"3 Darklings","floor":35,"turns":6},{"damage":0,"enemies":"Orb Walker","floor":36,"turns":4},{"damage":0,"enemies":"4 Shapes","floor":38,"turns":8},{"damage":7,"enemies":"Jaw Worm Horde","floor":39,"turns":8},{"damage":18,"enemies":"Giant Head","floor":40,"turns":8},{"damage":0,"enemies":"Nemesis","floor":44,"turns":5},{"damage":23,"enemies":"3 Darklings","floor":45,"turns":11},{"damage":0,"enemies":"Giant Head","floor":46,"turns":6},{"damage":6,"enemies":"Transient","floor":47,"turns":6},{"damage":11,"enemies":"Reptomancer","floor":48,"turns":6},{"damage":0,"enemies":"Awakened One","floor":50,"turns":8},{"damage":0,"enemies":"Time Eater","floor":51,"turns":9},{"damage":12,"enemies":"Shield and Spear","floor":55,"turns":6},{"damage":0,"enemies":"The Heart","floor":56,"turns":10}],"seed_played":"-5207422398640655298","potions_obtained":[{"floor":1.0,"key":"LiquidBronze"},{"floor":2.0,"key":"Fruit Juice"},{"floor":4.0,"key":"Dexterity Potion"},{"floor":5.0,"key":"BlessingOfTheForge"},{"floor":8.0,"key":"Energy Potion"},{"floor":22,"key":"SpeedPotion"},{"floor":24,"key":"Explosive Potion"},{"floor":31,"key":"BloodPotion"},{"floor":31,"key":"EntropicBrew"},{"floor":33,"key":"SteroidPotion"},{"floor":39,"key":"GamblersBrew"},{"floor":45,"key":"LiquidBronze"},{"floor":47,"key":"Weak Potion"}],"is_trial":false,"path_per_floor":["M","M","?","M","M","E","R","E","T","$","R","M","$","M","R","B",null,"M","?","?","?","M","R","E","R","T","E","R","$","E","?","R","B",null,"M","M","?","M","M","E","T","$","T","E","M","E","M","E","R","B","B",null,"R","$","E","B",null],"character_chosen":"IRONCLAD","items_purchased":["Pen Nib","Strange Spoon","Dark Embrace","Orrery","Swift Potion"],"campfire_rested":1,"item_purchase_floors":[10,29,42,54,54],"current_hp_per_floor":[58,64,64,70,64,36,36,17,17,17,42,40,40,50,50,22,74,59,38,38,38,40,40,47,47,47,55,55,55,30,41,41,25,48,58,59,59,67,75,67,67,79,79,83,87,91,91,95,95,99,103,103,103,103,107,107],"gold":55,"neow_bonus":"RANDOM_COLORLESS_2","is_daily":false,"chose_seed":false,"campfire_upgraded":6,"win_rate":0.0,"timestamp":1610819603,"path_taken":["M","M","?","M","M","E","R","E","T","$","R","M","?","M","R","BOSS","M","?","?","?","M","R","E","R","T","E","R","$","E","?","R","BOSS","M","M","?","M","M","E","?","$","T","E","M","E","M","E","R","BOSS","BOSS","R","$","E","BOSS"],"items_purchased_type":["Relic","Relic","Card","Relic","Potion"],"build_version":"2020-12-22","purchased_purges":1,"victory":true,"max_hp_per_floor":[75,75,75,80,80,80,80,84,84,84,84,87,87,91,91,91,91,95,95,47,47,47,47,51,51,51,55,55,55,55,55,55,55,55,59,59,59,67,75,79,79,79,79,83,87,91,91,95,95,99,103,103,103,103,107,107],"relic_stats":{"Torii":7,"counters":[29,205],"CeramicFish":54,"Pen Nib":[26],"Juzu Bracelet":3,"Orichalcum":[138],"Smiling Mask":25,"Burning Blood":116,"Mercury Hourglass":[30],"Blood Vial":0,"Peace Pipe":2,"Strange Spoon":[102],"Centennial Puzzle":[12],"Ornamental Fan":[136],"MealTicket":12,"obtain_stats":[{"Lantern":48,"Torii":26,"CeramicFish":43,"Enchiridion":19,"Thread and Needle":27,"Pen Nib":10,"Juzu Bracelet":9,"Orichalcum":30,"Smiling Mask":24,"Burning Blood":0,"Mercury Hourglass":55,"Blood Vial":41,"Peace Pipe":46,"SlaversCollar":17,"Strange Spoon":29,"Centennial Puzzle":44,"Ornamental Fan":8,"Orrery":54,"MealTicket":40,"FossilizedHelix":6,"Runic Pyramid":34},{"Lantern":25,"Torii":12,"CeramicFish":20,"Enchiridion":10,"Thread and Needle":13,"Pen Nib":6,"Juzu Bracelet":6,"Orichalcum":14,"Smiling Mask":12,"Burning Blood":0,"Mercury Hourglass":28,"Blood Vial":20,"Peace Pipe":23,"SlaversCollar":9,"Strange Spoon":13,"Centennial Puzzle":21,"Ornamental Fan":6,"Orrery":27,"MealTicket":20,"FossilizedHelix":5,"Runic Pyramid":15},{"Lantern":172,"Torii":78,"CeramicFish":138,"Enchiridion":64,"Thread and Needle":82,"Pen Nib":39,"Juzu Bracelet":39,"Orichalcum":92,"Smiling Mask":78,"Burning Blood":0,"Mercury Hourglass":195,"Blood Vial":138,"Peace Pipe":160,"SlaversCollar":56,"Strange Spoon":82,"Centennial Puzzle":143,"Ornamental Fan":39,"Orrery":189,"MealTicket":138,"FossilizedHelix":29,"Runic Pyramid":104}]},"card_choices":[{"not_picked":["Mayhem","Violence"],"picked":"Apotheosis","floor":0.0},{"not_picked":["Sword Boomerang","True Grit"],"picked":"Second Wind","floor":1.0},{"not_picked":["Body Slam","Heavy Blade","Berserk"],"picked":"SKIP","floor":2.0},{"not_picked":["Iron Wave","Second Wind","True Grit"],"picked":"SKIP","floor":4.0},{"not_picked":["Second Wind","True Grit"],"picked":"Iron Wave","floor":4.0},{"not_picked":["Warcry","Clothesline","Sever Soul"],"picked":"SKIP","floor":5.0},{"not_picked":["Perfected Strike","Twin Strike"],"picked":"Feed","floor":6.0},{"not_picked":["Armaments","Shockwave"],"picked":"Carnage","floor":8.0},{"not_picked":["Iron Wave","Headbutt"],"picked":"Uppercut","floor":12.0},{"not_picked":["Dropkick","Flex"],"picked":"Shrug It Off","floor":14.0},{"not_picked":["Limit Break","Juggernaut"],"picked":"Reaper","floor":16.0},{"not_picked":["Dual Wield","Warcry","Sword Boomerang"],"picked":"SKIP","floor":18},{"not_picked":["Cleave","Uppercut"],"picked":"Warcry+1","floor":22},{"not_picked":["Burning Pact","Shrug It Off"],"picked":"Dropkick","floor":24},{"not_picked":["Wild Strike","Iron Wave"],"picked":"Shockwave","floor":27},{"not_picked":["Flame Barrier","Headbutt"],"picked":"Spot Weakness","floor":30},{"not_picked":["Limit Break","Double Tap"],"picked":"Corruption","floor":33},{"not_picked":["Heavy Blade","Sword Boomerang"],"picked":"Sentinel","floor":35},{"not_picked":["Anger","Twin Strike+1"],"picked":"Body Slam","floor":36},{"not_picked":["Evolve","Clash"],"picked":"Shrug It Off","floor":38},{"not_picked":["Intimidate","Cleave"],"picked":"Sword Boomerang+1","floor":39},{"not_picked":["Combust","Twin Strike"],"picked":"Feel No Pain+1","floor":40},{"not_picked":["Cleave","Evolve+1","Fire Breathing+1"],"picked":"SKIP","floor":44},{"not_picked":["Anger","Clothesline","Havoc"],"picked":"SKIP","floor":45},{"not_picked":["Evolve+1","Headbutt"],"picked":"Shrug It Off","floor":46},{"not_picked":["Thunderclap","Sword Boomerang"],"picked":"Demon Form","floor":47},{"not_picked":["Warcry","Havoc","Shockwave"],"picked":"SKIP","floor":48},{"not_picked":["Heavy Blade","True Grit"],"picked":"Warcry+1","floor":54},{"not_picked":["Uppercut+1","Clash"],"picked":"Sentinel","floor":54},{"not_picked":["True Grit","Carnage+1"],"picked":"Intimidate+1","floor":54},{"not_picked":["Armaments+1","Limit Break"],"picked":"Dual Wield","floor":55}],"player_experience":21066306,"relics_obtained":[{"floor":6.0,"key":"FossilizedHelix"},{"floor":8.0,"key":"Ornamental Fan"},{"floor":9.0,"key":"Juzu Bracelet"},{"floor":19,"key":"Enchiridion"},{"floor":24,"key":"Smiling Mask"},{"floor":26,"key":"Torii"},{"floor":27,"key":"Thread and Needle"},{"floor":30,"key":"Orichalcum"},{"floor":40,"key":"MealTicket"},{"floor":41,"key":"Blood Vial"},{"floor":43,"key":"CeramicFish"},{"floor":44,"key":"Centennial Puzzle"},{"floor":46,"key":"Peace Pipe"},{"floor":48,"key":"Lantern"},{"floor":55,"key":"Mercury Hourglass"}],"event_choices":[{"damage_healed":0.0,"max_hp_gain":0.0,"max_hp_loss":0.0,"gold_gain":0.0,"cards_transformed":["Strike_R"],"event_name":"Transmorgrifier","player_choice":"Transformed","floor":3.0,"gold_loss":0.0,"damage_taken":0.0,"cards_obtained":["Thunderclap"]},{"damage_healed":0,"gold_gain":0,"player_choice":"Obtained Book","damage_taken":21,"max_hp_gain":0,"max_hp_loss":0,"event_name":"Cursed Tome","floor":19,"gold_loss":0},{"damage_healed":0,"gold_gain":0,"player_choice":"Became a Ghost","damage_taken":0,"max_hp_gain":0,"max_hp_loss":48,"event_name":"Ghosts","floor":20,"gold_loss":0,"cards_obtained":["Ghostly","Ghostly","Ghostly"]},{"damage_healed":0,"gold_gain":0,"player_choice":"Forge","damage_taken":0,"max_hp_gain":0,"max_hp_loss":0,"event_name":"Accursed Blacksmith","floor":21,"gold_loss":0,"cards_upgraded":["Uppercut"]},{"damage_healed":0,"gold_gain":0,"player_choice":"Bought 2 Potions","damage_taken":0,"max_hp_gain":0,"max_hp_loss":0,"event_name":"The Woman in Blue","floor":31,"gold_loss":0},{"damage_healed":0,"gold_gain":0,"cards_transformed":["Strike_R"],"player_choice":"Transformed","damage_taken":0,"max_hp_gain":0,"max_hp_loss":0,"event_name":"Transmorgrifier","floor":37,"gold_loss":0,"cards_obtained":["Rage"]}],"is_beta":false,"boss_relics":[{"not_picked":["Astrolabe","Mark of Pain"],"picked":"SlaversCollar"},{"not_picked":["Tiny House","Runic Cube"],"picked":"Runic Pyramid"}],"items_purged_floors":[42],"is_endless":false,"potions_floor_spawned":[1,2,4,5,8,22,24,33,35,36,39,45,47],"ascension_level":20}}