{"host":"uc9rcmnrswh1l0kc","time":1610816779,"event":{"mods":["2.2 Compatiblity","A Magickal Journey","Aspiration","BaseMod","Bestiary","Better Altar","Better Third Choice","BetterRewards","Block Reminder","Colorless Booster Pack","Conspire","Curses Come First","Custom Start","Defective Defect","Defuse TimeMaze Blight","Displayed Cursed Tome","Ekko","Energized Spire","Evolution","GifTheSpireLib","Good Game Mod","Infinite Spire","Ironclad Rager","Marked Mod","Minty Spire (QoL Compilation)","Poor People Problems","Prisma Mod","Rare Cards Sparkle","Red Circlet Mod","Relic Stats","Replay The Spire","Ryuuou??","SacredBarkPlus","Shop Mod","Spicy Shops","StS++","StSLib","Stuff the Spire","The Blackbeard","The Bladedancer","The Blue Laboratory","The Cursed","The Death Knight","The Edgeheg","The Necromancer","Uncapped","Useless Jewels Mod","Watcher Patcher","everything is the same but u backflip on backflip","vexMod"],"gold_per_floor":[15,15,27,27,0,29,29,41,64,64,7,17,17,50,50,151,151,164,31,44,58,69,69,103,28,28,45,45,45,58,88,88,187,187,206,221,221,241,241,241],"floor_reached":39,"language":"ENG","playtime":1904,"items_purged":["Pain"],"score":431,"play_id":"62b9018e-0b61-432a-84e8-5e8de3e24f02","local_time":"20210116120619","is_ascension_mode":false,"campfire_choices":[{"floor":7,"key":"REST"},{"data":"Replay:AtTheReady","floor":10,"key":"SMITH"},{"data":"ClearTheMind","floor":15,"key":"SMITH"},{"data":"Devotion","floor":23,"key":"SMITH"}],"circlet_count":0,"master_deck":["Eruption","Vigilance","Devotion","FollowUp","FollowUp","FollowUp","ThirdEye","ThirdEye","ThirdEye","Replay:AtTheReady+1","Reckless Charge+1","ClearTheMind+1","FollowUp","StSpp:LatentStrike","Nirvana+1","Panache","Devotion+1","CurseOfTheBell","MarkedMod:GentlePulse","PathToVictory+1","SashWhip+1","SashWhip+1","Storm of Steel","Creative AI","MarkedMod:GentlePulse","MarkedMod:FirstStrike","PathToVictory"],"relics":["PureWater","EVO:Axolotl","REME:ComplimentaryCards","betterThird:SlimedRelic","conspire:BottledYoYo","Replay:Baseball","Snack Pack","ReplayTheSpireMod:Ninjato","Calling Bell","Vajra","Onion Ring","vexMod:PlasmaPancake","StuffTheSpire:Gunfinga","Anchor","infinitespire:Broken Mirror","StrikeDummy","energizedSpire:SpiderWeb"],"acts_visited":["Exordium","TheCity","TheBeyond"],"potions_floor_usage":[14,22,24,28,31,33,33,36,39],"damage_taken":[{"damage":0,"enemies":"Jaw Worm","floor":1,"turns":3},{"damage":0,"enemies":"Small Slimes","floor":3,"turns":3},{"damage":16,"enemies":"3 Sentries","floor":6,"turns":9},{"damage":0,"enemies":"2 Louse","floor":8,"turns":3},{"damage":12,"enemies":"Looter","floor":12,"turns":5},{"damage":5,"enemies":"Lagavulin","floor":14,"turns":6},{"damage":19,"enemies":"Slime Boss","floor":16,"turns":7},{"damage":0,"enemies":"Spheric Guardian","floor":18,"turns":2},{"damage":0,"enemies":"Shell Parasite","floor":20,"turns":4},{"damage":3,"enemies":"3 Cultists","floor":21,"turns":5},{"damage":20,"enemies":"conspire:HollyBat","floor":22,"turns":6},{"damage":2,"enemies":"Replay:Snechameleon","floor":24,"turns":5},{"damage":26,"enemies":"Snecko","floor":27,"turns":5},{"damage":0,"enemies":"Centurion and Healer","floor":30,"turns":4},{"damage":8,"enemies":"conspire:SneckoGhost","floor":31,"turns":7},{"damage":20,"enemies":"Champ","floor":33,"turns":7},{"damage":15,"enemies":"3 Shapes","floor":35,"turns":7},{"damage":20,"enemies":"3 Darklings","floor":36,"turns":6},{"damage":30,"enemies":"Sphere and 2 Shapes","floor":38,"turns":7},{"damage":23,"enemies":"Jaw Worm Horde","floor":39,"turns":2}],"seed_played":"4699090709453207709","potions_obtained":[{"floor":8,"key":"Dexterity Potion"},{"floor":12,"key":"blueLaboratory:HorrorPotion"},{"floor":16,"key":"Fire Potion"},{"floor":18,"key":"blueLaboratory:PolymorphPotion"},{"floor":22,"key":"SteroidPotion"},{"floor":24,"key":"Strength Potion"},{"floor":28,"key":"Fruit Juice"},{"floor":28,"key":"LifebloodPotion"},{"floor":33,"key":"Swift Potion"},{"floor":35,"key":"blueLaboratory:FaithlessPotion"},{"floor":38,"key":"Adrenaline Potion"}],"is_trial":false,"path_per_floor":["M","?","M","?","?","E","R","M","T","R","$","M","T","E","R","B",null,"M","$","M","M","M","R","E","?","T","M","?","$","M","E","R","B",null,"M","M","?","M","M"],"character_chosen":"WATCHER","items_purchased":["Nirvana+1","StuffTheSpire:Gunfinga"],"campfire_rested":1,"item_purchase_floors":[11,19],"current_hp_per_floor":[47,47,47,47,36,20,39,39,39,39,39,27,27,26,26,13,71,71,71,71,70,51,51,51,51,51,25,30,30,32,24,24,12,76,61,43,43,15,0,0],"gold":241,"neow_bonus":"WATCHER_SHAOLIN","is_daily":false,"chose_seed":false,"campfire_upgraded":3,"win_rate":0.0,"timestamp":1610816779,"path_taken":["M","?","M","?","?","E","R","M","T","R","$","M","?","E","R","BOSS","M","$","M","M","M","R","E","?","T","M","?","$","?","E","R","BOSS","M","M","?","M","M"],"items_purchased_type":["Card","Relic"],"build_version":"2020-12-22","purchased_purges":1,"victory":false,"max_hp_per_floor":[65,65,65,65,65,65,65,65,65,65,65,65,65,65,65,65,71,71,71,71,71,71,71,71,71,71,71,76,76,76,76,76,76,76,76,76,76,76,76,76],"relic_stats":{"counters":[20,103],"obtain_stats":[{"vexMod:PlasmaPancake":17,"ReplayTheSpireMod:Ninjato":14,"Vajra":17,"EVO:Axolotl":0,"energizedSpire:SpiderWeb":34,"Calling Bell":17,"REME:ComplimentaryCards":0,"Replay:Baseball":9,"StuffTheSpire:Gunfinga":19,"Anchor":24,"infinitespire:Broken Mirror":26,"betterThird:SlimedRelic":5,"Onion Ring":17,"conspire:BottledYoYo":6,"Snack Pack":13,"PureWater":0,"StrikeDummy":31},{"vexMod:PlasmaPancake":7,"ReplayTheSpireMod:Ninjato":6,"Vajra":7,"EVO:Axolotl":0,"energizedSpire:SpiderWeb":16,"Calling Bell":7,"REME:ComplimentaryCards":0,"Replay:Baseball":4,"StuffTheSpire:Gunfinga":8,"Anchor":12,"infinitespire:Broken Mirror":12,"betterThird:SlimedRelic":2,"Onion Ring":7,"conspire:BottledYoYo":3,"Snack Pack":5,"PureWater":0,"StrikeDummy":15},{"vexMod:PlasmaPancake":36,"ReplayTheSpireMod:Ninjato":29,"Vajra":36,"EVO:Axolotl":0,"energizedSpire:SpiderWeb":81,"Calling Bell":36,"REME:ComplimentaryCards":0,"Replay:Baseball":18,"StuffTheSpire:Gunfinga":38,"Anchor":58,"infinitespire:Broken Mirror":58,"betterThird:SlimedRelic":6,"Onion Ring":36,"conspire:BottledYoYo":15,"Snack Pack":23,"PureWater":0,"StrikeDummy":74}]},"card_choices":[{"not_picked":["FlyingSleeves","ReachHeaven"],"picked":"Replay:AtTheReady","floor":1},{"not_picked":["Replay:BluntJabs","Replay:LoomingThreat"],"picked":"ClearTheMind","floor":3},{"not_picked":["PathToVictory","StSpp:TimeDodge"],"picked":"FollowUp","floor":6},{"not_picked":["Replay:AtTheReady","Deep Breath"],"picked":"StSpp:LatentStrike","floor":8},{"not_picked":["StSpp:Chanting","Swift Strike"],"picked":"Panache","floor":12},{"not_picked":["Searing Blow","CutThroughFate","Replay:BluntJabs"],"picked":"SKIP","floor":14},{"not_picked":["Machine Learning","Wraith Form v2"],"picked":"Devotion","floor":16},{"not_picked":["EmptyBody+1","Underhanded Strike","Stack"],"picked":"SKIP","floor":18},{"not_picked":["Replay:BluntJabs","Tantrum","Clash"],"picked":"SKIP","floor":20},{"not_picked":["Jack Of All Trades","EmptyBody"],"picked":"MarkedMod:GentlePulse","floor":21},{"not_picked":["Replay:Hum","Replay:ManipulateFuture","Weave"],"picked":"SKIP","floor":22},{"not_picked":["Worship+1","EmptyMind","Warcry+1"],"picked":"SKIP","floor":24},{"not_picked":["Replay:AtTheReady+1","Establishment"],"picked":"PathToVictory+1","floor":27},{"not_picked":["FlurryOfBlows","Adaptation+1"],"picked":"SashWhip+1","floor":30},{"not_picked":["Tools of the Trade","Hello World"],"picked":"SashWhip+1","floor":31},{"not_picked":["Replay:LoomingThreat","Transmutation"],"picked":"Creative AI","floor":33},{"not_picked":["Halt+1","Replay:ManipulateFuture+1"],"picked":"MarkedMod:GentlePulse","floor":35},{"not_picked":["Setup+1","CutThroughFate+1"],"picked":"MarkedMod:FirstStrike","floor":36},{"not_picked":["MarkedMod:GracefulMovements","Stack+1"],"picked":"PathToVictory","floor":38}],"player_experience":469052,"relics_obtained":[{"floor":6,"key":"conspire:BottledYoYo"},{"floor":9,"key":"Replay:Baseball"},{"floor":13,"key":"Snack Pack"},{"floor":14,"key":"ReplayTheSpireMod:Ninjato"},{"floor":17,"key":"Vajra"},{"floor":17,"key":"Onion Ring"},{"floor":17,"key":"vexMod:PlasmaPancake"},{"floor":24,"key":"Anchor"},{"floor":26,"key":"infinitespire:Broken Mirror"},{"floor":31,"key":"StrikeDummy"}],"event_choices":[{"damage_healed":0,"gold_gain":0,"player_choice":"Disagree","damage_taken":0,"max_hp_gain":0,"max_hp_loss":0,"event_name":"conspire:LoneGhost","floor":4,"gold_loss":0},{"damage_healed":0,"gold_gain":0,"player_choice":"Slimed","damage_taken":11,"max_hp_gain":0,"max_hp_loss":0,"event_name":"betterThird:BetterGoop","floor":5,"gold_loss":27},{"cards_removed":["vexMod:UltimateCard"],"damage_healed":0,"gold_gain":0,"player_choice":"Gave Gold","damage_taken":0,"max_hp_gain":0,"max_hp_loss":0,"event_name":"Beggar","floor":25,"gold_loss":75},{"damage_healed":0,"gold_gain":0,"player_choice":"Got Potions","damage_taken":0,"max_hp_gain":0,"max_hp_loss":0,"event_name":"Lab","floor":28,"gold_loss":0},{"damage_healed":0,"gold_gain":0,"player_choice":"Leave","damage_taken":0,"max_hp_gain":0,"max_hp_loss":0,"event_name":"conspire:Investor","floor":37,"gold_loss":0}],"is_beta":false,"boss_relics":[{"not_picked":["SacredBark","vexMod:BigBerry"],"picked":"Calling Bell"},{"not_picked":["energizedSpire:BlackCloud","aspiration:PoetsPen"],"picked":"energizedSpire:SpiderWeb"}],"items_purged_floors":[19],"is_endless":false,"potions_floor_spawned":[8,12,16,18,22,24,30,33,35,38],"killed_by":"Jaw Worm Horde","ascension_level":0}}