{"host":"szp1d6dso4pv7ddl","time":1610836015,"event":{"mods":["AchievementEnabler","Alarm Clock","BaseMod","Bestiary","Block Reminder","Colored Map","Colored Powertips","Curses Come First","Dark Map","Displayed Cursed Tome","Highlight Path","Minty Spire (QoL Compilation)","Permanent Neow","Quick Restart","Relic Sorter","Relic Stats","StSLib","Synergy Search"],"gold_per_floor":[11,11,11,11,35,35,66,66,66,90,90,90],"floor_reached":11,"language":"ENG","playtime":275,"items_purged":[],"score":103,"play_id":"1b4e6f2b-c429-4fa8-99f9-78bde7d6e616","local_time":"20210116142655","is_ascension_mode":true,"campfire_choices":[{"data":"Zap","floor":6,"key":"SMITH"}],"circlet_count":0,"master_deck":["Strike_B","Strike_B","Strike_B","Strike_B","Defend_B","Defend_B","Defend_B","Zap+1","Dualcast","All For One","Go for the Eyes","Scrape"],"relics":["Cracked Core","Golden Idol","Lantern","White Beast Statue"],"acts_visited":["Exordium"],"potions_floor_usage":[7],"damage_taken":[{"damage":0,"enemies":"Small Slimes","floor":1,"turns":2},{"damage":8,"enemies":"Jaw Worm","floor":5,"turns":4},{"damage":40,"enemies":"3 Sentries","floor":7,"turns":7},{"damage":0,"enemies":"2 Louse","floor":10,"turns":2},{"damage":20,"enemies":"Lagavulin","floor":11,"turns":3}],"seed_played":"2792518497458703872","potions_obtained":[{"floor":1,"key":"Regen Potion"},{"floor":10,"key":"SteroidPotion"}],"is_trial":false,"path_per_floor":["M","?","$","?","M","R","E","?","T","M","E"],"character_chosen":"DEFECT","items_purchased":[],"campfire_rested":0,"item_purchase_floors":[],"current_hp_per_floor":[68,50,50,50,42,42,17,17,17,17,0,0],"gold":90,"neow_bonus":"THREE_RARE_CARDS","is_daily":false,"chose_seed":false,"campfire_upgraded":1,"win_rate":0.0,"timestamp":1610836015,"path_taken":["M","?","?","?","M","R","E","?","T","M","E"],"items_purchased_type":[],"build_version":"2020-12-22","purchased_purges":0,"victory":false,"max_hp_per_floor":[75,75,75,75,75,75,75,75,75,75,75,75],"relic_stats":{"counters":[5,18],"Golden Idol":16,"obtain_stats":[{"Lantern":7,"Golden Idol":2,"Cracked Core":0,"White Beast Statue":9},{"Lantern":3,"Golden Idol":1,"Cracked Core":0,"White Beast Statue":3},{"Lantern":13,"Golden Idol":2,"Cracked Core":0,"White Beast Statue":13}]},"card_choices":[{"not_picked":["Machine Learning","Biased Cognition"],"picked":"All For One","floor":0},{"not_picked":["Steam Power","Hello World","Ball Lightning"],"picked":"SKIP","floor":1},{"not_picked":["Conserve Battery","Steam Power"],"picked":"Go for the Eyes","floor":5},{"not_picked":["Sweeping Beam","Ball Lightning","Double Energy"],"picked":"SKIP","floor":7},{"not_picked":["Auto Shields","Force Field"],"picked":"Scrape","floor":10}],"player_experience":1193606,"relics_obtained":[{"floor":7,"key":"Lantern"},{"floor":9,"key":"White Beast Statue"}],"event_choices":[{"damage_healed":0,"gold_gain":0,"player_choice":"Take Damage","damage_taken":18,"relics_obtained":["Golden Idol"],"max_hp_gain":0,"max_hp_loss":0,"event_name":"Golden Idol","floor":2,"gold_loss":0},{"damage_healed":0,"gold_gain":0,"player_choice":"Ignored","damage_taken":0,"max_hp_gain":0,"max_hp_loss":0,"event_name":"Liars Game","floor":4,"gold_loss":0},{"cards_removed":["Defend_B"],"damage_healed":0,"gold_gain":0,"player_choice":"Offered Basic","damage_taken":0,"max_hp_gain":0,"max_hp_loss":0,"event_name":"Bonfire Elementals","floor":8,"gold_loss":0}],"is_beta":false,"boss_relics":[],"items_purged_floors":[],"is_endless":false,"potions_floor_spawned":[1,10],"killed_by":"Lagavulin","ascension_level":9}}