{"host":"99ewu7vvenm5p630","time":1610823416,"event":{"mods":["BaseMod","Minty Spire (QoL Compilation)"],"gold_per_floor":[116,291,241,241,259,291,291,320,347,382,399,419,448,448,448,544,544,514,514,9,9,9,9,9,9,9,9,9,9,9,9,9,9,9,9,9,0,0,0,0,0,0,0,0,0,0,0,0,0,0],"floor_reached":51,"language":"ENG","playtime":3861,"items_purged":[],"score":908,"play_id":"0fb3a945-3c89-4a7c-9d1a-3f8e26c1f762","local_time":"20210116185656","daily_mods":["Specialized","Heirloom","Elite Swarm"],"is_ascension_mode":false,"campfire_choices":[{"floor":7,"key":"REST"},{"data":"Armaments","floor":15,"key":"SMITH"},{"data":"Flex","floor":24,"key":"SMITH"},{"data":"Demon Form","floor":32,"key":"SMITH"},{"data":"Demon Form","floor":40,"key":"SMITH"},{"data":"Barricade","floor":47,"key":"SMITH"},{"data":"Berserk","floor":49,"key":"SMITH"}],"circlet_count":0,"master_deck":["Strike_R+1","Strike_R+1","Strike_R+1","Strike_R+1","Strike_R+1","Defend_R+1","Defend_R+1","Defend_R+1","Defend_R+1","Bash","Sword Boomerang+1","Sword Boomerang","Sword Boomerang","Sword Boomerang","Sword Boomerang","Rampage","Sword Boomerang","Perfected Strike","Armaments+1","Clash","Reaper+1","Demon Form+1","Feed","Searing Blow","Heavy Blade","Shrug It Off","Dropkick","Feed","Demon Form+1","Anger+1","Pommel Strike+1","Flex+1","Spot Weakness","Trip","Iron Wave+1","Twin Strike+1","Berserk+1","Feed","Double Tap","Juggernaut","Battle Trance+1","Armaments+1","Reaper","True Grit+1","Sword Boomerang","Panacea","Dark Shackles","Chrysalis","Heavy Blade","Uppercut","Berserk","Barricade+1"],"relics":["Burning Blood","Prayer Wheel","Shuriken","Akabeko","Bag of Marbles","Boot","Orichalcum","Ectoplasm","Lee\u0027s Waffle","Whetstone","Paper Frog","Charon\u0027s Ashes","Mummified Hand","Lizard Tail","Art of War","SlaversCollar","Red Mask","Bronze Scales","Bottled Lightning","Blood Vial","Toxic Egg 2"],"acts_visited":["Exordium","TheCity","TheBeyond"],"potions_floor_usage":[8,10,16,18,23,23,27,33,33,35,44,46],"damage_taken":[{"damage":8,"enemies":"Jaw Worm","floor":1,"turns":3},{"damage":2,"enemies":"Small Slimes","floor":5,"turns":3},{"damage":39,"enemies":"3 Sentries","floor":6,"turns":6},{"damage":21,"enemies":"Lagavulin","floor":8,"turns":4},{"damage":30,"enemies":"3 Sentries","floor":10,"turns":6},{"damage":0,"enemies":"Cultist","floor":11,"turns":2},{"damage":0,"enemies":"Looter","floor":12,"turns":1},{"damage":0,"enemies":"Gremlin Nob","floor":13,"turns":1},{"damage":12,"enemies":"Slime Boss","floor":16,"turns":6},{"damage":14,"enemies":"2 Thieves","floor":18,"turns":2},{"damage":0,"enemies":"Shell Parasite","floor":22,"turns":1},{"damage":10,"enemies":"Gremlin Leader","floor":23,"turns":3},{"damage":20,"enemies":"Book of Stabbing","floor":25,"turns":3},{"damage":1,"enemies":"Slavers","floor":27,"turns":2},{"damage":27,"enemies":"Gremlin Leader","floor":29,"turns":4},{"damage":5,"enemies":"3 Cultists","floor":30,"turns":4},{"damage":53,"enemies":"Champ","floor":33,"turns":5},{"damage":30,"enemies":"3 Darklings","floor":35,"turns":4},{"damage":0,"enemies":"Orb Walker","floor":41,"turns":2},{"damage":42,"enemies":"Giant Head","floor":42,"turns":6},{"damage":3,"enemies":"Reptomancer","floor":44,"turns":3},{"damage":30,"enemies":"Nemesis","floor":46,"turns":3},{"damage":122,"enemies":"Donu and Deca","floor":50,"turns":8}],"seed_played":"5980547693727798948","potions_obtained":[{"floor":6,"key":"Energy Potion"},{"floor":8,"key":"Swift Potion"},{"floor":10,"key":"Energy Potion"},{"floor":16,"key":"BlessingOfTheForge"},{"floor":21,"key":"Weak Potion"},{"floor":21,"key":"FearPotion"},{"floor":21,"key":"Explosive Potion"},{"floor":27,"key":"BlessingOfTheForge"},{"floor":30,"key":"Block Potion"},{"floor":33,"key":"Explosive Potion"},{"floor":35,"key":"Explosive Potion"},{"floor":44,"key":"SkillPotion"}],"is_trial":true,"path_per_floor":["M","?","?","?","M","E","R","E","T","E","M","M","E","?","R","B",null,"M","?","$","?","M","E","R","E","T","E","?","E","M","$","R","B",null,"M","?","?","?","$","R","M","E","T","E","$","E","R","$","R","B",null],"character_chosen":"IRONCLAD","items_purchased":["Lee\u0027s Waffle","Flex","Spot Weakness","Whetstone","Trip"],"campfire_rested":1,"item_purchase_floors":[20,20,20,20,20],"current_hp_per_floor":[78,78,78,78,80,47,71,60,60,56,62,68,74,58,58,65,83,78,78,93,93,93,96,96,82,82,91,71,50,69,69,69,22,111,87,87,87,77,77,77,83,72,72,88,88,66,66,66,66,60],"gold":0,"neow_bonus":"","is_daily":false,"chose_seed":false,"campfire_upgraded":6,"win_rate":0.0,"timestamp":1610823416,"path_taken":["M","?","?","?","M","E","R","E","T","E","M","?","E","?","R","BOSS","M","?","$","?","?","E","R","E","T","E","?","E","M","?","R","BOSS","M","?","?","?","$","R","M","E","T","E","?","E","R","$","R","BOSS"],"items_purchased_type":["Relic","Card","Card","Relic","Card"],"build_version":"2020-12-22","purchased_purges":0,"victory":true,"max_hp_per_floor":[80,80,80,80,80,80,80,80,80,80,80,80,80,80,80,83,83,86,86,93,93,93,96,96,96,96,100,105,105,111,111,111,111,111,111,105,105,105,105,105,105,108,108,108,108,108,108,108,108,108],"card_choices":[{"not_picked":["Clash","Cleave"],"picked":"Rampage","floor":1},{"not_picked":["Wild Strike","Burning Pact"],"picked":"Sword Boomerang","floor":1},{"not_picked":["Shrug It Off","Thunderclap"],"picked":"Armaments","floor":5},{"not_picked":["Pommel Strike","Warcry"],"picked":"Clash","floor":5},{"not_picked":["Barricade","Double Tap"],"picked":"Reaper","floor":6},{"not_picked":["Exhume","Immolate"],"picked":"Demon Form","floor":8},{"not_picked":["Berserk","Fiend Fire"],"picked":"Feed","floor":10},{"not_picked":["Havoc","Clash"],"picked":"Searing Blow","floor":11},{"not_picked":["Combust","True Grit"],"picked":"Heavy Blade","floor":11},{"not_picked":["Brutality","Twin Strike"],"picked":"Shrug It Off","floor":12},{"not_picked":["Cleave","Searing Blow"],"picked":"Dropkick","floor":12},{"not_picked":["Barricade","Impervious"],"picked":"Feed","floor":13},{"not_picked":["Exhume","Double Tap"],"picked":"Demon Form","floor":16},{"not_picked":["Cleave","Burning Pact"],"picked":"Anger+1","floor":18},{"not_picked":["Rupture","True Grit"],"picked":"Pommel Strike+1","floor":18},{"not_picked":["Wild Strike","Blood for Blood+1"],"picked":"Iron Wave+1","floor":22},{"not_picked":["True Grit","Intimidate"],"picked":"Twin Strike+1","floor":22},{"not_picked":["Brutality","Impervious"],"picked":"Berserk","floor":23},{"not_picked":["Bludgeon","Reaper"],"picked":"Feed","floor":25},{"not_picked":["Corruption","Berserk"],"picked":"Double Tap","floor":27},{"not_picked":["Double Tap","Fiend Fire"],"picked":"Juggernaut","floor":29},{"not_picked":["Body Slam+1","Feel No Pain"],"picked":"Battle Trance+1","floor":30},{"not_picked":["Rampage","Cleave"],"picked":"Armaments+1","floor":30},{"not_picked":["Corruption","Bludgeon"],"picked":"Reaper","floor":33},{"not_picked":["Clothesline","Reckless Charge"],"picked":"True Grit+1","floor":35},{"not_picked":["Feel No Pain","Thunderclap"],"picked":"Sword Boomerang","floor":35},{"not_picked":["Dark Shackles","HandOfGreed"],"picked":"Panacea","floor":38},{"not_picked":["HandOfGreed","Secret Weapon"],"picked":"Dark Shackles","floor":38},{"not_picked":["Impatience","Secret Technique"],"picked":"Chrysalis","floor":38},{"not_picked":["Wild Strike","Burning Pact+1"],"picked":"Heavy Blade","floor":41},{"not_picked":["Wild Strike","Evolve"],"picked":"Uppercut","floor":41},{"not_picked":["Impervious","Exhume","Corruption"],"picked":"SKIP","floor":42},{"not_picked":["Bludgeon","Corruption"],"picked":"Berserk","floor":44},{"not_picked":["Berserk","Fiend Fire"],"picked":"Barricade","floor":46}],"player_experience":266079,"relics_obtained":[{"floor":6,"key":"Shuriken"},{"floor":8,"key":"Akabeko"},{"floor":9,"key":"Bag of Marbles"},{"floor":10,"key":"Boot"},{"floor":13,"key":"Orichalcum"},{"floor":23,"key":"Paper Frog"},{"floor":25,"key":"Charon\u0027s Ashes"},{"floor":26,"key":"Mummified Hand"},{"floor":27,"key":"Lizard Tail"},{"floor":29,"key":"Art of War"},{"floor":42,"key":"Bronze Scales"},{"floor":43,"key":"Bottled Lightning"},{"floor":44,"key":"Blood Vial"},{"floor":46,"key":"Toxic Egg 2"}],"event_choices":[{"damage_healed":0,"gold_gain":175,"player_choice":"AGREE","damage_taken":0,"max_hp_gain":0,"max_hp_loss":0,"event_name":"Liars Game","floor":2,"gold_loss":0,"cards_obtained":["Doubt"]},{"cards_removed":["Doubt"],"damage_healed":0,"gold_gain":0,"player_choice":"Card Removal","damage_taken":0,"max_hp_gain":0,"max_hp_loss":0,"event_name":"The Cleric","floor":3,"gold_loss":50},{"damage_healed":0,"gold_gain":0,"player_choice":"1 cards matched","damage_taken":0,"max_hp_gain":0,"max_hp_loss":0,"event_name":"Match and Keep!","floor":4,"gold_loss":0,"cards_obtained":["Perfected Strike"]},{"damage_healed":0,"gold_gain":0,"player_choice":"Entered Light","damage_taken":16,"max_hp_gain":0,"max_hp_loss":0,"event_name":"Shining Light","floor":14,"gold_loss":0,"cards_upgraded":["Strike_R","Strike_R"]},{"damage_healed":0,"gold_gain":0,"player_choice":"Simplicity","damage_taken":0,"max_hp_gain":0,"max_hp_loss":0,"event_name":"Back to Basics","floor":19,"gold_loss":0,"cards_upgraded":["Strike_R","Strike_R","Strike_R","Defend_R","Defend_R","Defend_R","Defend_R"]},{"damage_healed":0,"gold_gain":0,"player_choice":"Got Potions","damage_taken":0,"max_hp_gain":0,"max_hp_loss":0,"event_name":"Lab","floor":21,"gold_loss":0},{"damage_healed":0,"gold_gain":0,"player_choice":"Shed Blood","damage_taken":25,"max_hp_gain":5,"max_hp_loss":0,"event_name":"Forgotten Altar","floor":28,"gold_loss":0},{"damage_healed":0,"gold_gain":0,"player_choice":"Max HP","damage_taken":0,"max_hp_gain":0,"max_hp_loss":6,"event_name":"Winding Halls","floor":36,"gold_loss":0},{"damage_healed":0,"gold_gain":0,"player_choice":"Paid","damage_taken":0,"relics_obtained":["Red Mask"],"max_hp_gain":0,"max_hp_loss":0,"event_name":"Tomb of Lord Red Mask","floor":37,"gold_loss":9},{"damage_healed":0,"gold_gain":0,"player_choice":"Memory 3","damage_taken":10,"max_hp_gain":0,"max_hp_loss":0,"event_name":"SensoryStone","floor":38,"gold_loss":0}],"is_beta":false,"boss_relics":[{"not_picked":["Snecko Eye","Astrolabe"],"picked":"Ectoplasm"},{"not_picked":["Fusion Hammer","Pandora\u0027s Box"],"picked":"SlaversCollar"}],"items_purged_floors":[],"is_endless":false,"potions_floor_spawned":[6,8,10,16,22,27,30,33,35,44],"ascension_level":0}}