{"host":"8dhn6p16jorj0i1s","time":1610837728,"event":{"mods":["BaseMod","Colored Map","DeckTracker","Minty Spire (QoL Compilation)","Permanent Neow","Quick Restart"],"gold_per_floor":[117,127,139,149,27,27,59,59,83,83,103,103,122,154,154,249,249,264,280,299,319,418,418,418,418],"floor_reached":24,"language":"ENG","playtime":1634,"items_purged":["Clumsy"],"score":294,"play_id":"2962bdaf-9cde-4fc9-a0a0-ef74f8f249e1","local_time":"20210116235528","is_ascension_mode":true,"campfire_choices":[{"data":"Omniscience","floor":6,"key":"SMITH"},{"data":"BattleHymn","floor":10,"key":"SMITH"},{"data":"Eruption","floor":12,"key":"SMITH"},{"data":"CrushJoints","floor":15,"key":"SMITH"},{"floor":23,"key":"REST"}],"circlet_count":0,"master_deck":["Strike_P","Strike_P","Defend_P","Defend_P","Defend_P","Defend_P","Eruption+1","Vigilance","Omniscience+1","Pray","Conclude","BattleHymn+1","WheelKick","FlurryOfBlows","Prostrate","ClearTheMind","Halt","CrushJoints+1","Crescendo","DevaForm","WheelKick","Halt+1"],"relics":["PureWater","Lantern","Akabeko","Turnip","Runic Pyramid"],"acts_visited":["Exordium","TheCity"],"potions_floor_usage":[7,14,16,18,20],"damage_taken":[{"damage":2,"enemies":"2 Louse","floor":1,"turns":3},{"damage":10,"enemies":"Cultist","floor":2,"turns":4},{"damage":7,"enemies":"Jaw Worm","floor":3,"turns":3},{"damage":0,"enemies":"Exordium Thugs","floor":4,"turns":4},{"damage":0,"enemies":"Lagavulin","floor":7,"turns":4},{"damage":0,"enemies":"Large Slime","floor":11,"turns":1},{"damage":1,"enemies":"Red Slaver","floor":13,"turns":3},{"damage":2,"enemies":"3 Sentries","floor":14,"turns":3},{"damage":20,"enemies":"The Guardian","floor":16,"turns":5},{"damage":16,"enemies":"2 Thieves","floor":18,"turns":3},{"damage":6,"enemies":"Spheric Guardian","floor":19,"turns":3},{"damage":30,"enemies":"Snake Plant","floor":20,"turns":4},{"damage":9,"enemies":"Chosen and Byrds","floor":21,"turns":4},{"damage":0,"enemies":"Gremlin Leader","floor":24,"turns":1}],"seed_played":"4494852036416251094","potions_obtained":[{"floor":2,"key":"GamblersBrew"},{"floor":3,"key":"SteroidPotion"},{"floor":7,"key":"SpeedPotion"},{"floor":11,"key":"Strength Potion"},{"floor":13,"key":"PowerPotion"},{"floor":19,"key":"DuplicationPotion"},{"floor":21,"key":"LiquidMemories"}],"is_trial":false,"path_per_floor":["M","M","M","M","$","R","E","?","T","R","M","R","M","E","R","B",null,"M","M","M","M","?","R","E"],"character_chosen":"WATCHER","items_purchased":["Prostrate"],"campfire_rested":1,"item_purchase_floors":[5],"current_hp_per_floor":[70,60,53,53,53,53,53,53,53,53,53,53,52,50,50,30,62,46,40,10,1,1,22,22,22],"gold":418,"neow_bonus":"TRANSFORM_TWO_CARDS","is_daily":false,"chose_seed":false,"campfire_upgraded":4,"win_rate":0.0,"timestamp":1610837728,"path_taken":["M","M","M","M","$","R","E","?","T","R","M","R","?","E","R","BOSS","M","M","M","M","?","R","E"],"items_purchased_type":["Card"],"build_version":"2020-12-22","purchased_purges":1,"victory":false,"max_hp_per_floor":[72,72,72,72,72,72,72,72,72,72,72,72,72,72,72,72,72,72,72,72,72,72,72,72,72],"card_choices":[{"not_picked":["Perseverance","ClearTheMind"],"picked":"Conclude","floor":1},{"not_picked":["MentalFortress","Fasting2"],"picked":"BattleHymn","floor":2},{"not_picked":["InnerPeace","BowlingBash"],"picked":"WheelKick","floor":3},{"not_picked":["Conclude","EmptyFist"],"picked":"FlurryOfBlows","floor":4},{"not_picked":["Swivel","BowlingBash"],"picked":"ClearTheMind","floor":7},{"not_picked":["DeceiveReality","JustLucky"],"picked":"Halt","floor":11},{"not_picked":["CutThroughFate","SashWhip"],"picked":"CrushJoints","floor":13},{"not_picked":["Halt","SashWhip"],"picked":"Crescendo","floor":14},{"not_picked":["Devotion","Judgement"],"picked":"DevaForm","floor":16},{"not_picked":["EmptyFist+1","Prostrate","ClearTheMind"],"picked":"SKIP","floor":18},{"not_picked":["DeusExMachina","ThirdEye"],"picked":"WheelKick","floor":19},{"not_picked":["Sanctity","Vengeance+1","EmptyBody"],"picked":"SKIP","floor":20},{"not_picked":["PathToVictory","SignatureMove"],"picked":"Halt+1","floor":21}],"player_experience":404443,"relics_obtained":[{"floor":7,"key":"Lantern"},{"floor":14,"key":"Turnip"}],"event_choices":[{"damage_healed":0,"gold_gain":0,"player_choice":"Gave Potion","damage_taken":0,"relics_obtained":["Akabeko"],"max_hp_gain":0,"max_hp_loss":0,"event_name":"WeMeetAgain","floor":8,"gold_loss":0},{"damage_healed":0,"gold_gain":99,"player_choice":"Stole From Cult","damage_taken":0,"max_hp_gain":0,"max_hp_loss":0,"event_name":"Nest","floor":22,"gold_loss":0}],"is_beta":false,"boss_relics":[{"not_picked":["Ectoplasm","Sozu"],"picked":"Runic Pyramid"}],"items_purged_floors":[5],"is_endless":false,"potions_floor_spawned":[2,3,7,11,13,19,21],"killed_by":"Gremlin Leader","ascension_level":5}}