{"host":"w9yruvs4bqht6bhw","time":1610834151,"event":{"mods":["BaseMod","Colored Powertips","Minty Spire (QoL Compilation)"],"gold_per_floor":[119,119,119,119,135,135,163,163,210,210,4,4,39,54,54,150,150,168,118,137,11,23,23,42,42,97,97,110,110,110],"floor_reached":29,"language":"ENG","playtime":883,"items_purged":[],"score":410,"play_id":"c9f3ebaf-ebc7-4d0c-8ccc-037f557f0c1f","local_time":"20210116165551","is_ascension_mode":true,"campfire_choices":[{"data":"Armaments","floor":6,"key":"SMITH"},{"data":"Bash","floor":8,"key":"SMITH"},{"data":"Disarm","floor":10,"key":"SMITH"},{"data":"True Grit","floor":12,"key":"SMITH"},{"data":"Clothesline","floor":15,"key":"SMITH"},{"floor":23,"key":"REST"},{"data":"Infernal Blade","floor":25,"key":"SMITH"},{"floor":27,"key":"REST"}],"circlet_count":0,"master_deck":["AscendersBane","Strike_R","Strike_R","Strike_R","Strike_R","Strike_R","Defend_R+1","Defend_R+1","Defend_R","Defend_R","Bash+1","Disarm+1","Armaments+1","Reaper","True Grit+1","Clothesline+1","Ghostly Armor","Exhume","Anger+1","Infernal Blade+1","Whirlwind+1","Inflame+1","Disarm","Flame Barrier"],"relics":["Burning Blood","NeowsBlessing","War Paint","The Courier","Strawberry","Frozen Egg 2","SacredBark","Orrery","Dream Catcher"],"acts_visited":["Exordium","TheCity"],"potions_floor_usage":[13,13,16,18,20,29],"damage_taken":[{"damage":0,"enemies":"Jaw Worm","floor":1,"turns":1},{"damage":0,"enemies":"2 Louse","floor":5,"turns":1},{"damage":0,"enemies":"Gremlin Nob","floor":7,"turns":1},{"damage":17,"enemies":"Lagavulin","floor":13,"turns":7},{"damage":2,"enemies":"Cultist","floor":14,"turns":3},{"damage":87,"enemies":"Slime Boss","floor":16,"turns":15},{"damage":20,"enemies":"Shell Parasite","floor":18,"turns":9},{"damage":21,"enemies":"Spheric Guardian","floor":20,"turns":5},{"damage":32,"enemies":"Chosen and Byrds","floor":22,"turns":8},{"damage":10,"enemies":"Snecko","floor":24,"turns":6},{"damage":74,"enemies":"Cultist and Chosen","floor":28,"turns":11},{"damage":11,"enemies":"Snake Plant","floor":29,"turns":3}],"seed_played":"6179815335251536927","potions_obtained":[{"floor":1,"key":"Fire Potion"},{"floor":14,"key":"AttackPotion"},{"floor":16,"key":"PowerPotion"},{"floor":18,"key":"SkillPotion"},{"floor":28,"key":"Swift Potion"}],"is_trial":false,"path_per_floor":["M","?","$","?","M","R","E","R","T","R","$","R","E","M","R","B",null,"M","?","M","$","M","R","M","R","T","R","M","M"],"character_chosen":"IRONCLAD","items_purchased":["Strawberry","True Grit","Block Potion","Orrery"],"campfire_rested":2,"item_purchase_floors":[11,11,11,21],"current_hp_per_floor":[78,75,75,75,80,80,80,80,80,80,87,87,76,80,80,14,69,55,55,40,40,14,40,48,48,48,74,11,0,0],"gold":110,"neow_bonus":"THREE_ENEMY_KILL","is_daily":false,"chose_seed":false,"campfire_upgraded":6,"win_rate":0.0,"timestamp":1610834151,"path_taken":["M","?","?","?","M","R","E","R","T","R","$","R","E","M","R","BOSS","M","?","M","$","?","R","M","R","T","R","M","M"],"items_purchased_type":["Relic","Card","Potion","Relic"],"build_version":"2020-12-22","purchased_purges":0,"victory":false,"max_hp_per_floor":[80,80,80,80,80,80,80,80,80,80,87,87,87,87,87,87,87,87,87,87,87,87,87,87,87,87,87,87,87,87],"card_choices":[{"not_picked":["Intimidate","Power Through"],"picked":"Disarm","floor":1},{"not_picked":["Pummel","Headbutt"],"picked":"Armaments","floor":5},{"not_picked":["Evolve","Havoc"],"picked":"Reaper","floor":7},{"not_picked":["Wild Strike","Perfected Strike"],"picked":"Clothesline","floor":13},{"not_picked":["Havoc","Shockwave"],"picked":"Ghostly Armor","floor":14},{"not_picked":["Juggernaut+1","Offering"],"picked":"Exhume","floor":16},{"not_picked":["Whirlwind","Heavy Blade"],"picked":"Anger+1","floor":18},{"not_picked":["Reckless Charge","Body Slam"],"picked":"Infernal Blade","floor":20},{"not_picked":["Bloodletting","Sentinel"],"picked":"Whirlwind+1","floor":21},{"not_picked":["Havoc","Thunderclap"],"picked":"Inflame+1","floor":21},{"not_picked":["Perfected Strike+1","Ghostly Armor"],"picked":"Disarm","floor":21},{"not_picked":["Clothesline","Juggernaut+1","Rupture+1"],"picked":"SKIP","floor":22},{"not_picked":["Perfected Strike","Twin Strike","Clothesline+1"],"picked":"SKIP","floor":24},{"not_picked":["Sentinel","Headbutt"],"picked":"Flame Barrier","floor":27},{"not_picked":["Rage","Sword Boomerang","Fire Breathing+1"],"picked":"SKIP","floor":28}],"player_experience":411605,"relics_obtained":[{"floor":7,"key":"The Courier"},{"floor":13,"key":"Frozen Egg 2"},{"floor":26,"key":"Dream Catcher"}],"event_choices":[{"damage_healed":0,"gold_gain":0,"player_choice":"Success","damage_taken":3,"relics_obtained":["War Paint"],"max_hp_gain":0,"max_hp_loss":0,"event_name":"Scrap Ooze","floor":2,"gold_loss":0},{"damage_healed":0,"gold_gain":0,"player_choice":"Ignored","damage_taken":0,"max_hp_gain":0,"max_hp_loss":0,"event_name":"Golden Wing","floor":4,"gold_loss":0},{"damage_healed":0,"gold_gain":0,"player_choice":"Bet on Murderer","damage_taken":0,"max_hp_gain":0,"max_hp_loss":0,"event_name":"The Joust","floor":19,"gold_loss":50}],"is_beta":false,"boss_relics":[{"not_picked":["Ectoplasm","Astrolabe"],"picked":"SacredBark"}],"items_purged_floors":[],"is_endless":false,"potions_floor_spawned":[1,14,16,18,28],"killed_by":"Snake Plant","ascension_level":12}}