{"host":"08t08ld674si40tv","time":1610770722,"event":{"mods":["AchievementEnabler","BaseMod","Colored Map","Minty Spire (QoL Compilation)","StSLib","SuperFastMode"],"gold_per_floor":[115,128,128,148,164,164,164,195,195,205,130,130,130,164,164,164,164],"floor_reached":16,"language":"KOR","playtime":320,"items_purged":["Strike_R"],"score":224,"play_id":"5e5aff1a-746f-44c1-a327-534bd407928a","local_time":"20210116131842","is_ascension_mode":true,"campfire_choices":[{"data":"Armaments","floor":6.0,"key":"SMITH"},{"floor":12,"key":"REST"},{"data":"Metallicize","floor":15,"key":"SMITH"}],"circlet_count":0,"master_deck":["AscendersBane","Strike_R","Strike_R","Strike_R","Strike_R","Defend_R","Defend_R","Defend_R","Defend_R","Bash+1","Cleave","Wild Strike+1","Armaments+1","Burning Pact","Uppercut","Metallicize+1"],"relics":["Burning Blood","Mercury Hourglass","Gremlin Horn","Golden Idol","Omamori"],"acts_visited":["Exordium"],"potions_floor_usage":[7,10,16],"damage_taken":[{"damage":7.0,"enemies":"Jaw Worm","floor":1.0,"turns":3.0},{"damage":1.0,"enemies":"Cultist","floor":2.0,"turns":3.0},{"damage":15.0,"enemies":"Small Slimes","floor":4.0,"turns":3.0},{"damage":24.0,"enemies":"Blue Slaver","floor":5.0,"turns":5.0},{"damage":0,"enemies":"Gremlin Gang","floor":7,"turns":1},{"damage":40,"enemies":"3 Sentries","floor":8,"turns":8},{"damage":8,"enemies":"Exordium Thugs","floor":10,"turns":6},{"damage":26,"enemies":"Lagavulin","floor":14,"turns":8},{"damage":22,"enemies":"Hexaghost","floor":16,"turns":9}],"seed_played":"-314750784632128711","potions_obtained":[{"floor":1.0,"key":"SpeedPotion"},{"floor":5.0,"key":"SmokeBomb"},{"floor":10,"key":"Strength Potion"}],"is_trial":false,"path_per_floor":["M","M","?","M","M","R","M","E","T","M","$","R","?","E","R","B"],"character_chosen":"IRONCLAD","items_purchased":[],"campfire_rested":1,"item_purchase_floors":[],"current_hp_per_floor":[67,72,72,63,45,45,51,17,17,15,15,37,37,17,17,0,0],"gold":164,"neow_bonus":"UPGRADE_CARD","is_daily":false,"chose_seed":false,"campfire_upgraded":2,"win_rate":0.0,"timestamp":1610770722,"path_taken":["M","M","?","?","M","R","M","E","T","M","$","R","?","E","R","BOSS"],"items_purchased_type":[],"build_version":"2020-12-22","purchased_purges":1,"victory":false,"max_hp_per_floor":[75,75,75,75,75,75,75,75,75,75,75,75,68,68,68,68,68],"card_choices":[{"not_picked":["Sever Soul","Warcry"],"picked":"Cleave","floor":1.0},{"not_picked":["Heavy Blade","Twin Strike"],"picked":"Wild Strike","floor":2.0},{"not_picked":["Ghostly Armor","Sever Soul"],"picked":"Armaments","floor":4.0},{"not_picked":["Carnage","Headbutt"],"picked":"Burning Pact","floor":5.0},{"not_picked":["Reckless Charge","Perfected Strike","Twin Strike"],"picked":"SKIP","floor":8},{"not_picked":["Sword Boomerang","Evolve"],"picked":"Uppercut","floor":10},{"not_picked":["Sentinel","Sever Soul"],"picked":"Metallicize","floor":14}],"player_experience":225155,"relics_obtained":[{"floor":8,"key":"Mercury Hourglass"},{"floor":9,"key":"Gremlin Horn"},{"floor":14,"key":"Omamori"}],"event_choices":[{"damage_healed":0.0,"max_hp_gain":0.0,"max_hp_loss":0.0,"gold_gain":0.0,"event_name":"Accursed Blacksmith","player_choice":"Forge","floor":3.0,"gold_loss":0.0,"damage_taken":0.0,"cards_upgraded":["Wild Strike"]},{"damage_healed":0,"gold_gain":0,"player_choice":"Lose Max HP","damage_taken":0,"relics_obtained":["Golden Idol"],"max_hp_gain":0,"max_hp_loss":7,"event_name":"Golden Idol","floor":13,"gold_loss":0}],"is_beta":false,"boss_relics":[],"items_purged_floors":[11],"is_endless":false,"potions_floor_spawned":[1,5,7,10],"killed_by":"Hexaghost","ascension_level":20}}