{"host":"fre309isb0zq7f4i","time":1610836293,"event":{"mods":["BaseMod","Beaked The Cultist","Downfall","Mad Scientist","Minty Spire (QoL Compilation)","Quick Restart","StSLib","The Construct","The Mystic","The Senshi","The Servant 0.9.4","The Witch"],"gold_per_floor":[360,87,87,107,124,124,155,155,179,195,209,223,251,270,270,374,374,394,8,8,8,8,8,36,49,75,75,75,94,94,112,112,208,208,225,239,94,94,108,108,135,135,135,135,152,168,168,185,185,185,185,185,35,60,60,60],"floor_reached":55,"language":"ENG","playtime":4908,"items_purged":["Bash"],"score":747,"play_id":"4725b0b3-bc4b-4f64-84b7-28e91dfd3a2b","local_time":"20210116153133","is_ascension_mode":true,"campfire_choices":[{"data":"Body Slam","floor":6,"key":"SMITH"},{"floor":8,"key":"REST"},{"data":"Juggernaut","floor":15,"key":"SMITH"},{"data":"Metallicize","floor":23,"key":"SMITH"},{"data":"Defend_R","floor":28,"key":"SMITH"},{"data":"Iron Wave","floor":30,"key":"SMITH"},{"data":"Defend_R","floor":32,"key":"SMITH"},{"data":"Madness","floor":40,"key":"SMITH"},{"floor":42,"key":"REST"},{"floor":47,"key":"RECALL"},{"data":"Defend_R","floor":49,"key":"SMITH"},{"data":"Defend_R","floor":52,"key":"SMITH"}],"circlet_count":0,"master_deck":["Strike_R","Strike_R","Strike_R","Strike_R","Strike_R","Defend_R+1","Defend_R+1","Defend_R+1","Defend_R+1","Body Slam+1","Shrug It Off","Iron Wave+1","Juggernaut+1","Metallicize+1","Warcry+1","Clumsy","Metallicize+1","Warcry+1","Madness+1","Madness","Intimidate+1","Shrug It Off+1","downfall:Malfunctioning","Metallicize+1"],"relics":["Burning Blood","TheAbacus","Blood Vial","Mercury Hourglass","Cursed Key","Lizard Tail","Pocketwatch","Vajra","Potion Belt","Runic Pyramid","OrangePellets","Happy Flower","Gambling Chip","ClockworkSouvenir","Du-Vu Doll"],"acts_visited":["Exordium","TheCity","TheBeyond","TheEnding"],"potions_floor_usage":[11,24,24,41,50],"damage_taken":[{"damage":7,"enemies":"Jaw Worm","floor":1,"turns":3},{"damage":6,"enemies":"2 Louse","floor":4,"turns":3},{"damage":0,"enemies":"Small Slimes","floor":5,"turns":3},{"damage":30,"enemies":"Lagavulin","floor":7,"turns":11},{"damage":41,"enemies":"Gremlin Gang","floor":10,"turns":5},{"damage":10,"enemies":"Exordium Thugs","floor":11,"turns":5},{"damage":2,"enemies":"Blue Slaver","floor":12,"turns":4},{"damage":23,"enemies":"3 Sentries","floor":13,"turns":10},{"damage":0,"enemies":"2 Fungi Beasts","floor":14,"turns":3},{"damage":16,"enemies":"The Guardian","floor":16,"turns":9},{"damage":0,"enemies":"Chosen","floor":18,"turns":4},{"damage":26,"enemies":"Slavers","floor":24,"turns":5},{"damage":10,"enemies":"3 Byrds","floor":25,"turns":4},{"damage":0,"enemies":"Centurion and Healer","floor":29,"turns":5},{"damage":7,"enemies":"Cultist and Chosen","floor":31,"turns":4},{"damage":45,"enemies":"Automaton","floor":33,"turns":11},{"damage":29,"enemies":"3 Darklings","floor":35,"turns":5},{"damage":19,"enemies":"3 Shapes","floor":36,"turns":3},{"damage":4,"enemies":"Spire Growth","floor":39,"turns":5},{"damage":42,"enemies":"Reptomancer","floor":41,"turns":7},{"damage":0,"enemies":"Maw","floor":45,"turns":7},{"damage":9,"enemies":"4 Shapes","floor":46,"turns":6},{"damage":10,"enemies":"Spire Growth","floor":48,"turns":5},{"damage":46,"enemies":"Awakened One","floor":50,"turns":14},{"damage":96,"enemies":"Shield and Spear","floor":54,"turns":10},{"damage":90,"enemies":"The Heart","floor":55,"turns":12}],"seed_played":"5034652389940699864","potions_obtained":[{"floor":1,"key":"BloodPotion"},{"floor":7,"key":"Slimebound:ThreeZeroPotion"},{"floor":11,"key":"BloodPotion"},{"floor":13,"key":"BlessingOfTheForge"},{"floor":18,"key":"Swift Potion"},{"floor":36,"key":"ElixirPotion"},{"floor":46,"key":"FairyPotion"}],"is_trial":false,"path_per_floor":["M","$","?","M","M","R","E","R","T","M","M","M","E","M","R","B",null,"M","$","?","?","?","R","E","M","T","?","R","M","R","M","R","B",null,"M","M","$","?","M","R","E","R","T","?","M","M","R","M","R","B",null,"R","$","E","B"],"character_chosen":"IRONCLAD","items_purchased":["Shrug It Off","TheAbacus","Metallicize","Lizard Tail","OrangePellets","ClockworkSouvenir"],"campfire_rested":2,"item_purchase_floors":[2,2,19,19,37,53],"current_hp_per_floor":[55,55,55,55,61,61,37,61,61,28,26,32,17,25,25,17,80,80,80,65,65,65,65,47,45,45,45,45,53,53,54,54,17,85,62,51,51,40,44,44,27,52,52,52,60,59,59,57,57,19,85,85,85,31,0,0],"gold":60,"neow_bonus":"TWO_FIFTY_GOLD","is_daily":false,"chose_seed":false,"campfire_upgraded":9,"win_rate":0.0,"timestamp":1610836293,"path_taken":["M","$","?","M","M","R","E","R","T","M","M","M","E","M","R","BOSS","M","$","?","?","?","R","E","M","T","?","R","?","R","M","R","BOSS","M","M","$","?","M","R","E","R","T","?","M","M","R","M","R","BOSS","R","$","E","BOSS"],"items_purchased_type":["Card","Relic","Card","Relic","Relic","Relic"],"build_version":"2020-12-22","purchased_purges":1,"victory":false,"max_hp_per_floor":[80,80,80,80,80,80,80,80,80,80,80,80,80,80,80,80,80,80,80,85,85,85,85,85,85,85,85,85,85,85,85,85,85,85,85,85,85,85,85,85,85,85,85,85,85,85,85,85,85,85,85,85,85,85,85,85],"card_choices":[{"not_picked":["Hemokinesis","Pummel"],"picked":"Body Slam","floor":1},{"not_picked":["Infernal Blade","Clash","Wild Strike"],"picked":"SKIP","floor":4},{"not_picked":["Pommel Strike","Whirlwind","Searing Blow"],"picked":"SKIP","floor":5},{"not_picked":["True Grit","Carnage","Clash"],"picked":"SKIP","floor":7},{"not_picked":["Dual Wield","Cleave","Headbutt"],"picked":"SKIP","floor":10},{"not_picked":["Perfected Strike","Heavy Blade","Hemokinesis"],"picked":"SKIP","floor":11},{"not_picked":["True Grit","Cleave"],"picked":"Iron Wave","floor":12},{"not_picked":["Clothesline","Headbutt"],"picked":"Juggernaut","floor":13},{"not_picked":["Wild Strike","Havoc","Clothesline"],"picked":"SKIP","floor":14},{"not_picked":["Cleave+1","Shrug It Off"],"picked":"Warcry","floor":18},{"not_picked":["Wild Strike","Demon Form"],"picked":"Warcry+1","floor":24},{"not_picked":["True Grit","Battle Trance","Clash"],"picked":"SKIP","floor":25},{"not_picked":["Anger","Heavy Blade+1","Iron Wave"],"picked":"SKIP","floor":29},{"not_picked":["Anger","Heavy Blade+1","Iron Wave"],"picked":"SKIP","floor":29},{"not_picked":["Clothesline","Rupture","Bloodletting"],"picked":"SKIP","floor":31},{"not_picked":["Iron Wave+1","Sword Boomerang"],"picked":"Metallicize+1","floor":35},{"not_picked":["Wild Strike","Rage"],"picked":"Warcry+1","floor":36},{"not_picked":["Wild Strike","Warcry"],"picked":"Intimidate+1","floor":39},{"not_picked":["Juggernaut","Anger+1"],"picked":"Shrug It Off+1","floor":41},{"not_picked":["Pummel+1","Burning Pact","Reckless Charge+1"],"picked":"SKIP","floor":45},{"not_picked":["Fire Breathing","Iron Wave","Sword Boomerang+1"],"picked":"SKIP","floor":46},{"not_picked":["Seeing Red+1","Clothesline+1","Blood for Blood"],"picked":"SKIP","floor":48},{"not_picked":["Flex+1","Wild Strike+1"],"picked":"Metallicize+1","floor":54}],"player_experience":187636,"relics_obtained":[{"floor":7,"key":"Blood Vial"},{"floor":13,"key":"Mercury Hourglass"},{"floor":24,"key":"Pocketwatch"},{"floor":26,"key":"Vajra"},{"floor":41,"key":"Happy Flower"},{"floor":43,"key":"Gambling Chip"},{"floor":54,"key":"Du-Vu Doll"}],"event_choices":[{"damage_healed":0,"gold_gain":0,"player_choice":"Ignored","damage_taken":0,"max_hp_gain":0,"max_hp_loss":0,"event_name":"Golden Wing","floor":3,"gold_loss":0},{"damage_healed":0,"gold_gain":0,"player_choice":"Shed Blood","damage_taken":20,"max_hp_gain":5,"max_hp_loss":0,"event_name":"Forgotten Altar","floor":20,"gold_loss":0},{"damage_healed":0,"gold_gain":0,"player_choice":"Ignored","damage_taken":0,"max_hp_gain":0,"max_hp_loss":0,"event_name":"Vampires","floor":22,"gold_loss":0},{"cards_removed":["Warcry"],"damage_healed":0,"gold_gain":0,"player_choice":"Gave Card","damage_taken":0,"relics_obtained":["Potion Belt"],"max_hp_gain":0,"max_hp_loss":0,"event_name":"WeMeetAgain","floor":27,"gold_loss":0},{"damage_healed":0,"gold_gain":0,"player_choice":"Embrace Madness","damage_taken":11,"max_hp_gain":0,"max_hp_loss":0,"event_name":"Winding Halls","floor":38,"gold_loss":0,"cards_obtained":["Madness","Madness"]}],"is_beta":false,"boss_relics":[{"not_picked":["beaked:SacredDeck","Runic Cube"],"picked":"Cursed Key"},{"not_picked":["Empty Cage","Velvet Choker"],"picked":"Runic Pyramid"}],"items_purged_floors":[2],"is_endless":false,"potions_floor_spawned":[1,7,11,13,18,36,46],"killed_by":"The Heart","ascension_level":2}}