{"host":"yfrzjlps46tkbs82","time":1610807879,"event":{"mods":["Aspiration","BaseMod","BetterRewards","Dota2Spire","Hubris","Lobotomy","Marisa£¨ìFÓê¡¡Ä§ÀíÉ³£©","Minty Spire (QoL Compilation)","MostiFishMod","Replay The Spire","StSLib","SuperFastMode","TestMod","[IsaacMod]ÒÔÈö¼âËþ"],"gold_per_floor":[112,124,135,151,167,192,142,142,168,188,223,223,259,259,259,356,356,375,375,391,391,419,419,447,469,469,394,423,423,423,442,442,538,538,559,959,345,399,412,438,438,467,467,487,487,487,508,540,540,554],"floor_reached":51,"language":"ZHS","playtime":1408,"items_purged":["Strike_MRS"],"score":1438,"play_id":"5edc92c3-ffa1-497e-bdef-d830190dfe08","local_time":"20210116223759","is_ascension_mode":true,"campfire_choices":[{"data":"TreasureHunter","floor":8,"key":"SMITH"},{"data":"GalacticHalo","floor":12,"key":"SMITH"},{"data":"Acceleration","floor":15,"key":"SMITH"},{"data":"Spot Weakness","floor":23,"key":"SMITH"},{"floor":29,"key":"DIG"},{"data":"MostiFishMod:SparklingWater","floor":32,"key":"SMITH"},{"floor":41,"key":"DIG"},{"floor":49,"key":"DIG"}],"circlet_count":0,"master_deck":["Strike_MRS","Strike_MRS+1","Defend_MRS","Defend_MRS","Defend_MRS","Defend_MRS","MasterSpark","UpSweep","TreasureHunter+1","GalacticHalo+1","Acceleration+1","MostiFishMod:Neptune","MostiFishMod:TheEndOfMoonlight+1","MostiFishMod:SparklingWater+1","MostiFishMod:FantasySummer","MostiFishMod:NightSea","Spot Weakness+1","MostiFishMod:JungleRules"],"relics":["MiniHakkero","testmod-TestBox","HushsDoor","UnicornStump","testmod-Mahjong","RhineFirstAidKit","SynthV:TestCard","Gremlin Food","hubris:SlimyHat","Replay:Bandana","Replay:Baseball","Dream Catcher","ReplayFunnel","aspiration:HummingbirdHeart","hubris:MysteriousPyramids","CombinedTypeHook","MoonlightInvasionPlan","PrismaticShard","Chameleon Ring","Whetstone","Shovel","hubris:PeanutButter","testmod-ArcanaOfDestiny","TheBean","Pen Nib","Lantern","testmod-Maize","RhineSuit","ChiLing","Chi","Ling","Toxic Egg 2","Centennial Puzzle","YumHeart","Replay:Bottled Flurry","HowToJump","Pet Ghost","Dota2Spire:EchoSabre","Bottled Flame","BFFS","Nunchaku","aspiration:ChemicalBlood"],"acts_visited":["Exordium","TheCity","TheBeyond"],"potions_floor_usage":[6,11,42],"damage_taken":[{"damage":0,"enemies":"2 Louse","floor":1,"turns":2},{"damage":0,"enemies":"Small Slimes","floor":2,"turns":3},{"damage":2,"enemies":"Jaw Worm","floor":3,"turns":3},{"damage":5,"enemies":"Blue Slaver","floor":4,"turns":3},{"damage":12,"enemies":"Large Slime","floor":5,"turns":6},{"damage":13,"enemies":"Replay:BlueRogue","floor":6,"turns":6},{"damage":0,"enemies":"Looter","floor":10,"turns":3},{"damage":29,"enemies":"Gremlin Nob","floor":11,"turns":4},{"damage":10,"enemies":"Lagavulin","floor":13,"turns":6},{"damage":28,"enemies":"Slime Boss","floor":16,"turns":5},{"damage":0,"enemies":"Shell Parasite","floor":18,"turns":2},{"damage":0,"enemies":"Spheric Guardian","floor":20,"turns":2},{"damage":0,"enemies":"3 Cultists","floor":22,"turns":3},{"damage":0,"enemies":"Gremlin Leader","floor":24,"turns":4},{"damage":0,"enemies":"Cultist and Chosen","floor":25,"turns":2},{"damage":5,"enemies":"Book of Stabbing","floor":28,"turns":5},{"damage":0,"enemies":"Shelled Parasite and Fungi","floor":31,"turns":1},{"damage":0,"enemies":"Collector","floor":33,"turns":4},{"damage":0,"enemies":"Orb Walker","floor":35,"turns":1},{"damage":0,"enemies":"Hiden Room Battle","floor":38,"turns":2},{"damage":0,"enemies":"3 Shapes","floor":39,"turns":1},{"damage":0,"enemies":"Giant Head","floor":40,"turns":5},{"damage":0,"enemies":"R_Hoarder","floor":42,"turns":5},{"damage":0,"enemies":"Jaw Worm Horde","floor":44,"turns":2},{"damage":0,"enemies":"Maw","floor":47,"turns":2},{"damage":0,"enemies":"Reptomancer","floor":48,"turns":3},{"damage":0,"enemies":"Donu and Deca","floor":50,"turns":3}],"seed_played":"-3679496155436918197","potions_obtained":[{"floor":2,"key":"Toxic Potion"},{"floor":4,"key":"Swift Potion"},{"floor":5,"key":"GamblersBrew"},{"floor":10,"key":"Adrenaline Potion"},{"floor":13,"key":"Toxic Potion"},{"floor":47,"key":"DistilledChaos"}],"is_trial":false,"path_per_floor":["M","M","M","M","M","E","?","R","T","M","E","R","E","T","R","B",null,"M","?","M","?","M","R","E","M","T","?","E","R","?","M","R","B",null,"M","?","$","?","M","E","R","E","T","M","?","?","M","E","R","B",null],"character_chosen":"MARISA","items_purchased":["ChiLing","Toxic Egg 2","Centennial Puzzle"],"campfire_rested":0,"item_purchase_floors":[37,37,37],"current_hp_per_floor":[54,54,52,47,75,62,62,62,62,62,33,33,75,75,75,48,68,68,60,60,60,60,60,60,60,60,60,55,55,40,40,40,40,66,66,66,66,51,51,75,75,75,75,75,71,71,71,71,71,71],"gold":554,"neow_bonus":"THREE_RARE_CARDS","is_daily":false,"chose_seed":false,"campfire_upgraded":5,"win_rate":0.0,"timestamp":1610807879,"path_taken":["M","M","M","M","M","E","?","R","T","M","E","R","E","?","R","BOSS","M","?","M","?","M","R","E","M","T","?","E","R","?","M","R","BOSS","M","?","$","?","M","E","R","E","T","M","?","?","?","E","R","BOSS"],"items_purchased_type":["Relic","Relic","Relic"],"build_version":"2020-12-22","purchased_purges":1,"victory":true,"max_hp_per_floor":[75,75,75,75,75,75,75,75,75,75,75,75,75,75,75,75,75,75,75,75,75,75,75,75,75,75,75,75,75,75,75,75,75,75,75,75,75,75,75,75,75,75,75,75,71,71,71,71,71,71],"card_choices":[{"not_picked":["CasketOfStar","CollectingQuirk"],"picked":"TreasureHunter","floor":0},{"not_picked":["SuperPerseids","IllusionStar"],"picked":"GalacticHalo","floor":1},{"not_picked":["NonDirectionalLaser","PowerUp","CasketOfStar","IllusionStar","DC"],"picked":"SKIP","floor":2},{"not_picked":["IllusionStar","UnstableBomb","GravityBeat","OrrerysSun"],"picked":"Acceleration","floor":3},{"not_picked":["ChargeUpSpray","PropBag","AsteroidBelt","RefractionSpark"],"picked":"Bomb","floor":4},{"not_picked":["AsteroidBelt","WitchLeyline","GravityBeat","LuminesStrike","MillisecondPulsars"],"picked":"SKIP","floor":5},{"not_picked":["MachineGunSpark","IllusionStar","DoubleSpark","AlicesGift","Orbital"],"picked":"SKIP","floor":6},{"not_picked":["NonDirectionalLaser","GalacticHalo","UnstableBomb","ShootingEcho"],"picked":"Bomb","floor":10},{"not_picked":["WitchOfGreed","MaximisePower","SprinkleStarSeal","Robbery","UnstableBomb"],"picked":"SKIP","floor":11},{"not_picked":["MillisecondPulsars","GasGiant","Robbery","CasketOfStar","Acceleration"],"picked":"SKIP","floor":13},{"not_picked":["UnstableBomb","LuminesStrike","MysteriousBeam","ShootingEcho","DoubleSpark+1"],"picked":"SKIP","floor":18},{"not_picked":["Feel No Pain","Horn","Power Through+1","Noise"],"picked":"Spot Weakness","floor":20},{"not_picked":["Protect","PulseMagic","Underhanded Strike","Cleave","Clothesline"],"picked":"SKIP","floor":22},{"not_picked":["Leap","EmptyMind","Cancel","Weave","TreasureHunter"],"picked":"SKIP","floor":24},{"not_picked":["True Grit","Rebound+1","MostiFishMod:Nomercy+1","ClearTheMind","SporeBomb"],"picked":"SKIP","floor":25},{"not_picked":["Replay:Battleflow","InTheNameOfLoveAndHate","Replay:Cycle","Reflex+1","Hologram"],"picked":"SKIP","floor":28},{"not_picked":["Headbutt","ReplayTheSpireMod:Private Reserves","Cold Snap","Second Wind","FollowUp+1"],"picked":"SKIP","floor":31},{"not_picked":["MostiFishMod:KnuckleDown","CasketOfStar","MostiFishMod:KamiSmash","MostiFishMod:Disappear"],"picked":"MostiFishMod:JungleRules","floor":33},{"not_picked":["Underhanded Strike+1","Blizzard","Sword Boomerang","Flying Knee+1","Noise+1"],"picked":"SKIP","floor":35},{"not_picked":["RapturousDream+1","Dash+1","CherryBlossom+1","Consecrate","GrandCross+1"],"picked":"SKIP","floor":39},{"not_picked":["True Grit+1","Hornet","Rage+1","Twin Strike","testmod-CardIndex+1"],"picked":"SKIP","floor":40},{"not_picked":["FairyDestructionRay+1","Thunderclap","Stack+1","Flex+1","BlueScar+1"],"picked":"SKIP","floor":42},{"not_picked":["Headbutt+1","MostiFishMod:PerfectParry+1","WitchOfGreed+1","WristCuter","Thunderclap"],"picked":"SKIP","floor":44},{"not_picked":["testmod-DeathImprint","Pommel Strike+1","testmod-RabbitOfFibonacci","Replay:Undeath\u0027s Touch","hubris:ReadiedAction+1"],"picked":"SKIP","floor":47},{"not_picked":["hubris:DoWhile+1","Bludgeon","Clash","MostiFishMod:PreservedThorns+1","Masterful Stab+1"],"picked":"SKIP","floor":48}],"player_experience":242256,"relics_obtained":[{"floor":1,"key":"SynthV:TestCard"},{"floor":6,"key":"Gremlin Food"},{"floor":6,"key":"hubris:SlimyHat"},{"floor":9,"key":"Replay:Bandana"},{"floor":11,"key":"Replay:Baseball"},{"floor":11,"key":"Dream Catcher"},{"floor":13,"key":"ReplayFunnel"},{"floor":13,"key":"aspiration:HummingbirdHeart"},{"floor":14,"key":"hubris:MysteriousPyramids"},{"floor":16,"key":"CombinedTypeHook"},{"floor":19,"key":"PrismaticShard"},{"floor":24,"key":"Whetstone"},{"floor":24,"key":"Shovel"},{"floor":26,"key":"hubris:PeanutButter"},{"floor":28,"key":"testmod-ArcanaOfDestiny"},{"floor":28,"key":"TheBean"},{"floor":29,"key":"Pen Nib"},{"floor":33,"key":"testmod-Maize"},{"floor":38,"key":"YumHeart"},{"floor":38,"key":"Replay:Bottled Flurry"},{"floor":40,"key":"HowToJump"},{"floor":40,"key":"Pet Ghost"},{"floor":41,"key":"Dota2Spire:EchoSabre"},{"floor":42,"key":"Bottled Flame"},{"floor":43,"key":"BFFS"},{"floor":48,"key":"Nunchaku"},{"floor":49,"key":"aspiration:ChemicalBlood"}],"event_choices":[{"cards_removed":["Strike_MRS"],"damage_healed":0,"gold_gain":0,"player_choice":"Card Removal","damage_taken":0,"max_hp_gain":0,"max_hp_loss":0,"event_name":"The Cleric","floor":7,"gold_loss":50},{"damage_healed":0,"gold_gain":0,"player_choice":"Opened","damage_taken":0,"relics_obtained":["Chameleon Ring"],"max_hp_gain":0,"max_hp_loss":0,"event_name":"The Mausoleum","floor":21,"gold_loss":0,"cards_obtained":["Writhe"]},{"cards_removed":["Writhe"],"damage_healed":0,"gold_gain":0,"player_choice":"Gave Gold","damage_taken":0,"max_hp_gain":0,"max_hp_loss":0,"event_name":"Beggar","floor":27,"gold_loss":75},{"damage_healed":0,"gold_gain":400,"player_choice":"Sell","damage_taken":0,"max_hp_gain":0,"max_hp_loss":0,"event_name":"¶÷ÂåË¹µÄÅÌ×Ó","floor":36,"relics_lost":["DaveBox"],"gold_loss":0},{"damage_healed":0,"gold_gain":0,"player_choice":"Fight","damage_taken":0,"max_hp_gain":0,"max_hp_loss":0,"event_name":"HidenRoomEvent","floor":38,"gold_loss":0},{"damage_healed":0,"gold_gain":0,"player_choice":"Max HP","damage_taken":0,"max_hp_gain":0,"max_hp_loss":4,"event_name":"Winding Halls","floor":45,"gold_loss":0}],"is_beta":false,"boss_relics":[{"not_picked":["HereWithMe","testmod-CardMagician"],"picked":"MoonlightInvasionPlan"},{"not_picked":[]},{"not_picked":["aspiration:RunicSpoon","Runic Pyramid"],"picked":"RhineSuit"},{"not_picked":[]}],"items_purged_floors":[37],"is_endless":false,"potions_floor_spawned":[2,4,5,10,13,18,24,28,33,35,39,40,47],"ascension_level":5}}