{"host":"z9grmtg2w0nmz8n1","time":1610767929,"event":{"mods":["Aspiration","BaseMod","Better Altar","Better Match","Better Note","Better Sensory Stone","Better Skull","Better Third Choice","BetterRewards","Clawfect","Colored Map","Conspire","GifTheSpireLib","Halation","Highlight Path","Hubris","Hunter ??","Jedi Mod","Minty Spire (QoL Compilation)","Permanent Neow","Replay The Spire","Shop Mod","Spicy Shops","StSLib","Stuff the Spire","The Runesmith"],"gold_per_floor":[114,124,23,23,130,130,67,67,67,93,107,134,149,163,163,268,268,279,279,299,312,212,240,240,272,295,295,295,330,330,365,365,470,470,485,485,485,485,285,316,333,352,352,364,364,395,413,427,427,427,427,427,207,233,233,233],"floor_reached":55,"language":"ENG","playtime":2873,"items_purged":["Runesmith:Strike_RS","Runesmith:Strike_RS","Runesmith:Strike_RS","Runesmith:Strike_RS"],"score":839,"play_id":"5e734770-cca1-4aa4-99e5-a45134a290ef","local_time":"20210116013209","is_ascension_mode":true,"campfire_choices":[{"floor":6,"key":"RECALL"},{"data":"Runesmith:CraftFirestone","floor":8,"key":"SMITH"},{"data":"Runesmith:Firestorm","floor":15,"key":"SMITH"},{"floor":24,"key":"REST"},{"data":"Runesmith:Firewall","floor":27,"key":"SMITH"},{"data":"Runesmith:CraftIncendium","floor":30,"key":"SMITH"},{"data":"Runesmith:Grindstone","floor":32,"key":"SMITH"},{"floor":45,"key":"REST"},{"floor":49,"key":"REST"},{"data":"Runesmith:Grindstone","floor":52,"key":"SMITH"}],"circlet_count":0,"master_deck":["Runesmith:Defend_RS","Runesmith:Defend_RS","Runesmith:Defend_RS","Runesmith:Defend_RS","Runesmith:CraftFirestone+1","Runesmith:Fortify","Runesmith:Grindstone+1","Runesmith:FissionHammer","Runesmith:HeatedChisel+1","Runesmith:HeatedChisel+1","Runesmith:CraftMagma","Runesmith:ChaoticBlast","Runesmith:CraftIncendium+1","Runesmith:Firestorm+1","Runesmith:FissionHammer","Runesmith:Grindstone+1","Runesmith:CraftMagma","Runesmith:Firestorm+1","Runesmith:Firewall+1","Runesmith:CreatorForm","Runesmith:RuneHurl","Runesmith:LithiumIon","Runesmith:Grindstone+1","Runesmith:LithiumIon+1","Runesmith:RuneHurl+1"],"relics":["Runesmith:BrokenRuby","ReplayTheSpireMod:TigerMarble","Replay:Bottled Eggs","ReplayTheSpireMod:Shallot","conspire:RunicOctahedron","halation:Trompette","StuffTheSpire:SapphireSignet","Ornamental Fan","Orichalcum","MutagenicStrength","White Beast Statue","halation:AfternoonTea","ReplayTheSpireMod:Ring of Challenge","aspiration:MobileForge","Replay:Mystery Machine","Frozen Egg 2","StuffTheSpire:GrapeVine","StuffTheSpire:Wildfire"],"acts_visited":["Exordium","TheCity","TheBeyond","TheEnding"],"potions_floor_usage":[12,18,23,25,40,50,54,55],"damage_taken":[{"damage":6,"enemies":"Jaw Worm","floor":1,"turns":4},{"damage":2,"enemies":"Small Slimes","floor":2,"turns":4},{"damage":1,"enemies":"Gremlin Nob","floor":10,"turns":3},{"damage":0,"enemies":"Cultist","floor":11,"turns":3},{"damage":12,"enemies":"3 Sentries","floor":12,"turns":3},{"damage":1,"enemies":"3 Louse","floor":13,"turns":2},{"damage":0,"enemies":"Red Slaver","floor":14,"turns":3},{"damage":12,"enemies":"The Guardian","floor":16,"turns":8},{"damage":0,"enemies":"3 Byrds","floor":18,"turns":4},{"damage":22,"enemies":"Spheric Guardian","floor":20,"turns":4},{"damage":1,"enemies":"Snecko","floor":21,"turns":4},{"damage":32,"enemies":"Slavers","floor":23,"turns":5},{"damage":0,"enemies":"Book of Stabbing","floor":25,"turns":4},{"damage":0,"enemies":"Gremlin Leader","floor":29,"turns":6},{"damage":6,"enemies":"Book of Stabbing","floor":31,"turns":6},{"damage":0,"enemies":"Champ","floor":33,"turns":10},{"damage":33,"enemies":"3 Shapes","floor":35,"turns":4},{"damage":0,"enemies":"Nemesis","floor":40,"turns":7},{"damage":0,"enemies":"Orb Walker","floor":41,"turns":2},{"damage":9,"enemies":"Sphere and 2 Shapes","floor":42,"turns":4},{"damage":2,"enemies":"Spire Growth","floor":44,"turns":4},{"damage":0,"enemies":"Giant Head","floor":46,"turns":6},{"damage":14,"enemies":"Jaw Worm Horde","floor":47,"turns":4},{"damage":22,"enemies":"Transient","floor":48,"turns":5},{"damage":26,"enemies":"Replay:Hell Engine","floor":50,"turns":10},{"damage":43,"enemies":"Shield and Spear","floor":54,"turns":6},{"damage":45,"enemies":"The Heart","floor":55,"turns":2}],"seed_played":"-3206119998052654149","potions_obtained":[{"floor":1,"key":"EssenceOfSteel"},{"floor":10,"key":"jedi:StrikingPotion"},{"floor":14,"key":"Regen Potion"},{"floor":20,"key":"conspire:TimeTravelPotion"},{"floor":23,"key":"Adrenaline Potion"},{"floor":31,"key":"Weak Potion"},{"floor":33,"key":"jedi:hoardpotion"},{"floor":35,"key":"Dexterity Potion"},{"floor":40,"key":"SteroidPotion"},{"floor":44,"key":"BlessingOfTheForge"},{"floor":54,"key":"Strength Potion"}],"is_trial":false,"path_per_floor":["M","M","$","?","?","R","$","R","T","E","M","E","M","M","R","B",null,"M","?","M","M","$","E","R","E","T","R","?","E","R","E","R","B",null,"M","?","?","?","$","E","M","M","T","M","R","E","M","M","R","B",null,"R","$","E","B"],"character_chosen":"RUNESMITH_CLASS","items_purchased":["Runesmith:HeatedChisel","Runesmith:CraftMagma","Runesmith:LithiumIon","Runesmith:LithiumIon+1"],"campfire_rested":3,"item_purchase_floors":[3,7,39,53],"current_hp_per_floor":[64,62,62,69,52,52,52,52,52,51,51,39,38,38,38,26,70,70,70,48,47,47,35,56,56,56,56,56,56,56,50,50,54,70,38,38,38,38,38,38,38,31,31,29,45,54,40,18,34,23,54,54,54,11,0,0],"gold":233,"neow_bonus":"RANDOM_COMMON_RELIC","is_daily":false,"chose_seed":false,"campfire_upgraded":6,"win_rate":0.0,"timestamp":1610767929,"path_taken":["M","M","$","?","?","R","$","R","T","E","?","E","M","M","R","BOSS","M","?","?","M","$","E","R","E","T","R","?","E","R","E","R","BOSS","M","?","?","?","$","E","M","M","T","M","R","E","M","M","R","BOSS","R","$","E","BOSS"],"items_purchased_type":["Card","Card","Card","Card"],"build_version":"2020-12-22","purchased_purges":4,"victory":false,"max_hp_per_floor":[70,70,70,70,70,70,70,70,70,70,70,70,70,70,70,70,70,70,70,70,70,70,70,70,70,70,70,70,70,70,70,70,70,70,71,71,71,54,54,54,54,54,54,54,54,54,54,54,54,54,54,54,54,54,54,54],"card_choices":[{"not_picked":["Runesmith:FrozenChisel","Runesmith:Overpower"],"picked":"Runesmith:Grindstone","floor":1},{"not_picked":["Runesmith:BackupBattery","Runesmith:Repurpose"],"picked":"Runesmith:FissionHammer","floor":2},{"not_picked":["Runesmith:OneForEveryone","Runesmith:HeatExchange"],"picked":"Runesmith:HeatedChisel","floor":5},{"not_picked":["Runesmith:NegativeSpace","Runesmith:RunicBlueprint","Runesmith:Discharge"],"picked":"SKIP","floor":10},{"not_picked":["Runesmith:MakeshiftArmor","Runesmith:Overpower","Runesmith:EnergizedChisel"],"picked":"SKIP","floor":11},{"not_picked":["Runesmith:StaticCage","Runesmith:Grindstone"],"picked":"Runesmith:ChaoticBlast","floor":12},{"not_picked":["Runesmith:Overpower","Runesmith:WhiteBalance"],"picked":"Runesmith:CraftIncendium","floor":13},{"not_picked":["Runesmith:BackupBattery","Runesmith:StaticCage"],"picked":"Runesmith:Firestorm","floor":14},{"not_picked":["Runesmith:CraftMedicinae","Runesmith:MetallurgicalResearch"],"picked":"Runesmith:FissionHammer","floor":16},{"not_picked":["Runesmith:CraftProtectio","Runesmith:UnstableHammer"],"picked":"Runesmith:Grindstone","floor":18},{"not_picked":["Runesmith:Electrocute","Runesmith:Permafrost"],"picked":"Runesmith:CraftMagma","floor":20},{"not_picked":["Runesmith:HeatedChisel","Runesmith:Repurpose","Runesmith:HeatExchange"],"picked":"SKIP","floor":21},{"not_picked":["Runesmith:StaticCage+1","Runesmith:Augment"],"picked":"Runesmith:Firestorm+1","floor":23},{"not_picked":["Runesmith:EarthShield","Runesmith:Discharge"],"picked":"Runesmith:Firewall","floor":25},{"not_picked":["Runesmith:Retool","Runesmith:HeatedChisel+1","Runesmith:NanitesCloud+1"],"picked":"SKIP","floor":29},{"not_picked":["Runesmith:HammerAndChisel","Runesmith:Duplicate","Runesmith:BackupBattery"],"picked":"SKIP","floor":31},{"not_picked":["Runesmith:UnlimitedPower","Runesmith:CraftMedicinae"],"picked":"Runesmith:CreatorForm","floor":33},{"not_picked":["Runesmith:ChargedHammer","Runesmith:BackupBattery","Runesmith:HeatedChisel+1"],"picked":"SKIP","floor":35},{"not_picked":["Runesmith:MakeshiftArmor+1","Runesmith:BackupBattery","Runesmith:PerfectChisel+1"],"picked":"SKIP","floor":40},{"not_picked":["Runesmith:UnstableHammer+1","Runesmith:FieryHammer","Runesmith:CraftIncendium"],"picked":"SKIP","floor":41},{"not_picked":["Runesmith:BackupBattery+1","Runesmith:HammerAndChisel+1","Runesmith:UnstableHammer+1"],"picked":"SKIP","floor":42},{"not_picked":["Runesmith:CraftMagma+1","Runesmith:FieryHammer+1","Runesmith:Firestorm+1"],"picked":"SKIP","floor":44},{"not_picked":["Runesmith:BackupBattery","Runesmith:Prism+1","Runesmith:FieryHammer+1"],"picked":"SKIP","floor":46},{"not_picked":["Runesmith:HammerTime+1","Runesmith:HammerThrow"],"picked":"Runesmith:Grindstone+1","floor":47},{"not_picked":["Runesmith:Prism","Runesmith:FissionHammer","Runesmith:EnergizedChisel+1"],"picked":"SKIP","floor":48},{"not_picked":["Runesmith:ReplicatingBarrier+1","Runesmith:EnergizedChisel+1"],"picked":"Runesmith:RuneHurl+1","floor":54}],"player_experience":824300,"relics_obtained":[{"floor":10,"key":"Replay:Bottled Eggs"},{"floor":12,"key":"ReplayTheSpireMod:Shallot"},{"floor":23,"key":"StuffTheSpire:SapphireSignet"},{"floor":25,"key":"Ornamental Fan"},{"floor":26,"key":"Orichalcum"},{"floor":29,"key":"White Beast Statue"},{"floor":31,"key":"halation:AfternoonTea"},{"floor":37,"key":"ReplayTheSpireMod:Ring of Challenge"},{"floor":40,"key":"Replay:Mystery Machine"},{"floor":43,"key":"Frozen Egg 2"},{"floor":46,"key":"StuffTheSpire:GrapeVine"},{"floor":54,"key":"StuffTheSpire:Wildfire"}],"event_choices":[{"damage_healed":0,"gold_gain":0,"player_choice":"Gave Potion","damage_taken":0,"relics_obtained":["halation:Trompette"],"max_hp_gain":0,"max_hp_loss":0,"event_name":"WeMeetAgain","floor":19,"gold_loss":0},{"damage_healed":0,"gold_gain":0,"player_choice":"Inject Mutagens","damage_taken":0,"relics_obtained":["MutagenicStrength"],"max_hp_gain":0,"max_hp_loss":0,"event_name":"Drug Dealer","floor":28,"gold_loss":0}],"is_beta":false,"boss_relics":[{"not_picked":["halation:ForbiddenBikini","Runesmith:UraniumAnvil"],"picked":"conspire:RunicOctahedron"},{"not_picked":["StuffTheSpire:ModemDavis","Ring of Chaos","aspiration:PoetsPen_weak"]}],"items_purged_floors":[3,22,39,53],"is_endless":false,"potions_floor_spawned":[1,10,14,20,23,31,33,35,40,41,42,44,46,47,48,54],"killed_by":"The Heart","ascension_level":2}}