{"host":"pno9h1fupbyz205f","time":1610758512,"event":{"mods":["Aspiration","BaseMod","Better Altar","Better Match","Better Note","Better Sensory Stone","Better Skull","Better Third Choice","Colored Map","Colored Powertips","Hubris","Infinite Spire","Jedi Mod","Mad Scientist","Marisa????????","Minty Spire (QoL Compilation)","Permanent Neow","Potionbrewer","Replay The Spire","Shop Mod","Spicy Shops","StSLib","Td1madao Mod","The Blackbeard","The Gatherer","The Hierophant","The Poker Player","The Runesmith","The Servant 0.9.4","The Vixen","thorton","vexMod"],"gold_per_floor":[117,117,117,117,130,130,163,163,163,178,22,39,55,70,70,172,588,588,588,588,588,588,588,588,588,588,588,41,41,41,41,41,41,41,41,41,41,41,41,41,41,41,41,41,41,41,41,41,41,41,41],"floor_reached":50,"language":"ENG","playtime":1844,"items_purged":["hubris:Disease","Defend_R","Defend_R","jedi:fear"],"score":448,"play_id":"67c99095-ab27-4137-849a-94ce6ef9fa9c","local_time":"20210115165512","is_ascension_mode":false,"campfire_choices":[{"data":"Inflame","floor":6,"key":"SMITH"},{"data":"Heavy Blade","floor":8,"key":"SMITH"},{"data":"Armaments","floor":15,"key":"SMITH"},{"data":"jedi:controlledanger","floor":23,"key":"SMITH"},{"data":"After Image","floor":32,"key":"SMITH"},{"data":"EnergyFlow","floor":41,"key":"SMITH"},{"data":"infinitespire:Collect","floor":44,"key":"SMITH"},{"data":"jedi:fear","floor":49,"key":"SMITH"}],"circlet_count":0,"master_deck":["Strike_R","Strike_R","Strike_R","Strike_R","Strike_R","Defend_R","Defend_R","Bash","Inflame+1","Cleave","Heavy Blade+1","jedi:controlledanger+1","Replay:Undeath\u0027s Touch","Armaments+1","Spot Weakness","Reaper+1","Iron Wave","After Image+1","Iron Wave","J.A.X.","Pommel Strike+1","EnergyFlow+1","jedi:fear+1","jedi:fear+1","hubris:Fate","Double Tap+1","infinitespire:Collect+1","Madness","Madness","Wraith"],"relics":["Burning Blood","Ring of Searing","ReplayTheSpireMod:Ring of Exchange","The Courier","Onion Ring","hubris:PeanutButter","Strawberry","jedi:ominousloannote","MerchantsRug","jedi:heavyjacket","Red Skull","aspiration:Nostalgia","Apod","Replay:Rubber Ducky","infinitespire:CheckeredPen","Guide Book","Pen Nib"],"acts_visited":["Exordium","TheCity","TheBeyond"],"potions_floor_usage":[7,13,19,24,30,30,33,37,50],"damage_taken":[{"damage":11,"enemies":"Jaw Worm","floor":1,"turns":5},{"damage":22,"enemies":"Small Slimes","floor":5,"turns":4},{"damage":15,"enemies":"3 Sentries","floor":7,"turns":4},{"damage":0,"enemies":"Cultist","floor":10,"turns":2},{"damage":0,"enemies":"Exordium Thugs","floor":12,"turns":3},{"damage":4,"enemies":"Blue Slaver","floor":13,"turns":2},{"damage":7,"enemies":"Exordium Wildlife","floor":14,"turns":2},{"damage":32,"enemies":"Fading Forest","floor":16,"turns":11},{"damage":27,"enemies":"3 Byrds","floor":18,"turns":4},{"damage":7,"enemies":"Spheric Guardian","floor":19,"turns":3},{"damage":4,"enemies":"Centurion and Healer","floor":21,"turns":6},{"damage":36,"enemies":"Shelled Parasite and Fungi","floor":24,"turns":5},{"damage":29,"enemies":"Cultist and Chosen","floor":27,"turns":6},{"damage":23,"enemies":"Centurion and Healer","floor":29,"turns":6},{"damage":11,"enemies":"Nightmare","floor":30,"turns":6},{"damage":0,"enemies":"Shelled Parasite and Fungi","floor":31,"turns":2},{"damage":22,"enemies":"Collector","floor":33,"turns":5},{"damage":39,"enemies":"3 Shapes","floor":35,"turns":5},{"damage":3,"enemies":"Orb Walker","floor":36,"turns":3},{"damage":25,"enemies":"Maw","floor":37,"turns":6},{"damage":11,"enemies":"Spire Growth","floor":38,"turns":4},{"damage":3,"enemies":"R_Hoarder","floor":40,"turns":7},{"damage":0,"enemies":"4 Shapes","floor":47,"turns":2},{"damage":0,"enemies":"Jaw Worm Horde","floor":48,"turns":5},{"damage":76,"enemies":"hubris:GrandSnecko","floor":50,"turns":7}],"seed_played":"2708722671252011517","potions_obtained":[{"floor":5,"key":"ColorlessPotion"},{"floor":10,"key":"jedi:mysterypotion"},{"floor":13,"key":"ElixirPotion"},{"floor":16,"key":"FearPotion"},{"floor":27,"key":"potionbrewer:CleansingPotion"},{"floor":29,"key":"Energy Potion"},{"floor":31,"key":"Block Potion"},{"floor":36,"key":"FearPotion"},{"floor":47,"key":"potionbrewer:AcidPotion"},{"floor":48,"key":"BlessingOfTheForge"}],"is_trial":false,"path_per_floor":["M","?","?","?","M","R","E","R","T","M","$","M","M","M","R","B",null,"M","M","?","M","?","R","M","?","T","M","$","M","NM","M","R","B",null,"M","M","M","M","$","E","R","AVR","T","R","?","?","M","M","R","B"],"character_chosen":"IRONCLAD","items_purchased":["Strawberry","Replay:Undeath\u0027s Touch","MerchantsRug","jedi:heavyjacket","jedi:fear"],"campfire_rested":0,"item_purchase_floors":[11,11,28,28,28],"current_hp_per_floor":[75,75,75,75,59,59,50,50,50,56,63,69,71,70,70,66,87,66,65,65,75,75,75,45,45,45,47,47,46,41,47,47,31,87,54,57,38,33,33,49,49,49,49,49,38,38,44,65,65,0,0],"gold":41,"neow_bonus":"ONE_RANDOM_RARE_CARD","is_daily":false,"chose_seed":false,"campfire_upgraded":8,"win_rate":0.0,"timestamp":1610758512,"path_taken":["M","?","?","?","M","R","E","R","T","M","$","M","M","?","R","BOSS","M","M","?","?","?","R","?","?","T","M","$","M","NM","M","R","BOSS","M","M","?","M","?","E","R","AVR","T","R","?","?","M","M","R","BOSS"],"items_purchased_type":["Relic","Card","Relic","Relic","Card"],"build_version":"2020-12-22","purchased_purges":4,"victory":false,"max_hp_per_floor":[80,80,80,80,80,80,80,80,80,80,87,87,87,87,87,87,87,87,87,87,87,87,87,87,87,87,87,87,87,87,87,87,87,87,87,87,87,87,87,87,87,87,87,87,87,87,87,87,87,87,87],"card_choices":[{"not_picked":["ReplayReversal","Iron Wave"],"picked":"Inflame","floor":1},{"not_picked":["Flex","Sword Boomerang"],"picked":"Cleave","floor":5},{"not_picked":["Feel No Pain","True Grit"],"picked":"Heavy Blade","floor":7},{"not_picked":["hubris:ReadiedAction","Cleave"],"picked":"jedi:controlledanger","floor":10},{"not_picked":["Headbutt","Warcry"],"picked":"Armaments","floor":12},{"not_picked":["Havoc","Feel No Pain"],"picked":"Spot Weakness","floor":13},{"not_picked":["Armaments","True Grit","Fiend Fire"],"picked":"SKIP","floor":14},{"not_picked":["jedi:bloodyhammer","jedi:strikingstrike"],"picked":"Reaper","floor":16},{"not_picked":["Rampage","Second Wind","Dual Wield"],"picked":"SKIP","floor":18},{"not_picked":["Replay:Undeath\u0027s Touch","Shrug It Off"],"picked":"Iron Wave","floor":19},{"not_picked":["Shockwave","Entrench"],"picked":"Iron Wave","floor":21},{"not_picked":["hubris:ReadiedAction","Blood for Blood"],"picked":"Pommel Strike+1","floor":24},{"not_picked":["Replay:Undeath\u0027s Touch","Uppercut"],"picked":"jedi:fear","floor":27},{"not_picked":["Dropkick","Burning Pact"],"picked":"jedi:fear+1","floor":29},{"not_picked":["infinitespire:TheBestDefense","ReplayTheSpireMod:Black Plague"],"picked":"hubris:Fate","floor":30},{"not_picked":["Flex","Immolate","Fire Breathing"],"picked":"SKIP","floor":30},{"not_picked":["Flex","Immolate","Fire Breathing"],"picked":"SKIP","floor":30},{"not_picked":["Twin Strike","Body Slam","Anger"],"picked":"SKIP","floor":31},{"not_picked":["Exhume","Fiend Fire"],"picked":"Double Tap","floor":33},{"not_picked":["Cleave","ReplayReversal","Body Slam"],"picked":"SKIP","floor":35},{"not_picked":["True Grit+1","Burning Pact","jedi:controlledanger+1"],"picked":"SKIP","floor":36},{"not_picked":["Disarm","Heavy Blade","jedi:unlimitedpower"],"picked":"SKIP","floor":37},{"not_picked":["Bloodletting+1","Heavy Blade+1","True Grit"],"picked":"SKIP","floor":38},{"not_picked":["Dropkick","Heavy Blade+1","Sentinel+1"],"picked":"SKIP","floor":40},{"not_picked":["Seeing Red","Clothesline","Whirlwind"],"picked":"SKIP","floor":47},{"not_picked":["Entrench","hubris:ReadiedAction+1","Cleave+1"],"picked":"SKIP","floor":48}],"player_experience":178814,"relics_obtained":[{"floor":3,"key":"Ring of Searing"},{"floor":3,"key":"ReplayTheSpireMod:Ring of Exchange"},{"floor":7,"key":"Onion Ring"},{"floor":9,"key":"hubris:PeanutButter"},{"floor":26,"key":"Darkstone Periapt"},{"floor":30,"key":"Red Skull"},{"floor":40,"key":"Replay:Rubber Ducky"},{"floor":43,"key":"Pen Nib"}],"event_choices":[{"damage_healed":0,"gold_gain":0,"player_choice":"Grow","damage_taken":0,"max_hp_gain":0,"max_hp_loss":0,"event_name":"Living Wall","floor":2,"gold_loss":0,"cards_upgraded":["hubris:StunningStrike"]},{"cards_removed":["hubris:StunningStrike"],"damage_healed":0,"gold_gain":0,"player_choice":"Gave Card","damage_taken":0,"relics_obtained":["The Courier"],"max_hp_gain":0,"max_hp_loss":0,"event_name":"WeMeetAgain","floor":4,"gold_loss":0},{"cards_removed":["Inflame"],"damage_healed":0,"gold_gain":0,"player_choice":"Take \u0026 Give","damage_taken":0,"max_hp_gain":0,"max_hp_loss":0,"event_name":"betterNote:BetterNote","floor":20,"gold_loss":0,"cards_obtained":["After Image"]},{"damage_healed":0,"gold_gain":0,"player_choice":"Obtain J.A.X.","damage_taken":0,"max_hp_gain":0,"max_hp_loss":0,"event_name":"Drug Dealer","floor":22,"gold_loss":0,"cards_obtained":["J.A.X."]},{"damage_healed":0,"gold_gain":0,"player_choice":"Read","damage_taken":0,"max_hp_gain":0,"max_hp_loss":0,"event_name":"The Library","floor":25,"gold_loss":0,"cards_obtained":["EnergyFlow"]},{"damage_healed":0,"gold_gain":0,"player_choice":"Embrace Madness","damage_taken":11,"max_hp_gain":0,"max_hp_loss":0,"event_name":"Winding Halls","floor":45,"gold_loss":0,"cards_obtained":["Madness","Madness"]},{"damage_healed":0,"gold_gain":0,"player_choice":"Ignored","damage_taken":0,"max_hp_gain":0,"max_hp_loss":0,"event_name":"OrinTheCat","floor":46,"gold_loss":0}],"is_beta":false,"boss_relics":[{"not_picked":["Abe\u0027s Treasure","Cauldron"],"picked":"jedi:ominousloannote"},{"not_picked":["potionbrewer:BoosterPack","Lee\u0027s Waffle"],"picked":"aspiration:Nostalgia"}],"items_purged_floors":[11,28,28,42],"is_endless":true,"potions_floor_spawned":[5,10,13,16,27,29,31,36,47,48],"killed_by":"hubris:GrandSnecko","ascension_level":0}}