{"host":"xs2umar4czbsv0xl","time":1610769191,"event":{"mods":["AchievementEnabler","Act Like it!","BaseMod","Gensokyo","Marisa????????","Minty Spire (QoL Compilation)","Reimu??????","Remilia??????","Replay The Spire","StSLib","The Hierophant","The Wild Card"],"gold_per_floor":[112,128,128,143,73,106,106,106,106],"floor_reached":8,"language":"ENG","playtime":808,"items_purged":[],"score":61,"play_id":"669b50a1-b494-4ee1-8eb5-2c97601bf75a","local_time":"20210115215311","is_ascension_mode":true,"campfire_choices":[{"floor":7,"key":"REST"}],"circlet_count":0,"master_deck":["Strike_G+1","Strike_G","Strike_G","Strike_G","Strike_G","Defend_G","Defend_G","Defend_G","Defend_G+1","Defend_G","Survivor","Neutralize","Leg Sweep","Blade Dance","Injury","ReplayTheSpireMod:Scrap Shanks","Dagger Spray"],"relics":["Ring of the Snake","Replay:Wax Seal","Blood Vial","Pet Ghost"],"acts_visited":["Gensokyo:Gensokyo"],"potions_floor_usage":[6,6,8],"damage_taken":[{"damage":0.0,"enemies":"Gensokyo:3_Fairies","floor":1.0,"turns":5.0},{"damage":5.0,"enemies":"Gensokyo:Python","floor":2.0,"turns":5.0},{"damage":5.0,"enemies":"Gensokyo:2_Kodama","floor":4.0,"turns":3.0},{"damage":19,"enemies":"Gensokyo:Cirno","floor":6,"turns":6},{"damage":26,"enemies":"Gensokyo:Aya","floor":8,"turns":9}],"seed_played":"5224556947827736653","potions_obtained":[{"floor":1.0,"key":"Languid Potion"},{"floor":2.0,"key":"ColorlessPotion"},{"floor":6,"key":"LifebloodPotion"}],"is_trial":false,"path_per_floor":["M","M","?","M","?","E","R","E"],"character_chosen":"THE_SILENT","items_purchased":[],"campfire_rested":1,"item_purchase_floors":[],"current_hp_per_floor":[70,65,65,62,62,45,66,42,42],"gold":106,"neow_bonus":"RANDOM_COMMON_RELIC","is_daily":false,"chose_seed":false,"campfire_upgraded":0,"win_rate":0.0,"timestamp":1610769191,"path_taken":["M","M","?","?","?","E","R","E"],"items_purchased_type":[],"build_version":"2020-12-22","purchased_purges":0,"victory":false,"max_hp_per_floor":[70,70,70,70,70,70,70,70,70],"card_choices":[{"not_picked":["ReplayTheSpireMod:Exploit Weakness","Sneak Up"],"picked":"Leg Sweep","floor":1.0},{"not_picked":["Acrobatics","Bane"],"picked":"Blade Dance","floor":2.0},{"not_picked":["PiercingWail","ReplayTheSpireMod:Shiv Toss"],"picked":"ReplayTheSpireMod:Scrap Shanks","floor":4},{"not_picked":["Prepared","Deadly Poison"],"picked":"Dagger Spray","floor":6}],"player_experience":182932,"relics_obtained":[{"floor":6,"key":"Pet Ghost"}],"event_choices":[],"is_beta":false,"boss_relics":[],"items_purged_floors":[],"is_endless":false,"potions_floor_spawned":[1,2,6],"killed_by":"Gensokyo:Aya","ascension_level":2}}