{"host":"t6r1isv2bex5ovch","time":1610821244,"event":{"mods":["AchievementEnabler","Act Like it!","Aspiration","BaseMod","Better Altar","Better Match","Better Note","Better Sensory Stone","Better Skull","Better Third Choice","Better Vampires","Colored Powertips","Displayed Cursed Tome","Downfall","Energized Spire","Evolution","Fox Events","Hubris","Minty Spire (QoL Compilation)","StSLib","The Disciple","The Jungle","The Runesmith"],"gold_per_floor":[99,117,170,181,181,46,146,166,193,211,225,25,10,10,24,121,221,121,137,154,154,39,55,155,190,190,222,37,54,54,83,100,100,100,100],"floor_reached":33,"language":"ENG","playtime":3033,"items_purged":["Slimebound:Defend_Slimebound","Slimebound:Defend_Slimebound","Slimebound:Defend_Slimebound"],"score":374,"play_id":"638ac7cb-cbca-4bf9-a00e-54c3966b2a69","local_time":"20210117042044","is_ascension_mode":true,"campfire_choices":[{"floor":1,"key":"RECALL"},{"data":"Slimebound:GoopSpray","floor":12,"key":"SMITH"},{"data":"Slimebound:HauntingLick","floor":18,"key":"SMITH"},{"data":"Slimebound:SamplingLick","floor":26,"key":"SMITH"},{"data":"Slimebound:MassFeed","floor":30,"key":"SMITH"}],"circlet_count":0,"master_deck":["Slimebound:Strike_Slimebound","Slimebound:Strike_Slimebound","Slimebound:Strike_Slimebound","Slimebound:Tackle+1","Slimebound:Split+1","Slimebound:CorrosiveSpit","Slimebound:Schlurp","Slimebound:SplitBruiser","Slimebound:GrowthPunch","Slimebound:GoopSpray+1","Slimebound:GrowthPunch","Slimebound:Schlurp","Slimebound:HauntingLick+1","Slimebound:SamplingLick+1","Slimebound:MassFeed+1","Slimebound:Schlurp+1","Slimebound:SplitAcid+1","Slimebound:SamplingLick+1"],"relics":["Slimebound:AbsorbEndCombat","EVO:Axolotl","foxEvents:LuckyCharm","Matryoshka","downfall:HeartBlessingGreen","downfall:HeartBlessingRed","hubris:Towel","energizedSpire:SpiderWeb","downfall:HeartBlessingBlue","Toxic Egg 2","Centennial Puzzle","Unceasing Top","Art of War","WingedGreaves"],"acts_visited":["Exordium","TheCity"],"potions_floor_usage":[3,5,9,9,19,25,28,28,33],"damage_taken":[{"damage":2,"enemies":"2 Louse","floor":2,"turns":3},{"damage":10,"enemies":"Colosseum Slavers","floor":3,"turns":5},{"damage":0,"enemies":"Cultist","floor":4,"turns":3},{"damage":10,"enemies":"downfall:FleeingMerchant","floor":6,"turns":4},{"damage":0,"enemies":"Jaw Worm","floor":8,"turns":3},{"damage":0,"enemies":"Lagavulin","floor":9,"turns":5},{"damage":0,"enemies":"3 Louse","floor":10,"turns":4},{"damage":4,"enemies":"Exordium Thugs","floor":11,"turns":3},{"damage":4,"enemies":"downfall:FleeingMerchant","floor":13,"turns":4},{"damage":3,"enemies":"2 Fungi Beasts","floor":15,"turns":3},{"damage":12,"enemies":"SI_SHIV_ARCHETYPE","floor":16,"turns":7},{"damage":9,"enemies":"Spheric Guardian","floor":19,"turns":4},{"damage":15,"enemies":"3 Byrds","floor":20,"turns":5},{"damage":8,"enemies":"downfall:FleeingMerchant","floor":22,"turns":4},{"damage":6,"enemies":"Centurion and Healer","floor":23,"turns":4},{"damage":29,"enemies":"Gremlin Leader","floor":25,"turns":5},{"damage":6,"enemies":"Book of Stabbing","floor":27,"turns":4},{"damage":0,"enemies":"downfall:FleeingMerchant","floor":28,"turns":4},{"damage":21,"enemies":"Snake Plant","floor":29,"turns":3},{"damage":19,"enemies":"Gremlin Leader","floor":31,"turns":5},{"damage":10,"enemies":"Shelled Parasite and Fungi","floor":32,"turns":4},{"damage":5,"enemies":"IC_MUSHROOM_ARCHETYPE","floor":33,"turns":1}],"seed_played":"1622337943084755447","potions_obtained":[{"floor":2,"key":"BlessingOfTheForge"},{"floor":5,"key":"Fruit Juice"},{"floor":5,"key":"SpeedPotion"},{"floor":5,"key":"FairyPotion"},{"floor":8,"key":"Regen Potion"},{"floor":10,"key":"SneckoOil"},{"floor":16,"key":"AttackPotion"},{"floor":23,"key":"ColorlessPotion"},{"floor":27,"key":"SpeedPotion"},{"floor":31,"key":"LiquidBronze"}],"is_trial":false,"path_per_floor":["R","M","?","M","?","$","T","M","E","M","M","R","$","?","M","B",null,"R","M","M","?","$","M","T","E","R","E","$","M","R","E","M","B"],"character_chosen":"SLIMEBOUND","items_purchased":["Slimebound:GoopSpray","Slimebound:SamplingLick+1"],"campfire_rested":0,"item_purchase_floors":[6,28],"current_hp_per_floor":[65,65,58,60,65,58,58,60,70,70,68,68,68,68,68,62,70,80,71,58,50,43,43,43,18,18,17,19,26,26,12,5,0,0,0],"gold":100,"neow_bonus":"UPGRADE_CARD","is_daily":false,"chose_seed":false,"campfire_upgraded":4,"win_rate":0.0,"timestamp":1610821244,"path_taken":["R","M","?","M","?","$","T","?","E","M","M","R","$","?","M","BOSS","R","M","M","?","?","M","T","E","R","E","$","M","R","E","M","BOSS"],"items_purchased_type":["Card","Card"],"build_version":"2020-12-22","purchased_purges":3,"victory":false,"max_hp_per_floor":[65,65,65,65,70,70,70,70,70,70,70,70,70,70,70,70,70,80,80,80,80,80,83,83,83,83,86,86,86,86,86,86,86,86,86],"card_choices":[{"not_picked":["Slimebound:LeadByExample","Slimebound:SplitBruiser"],"picked":"Slimebound:Schlurp","floor":2},{"not_picked":["Slimebound:GoopTackle","Slimebound:SplitAcid"],"picked":"Slimebound:SplitBruiser","floor":3},{"not_picked":["Slimebound:ComboTackle","Slimebound:Replication"],"picked":"Slimebound:GrowthPunch","floor":4},{"not_picked":["Slimebound:ForwardTackle","Slimebound:LeadByExample","Slimebound:DuplicatedForm"],"picked":"SKIP","floor":6},{"not_picked":["Slimebound:LeechEnergy","Slimebound:LevelUp"],"picked":"Slimebound:GrowthPunch","floor":8},{"not_picked":["Slimebound:LeechLife","Slimebound:LivingWall"],"picked":"Slimebound:Schlurp","floor":9},{"not_picked":["Slimebound:GoopTackle","Slimebound:PressTheAttack","Slimebound:SplitAcid"],"picked":"SKIP","floor":10},{"not_picked":["Slimebound:ItLooksTasty","Slimebound:SplitMire","Slimebound:Prepare"],"picked":"SKIP","floor":11},{"not_picked":["Slimebound:Prepare","Slimebound:SplitLeeching"],"picked":"Slimebound:HauntingLick","floor":13},{"not_picked":["Slimebound:ForwardTackle","Slimebound:SlimeSpikes"],"picked":"Slimebound:SamplingLick","floor":15},{"not_picked":["Slimebound:PrepareCrush","Slimebound:Teamwork"],"picked":"Slimebound:MassFeed","floor":16},{"not_picked":["Slimebound:Prepare","Slimebound:Repurpose"],"picked":"Slimebound:Schlurp+1","floor":19},{"not_picked":["Slimebound:MinionMaster","Slimebound:Prepare","Slimebound:SplitMire"],"picked":"SKIP","floor":20},{"not_picked":["Slimebound:Dissolve","Slimebound:SlimeBrawl","Slimebound:FinishingTackle"],"picked":"SKIP","floor":22},{"not_picked":["Slimebound:Gluttony","Slimebound:SlimeBrawl","Slimebound:AcidTongue"],"picked":"SKIP","floor":23},{"not_picked":["Slimebound:Prepare+1","Slimebound:ForwardTackle"],"picked":"Slimebound:SplitAcid+1","floor":25},{"not_picked":["Slimebound:LeechEnergy","Slimebound:DisruptingSlam+1","Slimebound:GoopTackle"],"picked":"SKIP","floor":27},{"not_picked":["Slimebound:LeechingTouch","Slimebound:SpikyOuterGoop","Slimebound:GoopTackle"],"picked":"SKIP","floor":28},{"not_picked":["Slimebound:SplitLeeching+1","Slimebound:RollThrough+1","Slimebound:PressTheAttack"],"picked":"SKIP","floor":29},{"not_picked":["Slimebound:SlimeTap+1","Slimebound:WasteNot+1","Slimebound:ComboTackle"],"picked":"SKIP","floor":31},{"not_picked":["Slimebound:PressTheAttack","Slimebound:SlimeSpikes+1","Slimebound:Dissolve+1"],"picked":"SKIP","floor":32}],"player_experience":368620,"relics_obtained":[{"floor":3,"key":"foxEvents:LuckyCharm"},{"floor":9,"key":"Matryoshka"},{"floor":24,"key":"Toxic Egg 2"},{"floor":24,"key":"Centennial Puzzle"},{"floor":25,"key":"Unceasing Top"},{"floor":27,"key":"Art of War"},{"floor":31,"key":"WingedGreaves"}],"event_choices":[{"damage_healed":0,"gold_gain":0,"player_choice":"Got Potions","damage_taken":0,"max_hp_gain":0,"max_hp_loss":0,"event_name":"Lab","floor":5,"gold_loss":0}],"is_beta":false,"boss_relics":[{"not_picked":["energizedSpire:MagnifyingGlass","hubris:CrackedHourglass"],"picked":"energizedSpire:SpiderWeb"}],"items_purged_floors":[6,22,28],"is_endless":false,"potions_floor_spawned":[2,8,10,16,23,27,31],"killed_by":"IC_MUSHROOM_ARCHETYPE","ascension_level":1}}