{"host":"qm4rv4rkpk76sbxu","time":1610812667,"event":{"mods":["BaseMod","Bestiary","Block Reminder","DeckTracker","Filter the Spire","Keyboard Shortcuts","Minty Spire (QoL Compilation)","MonsterHotkey","Quick Restart","Relic Stats","Slay-I","StSLib","ojb\u0027s Better Paths Mod","ojb\u0027s Info Mod"],"gold_per_floor":[119,119,131,157,184,196,222,234,326,338,364,402,364,403,415,523,535,559,571,113,133,152,152,9,9,9,9,9,9,9,29,29,126,126,140,0,13,13,13,13,13,63,63,63,63,76,93,123,123,123,123,123,6,32,32],"floor_reached":56,"language":"ENG","playtime":1771,"items_purged":["Clash"],"score":1278,"play_id":"bce69aca-bcfa-419c-9139-338e9fd7b88d","local_time":"20210116165747","is_ascension_mode":true,"campfire_choices":[{"data":"Pommel Strike","floor":6,"key":"SMITH"},{"data":"Demon Form","floor":8,"key":"SMITH"},{"data":"Bash","floor":10,"key":"SMITH"},{"data":"Pummel","floor":15,"key":"SMITH"},{"data":"Exhume","floor":23,"key":"SMITH"},{"data":"Armaments","floor":27,"key":"SMITH"},{"floor":32,"key":"REST"},{"floor":40,"key":"RECALL"},{"data":"Shockwave","floor":44,"key":"SMITH"},{"data":"Spot Weakness","floor":49,"key":"SMITH"},{"data":"Bloodletting","floor":52,"key":"SMITH"}],"circlet_count":0,"master_deck":["Bash+1","Shrug It Off","Pummel+1","Pommel Strike+1","Demon Form+1","Burning Pact","Ghostly Armor","Shrug It Off","Offering","Headbutt","Exhume+1","Spot Weakness+1","Rampage","Armaments+1","Bloodletting+1","Dark Embrace","Battle Trance+1","Offering","Impatience","Heavy Blade","Shockwave+1","Cleave","Corruption","Reaper","Sentinel+1","Apotheosis","Sentinel+1"],"relics":["Burning Blood","MawBank","Meat on the Bone","Dream Catcher","Paper Frog","Pandora\u0027s Box","DollysMirror","Nunchaku","Medical Kit","The Courier","Snecko Eye","Red Mask","Ice Cream","Molten Egg 2","Oddly Smooth Stone","Mummified Hand"],"acts_visited":["Exordium","TheCity","TheBeyond","TheEnding"],"potions_floor_usage":[4,7,12,22,31,33,55,55,55],"damage_taken":[{"damage":11,"enemies":"Jaw Worm","floor":1,"turns":2},{"damage":19,"enemies":"Small Slimes","floor":4,"turns":6},{"damage":4,"enemies":"2 Louse","floor":5,"turns":4},{"damage":17,"enemies":"Lots of Slimes","floor":7,"turns":6},{"damage":10,"enemies":"Looter","floor":11,"turns":3},{"damage":17,"enemies":"Gremlin Nob","floor":12,"turns":3},{"damage":38,"enemies":"3 Sentries","floor":14,"turns":9},{"damage":20,"enemies":"Hexaghost","floor":16,"turns":9},{"damage":36,"enemies":"Spheric Guardian","floor":18,"turns":4},{"damage":25,"enemies":"2 Thieves","floor":21,"turns":3},{"damage":30,"enemies":"Snake Plant","floor":22,"turns":4},{"damage":14,"enemies":"Shelled Parasite and Fungi","floor":31,"turns":3},{"damage":34,"enemies":"Collector","floor":33,"turns":6},{"damage":14,"enemies":"3 Shapes","floor":35,"turns":3},{"damage":15,"enemies":"3 Darklings","floor":37,"turns":2},{"damage":15,"enemies":"2 Orb Walkers","floor":42,"turns":1},{"damage":34,"enemies":"Jaw Worm Horde","floor":46,"turns":2},{"damage":15,"enemies":"Sphere and 2 Shapes","floor":47,"turns":2},{"damage":16,"enemies":"Reptomancer","floor":48,"turns":3},{"damage":18,"enemies":"Time Eater","floor":50,"turns":3},{"damage":15,"enemies":"Shield and Spear","floor":54,"turns":1},{"damage":105,"enemies":"The Heart","floor":55,"turns":5}],"seed_played":"4271739722103610696","potions_obtained":[{"floor":0,"key":"LiquidBronze"},{"floor":0,"key":"ColorlessPotion"},{"floor":0,"key":"CultistPotion"},{"floor":5,"key":"SkillPotion"},{"floor":7,"key":"Ancient Potion"},{"floor":11,"key":"LiquidMemories"},{"floor":12,"key":"Block Potion"},{"floor":16,"key":"Fire Potion"},{"floor":31,"key":"Swift Potion"},{"floor":33,"key":"SpeedPotion"},{"floor":35,"key":"Swift Potion"},{"floor":42,"key":"Energy Potion"}],"is_trial":false,"path_per_floor":["M","?","?","M","M","R","M","R","T","R","M","E","?","E","R","B",null,"M","?","$","M","M","R","$","?","T","R","?","$","?","M","R","B",null,"M","?","M","$","?","R","$","?","T","R","?","M","M","E","R","B",null,"R","$","E","B",null],"character_chosen":"IRONCLAD","items_purchased":["DollysMirror","Nunchaku","Impatience","Medical Kit","Oddly Smooth Stone"],"campfire_rested":1,"item_purchase_floors":[20,20,20,24,53],"current_hp_per_floor":[75,75,75,62,64,64,53,53,53,53,49,50,50,30,30,28,80,50,50,50,43,31,31,31,16,16,16,16,16,16,20,45,29,85,85,85,85,85,85,85,85,85,85,85,75,85,85,85,85,73,85,85,85,85,44],"gold":32,"neow_bonus":"THREE_SMALL_POTIONS","is_daily":false,"chose_seed":false,"campfire_upgraded":9,"win_rate":0.0,"timestamp":1610812667,"path_taken":["M","?","?","M","M","R","M","R","T","R","M","E","?","E","R","BOSS","M","?","$","?","M","R","$","?","T","R","?","$","?","?","R","BOSS","M","?","M","$","?","R","?","?","T","R","?","M","M","E","R","BOSS","R","$","E","BOSS"],"items_purchased_type":["Relic","Relic","Card","Relic","Relic"],"build_version":"2020-12-22","purchased_purges":1,"victory":true,"max_hp_per_floor":[80,80,80,80,80,80,80,80,80,80,80,80,80,80,80,80,80,80,80,80,80,80,80,80,85,85,85,85,85,85,85,85,85,85,85,85,85,85,85,85,85,85,85,85,85,85,85,85,85,85,85,85,85,85,85],"relic_stats":{"Dream Catcher":1,"Nunchaku":[9],"counters":[22,84],"Mummified Hand":[4],"Snecko Eye":[82,87,78,71],"Pandora\u0027s Box":["Headbutt","Exhume","Spot Weakness","Rampage","Armaments","Bloodletting","Clash","Dark Embrace","Combust"],"MawBank":216,"Medical Kit":[11],"obtain_stats":[{"Ice Cream":42,"Oddly Smooth Stone":53,"The Courier":26,"MawBank":2,"Medical Kit":24,"Burning Blood":0,"Dream Catcher":12,"Nunchaku":20,"DollysMirror":20,"Mummified Hand":54,"Snecko Eye":34,"Pandora\u0027s Box":17,"Molten Egg 2":48,"Red Mask":36,"Meat on the Bone":9,"Paper Frog":14},{"Ice Cream":16,"Oddly Smooth Stone":20,"The Courier":11,"MawBank":1,"Medical Kit":11,"Burning Blood":0,"Dream Catcher":6,"Nunchaku":9,"DollysMirror":9,"Mummified Hand":21,"Snecko Eye":13,"Pandora\u0027s Box":8,"Molten Egg 2":19,"Red Mask":14,"Meat on the Bone":4,"Paper Frog":7},{"Ice Cream":68,"Oddly Smooth Stone":78,"The Courier":53,"MawBank":2,"Medical Kit":53,"Burning Blood":0,"Dream Catcher":24,"Nunchaku":46,"DollysMirror":46,"Mummified Hand":79,"Snecko Eye":62,"Pandora\u0027s Box":42,"Molten Egg 2":75,"Red Mask":65,"Meat on the Bone":18,"Paper Frog":33}],"Burning Blood":98,"Meat on the Bone":96},"card_choices":[{"not_picked":["Anger","Ghostly Armor"],"picked":"Shrug It Off","floor":1},{"not_picked":["Combust","Body Slam"],"picked":"Pummel","floor":4},{"not_picked":["Headbutt","Dual Wield"],"picked":"Pommel Strike","floor":5},{"not_picked":["Headbutt","Feel No Pain"],"picked":"Demon Form","floor":7},{"not_picked":["Warcry","Searing Blow"],"picked":"Burning Pact","floor":11},{"not_picked":["Perfected Strike","Uppercut"],"picked":"Ghostly Armor","floor":12},{"not_picked":["Sever Soul","True Grit"],"picked":"Shrug It Off","floor":14},{"not_picked":["Limit Break","Fiend Fire"],"picked":"Offering","floor":16},{"not_picked":["Havoc","Perfected Strike+1"],"picked":"Battle Trance+1","floor":18},{"not_picked":["Battle Trance","Fire Breathing"],"picked":"Heavy Blade","floor":21},{"not_picked":["Dark Embrace+1","Combust"],"picked":"Headbutt","floor":22},{"not_picked":["Heavy Blade","Flex"],"picked":"Cleave","floor":31},{"not_picked":["Disarm","Perfected Strike+1"],"picked":"Corruption","floor":32},{"not_picked":["Exhume","Demon Form"],"picked":"Reaper","floor":33},{"not_picked":["Iron Wave+1","Bloodletting+1"],"picked":"Sentinel+1","floor":35},{"not_picked":["Hemokinesis","Intimidate","Sword Boomerang"],"picked":"SKIP","floor":37},{"not_picked":["Violence","Blind"],"picked":"Apotheosis","floor":45},{"not_picked":["Body Slam+1","Heavy Blade+1","Thunderclap+1"],"picked":"SKIP","floor":46},{"not_picked":["Headbutt+1","Evolve","Flex+1"],"picked":"SKIP","floor":47},{"not_picked":["Cleave+1","Infernal Blade+1","Perfected Strike+1"],"picked":"SKIP","floor":48},{"not_picked":["Pummel+1","Perfected Strike+1"],"picked":"Sentinel+1","floor":54}],"player_experience":1346285,"relics_obtained":[{"floor":9,"key":"Meat on the Bone"},{"floor":12,"key":"Dream Catcher"},{"floor":14,"key":"Paper Frog"},{"floor":26,"key":"The Courier"},{"floor":42,"key":"Ice Cream"},{"floor":48,"key":"Molten Egg 2"},{"floor":54,"key":"Mummified Hand"}],"event_choices":[{"damage_healed":0,"gold_gain":0,"player_choice":"Box","damage_taken":0,"relics_obtained":["MawBank"],"max_hp_gain":0,"max_hp_loss":0,"event_name":"Big Fish","floor":2,"gold_loss":0,"cards_obtained":["Regret"]},{"damage_healed":0,"gold_gain":0,"player_choice":"Ignored","damage_taken":0,"max_hp_gain":0,"max_hp_loss":0,"event_name":"Liars Game","floor":3,"gold_loss":0},{"cards_removed":["Regret"],"damage_healed":0,"gold_gain":0,"player_choice":"Card Removal","damage_taken":0,"max_hp_gain":0,"max_hp_loss":0,"event_name":"The Cleric","floor":13,"gold_loss":50},{"damage_healed":0,"gold_gain":0,"player_choice":"Ignored","damage_taken":0,"max_hp_gain":0,"max_hp_loss":0,"event_name":"NoteForYourself","floor":19,"gold_loss":0},{"damage_healed":0,"gold_gain":0,"player_choice":"Shed Blood","damage_taken":20,"max_hp_gain":5,"max_hp_loss":0,"event_name":"Forgotten Altar","floor":25,"gold_loss":0},{"cards_removed":["Combust"],"damage_healed":0,"gold_gain":0,"player_choice":"Elegance","damage_taken":0,"max_hp_gain":0,"max_hp_loss":0,"event_name":"Back to Basics","floor":28,"gold_loss":0},{"damage_healed":0,"gold_gain":0,"player_choice":"Read","damage_taken":0,"max_hp_gain":0,"max_hp_loss":0,"event_name":"The Library","floor":30,"gold_loss":0,"cards_obtained":["Shockwave"]},{"damage_healed":0,"gold_gain":0,"player_choice":"Paid","damage_taken":0,"relics_obtained":["Red Mask"],"max_hp_gain":0,"max_hp_loss":0,"event_name":"Tomb of Lord Red Mask","floor":36,"gold_loss":140},{"cards_removed":["Headbutt"],"damage_healed":0,"gold_gain":0,"player_choice":"Removed Attack","damage_taken":0,"max_hp_gain":0,"max_hp_loss":0,"event_name":"Falling","floor":39,"gold_loss":0},{"damage_healed":0,"gold_gain":0,"player_choice":"Fight","damage_taken":0,"max_hp_gain":0,"max_hp_loss":0,"event_name":"Mysterious Sphere","floor":42,"gold_loss":0},{"damage_healed":0,"gold_gain":0,"player_choice":"Memory 3","damage_taken":10,"max_hp_gain":0,"max_hp_loss":0,"event_name":"SensoryStone","floor":45,"gold_loss":0}],"is_beta":false,"boss_relics":[{"not_picked":["Tiny House","Runic Dome"],"picked":"Pandora\u0027s Box"},{"not_picked":["SlaversCollar","Busted Crown"],"picked":"Snecko Eye"}],"items_purged_floors":[20],"is_endless":false,"potions_floor_spawned":[5,7,11,12,16,18,31,33,35,42,47,48],"ascension_level":1}}