{"host":"3xls0xm49ftugio7","time":1610831068,"event":{"mods":["2.2 Compatiblity","AchievementEnabler","Act Like it!","BaseMod","Colored Powertips","GifTheSpireLib","Minty Spire (QoL Compilation)","Quick Restart","Relic Stats","StSLib"],"gold_per_floor":[116,116,130,149,162,162,162],"floor_reached":6,"language":"ENG","playtime":326,"items_purged":[],"score":76,"play_id":"aa8c1d75-377a-455d-b896-8e2eba5746bc","local_time":"20210116230428","is_ascension_mode":true,"campfire_choices":[],"circlet_count":0,"master_deck":["AscendersBane","Strike_B","Strike_B","Strike_B","Strike_B","Defend_B","Defend_B","Defend_B","Defend_B","Zap","Dualcast","Thinking Ahead","Sweeping Beam","Rip and Tear","Fusion","Auto Shields"],"relics":["Cracked Core","CultistMask"],"acts_visited":["Exordium"],"potions_floor_usage":[6],"damage_taken":[{"damage":2,"enemies":"2 Louse","floor":1,"turns":3},{"damage":1,"enemies":"Cultist","floor":3,"turns":3},{"damage":2,"enemies":"Jaw Worm","floor":4,"turns":3},{"damage":7,"enemies":"Looter","floor":5,"turns":3},{"damage":53,"enemies":"Gremlin Nob","floor":6,"turns":4}],"seed_played":"-7260148144003475695","potions_obtained":[{"floor":1,"key":"Block Potion"}],"is_trial":false,"path_per_floor":["M","?","M","M","M","E"],"character_chosen":"DEFECT","items_purchased":[],"campfire_rested":0,"item_purchase_floors":[],"current_hp_per_floor":[62,62,61,59,52,0,0],"gold":162,"neow_bonus":"RANDOM_COLORLESS_2","is_daily":false,"chose_seed":false,"campfire_upgraded":0,"win_rate":0.0,"timestamp":1610831068,"path_taken":["M","?","M","?","M","E"],"items_purchased_type":[],"build_version":"2020-12-22","purchased_purges":0,"victory":false,"max_hp_per_floor":[64,64,64,64,64,64,64],"relic_stats":{"counters":[5,16],"obtain_stats":[{"CultistMask":2,"Cracked Core":0},{"CultistMask":1,"Cracked Core":0},{"CultistMask":3,"Cracked Core":0}]},"card_choices":[{"not_picked":["Secret Technique","Violence"],"picked":"Thinking Ahead","floor":0},{"not_picked":["Melter","Storm"],"picked":"Sweeping Beam","floor":1},{"not_picked":["Leap","Streamline"],"picked":"Rip and Tear","floor":3},{"not_picked":["Beam Cell","Stack"],"picked":"Fusion","floor":4},{"not_picked":["Force Field","Go for the Eyes"],"picked":"Auto Shields","floor":5}],"player_experience":694829,"relics_obtained":[],"event_choices":[{"damage_healed":0,"gold_gain":0,"player_choice":"Trade","damage_taken":0,"relics_obtained":["CultistMask"],"max_hp_gain":0,"max_hp_loss":0,"event_name":"FaceTrader","floor":2,"gold_loss":0}],"is_beta":false,"boss_relics":[],"items_purged_floors":[],"is_endless":false,"potions_floor_spawned":[1],"killed_by":"Gremlin Nob","ascension_level":20}}