{"host":"4hkuu26ltn0le3bk","time":1610841041,"event":{"mods":["100% Spire Juice","Arknights The Spire","Astrologer","BaseMod","BetterRewards","Clockwork Mod","Colored Map","Colored Powertips","Downfall","Friendly Minions","Gremlin Mod","Hermit","Marisa????????","Minty Spire (QoL Compilation)","Quick Restart","StSLib","Td1madao Mod","The Bug Knight","The Construct","The Cursed","The Disciple","The Factory","The Hierophant","The Jungle","The Servant 0.9.4"],"gold_per_floor":[112,122,139,139,157,157,118,118,118],"floor_reached":8,"language":"ENG","playtime":353,"items_purged":[],"score":48,"play_id":"da8fcac7-b269-4b36-8a0a-7c2908ffd89d","local_time":"20210116185041","is_ascension_mode":false,"campfire_choices":[{"data":"ats:Emotion Absorption","floor":6,"key":"SMITH"}],"circlet_count":0,"master_deck":["ats:Strike C","ats:Strike G","ats:Strike S","ats:Strike V","ats:Armor Crushing Shot","ats:Defend","ats:Defend","ats:Defend","ats:Defend","ats:Emotion Absorption+1","ats:Guardian Obelisk","ats:Assault Order","ats:Childhood Dance","ats:Powerful Strike","ats:Burning Ground"],"relics":["ats:Sanity","Golden Idol"],"acts_visited":["Exordium"],"potions_floor_usage":[8],"damage_taken":[{"damage":0,"enemies":"2 Louse","floor":1,"turns":2},{"damage":13,"enemies":"Jaw Worm","floor":2,"turns":6},{"damage":7,"enemies":"Small Slimes","floor":3,"turns":5},{"damage":11,"enemies":"Blue Slaver","floor":5,"turns":6},{"damage":29,"enemies":"Lagavulin","floor":8,"turns":6}],"seed_played":"-3833076874244495745","potions_obtained":[{"floor":3,"key":"Fire Potion"}],"is_trial":false,"path_per_floor":["M","M","M","?","M","R","$","E"],"character_chosen":"DOCTOR_CLASS","items_purchased":["ats:Burning Ground"],"campfire_rested":0,"item_purchase_floors":[7],"current_hp_per_floor":[79,66,59,40,29,29,29,0,0],"gold":118,"neow_bonus":"TEN_PERCENT_HP_BONUS","is_daily":false,"chose_seed":false,"campfire_upgraded":1,"win_rate":0.0,"timestamp":1610841041,"path_taken":["M","M","M","?","M","R","$","E"],"items_purchased_type":["Card"],"build_version":"2020-12-22","purchased_purges":0,"victory":false,"max_hp_per_floor":[79,79,79,79,79,79,79,79,79],"card_choices":[{"not_picked":["ats:Powerful Strike","ats:Counter Healing Mode"],"picked":"ats:Guardian Obelisk","floor":1},{"not_picked":["ats:LN2 Cannon","ats:Hammer On"],"picked":"ats:Assault Order","floor":2},{"not_picked":["ats:Hammer On","ats:Flexible Camouflage"],"picked":"ats:Childhood Dance","floor":3},{"not_picked":["ats:Apocalypse","ats:Childhood Dance"],"picked":"ats:Powerful Strike","floor":5}],"player_experience":211848,"relics_obtained":[],"event_choices":[{"damage_healed":0,"gold_gain":0,"player_choice":"Take Damage","damage_taken":19,"relics_obtained":["Golden Idol"],"max_hp_gain":0,"max_hp_loss":0,"event_name":"Golden Idol","floor":4,"gold_loss":0}],"is_beta":false,"boss_relics":[],"items_purged_floors":[],"is_endless":false,"potions_floor_spawned":[3],"killed_by":"Lagavulin","ascension_level":0}}