{"host":"xz7n3qy1zq36rzpg","time":1610805845,"event":{"mods":["BaseMod","Colored Map","Colored Powertips","Highlight Path","Minty Spire (QoL Compilation)","Quick Restart","Shop Mod"],"gold_per_floor":[116,191,191,205,205,232,232,245,245,265,297,0,0,19,19,19,19],"floor_reached":16,"language":"ENG","playtime":744,"items_purged":["Regret"],"score":127,"play_id":"484278eb-cdbf-4f79-81b5-80a99f2cf10c","local_time":"20210116150405","is_ascension_mode":true,"campfire_choices":[{"floor":7,"key":"REST"},{"floor":15,"key":"REST"}],"circlet_count":0,"master_deck":["Strike_G","Strike_G","Strike_G","Strike_G","Strike_G","Defend_G","Defend_G","Defend_G","Defend_G","Defend_G","Survivor","Neutralize","Thinking Ahead","All Out Attack","Quick Slash","Prepared","Sucker Punch+1","Cloak And Dagger","Bullet Time","Infinite Blades"],"relics":["Ring of the Snake","Blue Candle","Blood Vial","Omamori","Pear","Question Card","TwistedFunnel"],"acts_visited":["Exordium"],"potions_floor_usage":[11,16,16],"damage_taken":[{"damage":1,"enemies":"Jaw Worm","floor":1,"turns":5},{"damage":0,"enemies":"2 Louse","floor":4,"turns":2},{"damage":46,"enemies":"Gremlin Nob","floor":6,"turns":5},{"damage":6,"enemies":"Cultist","floor":8,"turns":3},{"damage":0,"enemies":"Exordium Wildlife","floor":10,"turns":2},{"damage":30,"enemies":"Lagavulin","floor":11,"turns":8},{"damage":0,"enemies":"Gremlin Gang","floor":14,"turns":3},{"damage":48,"enemies":"Slime Boss","floor":16,"turns":8}],"seed_played":"153696767217591503","potions_obtained":[{"floor":6,"key":"LiquidMemories"},{"floor":10,"key":"PowerPotion"},{"floor":14,"key":"Regen Potion"}],"is_trial":false,"path_per_floor":["M","?","?","M","?","E","R","M","T","M","E","$","?","M","R","B"],"character_chosen":"THE_SILENT","items_purchased":["TwistedFunnel","Infinite Blades"],"campfire_rested":2,"item_purchase_floors":[12,12],"current_hp_per_floor":[62,51,51,51,51,7,25,21,31,33,5,5,5,7,28,0,0],"gold":19,"neow_bonus":"RANDOM_COLORLESS_2","is_daily":false,"chose_seed":false,"campfire_upgraded":0,"win_rate":0.0,"timestamp":1610805845,"path_taken":["M","?","?","M","?","E","R","M","T","?","E","$","?","?","R","BOSS"],"items_purchased_type":["Relic","Card"],"build_version":"2020-12-22","purchased_purges":1,"victory":false,"max_hp_per_floor":[63,63,63,63,63,63,63,63,73,73,73,73,73,73,73,73,73],"card_choices":[{"not_picked":["Apotheosis","Secret Weapon"],"picked":"Thinking Ahead","floor":0},{"not_picked":["Prepared","Bane"],"picked":"All Out Attack","floor":1},{"not_picked":["Bane","Choke"],"picked":"Quick Slash","floor":4},{"not_picked":["Outmaneuver","Phantasmal Killer"],"picked":"Prepared","floor":6},{"not_picked":["Tactician","Deflect"],"picked":"Sucker Punch","floor":8},{"not_picked":["Deadly Poison","Finisher"],"picked":"Cloak And Dagger","floor":10},{"not_picked":["Reflex","Masterful Stab"],"picked":"Bullet Time","floor":11},{"not_picked":["Masterful Stab","Bane","All Out Attack","Expertise"],"picked":"SKIP","floor":14}],"player_experience":321502,"relics_obtained":[{"floor":5,"key":"Blood Vial"},{"floor":6,"key":"Omamori"},{"floor":9,"key":"Pear"},{"floor":11,"key":"Question Card"}],"event_choices":[{"damage_healed":0,"gold_gain":75,"player_choice":"Gather Gold","damage_taken":11,"max_hp_gain":0,"max_hp_loss":0,"event_name":"World of Goop","floor":2,"gold_loss":0},{"damage_healed":0,"gold_gain":0,"player_choice":"Box","damage_taken":0,"relics_obtained":["Blue Candle"],"max_hp_gain":0,"max_hp_loss":0,"event_name":"Big Fish","floor":3,"gold_loss":0,"cards_obtained":["Regret"]},{"damage_healed":0,"gold_gain":0,"player_choice":"Relic","damage_taken":0,"max_hp_gain":0,"max_hp_loss":0,"event_name":"Wheel of Change","floor":5,"gold_loss":0},{"damage_healed":0,"gold_gain":0,"player_choice":"Forge","damage_taken":0,"max_hp_gain":0,"max_hp_loss":0,"event_name":"Accursed Blacksmith","floor":13,"gold_loss":0,"cards_upgraded":["Sucker Punch"]}],"is_beta":false,"boss_relics":[],"items_purged_floors":[12],"is_endless":false,"potions_floor_spawned":[6,10,14],"killed_by":"Slime Boss","ascension_level":3}}