{"host":"jm9833yuloeli2yd","time":1610768646,"event":{"mods":["BaseMod","Better Altar","Better Match","Better Note","Better Sensory Stone","Better Skull","Better Third Choice","Better Vampires","BetterRewards","Colored Map","Colored Powertips","DeckTracker","Minty Spire (QoL Compilation)","Permanent Neow","Quick Restart","Slay-I","StSLib","SuperFastMode"],"gold_per_floor":[110,130,13,13,25,25,50,68,115,144,156,181,193,225,225,302,302,314,27,33,33,33],"floor_reached":21,"language":"ENG","playtime":809,"items_purged":["Strike_B"],"score":602,"play_id":"bde50a3d-0f00-402a-8c50-3e2d31b435e7","local_time":"20210115224406","is_ascension_mode":true,"campfire_choices":[{"data":"Rip and Tear","floor":6.0,"key":"SMITH"},{"data":"Recycle","floor":15.0,"key":"SMITH"}],"circlet_count":0,"master_deck":["AscendersBane","Strike_B","Strike_B","Defend_B","Defend_B","Defend_B","Defend_B","Zap","Dualcast","Hello World","Cold Snap","Self Repair","Rip and Tear+1","Reboot","Recycle+1","Glacier","Compile Driver","Auto Shields","Melter","White Noise","Creative AI","Force Field","Ball Lightning","Defragment","White Noise","Cold Snap","Genetic Algorithm"],"relics":["Cracked Core","Bird Faced Urn","White Beast Statue","Strawberry","DataDisk","Odd Mushroom","Prayer Wheel","SlaversCollar"],"acts_visited":["Exordium","TheCity"],"potions_floor_usage":[21],"damage_taken":[{"damage":1.0,"enemies":"Cultist","floor":1.0,"turns":4.0},{"damage":4.0,"enemies":"2 Louse","floor":2.0,"turns":2.0},{"damage":13.0,"enemies":"Small Slimes","floor":5.0,"turns":4.0},{"damage":22.0,"enemies":"3 Sentries","floor":7.0,"turns":5.0},{"damage":16.0,"enemies":"Red Slaver","floor":8.0,"turns":5.0},{"damage":9.0,"enemies":"Lagavulin","floor":10.0,"turns":9.0},{"damage":29.0,"enemies":"Exordium Thugs","floor":11.0,"turns":4.0},{"damage":16.0,"enemies":"The Mushroom Lair","floor":12.0,"turns":5.0},{"damage":3.0,"enemies":"Blue Slaver","floor":13.0,"turns":5.0},{"damage":1.0,"enemies":"3 Sentries","floor":14.0,"turns":6.0},{"damage":14.0,"enemies":"Hexaghost","floor":16.0,"turns":9.0},{"damage":18.0,"enemies":"Shell Parasite","floor":18.0,"turns":8.0},{"damage":14,"enemies":"2 Thieves","floor":20,"turns":5},{"damage":80,"enemies":"Masked Bandits","floor":21,"turns":3}],"seed_played":"1429742690159547822","potions_obtained":[{"floor":7.0,"key":"FocusPotion"},{"floor":8.0,"key":"Swift Potion"},{"floor":12.0,"key":"AttackPotion"},{"floor":14.0,"key":"PowerPotion"},{"floor":16.0,"key":"FearPotion"},{"floor":18.0,"key":"DistilledChaos"},{"floor":20,"key":"FocusPotion"}],"is_trial":false,"path_per_floor":["M","M","$","?","M","R","E","M","T","E","M","?","M","E","R","B",null,"M","$","M","?"],"character_chosen":"DEFECT","items_purchased":["Hello World","AttackPotion","LiquidMemories","Self Repair","Rip and Tear","Defragment","White Noise","FocusPotion"],"campfire_rested":0,"item_purchase_floors":[0,0,0,3,3,19,19,19],"current_hp_per_floor":[65,61,61,61,57,57,37,32,39,41,23,18,26,36,36,37,68,73,73,72,0,0],"gold":33,"neow_bonus":"","is_daily":false,"chose_seed":false,"campfire_upgraded":2,"win_rate":0.0,"timestamp":1610768646,"path_taken":["M","M","$","?","?","R","E","?","T","E","?","?","M","E","R","BOSS","M","$","M","?"],"items_purchased_type":["Card","Potion","Potion","Card","Card","Card","Card","Potion"],"build_version":"2020-12-22","purchased_purges":1,"victory":false,"max_hp_per_floor":[71,71,71,71,71,71,71,71,78,78,78,78,78,78,78,78,78,78,78,78,78,78],"card_choices":[{"not_picked":["Conserve Battery","Hologram","Heatsinks"],"picked":"SKIP","floor":1.0},{"not_picked":["Ball Lightning","Static Discharge"],"picked":"Cold Snap","floor":2.0},{"not_picked":["Recycle","Hello World"],"picked":"Reboot","floor":5.0},{"not_picked":["Machine Learning","Leap"],"picked":"Recycle","floor":7.0},{"not_picked":["Redo","Turbo"],"picked":"Glacier","floor":8.0},{"not_picked":["Reinforced Body","Gash"],"picked":"Compile Driver","floor":10.0},{"not_picked":["Scrape","Sweeping Beam"],"picked":"Auto Shields","floor":11.0},{"not_picked":["Steam","Compile Driver","Melter"],"picked":"SKIP","floor":13.0},{"not_picked":["Steam","Compile Driver"],"picked":"Melter","floor":13.0},{"not_picked":["Thunder Strike","Ball Lightning"],"picked":"White Noise","floor":14.0},{"not_picked":["Hyperbeam","Reboot"],"picked":"Creative AI","floor":16.0},{"not_picked":["Hologram","Streamline"],"picked":"Force Field","floor":18.0},{"not_picked":["Streamline","Rebound"],"picked":"Ball Lightning","floor":18.0},{"not_picked":["Beam Cell","Rebound"],"picked":"Cold Snap","floor":20},{"not_picked":["Coolheaded","Static Discharge"],"picked":"Genetic Algorithm","floor":20}],"player_experience":1320949,"relics_obtained":[{"floor":7.0,"key":"White Beast Statue"},{"floor":9.0,"key":"Strawberry"},{"floor":10.0,"key":"DataDisk"},{"floor":12.0,"key":"Odd Mushroom"},{"floor":14.0,"key":"Prayer Wheel"}],"event_choices":[{"cards_removed":["Strike_B"],"damage_healed":0.0,"max_hp_gain":0.0,"max_hp_loss":0.0,"gold_gain":0.0,"event_name":"Purifier","player_choice":"Purged","floor":4.0,"gold_loss":0.0,"damage_taken":0.0},{"damage_healed":0.0,"max_hp_gain":0.0,"max_hp_loss":0.0,"gold_gain":0.0,"event_name":"Mushrooms","player_choice":"Fought Mushrooms","floor":12.0,"gold_loss":0.0,"damage_taken":0.0},{"damage_healed":0,"gold_gain":0,"player_choice":"Fought Bandits","damage_taken":0,"max_hp_gain":0,"max_hp_loss":0,"event_name":"Masked Bandits","floor":21,"gold_loss":0}],"is_beta":false,"boss_relics":[{"not_picked":["Runic Pyramid","Cursed Key"],"picked":"SlaversCollar"}],"items_purged_floors":[19],"is_endless":false,"potions_floor_spawned":[1,7,8,10,11,12,13,14,16,18,20],"killed_by":"Masked Bandits","ascension_level":20}}