{"host":"itwqv0qrbl3wcy1o","time":1610826688,"event":{"mods":["100% Spire Juice","ATMod(阿瑾Mod)","Act Like it!","Arknights The Spire","Aspiration","BaseMod","Colored Powertips","Conspire","Dota2Spire","Friendly Minions","Gensokyo","HololiveMod","HumanHunterMod(怪物杀人mod)","Kiyohime（清姬）","LagranYue(拉格朗・月)","Lobotomy","Minty Spire (QoL Compilation)","MostiFishMod","Pale of the Ancients","Prisma Mod","Quick Restart","Red Circlet Mod","Relic Stats","Replay The Spire","RumiaBox-露米娅的神秘盒子","Spicy Shops","StSLib","TestMod","The Animator","UnlockEverythingMod","WarShipGirlsR/战舰少女R mod","Yakumo Yukari mod","【功能Mod】混沌之环修复补丁","【功能Mod】聪明的最终Boss","【角色mod】十八桐人","【遗物卡牌】REMEMod"],"gold_per_floor":[86,148,67,91,91,122,154,14,38,73,90,90,114,28,28,28,28],"floor_reached":16,"language":"ZHS","playtime":1269,"items_purged":["Hallucinations"],"score":532,"play_id":"dc3e1dd7-2b51-401c-a872-dd6f5a46e76f","local_time":"20210117035128","daily_mods":["SealedDeck","Vintage","Heirloom","Flight","Elite Swarm"],"is_ascension_mode":true,"campfire_choices":[{"data":"Hololive_CallAkiRosenthal","floor":15.0,"key":"SMITH"}],"circlet_count":0,"master_deck":["AscendersBane","Hololive_CallAkiRosenthal+1","Hololive_CallSpadeEcho","Hololive_CallNakiriAyame","Hololive_CallHoushouMarine","Hololive_CallHimemoriLuna","Hololive_CallMoonaHoshinova","Hololive_CallTsunomakiWatame","Hololive_CallMoonaHoshinova","Hololive_CallNekomataOkayu","Hololive_CallMurasakiShion","AT_CaressingTears+1","Hololive_Yoholoon","Hololive_CallTokinoSora","Hololive_CocoNews+1","Hololive_DDD","Hololive_WolfAndLamb+1","Hololive_MaximGun","Hololive_CallNekomataOkayu","Hololive_CallOzoraSubaru","Replay:BasicMightCard","Hololive_CocoNews"],"relics":["Hololive_TheStar","AT_ATBox","testmod-TestBox","DaveBox","REME_ComplimentaryCards","LagranYue:ReturningEmperorRelic","testmod-Faith","Membership Card","MawBank","SynthV:TestCard","AT_ArchangelStaff","AT_EbonyIvory","Ring of Searing","ReplayTheSpireMod:Ring of Collecting","GodSword7","InkBottle","Dota2Spire:UrnOfShadows","Toy Ornithopter","testmod-RainbowHikingShoes","War Paint","Strawberry","BargainBundle"],"acts_visited":["Exordium"],"potions_floor_usage":[],"damage_taken":[{"damage":0.0,"enemies":"Jaw Worm","floor":1.0,"turns":7.0},{"damage":0.0,"enemies":"Lagavulin","floor":6.0,"turns":5.0},{"damage":0.0,"enemies":"3 Sentries","floor":7.0,"turns":4.0},{"damage":0.0,"enemies":"Gremlin Nob","floor":10.0,"turns":8.0},{"damage":1.0,"enemies":"Cultist","floor":11.0,"turns":8.0},{"damage":0.0,"enemies":"Small Slimes","floor":13.0,"turns":12.0},{"damage":0,"enemies":"Slime Boss","floor":16,"turns":1}],"seed_played":"-896723063527749230","potions_obtained":[{"floor":1.0,"key":"Strength Potion"},{"floor":6.0,"key":"Swift Potion"},{"floor":7.0,"key":"GamblersBrew"}],"is_trial":true,"path_per_floor":["M","?","$","T","?","E","E","$","T","E","M","?","M","$","R","B"],"character_chosen":"Hololive_HololiveCharacter","items_purchased":["AT_ArchangelStaff","Hololive_CallTokinoSora","REME_GoldPotion","Hololive_CocoNews+1","Dota2Spire:UrnOfShadows","testmod-SpacePotion","BargainBundle","Hololive_CallOzoraSubaru","Replay:BasicMightCard","Hololive_CocoNews","Flashbang"],"campfire_rested":0,"item_purchase_floors":[3,3,3,3,8,8,14,14,14,14,14],"current_hp_per_floor":[27,27,27,27,27,27,30,30,30,30,29,29,37,37,37,37,37],"gold":28,"neow_bonus":"","is_daily":false,"chose_seed":false,"campfire_upgraded":1,"win_rate":0.0,"timestamp":1610826688,"path_taken":["M","?","$","?","?","E","E","$","T","E","?","?","?","?","R","BOSS"],"items_purchased_type":["Relic","Card","Potion","Card","Relic","Potion","Relic","Card","Card","Card","Potion"],"build_version":"2020-12-22","purchased_purges":1,"victory":false,"max_hp_per_floor":[30,30,30,30,30,30,30,30,30,30,30,30,37,37,37,37,37],"relic_stats":{"counters":[7,45],"War Paint":["AT_CaressingTears","Hololive_WolfAndLamb"],"MawBank":24,"obtain_stats":[{"BargainBundle":14,"AT_ATBox":0,"testmod-TestBox":0,"Dota2Spire:UrnOfShadows":8,"DaveBox":0,"AT_EbonyIvory":4,"testmod-RainbowHikingShoes":10,"War Paint":11,"MawBank":1,"AT_ArchangelStaff":3,"LagranYue:ReturningEmperorRelic":0,"Ring of Searing":5,"SynthV:TestCard":1,"ReplayTheSpireMod:Ring of Collecting":5,"Strawberry":13,"Hololive_TheStar":0,"GodSword7":6,"testmod-Faith":0,"Membership Card":0,"InkBottle":7,"Toy Ornithopter":9,"REME_ComplimentaryCards":0},{"BargainBundle":6,"AT_ATBox":0,"testmod-TestBox":0,"Dota2Spire:UrnOfShadows":3,"DaveBox":0,"AT_EbonyIvory":1,"testmod-RainbowHikingShoes":4,"War Paint":5,"MawBank":1,"AT_ArchangelStaff":1,"LagranYue:ReturningEmperorRelic":0,"Ring of Searing":1,"SynthV:TestCard":1,"ReplayTheSpireMod:Ring of Collecting":1,"Strawberry":6,"Hololive_TheStar":0,"GodSword7":2,"testmod-Faith":0,"Membership Card":0,"InkBottle":3,"Toy Ornithopter":3,"REME_ComplimentaryCards":0},{"BargainBundle":44,"AT_ATBox":0,"testmod-TestBox":0,"Dota2Spire:UrnOfShadows":16,"DaveBox":0,"AT_EbonyIvory":7,"testmod-RainbowHikingShoes":24,"War Paint":32,"MawBank":7,"AT_ArchangelStaff":7,"LagranYue:ReturningEmperorRelic":0,"Ring of Searing":7,"SynthV:TestCard":7,"ReplayTheSpireMod:Ring of Collecting":7,"Strawberry":44,"Hololive_TheStar":0,"GodSword7":12,"testmod-Faith":0,"Membership Card":0,"InkBottle":16,"Toy Ornithopter":16,"REME_ComplimentaryCards":0}],"InkBottle":[11],"Toy Ornithopter":0},"card_choices":[{"not_picked":["Hololive_WolfAndLamb","Hololive_Nanodesu","Hololive_Recruit","Hololive_BeCareful","Hololive_DurableLive"],"picked":"Hololive_DDD","floor":6.0},{"not_picked":["Hololive_DiamondStrike","Hololive_FlareMind","Hololive_AWSL","Hololive_DDD","Hololive_ASMR"],"picked":"Hololive_WolfAndLamb","floor":7.0},{"not_picked":["Hololive_StarCraft","Hololive_WolfAndLamb","Hololive_IdolExercise","Hololive_BeCareful","Hololive_ScarfAndHalo"],"picked":"Hololive_MaximGun","floor":10.0}],"player_experience":512966,"relics_obtained":[{"floor":1.0,"key":"MawBank"},{"floor":1.0,"key":"SynthV:TestCard"},{"floor":4.0,"key":"AT_EbonyIvory"},{"floor":5.0,"key":"Ring of Searing"},{"floor":5.0,"key":"ReplayTheSpireMod:Ring of Collecting"},{"floor":6.0,"key":"GodSword7"},{"floor":7.0,"key":"InkBottle"},{"floor":9.0,"key":"Toy Ornithopter"},{"floor":10.0,"key":"testmod-RainbowHikingShoes"},{"floor":11.0,"key":"War Paint"},{"floor":13.0,"key":"Strawberry"}],"event_choices":[{"damage_healed":0.0,"max_hp_gain":0.0,"max_hp_loss":0.0,"gold_gain":50.0,"event_name":"Golden Shrine","player_choice":"Pray","floor":2.0,"gold_loss":0.0,"damage_taken":0.0},{"damage_healed":0.0,"max_hp_gain":0.0,"max_hp_loss":0.0,"gold_gain":0.0,"event_name":"Match and Keep!","player_choice":"1 cards matched","floor":12.0,"gold_loss":0.0,"damage_taken":0.0,"cards_obtained":["Hololive_CallNekomataOkayu"]}],"is_beta":false,"boss_relics":[],"items_purged_floors":[14],"is_endless":true,"potions_floor_spawned":[1,6,7],"killed_by":"Slime Boss","ascension_level":20}}