{"host":"8fup84v061vi31le","time":1610780993,"event":{"mods":["Aspiration","BaseMod","Better Match","Better Third Choice","Minty Spire (QoL Compilation)","Replay The Spire","StSLib"],"gold_per_floor":[117,117,117,152,77,77,142,92,139,32,70,89,89,159,159,284,284,329,329],"floor_reached":18,"language":"ZHS","playtime":676,"items_purged":["Looming Evil","CommonCold"],"score":265,"play_id":"a6cc6654-c0d4-4c80-a691-9a6fb5b4ac68","local_time":"20210116150953","is_ascension_mode":true,"campfire_choices":[{"floor":6,"key":"REST"},{"floor":13,"key":"REST"},{"data":"Perfected Strike","floor":15,"key":"SMITH"}],"circlet_count":0,"master_deck":["AscendersBane","Strike_R","Strike_R","Strike_R","Strike_R","Strike_R","Defend_R","Defend_R","Defend_R","Defend_R","Bash","Strike_G","Perfected Strike+1","Whirlwind"],"relics":["Burning Blood","Golden Idol","ReplayTheSpireMod:Ring of Challenge","ReplayTheSpireMod:Ring of Collecting","Ring of Panic","Tiny Chest","ReplayTheSpireMod:CursedCoin","Anchor","Replay:Rubber Ducky","aspiration:SecretTechniqueScroll"],"acts_visited":["Exordium","TheCity"],"potions_floor_usage":[],"damage_taken":[{"damage":4.0,"enemies":"2 Louse","floor":1.0,"turns":3.0},{"damage":22,"enemies":"Jaw Worm","floor":4,"turns":8},{"damage":6,"enemies":"Cultist","floor":7,"turns":4},{"damage":50,"enemies":"Replay:BlueRogue","floor":11,"turns":7},{"damage":0,"enemies":"Red Slaver","floor":12,"turns":2},{"damage":0,"enemies":"2 Fungi Beasts","floor":14,"turns":2},{"damage":60,"enemies":"Slime Boss","floor":16,"turns":9},{"damage":77,"enemies":"3 Byrds","floor":18,"turns":3}],"seed_played":"2593662408057491905","potions_obtained":[{"floor":1.0,"key":"SpeedPotion"},{"floor":7,"key":"Regen Potion"},{"floor":16,"key":"Adrenaline Potion"}],"is_trial":false,"path_per_floor":["M","?","?","M","$","R","M","?","T","$","E","M","R","M","R","B",null,"M"],"character_chosen":"IRONCLAD","items_purchased":["ReplayTheSpireMod:CursedCoin","Anchor"],"campfire_rested":2,"item_purchase_floors":[10,10],"current_hp_per_floor":[90,66,66,50,50,78,78,78,78,78,34,40,68,74,74,20,77,0,0],"gold":329,"neow_bonus":"TWENTY_PERCENT_HP_BONUS","is_daily":false,"chose_seed":false,"campfire_upgraded":1,"win_rate":0.0,"timestamp":1610780993,"path_taken":["M","?","?","M","$","R","M","?","T","?","E","?","R","M","R","BOSS","M"],"items_purchased_type":["Relic","Relic"],"build_version":"2020-12-22","purchased_purges":2,"victory":false,"max_hp_per_floor":[96,96,96,96,96,96,96,96,96,96,96,96,96,96,96,96,96,96,96],"card_choices":[{"not_picked":["Disarm","Heavy Blade","Life Link"],"picked":"SKIP","floor":1.0},{"not_picked":["ReplayTheSpireMod:Muscle Training","Flex"],"picked":"Perfected Strike","floor":4},{"not_picked":["ReplayReversal","Pummel","Shockwave"],"picked":"SKIP","floor":7},{"not_picked":["Wild Strike","Life Link","Reckless Charge"],"picked":"SKIP","floor":11},{"not_picked":["Infernal Blade","Abandon"],"picked":"Whirlwind","floor":12},{"not_picked":["Clothesline","Warcry","Corruption"],"picked":"SKIP","floor":14}],"player_experience":165315,"relics_obtained":[{"floor":3.0,"key":"ReplayTheSpireMod:Ring of Challenge"},{"floor":3.0,"key":"ReplayTheSpireMod:Ring of Collecting"},{"floor":9,"key":"Ring of Panic"},{"floor":9,"key":"Tiny Chest"},{"floor":11,"key":"Replay:Rubber Ducky"}],"event_choices":[{"damage_healed":0.0,"max_hp_gain":0.0,"max_hp_loss":0.0,"gold_gain":0.0,"event_name":"Golden Idol","player_choice":"Take Damage","floor":2.0,"gold_loss":0.0,"damage_taken":24.0,"relics_obtained":["Golden Idol"]},{"cards_removed":["Defend_P"],"damage_healed":0,"gold_gain":0,"player_choice":"Card Removal","damage_taken":0,"max_hp_gain":0,"max_hp_loss":0,"event_name":"The Cleric","floor":8,"gold_loss":50}],"is_beta":false,"boss_relics":[{"not_picked":["Pandora\u0027s Box","ChewingGum"],"picked":"aspiration:SecretTechniqueScroll"}],"items_purged_floors":[5,10],"is_endless":false,"potions_floor_spawned":[1,7,16],"killed_by":"3 Byrds","ascension_level":10}}