{"host":"qik6c64y69p9jmph","time":1610840139,"event":{"mods":["AchievementEnabler","BaseMod","Downfall","Highlight Path","Minty Spire (QoL Compilation)","Quick Restart","StSLib","Synergy Search"],"gold_per_floor":[149,149,164,164,164,96,119,133,167,183,203,215,115,127,144,244,244,244,255,255,274,61,89,89,74,91,91,91,104,104,104,117,212,212,212,212,254,265,276,276,276,289,289,289,289],"floor_reached":43,"language":"ENG","playtime":2425,"items_purged":[],"score":450,"play_id":"c8e56d55-7635-42fa-b8f2-e665e7a06c4f","local_time":"20210116183539","is_ascension_mode":false,"campfire_choices":[{"data":"Slimebound:Chomp","floor":1,"key":"SMITH"},{"floor":13,"key":"REST"},{"data":"Slimebound:ForwardTackle","floor":18,"key":"SMITH"},{"floor":27,"key":"REST"},{"floor":30,"key":"REST"},{"data":"Slimebound:PrepareCrush","floor":35,"key":"SMITH"}],"circlet_count":0,"master_deck":["Slimebound:Strike_Slimebound","Slimebound:Strike_Slimebound+1","Slimebound:Tackle+1","Slimebound:Defend_Slimebound","Slimebound:Defend_Slimebound","Slimebound:Defend_Slimebound","Slimebound:Defend_Slimebound","Slimebound:Split","Slimebound:CorrosiveSpit","Slimebound:Chomp+1","Slimebound:ForwardTackle+1","Slimebound:RollThrough+1","Slimebound:BestDefense","Slimebound:SplitMire","Slimebound:Chomp","Slimebound:SplitBruiser","Slimebound:Repurpose","Slimebound:LeadByExample","Slimebound:SplitLeeching+1","Slimebound:GoopTackle+1","Slimebound:Chomp","Slimebound:FormOfPuddle","Slimebound:PrepareCrush+1","Slimebound:RollThrough+1"],"relics":["Tiny House","Ornamental Fan","Anchor","Centennial Puzzle","downfall:HeartBlessingGreen","SacredBark","Whetstone","Orichalcum","Oddly Smooth Stone","Kunai","Philosopher\u0027s Stone","Shuriken","Bottled Tornado","Letter Opener"],"acts_visited":["Exordium","TheCity","TheBeyond"],"potions_floor_usage":[12,16,16,21,23,26,29,33,37,38],"damage_taken":[{"damage":3,"enemies":"2 Louse","floor":3,"turns":2},{"damage":3,"enemies":"downfall:FleeingMerchant","floor":6,"turns":4},{"damage":0,"enemies":"Small Slimes","floor":8,"turns":2},{"damage":19,"enemies":"Gremlin Nob","floor":9,"turns":4},{"damage":0,"enemies":"Cultist","floor":10,"turns":3},{"damage":0,"enemies":"Blue Slaver","floor":11,"turns":2},{"damage":4,"enemies":"Exordium Thugs","floor":12,"turns":3},{"damage":1,"enemies":"3 Louse","floor":14,"turns":2},{"damage":0,"enemies":"Exordium Wildlife","floor":15,"turns":3},{"damage":23,"enemies":"IC_STATUS_ARCHETYPE","floor":16,"turns":5},{"damage":2,"enemies":"Shell Parasite","floor":19,"turns":2},{"damage":0,"enemies":"Cultist and Chosen","floor":21,"turns":4},{"damage":21,"enemies":"downfall:FleeingMerchant","floor":22,"turns":4},{"damage":56,"enemies":"Book of Stabbing","floor":23,"turns":5},{"damage":0,"enemies":"downfall:FleeingMerchant","floor":25,"turns":4},{"damage":1,"enemies":"Snecko","floor":26,"turns":3},{"damage":17,"enemies":"Shelled Parasite and Fungi","floor":29,"turns":3},{"damage":0,"enemies":"Snake Plant","floor":32,"turns":4},{"damage":27,"enemies":"DF_ARCHETYPE_CLAW","floor":33,"turns":10},{"damage":17,"enemies":"downfall:FleeingMerchant","floor":37,"turns":4},{"damage":13,"enemies":"3 Darklings","floor":38,"turns":5},{"damage":4,"enemies":"3 Shapes","floor":39,"turns":4},{"damage":2,"enemies":"Sphere and 2 Shapes","floor":42,"turns":4},{"damage":50,"enemies":"Spire Growth","floor":43,"turns":5}],"seed_played":"4223314007842792279","potions_obtained":[{"floor":0,"key":"Weak Potion"},{"floor":9,"key":"SmokeBomb"},{"floor":11,"key":"Slimebound:SlimedPotion"},{"floor":12,"key":"Energy Potion"},{"floor":14,"key":"Explosive Potion"},{"floor":15,"key":"Energy Potion"},{"floor":23,"key":"Slimebound:SlimyTonguePotion"},{"floor":26,"key":"champ:CounterPotion"},{"floor":32,"key":"Block Potion"},{"floor":33,"key":"hexamod:SoulburnPotion"},{"floor":39,"key":"SpeedPotion"}],"is_trial":false,"path_per_floor":["R","?","M","?","?","$","T","M","E","M","M","M","R","M","M","B",null,"R","M","?","M","$","E","T","$","M","R","T","M","R","?","M","B",null,"R","?","$","M","M","T","T","M","M"],"character_chosen":"SLIMEBOUND","items_purchased":["Slimebound:RollThrough","Whetstone","Dexterity Potion","Shuriken","Slimebound:SlimedPotion"],"campfire_rested":3,"item_purchase_floors":[6,22,22,37,37],"current_hp_per_floor":[70,52,49,49,49,46,46,46,27,27,27,23,44,43,43,20,70,70,68,80,80,59,3,3,3,2,26,26,9,33,33,33,6,80,80,80,63,50,46,46,46,44,0,0,0],"gold":289,"neow_bonus":"BOSS_RELIC","is_daily":false,"chose_seed":false,"campfire_upgraded":3,"win_rate":0.0,"timestamp":1610840139,"path_taken":["R","?","M","?","?","$","T","M","E","M","M","M","R","?","M","BOSS","R","M","?","M","?","E","T","$","?","R","?","M","R","?","M","BOSS","R","?","?","M","M","?","T","M","M"],"items_purchased_type":["Card","Relic","Potion","Relic","Potion"],"build_version":"2020-12-22","purchased_purges":0,"victory":false,"max_hp_per_floor":[70,70,70,70,70,70,70,70,70,70,70,70,70,70,70,70,70,70,70,80,80,80,80,80,80,80,80,80,80,80,80,80,80,80,80,80,80,80,80,80,80,80,80,80,80],"card_choices":[{"not_picked":["Slimebound:GrowthPunch","Slimebound:Nibble"],"picked":"Slimebound:Chomp","floor":0},{"not_picked":["Slimebound:SlimeBrawl","Slimebound:GrowthPunch","Slimebound:SlimeSpikes"],"picked":"SKIP","floor":3},{"not_picked":["Slimebound:SlimeTap","Slimebound:ItLooksTasty"],"picked":"Slimebound:ForwardTackle","floor":6},{"not_picked":["Slimebound:SplitBruiser","Slimebound:RollThrough"],"picked":"Slimebound:BestDefense","floor":8},{"not_picked":["Slimebound:Equalize","Slimebound:RollThrough"],"picked":"Slimebound:SplitMire","floor":9},{"not_picked":["Slimebound:ProtectTheBoss","Slimebound:GrowthPunch"],"picked":"Slimebound:Chomp","floor":10},{"not_picked":["Slimebound:DouseInSlime","Slimebound:FinishingTackle"],"picked":"Slimebound:SplitBruiser","floor":11},{"not_picked":["Slimebound:SplitMire","Slimebound:Chomp"],"picked":"Slimebound:Repurpose","floor":12},{"not_picked":["Slimebound:FormOfPuddle","Slimebound:Chomp","Slimebound:LeechEnergy"],"picked":"SKIP","floor":14},{"not_picked":["Slimebound:LevelUp","Slimebound:Repurpose"],"picked":"Slimebound:LeadByExample","floor":15},{"not_picked":["Slimebound:DouseInSlime","Slimebound:LeechLife"],"picked":"Slimebound:OozeBath","floor":16},{"not_picked":["Slimebound:Schlurp","Slimebound:FinishingTackle"],"picked":"Slimebound:SplitLeeching+1","floor":19},{"not_picked":["Slimebound:BestDefense","Slimebound:GoopSpray"],"picked":"Slimebound:GoopTackle+1","floor":21},{"not_picked":["Slimebound:Repurpose","Slimebound:GrowthPunch"],"picked":"Slimebound:Chomp","floor":22},{"not_picked":["Slimebound:GrowthPunch","Slimebound:ComboTackle","Slimebound:TongueLash+1"],"picked":"SKIP","floor":23},{"not_picked":["Slimebound:LeechEnergy","Slimebound:Equalize","Slimebound:Schlurp"],"picked":"SKIP","floor":25},{"not_picked":["Slimebound:SlimeBarrage","Slimebound:Equalize"],"picked":"Slimebound:FormOfPuddle","floor":26},{"not_picked":["Slimebound:SlimeBarrage","Slimebound:SamplingLick+1","Slimebound:ViciousTackle+1"],"picked":"SKIP","floor":29},{"not_picked":["Slimebound:SlimeBarrage","Slimebound:AcidTongue","Slimebound:PressTheAttack+1"],"picked":"SKIP","floor":32},{"not_picked":["Slimebound:FirmFortitude","Slimebound:LeechLife"],"picked":"Slimebound:PrepareCrush","floor":33},{"not_picked":["Slimebound:Prepare+1","Slimebound:GoopSpray"],"picked":"Slimebound:RollThrough+1","floor":37},{"not_picked":["Slimebound:FinishingTackle+1","Slimebound:ItLooksTasty","Slimebound:GoopSpray"],"picked":"SKIP","floor":38},{"not_picked":["Slimebound:GoopSpray+1","Slimebound:RollThrough","Slimebound:ItLooksTasty"],"picked":"SKIP","floor":39},{"not_picked":["Slimebound:TongueLash+1","Slimebound:LevelUp","Slimebound:SlimeBrawl"],"picked":"SKIP","floor":42}],"player_experience":517163,"relics_obtained":[{"floor":7,"key":"Anchor"},{"floor":9,"key":"Centennial Puzzle"},{"floor":23,"key":"Orichalcum"},{"floor":24,"key":"Oddly Smooth Stone"},{"floor":28,"key":"Kunai"},{"floor":40,"key":"Bottled Tornado"},{"floor":41,"key":"Letter Opener"}],"event_choices":[{"damage_healed":0,"gold_gain":0,"player_choice":"Success","damage_taken":18,"relics_obtained":["Ornamental Fan"],"max_hp_gain":0,"max_hp_loss":0,"event_name":"Scrap Ooze","floor":2,"gold_loss":0},{"cards_removed":["Slimebound:OozeBath"],"damage_healed":2,"gold_gain":0,"player_choice":"Offered Rare","damage_taken":0,"max_hp_gain":10,"max_hp_loss":0,"event_name":"Bonfire Elementals","floor":20,"gold_loss":0}],"is_beta":false,"boss_relics":[{"not_picked":["Slimebound:TarBlob","Snecko Eye"],"picked":"SacredBark"},{"not_picked":["Pandora\u0027s Box","Empty Cage"],"picked":"Philosopher\u0027s Stone"}],"items_purged_floors":[],"is_endless":false,"potions_floor_spawned":[9,11,12,14,15,23,26,32,33,39],"killed_by":"Spire Growth","ascension_level":0}}