{"host":"4id8injl4bo2b6ih","time":1610838387,"event":{"mods":["Act Like it!","BaseMod","Better Third Choice","Colored Map","Downfall","Friendly Minions","Hermit","Highlight Path","Ironclad Rager","Minty Spire (QoL Compilation)","Relic Stats","Robot Space Explorer","Shop Mod","Spicy Shops","StSLib"],"gold_per_floor":[99,99,99,99,20,20,44,76,76,86,86,99,99,125,133,249,249,49,78,93,105,105,105,105,153,153,153,10,10,10,10,27,57,57],"floor_reached":33,"language":"ENG","playtime":1994,"items_purged":[],"score":415,"play_id":"97ef0cc1-cd22-44ee-8ce5-85b2e371635e","local_time":"20210117000627","is_ascension_mode":true,"campfire_choices":[{"floor":1.0,"key":"RECALL"},{"data":"sneckomod:WideSting","floor":11.0,"key":"SMITH"},{"floor":13.0,"key":"REST"},{"data":"sneckomod:Restock","floor":18.0,"key":"SMITH"},{"floor":26.0,"key":"REST"},{"data":"sneckomod:UnknownDexterity","floor":30,"key":"SMITH"}],"circlet_count":0,"master_deck":["sneckomod:Defend","sneckomod:Defend","sneckomod:Defend+1","sneckomod:TailWhip","sneckomod:SnekBite","sneckomod:Unknown+1","sneckomod:Unknown","sneckomod:UnknownStrike","sneckomod:ImprovisedAttack","sneckomod:UnknownUncommonPower","sneckomod:ImprovisedAttack+1","sneckomod:WideSting+1","sneckomod:Unknown2Cost","sneckomod:GlitteringGambit","sneckomod:Unknown2Cost","sneckomod:Restock+1","sneckomod:UnknownDexterity+1","sneckomod:ImprovisedGuard+1","sneckomod:SlitherStrike","downfall:Bewildered","Reaper","sneckomod:UnknownClassTHE_CHAMP_GRAY","sneckomod:UnknownStrike","sneckomod:UnknownBlock"],"relics":["sneckomod:SneckoSoul","downfall:HeartsMalice","Bag of Preparation","Potion Belt","Sundial","Empty Cage","downfall:HeartBlessingGreen","downfall:HeartBlessingRed","sneckomod:BabySnecko","Mummified Hand","Mango","Nilry\u0027s Codex","sneckomod:SleevedAce"],"acts_visited":["Exordium","TheCity"],"potions_floor_usage":[32,33],"damage_taken":[{"damage":0.0,"enemies":"2 Louse","floor":2.0,"turns":1.0},{"damage":0.0,"enemies":"downfall:FleeingMerchant","floor":5.0,"turns":1.0},{"damage":0.0,"enemies":"Small Slimes","floor":6.0,"turns":1.0},{"damage":23.0,"enemies":"Gremlin Nob","floor":8.0,"turns":5.0},{"damage":10.0,"enemies":"Jaw Worm","floor":10.0,"turns":4.0},{"damage":11.0,"enemies":"Large Slime","floor":12.0,"turns":7.0},{"damage":20.0,"enemies":"3 Sentries","floor":14.0,"turns":4.0},{"damage":4.0,"enemies":"Blue Slaver","floor":15.0,"turns":4.0},{"damage":35.0,"enemies":"IC_STATUS_ARCHETYPE","floor":16.0,"turns":5.0},{"damage":19.0,"enemies":"3 Byrds","floor":19.0,"turns":7.0},{"damage":6.0,"enemies":"Chosen","floor":20.0,"turns":3.0},{"damage":2.0,"enemies":"Sentry and Sphere","floor":21.0,"turns":2.0},{"damage":50.0,"enemies":"Book of Stabbing","floor":25.0,"turns":7.0},{"damage":0,"enemies":"downfall:FleeingMerchant","floor":28,"turns":4},{"damage":0,"enemies":"Snecko","floor":32,"turns":4},{"damage":87,"enemies":"WA_ARCHETYPE_CALM","floor":33,"turns":10}],"seed_played":"-7579060679898520980","potions_obtained":[{"floor":10.0,"key":"Guardian:BlockOnCardUsePotion"},{"floor":12.0,"key":"Energy Potion"},{"floor":15.0,"key":"EntropicBrew"},{"floor":16.0,"key":"SpeedPotion"},{"floor":19.0,"key":"sneckomod:OffclassReductionPotion"},{"floor":21.0,"key":"LiquidMemories"},{"floor":32,"key":"Explosive Potion"}],"is_trial":false,"path_per_floor":["R","M","?","?","$","M","T","E","?","M","R","M","R","E","M","B",null,"R","M","M","M","?","R","T","E","R","?","$","?","R","?","M","B"],"character_chosen":"THE_SNECKO","items_purchased":["sneckomod:UnknownUncommonPower","sneckomod:SleevedAce"],"campfire_rested":2,"item_purchase_floors":[5,28],"current_hp_per_floor":[81,81,86,86,86,86,86,63,63,53,53,42,70,50,46,30,79,79,65,59,57,57,57,57,41,73,57,63,63,63,63,77,0,0],"gold":57,"neow_bonus":"THREE_ENEMY_KILL","is_daily":false,"chose_seed":false,"campfire_upgraded":3,"win_rate":0.0,"timestamp":1610838387,"path_taken":["R","M","?","?","?","M","T","E","?","M","R","M","R","E","M","BOSS","R","M","M","M","?","R","T","E","R","?","?","?","R","?","M","BOSS"],"items_purchased_type":["Card","Relic"],"build_version":"2020-12-22","purchased_purges":0,"victory":false,"max_hp_per_floor":[90,90,95,95,95,95,95,95,95,95,95,95,95,95,95,95,95,95,95,95,95,95,95,95,109,109,109,109,109,109,109,109,109,109],"relic_stats":{"counters":[16,66],"Sundial":[6],"Mummified Hand":[21],"Bag of Preparation":[26],"obtain_stats":[{"Potion Belt":8,"downfall:HeartBlessingRed":18,"Nilry\u0027s Codex":27,"downfall:HeartsMalice":0,"downfall:HeartBlessingGreen":18,"Mango":25,"Bag of Preparation":7,"sneckomod:SneckoSoul":0,"Empty Cage":17,"sneckomod:BabySnecko":22,"Sundial":14,"Mummified Hand":24,"sneckomod:SleevedAce":28},{"Potion Belt":4,"downfall:HeartBlessingRed":9,"Nilry\u0027s Codex":13,"downfall:HeartsMalice":0,"downfall:HeartBlessingGreen":9,"Mango":13,"Bag of Preparation":3,"sneckomod:SneckoSoul":0,"Empty Cage":9,"sneckomod:BabySnecko":12,"Sundial":7,"Mummified Hand":12,"sneckomod:SleevedAce":14},{"Potion Belt":5,"downfall:HeartBlessingRed":29,"Nilry\u0027s Codex":48,"downfall:HeartsMalice":0,"downfall:HeartBlessingGreen":29,"Mango":48,"Bag of Preparation":0,"sneckomod:SneckoSoul":0,"Empty Cage":29,"sneckomod:BabySnecko":41,"Sundial":20,"Mummified Hand":41,"sneckomod:SleevedAce":52}]},"card_choices":[{"not_picked":["sneckomod:RainOfDice","sneckomod:SoulRoll"],"picked":"sneckomod:UnknownStrike","floor":2.0},{"not_picked":["sneckomod:IronFang","sneckomod:UnknownCommonSkill"],"picked":"sneckomod:ImprovisedAttack","floor":5.0},{"not_picked":["sneckomod:QuickBite","sneckomod:UnknownCommonSkill"],"picked":"sneckomod:ImprovisedAttack","floor":6.0},{"not_picked":["sneckomod:QuickBite","sneckomod:SoulDraw"],"picked":"sneckomod:WideSting","floor":8.0},{"not_picked":["sneckomod:WideSting","sneckomod:DiceCrush"],"picked":"sneckomod:Unknown2Cost","floor":10.0},{"not_picked":["sneckomod:MixItUp","sneckomod:Unknown1Cost"],"picked":"sneckomod:UnknownRareAttack","floor":12.0},{"not_picked":["sneckomod:UnknownDraw","sneckomod:WideSting"],"picked":"sneckomod:GlitteringGambit","floor":14.0},{"not_picked":["sneckomod:UnknownCommonAttack","sneckomod:SoulDraw"],"picked":"sneckomod:Unknown2Cost","floor":15.0},{"not_picked":["sneckomod:GlitteringGambit","sneckomod:SerpentMind"],"picked":"sneckomod:Restock","floor":16.0},{"not_picked":["sneckomod:UnknownStrength+1","sneckomod:UnknownUncommonAttack"],"picked":"sneckomod:UnknownDexterity","floor":19.0},{"not_picked":["sneckomod:SoulRoll","sneckomod:UnknownDraw"],"picked":"sneckomod:ImprovisedGuard+1","floor":20.0},{"not_picked":["sneckomod:UnknownClassRED","sneckomod:UnknownDraw"],"picked":"sneckomod:SlitherStrike","floor":21.0},{"not_picked":["sneckomod:SoulDraw+1","sneckomod:DangerNoodle"],"picked":"sneckomod:UnknownClassTHE_CHAMP_GRAY","floor":25.0},{"not_picked":["sneckomod:QuickMove","sneckomod:MixItUp+1"],"picked":"sneckomod:UnknownStrike","floor":28},{"not_picked":["sneckomod:UnknownVulnerable+1","sneckomod:UnknownCommonAttack+1"],"picked":"sneckomod:UnknownBlock","floor":32}],"player_experience":448993,"relics_obtained":[{"floor":7.0,"key":"Bag of Preparation"},{"floor":8.0,"key":"Potion Belt"},{"floor":14.0,"key":"Sundial"},{"floor":24.0,"key":"Mummified Hand"},{"floor":25.0,"key":"Mango"},{"floor":27.0,"key":"Nilry\u0027s Codex"}],"event_choices":[{"damage_healed":0.0,"max_hp_gain":5.0,"max_hp_loss":0.0,"gold_gain":0.0,"event_name":"Big Fish","player_choice":"Donut","floor":3.0,"gold_loss":0.0,"damage_taken":0.0},{"damage_healed":0,"gold_gain":0,"player_choice":"Ignored","damage_taken":0,"max_hp_gain":0,"max_hp_loss":0,"event_name":"Ghosts","floor":31,"gold_loss":0}],"is_beta":false,"boss_relics":[{"not_picked":["Snecko Eye","Sozu"],"picked":"Empty Cage"}],"items_purged_floors":[],"is_endless":false,"potions_floor_spawned":[10,12,15,16,19,21,32],"killed_by":"WA_ARCHETYPE_CALM","ascension_level":9}}