{"host":"2pmmafybkq7zb6na","time":1610791544,"event":{"mods":["AchievementEnabler","BaseMod","Colored Map","Highlight Path","Minty Spire (QoL Compilation)","Quick Restart","StSLib","SuperFastMode"],"gold_per_floor":[110,35,54,72,89,89,107,107,107,134,163,173,184,74,74,175,175,195,214,247,70,90,90,90,114,161,161,171,171,187,198,198,294,294,312,327,129,143,193,222,222,222,222,68,87,13,33,50,50,50,50,50,10,43,43,43],"floor_reached":55,"language":"KOR","playtime":5238,"items_purged":["Strike_B","Defend_B","Defend_B"],"score":753,"play_id":"64414cf8-8227-4af8-9c01-883591947650","local_time":"20210116190544","is_ascension_mode":false,"campfire_choices":[{"data":"Loop","floor":6.0,"key":"SMITH"},{"data":"Hello World","floor":8.0,"key":"SMITH"},{"floor":15.0,"key":"REST"},{"floor":23,"key":"RECALL"},{"data":"White Noise","floor":27,"key":"SMITH"},{"data":"Storm","floor":29,"key":"SMITH"},{"data":"Capacitor","floor":32,"key":"SMITH"},{"data":"Creative AI","floor":41,"key":"SMITH"},{"data":"Buffer","floor":49,"key":"SMITH"},{"data":"Defragment","floor":52,"key":"SMITH"}],"circlet_count":0,"master_deck":["Defend_B","Defend_B","Zap","Dualcast","Hello World+1","Undo","Loop+1","Defragment+1","Conserve Battery","Electrodynamics","Barrage","Chill","Storm+1","Electrodynamics","Thunder Strike+1","Fission+1","Reboot+1","BootSequence","Ball Lightning+1","Turbo+1","Capacitor+1","White Noise+1","Buffer+1","Barrage+1","Beam Cell+1","Loop","Creative AI+1","Loop","PanicButton","Good Instincts","Enlightenment","Lockon","Self Repair","Cold Snap+1","Hello World+1","Undo","Go for the Eyes+1"],"relics":["Cracked Core","Mummified Hand","Odd Mushroom","Ornamental Fan","Astrolabe","Red Mask","Oddly Smooth Stone","Inserter","Gambling Chip","Pantograph","Bottled Tornado","Lee\u0027s Waffle","Lantern"],"acts_visited":["Exordium","TheCity","TheBeyond","TheEnding"],"potions_floor_usage":[38,50,50,55],"damage_taken":[{"damage":1.0,"enemies":"Jaw Worm","floor":1.0,"turns":3.0},{"damage":5.0,"enemies":"Small Slimes","floor":3.0,"turns":4.0},{"damage":0.0,"enemies":"2 Louse","floor":4.0,"turns":2.0},{"damage":11.0,"enemies":"Blue Slaver","floor":5.0,"turns":6.0},{"damage":23.0,"enemies":"Lots of Slimes","floor":7.0,"turns":5.0},{"damage":0.0,"enemies":"The Mushroom Lair","floor":10.0,"turns":5.0},{"damage":27.0,"enemies":"Gremlin Nob","floor":11.0,"turns":5.0},{"damage":0.0,"enemies":"Large Slime","floor":12.0,"turns":3.0},{"damage":3.0,"enemies":"Exordium Wildlife","floor":13.0,"turns":3.0},{"damage":3.0,"enemies":"The Guardian","floor":16.0,"turns":9.0},{"damage":0.0,"enemies":"Shell Parasite","floor":18.0,"turns":2.0},{"damage":0,"enemies":"3 Byrds","floor":19,"turns":3},{"damage":0,"enemies":"Masked Bandits","floor":20,"turns":2},{"damage":0,"enemies":"Cultist and Chosen","floor":22,"turns":3},{"damage":0,"enemies":"Centurion and Healer","floor":28,"turns":2},{"damage":4,"enemies":"Snake Plant","floor":30,"turns":2},{"damage":0,"enemies":"Shelled Parasite and Fungi","floor":31,"turns":3},{"damage":0,"enemies":"Automaton","floor":33,"turns":4},{"damage":0,"enemies":"Orb Walker","floor":35,"turns":3},{"damage":0,"enemies":"3 Darklings","floor":36,"turns":3},{"damage":5,"enemies":"Writhing Mass","floor":38,"turns":3},{"damage":3,"enemies":"Mind Bloom Boss Battle","floor":39,"turns":3},{"damage":0,"enemies":"Nemesis","floor":40,"turns":3},{"damage":0,"enemies":"Transient","floor":45,"turns":5},{"damage":1,"enemies":"Maw","floor":47,"turns":4},{"damage":5,"enemies":"Sphere and 2 Shapes","floor":48,"turns":2},{"damage":25,"enemies":"Time Eater","floor":50,"turns":7},{"damage":62,"enemies":"Shield and Spear","floor":54,"turns":4},{"damage":51,"enemies":"The Heart","floor":55,"turns":2}],"seed_played":"3602918921685669822","potions_obtained":[{"floor":3.0,"key":"Energy Potion"},{"floor":4.0,"key":"GamblersBrew"},{"floor":11.0,"key":"Dexterity Potion"},{"floor":13.0,"key":"Weak Potion"},{"floor":16.0,"key":"CultistPotion"},{"floor":19,"key":"Strength Potion"},{"floor":20,"key":"Strength Potion"},{"floor":39,"key":"BlessingOfTheForge"},{"floor":47,"key":"SpeedPotion"},{"floor":48,"key":"Regen Potion"}],"is_trial":false,"path_per_floor":["M","$","M","M","M","R","M","R","T","?","E","M","M","$","R","B",null,"M","M","?","$","M","R","?","T","T","R","M","R","M","M","R","B",null,"M","M","$","M","?","E","R","?","T","$","M","$","M","M","R","B",null,"R","$","E","B"],"character_chosen":"DEFECT","items_purchased":["Chill","Storm","Capacitor","Loop","Lee\u0027s Waffle","Self Repair","Undo"],"campfire_rested":1,"item_purchase_floors":[14,14,21,37,44,46,53],"current_hp_per_floor":[74,74,69,69,58,58,35,35,35,35,8,8,5,5,27,24,75,75,75,75,75,75,75,75,75,75,75,75,75,71,71,71,71,75,75,75,75,70,67,67,67,57,57,82,82,82,82,77,77,76,82,82,82,20,0,0],"gold":43,"neow_bonus":"THREE_CARDS","is_daily":false,"chose_seed":false,"campfire_upgraded":8,"win_rate":0.0,"timestamp":1610791544,"path_taken":["M","$","M","M","M","R","M","R","T","?","E","M","M","$","R","BOSS","M","M","?","$","M","R","?","?","T","R","?","R","M","M","R","BOSS","M","M","$","M","?","E","R","?","T","$","M","?","M","M","R","BOSS","R","$","E","BOSS"],"items_purchased_type":["Card","Card","Card","Card","Relic","Card","Card"],"build_version":"2020-12-22","purchased_purges":3,"victory":false,"max_hp_per_floor":[75,75,75,75,75,75,75,75,75,75,75,75,75,75,75,75,75,75,75,75,75,75,75,75,75,75,75,75,75,75,75,75,75,75,75,75,75,75,75,75,75,75,75,82,82,82,82,82,82,82,82,82,82,82,82,82],"card_choices":[{"not_picked":["Coolheaded","Reprogram"],"picked":"Hello World","floor":0.0},{"not_picked":["Stack","Fusion"],"picked":"Undo","floor":1.0},{"not_picked":["Rebound","Streamline","Steam Power"],"picked":"SKIP","floor":3.0},{"not_picked":["Fusion","Hello World"],"picked":"Loop","floor":4.0},{"not_picked":["Streamline","Sweeping Beam","Rebound"],"picked":"SKIP","floor":5.0},{"not_picked":["Sweeping Beam","Barrage","Redo"],"picked":"SKIP","floor":7.0},{"not_picked":["Consume","Stack"],"picked":"Defragment","floor":10.0},{"not_picked":["Sweeping Beam","Double Energy"],"picked":"Conserve Battery","floor":11.0},{"not_picked":["Conserve Battery","Leap"],"picked":"Electrodynamics","floor":12.0},{"not_picked":["Hologram","Gash"],"picked":"Barrage","floor":13.0},{"not_picked":["Amplify","Hyperbeam"],"picked":"Electrodynamics","floor":16.0},{"not_picked":["Hologram","Cold Snap"],"picked":"BootSequence","floor":18.0},{"not_picked":["Stack","Barrage+1"],"picked":"Ball Lightning+1","floor":19},{"not_picked":["Consume","Redo"],"picked":"Turbo+1","floor":20},{"not_picked":["Sunder+1","Consume+1","Turbo"],"picked":"SKIP","floor":22},{"not_picked":["Turbo","Coolheaded","Leap"],"picked":"SKIP","floor":28},{"not_picked":["BootSequence","Stack+1","Hyperbeam"],"picked":"SKIP","floor":30},{"not_picked":["Conserve Battery","Stack","Hologram"],"picked":"SKIP","floor":31},{"not_picked":["Core Surge","Thunder Strike"],"picked":"Buffer","floor":33},{"not_picked":["Conserve Battery","Melter"],"picked":"Barrage+1","floor":35},{"not_picked":["Steam","Auto Shields+1"],"picked":"Beam Cell+1","floor":36},{"not_picked":["Sweeping Beam+1","Melter+1"],"picked":"Creative AI","floor":38},{"not_picked":["Streamline","Sweeping Beam+1"],"picked":"Loop","floor":39},{"not_picked":["Aggregate","Steam","Redo+1"],"picked":"SKIP","floor":40},{"not_picked":["Mind Blast","Secret Weapon"],"picked":"PanicButton","floor":42},{"not_picked":["Impatience","Apotheosis"],"picked":"Good Instincts","floor":42},{"not_picked":["Master of Strategy","Flash of Steel"],"picked":"Enlightenment","floor":42},{"not_picked":["Stack+1","Double Energy+1"],"picked":"Lockon","floor":45},{"not_picked":["Leap","Stack"],"picked":"Cold Snap+1","floor":47},{"not_picked":["Melter","Barrage"],"picked":"Hello World+1","floor":48},{"not_picked":["Sunder+1","Recycle+1"],"picked":"Go for the Eyes+1","floor":54}],"player_experience":51659,"relics_obtained":[{"floor":9.0,"key":"Mummified Hand"},{"floor":10.0,"key":"Odd Mushroom"},{"floor":11.0,"key":"Ornamental Fan"},{"floor":20,"key":"Red Mask"},{"floor":26,"key":"Oddly Smooth Stone"},{"floor":39,"key":"Gambling Chip"},{"floor":40,"key":"Pantograph"},{"floor":43,"key":"Bottled Tornado"},{"floor":54,"key":"Lantern"}],"event_choices":[{"damage_healed":0.0,"max_hp_gain":0.0,"max_hp_loss":0.0,"gold_gain":0.0,"event_name":"Mushrooms","player_choice":"Fought Mushrooms","floor":10.0,"gold_loss":0.0,"damage_taken":0.0},{"damage_healed":0,"gold_gain":0,"player_choice":"Fought Bandits","damage_taken":0,"max_hp_gain":0,"max_hp_loss":0,"event_name":"Masked Bandits","floor":20,"gold_loss":0},{"damage_healed":0,"gold_gain":0,"player_choice":"Read","damage_taken":0,"max_hp_gain":0,"max_hp_loss":0,"event_name":"The Library","floor":24,"gold_loss":0,"cards_obtained":["White Noise"]},{"damage_healed":0,"gold_gain":0,"player_choice":"Fight","damage_taken":0,"max_hp_gain":0,"max_hp_loss":0,"event_name":"MindBloom","floor":39,"gold_loss":0},{"damage_healed":0,"gold_gain":0,"player_choice":"Memory 3","damage_taken":10,"max_hp_gain":0,"max_hp_loss":0,"event_name":"SensoryStone","floor":42,"gold_loss":0}],"is_beta":false,"boss_relics":[{"not_picked":["Cursed Key","Tiny House"],"picked":"Astrolabe"},{"not_picked":["Velvet Choker","Snecko Eye"],"picked":"Inserter"}],"items_purged_floors":[2,21,37],"is_endless":false,"potions_floor_spawned":[3,4,11,13,16,19,20,22,33,39,45,47,48],"killed_by":"The Heart","ascension_level":0}}