{"host":"37dk0reb6x0du8wx","time":1610770078,"event":{"mods":["BaseMod","Colored Map","DeckTracker","Minty Spire (QoL Compilation)","Quick Restart","StSLib"],"gold_per_floor":[117,292,367,317,19,44,44,72,122,122,141,141,172,187,187,288,288,299,311,54,0,0,0,0],"floor_reached":23,"language":"KOR","playtime":9074,"items_purged":["Doubt","Strike_B"],"score":306,"play_id":"bea641a0-3155-4cac-8ba5-29d28d6b4896","local_time":"20210116130758","is_ascension_mode":true,"campfire_choices":[{"data":"Defragment","floor":7,"key":"SMITH"},{"data":"Defragment","floor":10,"key":"SMITH"},{"floor":15,"key":"REST"}],"circlet_count":0,"master_deck":["Strike_B","Strike_B","Defend_B","Defend_B","Defend_B","Defend_B","Zap","Dualcast","Defragment+1","Defragment+1","Capacitor","Doom and Gloom","Defragment","Leap"],"relics":["Cracked Core","NeowsBlessing","DollysMirror","Tiny Chest","Potion Belt","Centennial Puzzle","Happy Flower","Sundial","Philosopher\u0027s Stone","Orichalcum","Blue Candle"],"acts_visited":["Exordium","TheCity"],"potions_floor_usage":[19,19],"damage_taken":[{"damage":0,"enemies":"Cultist","floor":1,"turns":1},{"damage":0,"enemies":"3 Sentries","floor":6,"turns":1},{"damage":0,"enemies":"Gremlin Nob","floor":8,"turns":1},{"damage":12,"enemies":"Small Slimes","floor":11,"turns":3},{"damage":15,"enemies":"Lagavulin","floor":13,"turns":7},{"damage":1,"enemies":"2 Louse","floor":14,"turns":2},{"damage":44,"enemies":"Hexaghost","floor":16,"turns":10},{"damage":7,"enemies":"Spheric Guardian","floor":18,"turns":3},{"damage":42,"enemies":"Shell Parasite","floor":19,"turns":6},{"damage":44,"enemies":"Book of Stabbing","floor":23,"turns":4}],"seed_played":"-6879761716650420523","potions_obtained":[{"floor":1,"key":"PowerPotion"},{"floor":6,"key":"DuplicationPotion"},{"floor":13,"key":"Regen Potion"},{"floor":19,"key":"FearPotion"}],"is_trial":false,"path_per_floor":["M","?","?","?","$","E","R","E","T","R","M","?","E","M","R","B",null,"M","M","$","?","T","E"],"character_chosen":"DEFECT","items_purchased":["DollysMirror","Capacitor","Orichalcum"],"campfire_rested":1,"item_purchase_floors":[5,5,20],"current_hp_per_floor":[75,75,64,64,64,64,64,64,64,64,52,52,37,36,58,14,75,68,40,40,40,40,0,0],"gold":0,"neow_bonus":"THREE_ENEMY_KILL","is_daily":false,"chose_seed":false,"campfire_upgraded":2,"win_rate":0.0,"timestamp":1610770078,"path_taken":["M","?","?","?","$","E","R","E","T","R","M","?","E","M","R","BOSS","M","?","$","?","?","E"],"items_purchased_type":["Relic","Card","Relic"],"build_version":"2020-12-22","purchased_purges":2,"victory":false,"max_hp_per_floor":[75,75,75,75,75,75,75,75,75,75,75,75,75,75,75,75,75,75,75,75,75,75,75,75],"card_choices":[{"not_picked":["Chaos","Conserve Battery"],"picked":"Defragment","floor":1},{"not_picked":["Scrape","Gash"],"picked":"Doom and Gloom","floor":6},{"not_picked":["Fusion","Self Repair"],"picked":"Defragment","floor":8},{"not_picked":["Steam","Rip and Tear"],"picked":"Leap","floor":11},{"not_picked":["Ball Lightning","Steam","Undo"],"picked":"SKIP","floor":13},{"not_picked":["Doom and Gloom","Force Field","White Noise"],"picked":"SKIP","floor":14},{"not_picked":["Coolheaded+1","Beam Cell","Streamline"],"picked":"SKIP","floor":18},{"not_picked":["Coolheaded+1","Heatsinks+1","Ball Lightning"],"picked":"SKIP","floor":19}],"player_experience":194500,"relics_obtained":[{"floor":6,"key":"Tiny Chest"},{"floor":8,"key":"Potion Belt"},{"floor":9,"key":"Centennial Puzzle"},{"floor":13,"key":"Sundial"},{"floor":22,"key":"Blue Candle"}],"event_choices":[{"damage_healed":0,"gold_gain":175,"player_choice":"AGREE","damage_taken":0,"max_hp_gain":0,"max_hp_loss":0,"event_name":"Liars Game","floor":2,"gold_loss":0,"cards_obtained":["Doubt"]},{"damage_healed":0,"gold_gain":75,"player_choice":"Gather Gold","damage_taken":11,"max_hp_gain":0,"max_hp_loss":0,"event_name":"World of Goop","floor":3,"gold_loss":0},{"cards_removed":["Strike_B"],"damage_healed":0,"gold_gain":0,"player_choice":"Card Removal","damage_taken":0,"max_hp_gain":0,"max_hp_loss":0,"event_name":"The Cleric","floor":4,"gold_loss":50},{"damage_healed":0,"gold_gain":0,"player_choice":"Gave Potion","damage_taken":0,"relics_obtained":["Happy Flower"],"max_hp_gain":0,"max_hp_loss":0,"event_name":"WeMeetAgain","floor":12,"gold_loss":0},{"damage_healed":0,"gold_gain":0,"player_choice":"Paid Fearfully","damage_taken":0,"max_hp_gain":0,"max_hp_loss":0,"event_name":"Masked Bandits","floor":21,"gold_loss":54}],"is_beta":false,"boss_relics":[{"not_picked":["Snecko Eye","Nuclear Battery"],"picked":"Philosopher\u0027s Stone"}],"items_purged_floors":[5,20],"is_endless":false,"potions_floor_spawned":[1,6,13,19],"killed_by":"Book of Stabbing","ascension_level":4}}