{"host":"dtvgc7uk609653br","time":1610763760,"event":{"mods":["BaseMod","Minty Spire (QoL Compilation)","Shade Mod","StSLib","The Druid"],"gold_per_floor":[114,133,208,208,227,259,259,146,146,146,165,165,165,180,180,284,284,284,284,284,284,284,284,284,284,284,284,284,284,284,284,284,284,284],"floor_reached":33,"language":"ENG","playtime":1687,"items_purged":["Shade:Strike_Shade"],"score":292,"play_id":"6ade62ca-5e68-447e-84df-1360693b1540","local_time":"20210115212240","is_ascension_mode":false,"campfire_choices":[{"floor":13,"key":"REST"},{"data":"Shade:Carnophage","floor":15,"key":"SMITH"},{"data":"Shade:FuneraryJewels","floor":23,"key":"SMITH"},{"data":"Shade:Brains","floor":25,"key":"SMITH"},{"data":"Shade:LoseControl","floor":32,"key":"SMITH"}],"circlet_count":0,"master_deck":["Shade:Strike_Shade+1","Shade:Strike_Shade","Shade:Strike_Shade+1","Shade:Defend_Shade","Shade:Defend_Shade","Shade:Defend_Shade","Shade:Defend_Shade+1","Shade:AnimateDead+1","Shade:CarefulCut","Shade:Brains+1","Shade:Carnophage+1","Shade:Excise","Shade:LoseControl+1","Shade:FeralStrike","Shade:FuneraryJewels+1","Shade:GraveStillness+1","Shade:FleshToFlesh+1"],"relics":["Shade:YorickSkull","Letter Opener","MealTicket","Turnip","Ectoplasm","Toxic Egg 2","HornCleat","InkBottle","Whetstone"],"acts_visited":["Exordium","TheCity"],"potions_floor_usage":[33,33,33],"damage_taken":[{"damage":0,"enemies":"Jaw Worm","floor":1,"turns":5},{"damage":0,"enemies":"Small Slimes","floor":2,"turns":3},{"damage":1,"enemies":"2 Louse","floor":5,"turns":2},{"damage":24,"enemies":"3 Sentries","floor":6,"turns":12},{"damage":0,"enemies":"Looter","floor":11,"turns":3},{"damage":0,"enemies":"Red Slaver","floor":14,"turns":4},{"damage":4,"enemies":"The Guardian","floor":16,"turns":15},{"damage":0,"enemies":"3 Byrds","floor":18,"turns":4},{"damage":0,"enemies":"Spheric Guardian","floor":20,"turns":4},{"damage":0,"enemies":"Snecko","floor":22,"turns":7},{"damage":0,"enemies":"Snake Plant","floor":27,"turns":5},{"damage":0,"enemies":"Centurion and Healer","floor":29,"turns":11},{"damage":0,"enemies":"Book of Stabbing","floor":30,"turns":9},{"damage":0,"enemies":"3 Cultists","floor":31,"turns":5},{"damage":90,"enemies":"Collector","floor":33,"turns":36}],"seed_played":"-7966456954186543804","potions_obtained":[{"floor":2,"key":"LiquidBronze"},{"floor":6,"key":"Regen Potion"},{"floor":14,"key":"Swift Potion"}],"is_trial":false,"path_per_floor":["M","M","?","?","M","E","?","$","T","?","M","T","R","M","R","B",null,"M","$","M","T","M","R","T","R","T","M","?","M","E","M","R","B"],"character_chosen":"SHADE","items_purchased":["Shade:Carnophage"],"campfire_rested":1,"item_purchase_floors":[8],"current_hp_per_floor":[65,65,54,59,58,34,20,20,20,20,20,20,41,41,41,37,70,70,70,70,70,70,70,70,70,70,70,70,70,70,70,70,0,0],"gold":284,"neow_bonus":"THREE_CARDS","is_daily":false,"chose_seed":false,"campfire_upgraded":4,"win_rate":0.0,"timestamp":1610763760,"path_taken":["M","M","?","?","?","E","?","$","T","?","M","?","R","?","R","BOSS","M","$","M","?","M","R","?","R","T","M","?","M","E","M","R","BOSS"],"items_purchased_type":["Card"],"build_version":"2020-12-22","purchased_purges":1,"victory":false,"max_hp_per_floor":[65,65,65,70,70,70,70,70,70,70,70,70,70,70,70,70,70,70,70,70,70,70,70,70,70,70,70,70,70,70,70,70,70,70],"card_choices":[{"not_picked":["Shade:SpectralStrikes","Shade:ClawBack"],"picked":"Shade:Brains","floor":0},{"not_picked":["Shade:AncientSpear","Shade:Frenzy","Shade:LyeBath"],"picked":"SKIP","floor":1},{"not_picked":["Shade:TouchOfTheGrave","Shade:SkeletonHug","Shade:BoneShards"],"picked":"SKIP","floor":2},{"not_picked":["Shade:FingerOfDeath","Shade:CallWraith","Shade:FleshLikeOak"],"picked":"SKIP","floor":5},{"not_picked":["Shade:CallWraith","Shade:FleshLikeOak","Shade:Frenzy"],"picked":"SKIP","floor":6},{"not_picked":["Shade:GreaterAnimation","Shade:ExtraLimbs","Shade:SpontaneousRitual"],"picked":"SKIP","floor":11},{"not_picked":["Shade:CommandSoldier","Shade:FingerOfDeath"],"picked":"Shade:Excise","floor":14},{"not_picked":["Shade:GreaterAnimation","Shade:OfferingToTheBeyond"],"picked":"Shade:LoseControl","floor":16},{"not_picked":["Shade:Bonestorm","Shade:WallOfFlesh+1"],"picked":"Shade:FeralStrike","floor":18},{"not_picked":["Shade:CommandSoldier","Shade:SanguineRitual"],"picked":"Shade:FuneraryJewels","floor":20},{"not_picked":["Shade:ClawBack","Shade:RitualOffering+1"],"picked":"Shade:GraveStillness+1","floor":22},{"not_picked":["Shade:AncientSpear","Shade:SkeletonArmy+1"],"picked":"Shade:FleshToFlesh+1","floor":27},{"not_picked":["Shade:CommandSoldier+1","Shade:BoneShards","Shade:Tombstone"],"picked":"SKIP","floor":29},{"not_picked":["Shade:FingerOfDeath+1","Shade:SpectralStrikes","Shade:Haruspicy+1"],"picked":"SKIP","floor":30},{"not_picked":["Shade:Bonestorm","Shade:GreyBargain+1","Shade:Premonition+1"],"picked":"SKIP","floor":31}],"player_experience":534633,"relics_obtained":[{"floor":6,"key":"Letter Opener"},{"floor":9,"key":"MealTicket"},{"floor":12,"key":"Turnip"},{"floor":21,"key":"Toxic Egg 2"},{"floor":24,"key":"HornCleat"},{"floor":26,"key":"InkBottle"},{"floor":30,"key":"Whetstone"}],"event_choices":[{"damage_healed":0,"gold_gain":75,"player_choice":"Gather Gold","damage_taken":11,"max_hp_gain":0,"max_hp_loss":0,"event_name":"World of Goop","floor":3,"gold_loss":0},{"damage_healed":0,"gold_gain":0,"player_choice":"Donut","damage_taken":0,"max_hp_gain":5,"max_hp_loss":0,"event_name":"Big Fish","floor":4,"gold_loss":0},{"damage_healed":0,"gold_gain":0,"player_choice":"Entered Light","damage_taken":14,"max_hp_gain":0,"max_hp_loss":0,"event_name":"Shining Light","floor":7,"gold_loss":0,"cards_upgraded":["Shade:Defend_Shade","Shade:AnimateDead"]},{"damage_healed":0,"gold_gain":0,"player_choice":"Ignored","damage_taken":0,"max_hp_gain":0,"max_hp_loss":0,"event_name":"Golden Wing","floor":10,"gold_loss":0},{"damage_healed":0,"gold_gain":0,"player_choice":"Ignored","damage_taken":0,"max_hp_gain":0,"max_hp_loss":0,"event_name":"Vampires","floor":28,"gold_loss":0}],"is_beta":false,"boss_relics":[{"not_picked":["Fusion Hammer","SlaversCollar"],"picked":"Ectoplasm"}],"items_purged_floors":[8],"is_endless":false,"potions_floor_spawned":[2,6,14,18,20,27,29],"killed_by":"Collector","ascension_level":0}}