{"host":"v16t4fbv9yk4gg06","time":1610820219,"event":{"mods":["BaseMod","Bestiary","Dark Map","Fox Events","Minty Spire (QoL Compilation)","Robot Space Explorer","StSLib","The Dragon Tamer"],"gold_per_floor":[111,111,123,298,309,309,320,352,421,421,421,441,460,51,51,51,51],"floor_reached":16,"language":"ENG","playtime":602,"items_purged":[],"score":127,"play_id":"d00ceea7-c618-4154-9de5-912998b61800","local_time":"20210116190339","is_ascension_mode":false,"campfire_choices":[{"data":"RobotSpaceExplorer:MiniDrones","floor":6,"key":"SMITH"},{"floor":10,"key":"REST"},{"floor":15,"key":"REST"}],"circlet_count":0,"master_deck":["RobotSpaceExplorer:Strike","RobotSpaceExplorer:Strike","RobotSpaceExplorer:Strike","RobotSpaceExplorer:Strike","RobotSpaceExplorer:Defend","RobotSpaceExplorer:Defend","RobotSpaceExplorer:Defend","RobotSpaceExplorer:Defend","RobotSpaceExplorer:Scan","RobotSpaceExplorer:MiniLasers","RobotSpaceExplorer:MiniDrones+1","Doubt","RobotSpaceExplorer:DoubleFind+1","RobotSpaceExplorer:Calculate"],"relics":["Busted Crown","Girya","InkBottle","Strawberry","Pear"],"acts_visited":["Exordium"],"potions_floor_usage":[],"damage_taken":[{"damage":1,"enemies":"Jaw Worm","floor":1,"turns":4},{"damage":0,"enemies":"Cultist","floor":3,"turns":4},{"damage":0,"enemies":"2 Louse","floor":5,"turns":2},{"damage":4,"enemies":"Red Slaver","floor":7,"turns":6},{"damage":67,"enemies":"Gremlin Nob","floor":8,"turns":8},{"damage":9,"enemies":"Exordium Thugs","floor":12,"turns":6},{"damage":13,"enemies":"Exordium Wildlife","floor":13,"turns":6},{"damage":52,"enemies":"Slime Boss","floor":16,"turns":8}],"seed_played":"7223807172910931937","potions_obtained":[{"floor":5,"key":"Strength Potion"},{"floor":7,"key":"Ancient Potion"},{"floor":12,"key":"SkillPotion"}],"is_trial":false,"path_per_floor":["M","?","M","?","M","R","M","E","T","R","?","M","M","$","R","B"],"character_chosen":"RobotSpaceExplorer","items_purchased":["Strawberry","Pear"],"campfire_rested":2,"item_purchase_floors":[14,14],"current_hp_per_floor":[74,74,74,74,74,74,70,3,3,25,25,16,3,20,47,0,0],"gold":51,"neow_bonus":"BOSS_RELIC","is_daily":false,"chose_seed":false,"campfire_upgraded":1,"win_rate":0.0,"timestamp":1610820219,"path_taken":["M","?","?","?","M","R","M","E","T","R","?","M","?","?","R","BOSS"],"items_purchased_type":["Relic","Relic"],"build_version":"2020-12-22","purchased_purges":0,"victory":false,"max_hp_per_floor":[75,75,75,75,75,75,75,75,75,75,75,75,75,92,92,92,92],"card_choices":[{"not_picked":[],"picked":"RobotSpaceExplorer:MiniDrones","floor":1},{"not_picked":["RobotSpaceExplorer:Counterblock"],"picked":"SKIP","floor":3},{"not_picked":["RobotSpaceExplorer:ImprovisedAttack"],"picked":"SKIP","floor":5},{"not_picked":["RobotSpaceExplorer:ShockKick"],"picked":"SKIP","floor":7},{"not_picked":[],"picked":"RobotSpaceExplorer:DoubleFind","floor":8},{"not_picked":["RobotSpaceExplorer:SwiftStep"],"picked":"SKIP","floor":12},{"not_picked":[],"picked":"RobotSpaceExplorer:Calculate","floor":13}],"player_experience":281380,"relics_obtained":[{"floor":8,"key":"Girya"},{"floor":9,"key":"InkBottle"}],"event_choices":[{"damage_healed":0,"gold_gain":0,"player_choice":"Ignored","damage_taken":0,"max_hp_gain":0,"max_hp_loss":0,"event_name":"Purifier","floor":2,"gold_loss":0},{"damage_healed":0,"gold_gain":175,"player_choice":"AGREE","damage_taken":0,"max_hp_gain":0,"max_hp_loss":0,"event_name":"Liars Game","floor":4,"gold_loss":0,"cards_obtained":["Doubt"]},{"damage_healed":0,"gold_gain":0,"player_choice":"Upgraded","damage_taken":0,"max_hp_gain":0,"max_hp_loss":0,"event_name":"Upgrade Shrine","floor":11,"gold_loss":0,"cards_upgraded":["RobotSpaceExplorer:DoubleFind"]}],"is_beta":false,"boss_relics":[],"items_purged_floors":[],"is_endless":false,"potions_floor_spawned":[5,7,12,13],"killed_by":"Slime Boss","ascension_level":0}}