{"host":"4rvakrj1idbgia3f","time":1610798030,"event":{"mods":["BaseMod","Colored Map","Colored Powertips","DeckTracker","Highlight Path","Minty Spire (QoL Compilation)","Random Character Button","StSLib"],"gold_per_floor":[109,122,122,172,192,192,219,219,297,316,316,374,374,391,391,464,464,477,494,504,11,11,11,40,40,40,40,66,66,92,92,92,163,163,178,178,178,197,213,213,244,257,283,303,303,303,333,346,346,346,346,346],"floor_reached":51,"language":"JPN","playtime":4110,"items_purged":["Strike_B"],"score":1426,"play_id":"63e1f9bf-e2ca-41b8-800f-0443d1fca4d1","local_time":"20210116205350","is_ascension_mode":true,"campfire_choices":[{"data":"Darkness","floor":6.0,"key":"SMITH"},{"data":"Seek","floor":8.0,"key":"SMITH"},{"data":"Zap","floor":11.0,"key":"SMITH"},{"data":"Static Discharge","floor":15.0,"key":"SMITH"},{"data":"Capacitor","floor":23.0,"key":"SMITH"},{"floor":25.0,"key":"REST"},{"data":"Aggregate","floor":29.0,"key":"SMITH"},{"floor":32.0,"key":"REST"},{"data":"Hologram","floor":40,"key":"SMITH"},{"data":"Seek","floor":46,"key":"SMITH"},{"floor":49,"key":"RECALL"}],"circlet_count":0,"master_deck":["AscendersBane","Strike_B","Strike_B","Defend_B","Defend_B","Defend_B","Zap+1","Dualcast","Darkness+1","Coolheaded","Redo","Seek+1","Compile Driver","Static Discharge+1","FTL","Doom and Gloom","Seek+1","Aggregate+1","Genetic Algorithm","Hologram+1","Capacitor","Seek+1","Capacitor+1","Echo Form","Tempest","Thunder Strike+1","Undo","Compile Driver+1"],"relics":["FrozenCore","NeowsBlessing","Pear","Incense Burner","Gremlin Horn","Mango","Bag of Preparation","DollysMirror","Anchor","Frozen Egg 2","Ice Cream","Molten Egg 2","Busted Crown","Happy Flower","Art of War","Boot"],"acts_visited":["Exordium","TheCity","TheBeyond"],"potions_floor_usage":[50],"damage_taken":[{"damage":0.0,"enemies":"Cultist","floor":1.0,"turns":1.0},{"damage":0.0,"enemies":"Small Slimes","floor":2.0,"turns":1.0},{"damage":0.0,"enemies":"2 Louse","floor":5.0,"turns":1.0},{"damage":16.0,"enemies":"Lagavulin","floor":7.0,"turns":5.0},{"damage":8.0,"enemies":"Looter","floor":10.0,"turns":4.0},{"damage":11.0,"enemies":"3 Sentries","floor":12.0,"turns":8.0},{"damage":7.0,"enemies":"Lots of Slimes","floor":14.0,"turns":3.0},{"damage":24.0,"enemies":"Hexaghost","floor":16.0,"turns":5.0},{"damage":16.0,"enemies":"2 Thieves","floor":18.0,"turns":3.0},{"damage":1.0,"enemies":"Shell Parasite","floor":19.0,"turns":4.0},{"damage":0.0,"enemies":"3 Cultists","floor":20.0,"turns":4.0},{"damage":31.0,"enemies":"Gremlin Leader","floor":24.0,"turns":7.0},{"damage":7.0,"enemies":"Book of Stabbing","floor":28.0,"turns":6.0},{"damage":32.0,"enemies":"Gremlin Leader","floor":30.0,"turns":6.0},{"damage":18.0,"enemies":"Automaton","floor":33.0,"turns":8.0},{"damage":0.0,"enemies":"3 Darklings","floor":35.0,"turns":3.0},{"damage":0.0,"enemies":"Orb Walker","floor":38.0,"turns":5.0},{"damage":1,"enemies":"4 Shapes","floor":39,"turns":6},{"damage":23,"enemies":"Nemesis","floor":41,"turns":7},{"damage":11,"enemies":"3 Darklings","floor":42,"turns":4},{"damage":17,"enemies":"Transient","floor":44,"turns":6},{"damage":17,"enemies":"Reptomancer","floor":47,"turns":5},{"damage":0,"enemies":"Writhing Mass","floor":48,"turns":3},{"damage":38,"enemies":"Donu and Deca","floor":50,"turns":9},{"damage":0,"enemies":"Awakened One","floor":51,"turns":1}],"seed_played":"6207369512859081626","potions_obtained":[{"floor":1.0,"key":"SteroidPotion"},{"floor":2.0,"key":"DistilledChaos"},{"floor":10.0,"key":"ColorlessPotion"},{"floor":16.0,"key":"Weak Potion"},{"floor":20.0,"key":"PowerPotion"},{"floor":24.0,"key":"AttackPotion"},{"floor":33.0,"key":"Fire Potion"},{"floor":38.0,"key":"FearPotion"},{"floor":41,"key":"DuplicationPotion"}],"is_trial":false,"path_per_floor":["M","M","T","?","M","R","E","R","T","M","R","?","?","M","R","B",null,"M","M","M","$","?","R","E","R","T","?","E","R","E","?","R","B",null,"M","?","T","M","M","R","E","M","T","M","?","R","E","M","R","B","B"],"character_chosen":"DEFECT","items_purchased":["Capacitor","Bag of Preparation","DollysMirror"],"campfire_rested":2,"item_purchase_floors":[21,21,21],"current_hp_per_floor":[64,64,74,74,74,74,58,58,58,50,50,53,53,46,46,22,77,61,60,60,60,60,60,29,57,57,57,50,50,18,18,46,28,78,78,78,78,78,77,77,54,43,43,26,78,78,61,61,61,23,23,23],"gold":346,"neow_bonus":"THREE_ENEMY_KILL","is_daily":false,"chose_seed":false,"campfire_upgraded":8,"win_rate":0.0,"timestamp":1610798030,"path_taken":["M","M","?","?","M","R","E","R","T","?","R","?","?","?","R","BOSS","M","M","M","$","?","R","E","R","T","?","E","R","E","?","R","BOSS","M","?","?","M","M","R","E","M","T","M","?","R","E","M","R","BOSS","BOSS"],"items_purchased_type":["Card","Relic","Relic"],"build_version":"2020-12-22","purchased_purges":1,"victory":false,"max_hp_per_floor":[71,71,81,81,81,81,81,81,81,81,81,95,95,95,95,95,95,95,95,95,95,95,95,95,95,95,95,95,95,95,95,95,95,95,95,95,95,95,95,95,95,95,95,95,78,78,78,78,78,78,78,78],"card_choices":[{"not_picked":["Reinforced Body","Reprogram"],"picked":"Darkness","floor":1.0},{"not_picked":["Beam Cell","Steam"],"picked":"Coolheaded","floor":2.0},{"not_picked":["Leap","Beam Cell"],"picked":"Redo","floor":5.0},{"not_picked":["Barrage","Redo"],"picked":"Seek","floor":7.0},{"not_picked":["Beam Cell","Go for the Eyes"],"picked":"Compile Driver","floor":10.0},{"not_picked":["Ball Lightning","Beam Cell"],"picked":"Static Discharge","floor":12.0},{"not_picked":["Genetic Algorithm","Stack"],"picked":"Doom and Gloom","floor":14.0},{"not_picked":["Creative AI","All For One"],"picked":"Seek","floor":16.0},{"not_picked":["Ball Lightning","Barrage"],"picked":"Aggregate","floor":18.0},{"not_picked":["Stack","Gash"],"picked":"Genetic Algorithm","floor":19.0},{"not_picked":["Blizzard","Redo"],"picked":"Hologram","floor":20.0},{"not_picked":["Chaos","Steam+1"],"picked":"Echo Form","floor":24.0},{"not_picked":["Recycle","Hologram","Streamline"],"picked":"SKIP","floor":28.0},{"not_picked":["Gash+1","Double Energy"],"picked":"Tempest","floor":30.0},{"not_picked":["Seek","Rainbow"],"picked":"Thunder Strike+1","floor":33.0},{"not_picked":[],"picked":"Undo","floor":35.0},{"not_picked":["Capacitor+1"],"picked":"SKIP","floor":38.0},{"not_picked":["Rip and Tear+1"],"picked":"SKIP","floor":39},{"not_picked":[],"picked":"Compile Driver+1","floor":41},{"not_picked":["Compile Driver+1"],"picked":"SKIP","floor":42},{"not_picked":["Skim"],"picked":"SKIP","floor":44},{"not_picked":["Stack"],"picked":"SKIP","floor":47},{"not_picked":["Leap"],"picked":"SKIP","floor":48}],"player_experience":2036903,"relics_obtained":[{"floor":3.0,"key":"Pear"},{"floor":7.0,"key":"Incense Burner"},{"floor":9.0,"key":"Gremlin Horn"},{"floor":12.0,"key":"Mango"},{"floor":24.0,"key":"Anchor"},{"floor":26.0,"key":"Frozen Egg 2"},{"floor":28.0,"key":"Ice Cream"},{"floor":30.0,"key":"Molten Egg 2"},{"floor":41,"key":"Happy Flower"},{"floor":43,"key":"Art of War"},{"floor":47,"key":"Boot"}],"event_choices":[{"damage_healed":0.0,"max_hp_gain":0.0,"max_hp_loss":0.0,"gold_gain":50.0,"event_name":"Golden Shrine","player_choice":"Pray","floor":4.0,"gold_loss":0.0,"damage_taken":0.0},{"damage_healed":0.0,"max_hp_gain":0.0,"max_hp_loss":0.0,"gold_gain":0.0,"event_name":"Dead Adventurer","player_choice":"Searched \u00271\u0027 times","floor":12.0,"gold_loss":0.0,"damage_taken":0.0},{"damage_healed":0.0,"max_hp_gain":0.0,"max_hp_loss":0.0,"gold_gain":0.0,"cards_transformed":["Strike_B"],"event_name":"Transmorgrifier","player_choice":"Transformed","floor":13.0,"gold_loss":0.0,"damage_taken":0.0,"cards_obtained":["FTL"]},{"damage_healed":0.0,"max_hp_gain":0.0,"max_hp_loss":0.0,"gold_gain":0.0,"event_name":"The Library","player_choice":"Read","floor":22.0,"gold_loss":0.0,"damage_taken":0.0,"cards_obtained":["Capacitor"]},{"damage_healed":0.0,"max_hp_gain":0.0,"max_hp_loss":0.0,"gold_gain":0.0,"event_name":"The Mausoleum","player_choice":"Ignored","floor":27.0,"gold_loss":0.0,"damage_taken":0.0},{"damage_healed":0.0,"max_hp_gain":0.0,"max_hp_loss":0.0,"gold_gain":0.0,"event_name":"Ghosts","player_choice":"Ignored","floor":31.0,"gold_loss":0.0,"damage_taken":0.0},{"cards_removed":["Defend_B"],"damage_healed":0.0,"max_hp_gain":0.0,"max_hp_loss":0.0,"gold_gain":0.0,"event_name":"Falling","player_choice":"Removed Skill","floor":36.0,"gold_loss":0.0,"damage_taken":0.0},{"damage_healed":78,"gold_gain":0,"player_choice":"Heal","damage_taken":0,"max_hp_gain":0,"max_hp_loss":17,"event_name":"The Moai Head","floor":45,"gold_loss":0}],"is_beta":false,"boss_relics":[{"not_picked":["Black Star","Runic Dome"],"picked":"FrozenCore"},{"not_picked":["Inserter","SacredBark"],"picked":"Busted Crown"}],"items_purged_floors":[21],"is_endless":false,"potions_floor_spawned":[1,2,10,16,20,24,33,38,41,47],"killed_by":"Awakened One","ascension_level":20}}