{"host":"jnjxzd6rarbui4j8","time":1610839577,"event":{"mods":["AchievementEnabler","BaseMod","Colored Map","Highlight Path","Minty Spire (QoL Compilation)","Relic Stats","StSLib"],"gold_per_floor":[14,14,31,47,47,47,122,122,122,47,60,80,100,127,127,201,201,216,216,216,216,131,131,131,131,131,158,172,172,198,217,217,292,292,304,304,321,321,1320,1320,915,192,192,204,219,250,250,250],"floor_reached":47,"language":"ENG","playtime":5046,"items_purged":["Pain","Normality","Normality"],"score":1057,"play_id":"8d07e395-4bb1-44c5-af39-af9c26a06a8a","local_time":"20210116182617","is_ascension_mode":true,"campfire_choices":[{"floor":6.0,"key":"REST"},{"floor":8.0,"key":"REST"},{"data":"Footwork","floor":15.0,"key":"SMITH"},{"floor":23.0,"key":"REST"},{"data":"RitualDagger","floor":25.0,"key":"SMITH"},{"floor":29.0,"key":"REST"},{"floor":32.0,"key":"REST"},{"floor":40.0,"key":"REST"}],"circlet_count":0,"master_deck":["AscendersBane","Defend_G","Defend_G","Defend_G","Defend_G","Defend_G","Survivor","Neutralize","Deadly Poison+1","Poisoned Stab","Dagger Spray","Footwork+1","Envenom","Quick Slash+1","Bite","Bite","Bite","Bite","Bite","RitualDagger+1","Dash","Sucker Punch+1","PiercingWail","Blade Dance","Wraith Form v2","PanicButton","PanicButton","Catalyst","PiercingWail","Bouncing Flask","PiercingWail","Footwork+1","Acrobatics","Sucker Punch+1","Terror","Adrenaline"],"relics":["Ring of the Snake","WarpedTongs","Question Card","WingedGreaves","Philosopher\u0027s Stone","Orichalcum","Blood Vial","Fusion Hammer","Cauldron","DollysMirror","FossilizedHelix","Blue Candle","Omamori"],"acts_visited":["Exordium","TheCity","TheBeyond"],"potions_floor_usage":[47],"damage_taken":[{"damage":10.0,"enemies":"Jaw Worm","floor":1.0,"turns":8.0},{"damage":15.0,"enemies":"Cultist","floor":3.0,"turns":4.0},{"damage":8.0,"enemies":"Small Slimes","floor":4.0,"turns":3.0},{"damage":0.0,"enemies":"Blue Slaver","floor":11.0,"turns":3.0},{"damage":0.0,"enemies":"2 Fungi Beasts","floor":12.0,"turns":2.0},{"damage":0.0,"enemies":"Looter","floor":13.0,"turns":3.0},{"damage":20.0,"enemies":"Lagavulin","floor":14.0,"turns":6.0},{"damage":21.0,"enemies":"The Guardian","floor":16.0,"turns":9.0},{"damage":24.0,"enemies":"Spheric Guardian","floor":18.0,"turns":5.0},{"damage":58.0,"enemies":"Book of Stabbing","floor":27.0,"turns":6.0},{"damage":5.0,"enemies":"3 Byrds","floor":28.0,"turns":4.0},{"damage":38.0,"enemies":"Gremlin Leader","floor":30.0,"turns":9.0},{"damage":19.0,"enemies":"Shelled Parasite and Fungi","floor":31.0,"turns":7.0},{"damage":56.0,"enemies":"Automaton","floor":33.0,"turns":12.0},{"damage":10.0,"enemies":"Orb Walker","floor":35.0,"turns":4.0},{"damage":29.0,"enemies":"3 Darklings","floor":37.0,"turns":7.0},{"damage":0.0,"enemies":"Maw","floor":44.0,"turns":8.0},{"damage":0.0,"enemies":"Transient","floor":45.0,"turns":6.0},{"damage":17.0,"enemies":"Nemesis","floor":46.0,"turns":7.0},{"damage":77,"enemies":"Reptomancer","floor":47,"turns":8}],"seed_played":"1220768260245129671","potions_obtained":[{"floor":3.0,"key":"SpeedPotion"},{"floor":14.0,"key":"LiquidBronze"},{"floor":16.0,"key":"Energy Potion"},{"floor":27.0,"key":"Poison Potion"},{"floor":30.0,"key":"LiquidMemories"},{"floor":31.0,"key":"LiquidMemories"},{"floor":35.0,"key":"Fruit Juice"},{"floor":41.0,"key":"GhostInAJar"},{"floor":41.0,"key":"DistilledChaos"},{"floor":45.0,"key":"LiquidMemories"},{"floor":46.0,"key":"Ancient Potion"}],"is_trial":false,"path_per_floor":["M","?","M","M","?","R","?","R","T","$","M","M","M","E","R","B",null,"M","?","?","?","$","R","?","R","T","E","M","R","E","M","R","B",null,"M","?","M","?","?","R","$","$","T","M","M","E","E"],"character_chosen":"THE_SILENT","items_purchased":["Dash","PiercingWail","Cauldron","Bouncing Flask","PiercingWail","DollysMirror","FossilizedHelix","Acrobatics"],"campfire_rested":6,"item_purchase_floors":[22,41,41,41,42,42,42,42],"current_hp_per_floor":[61,61,46,38,15,38,27,50,50,50,50,50,50,30,30,9,61,37,15,15,9,9,26,68,68,68,16,22,42,36,33,53,35,60,57,47,42,42,42,62,67,67,67,73,73,58,0,0],"gold":250,"neow_bonus":"TWENTY_PERCENT_HP_BONUS","is_daily":false,"chose_seed":false,"campfire_upgraded":2,"win_rate":0.0,"timestamp":1610839577,"path_taken":["M","?","M","?","?","R","?","R","T","$","M","M","M","E","R","BOSS","M","?","?","?","$","R","?","R","T","E","M","R","E","?","R","BOSS","M","?","M","?","?","R","$","$","T","M","?","E","E"],"items_purchased_type":["Card","Card","Relic","Card","Card","Relic","Relic","Card"],"build_version":"2020-12-22","purchased_purges":3,"victory":false,"max_hp_per_floor":[78,78,78,78,78,78,78,78,78,78,78,78,78,78,78,78,78,78,83,58,58,58,58,68,68,68,68,68,68,68,68,68,68,68,68,68,68,68,68,68,73,73,73,73,73,73,73,73],"relic_stats":{"Blood Vial":12,"counters":[20,121],"Blue Candle":[0],"Orichalcum":[222],"Question Card":20,"obtain_stats":[{"Blue Candle":43,"Omamori":46,"Orichalcum":27,"Question Card":9,"WarpedTongs":2,"Blood Vial":30,"Cauldron":41,"DollysMirror":42,"Philosopher\u0027s Stone":17,"WingedGreaves":14,"Fusion Hammer":34,"FossilizedHelix":42,"Ring of the Snake":0},{"Blue Candle":16,"Omamori":19,"Orichalcum":10,"Question Card":3,"WarpedTongs":1,"Blood Vial":12,"Cauldron":16,"DollysMirror":16,"Philosopher\u0027s Stone":8,"WingedGreaves":7,"Fusion Hammer":14,"FossilizedHelix":16,"Ring of the Snake":0},{"Blue Candle":92,"Omamori":113,"Orichalcum":49,"Question Card":15,"WarpedTongs":8,"Blood Vial":62,"Cauldron":92,"DollysMirror":92,"Philosopher\u0027s Stone":38,"WingedGreaves":29,"Fusion Hammer":81,"FossilizedHelix":92,"Ring of the Snake":0}],"Ring of the Snake":[40],"WarpedTongs":[113]},"card_choices":[{"not_picked":["Heel Hook","Backflip"],"picked":"Deadly Poison","floor":1.0},{"not_picked":["Distraction","Cloak And Dagger"],"picked":"Poisoned Stab","floor":3.0},{"not_picked":["Sucker Punch","Choke"],"picked":"Poisoned Stab","floor":4.0},{"not_picked":["Reflex","Accuracy","Endless Agony"],"picked":"Dagger Spray","floor":11.0},{"not_picked":["Acrobatics","Choke","Escape Plan","Sucker Punch"],"picked":"SKIP","floor":12.0},{"not_picked":["Accuracy","Backflip","Prepared"],"picked":"Footwork","floor":13.0},{"not_picked":["All Out Attack","Cloak And Dagger","Underhanded Strike"],"picked":"Glass Knife","floor":14.0},{"not_picked":["Burst","Doppelganger","Grand Finale"],"picked":"Envenom","floor":16.0},{"not_picked":["Deadly Poison","Cloak And Dagger","Skewer"],"picked":"Quick Slash+1","floor":18.0},{"not_picked":["Deflect","Predator","Deadly Poison"],"picked":"Sucker Punch+1","floor":27.0},{"not_picked":["Heel Hook","Sucker Punch","Skewer"],"picked":"PiercingWail","floor":28.0},{"not_picked":["Flechettes+1","Calculated Gamble","Deadly Poison","Concentrate"],"picked":"SKIP","floor":30.0},{"not_picked":["Blur","Eviscerate","Flying Knee"],"picked":"Blade Dance","floor":31.0},{"not_picked":["Tools of the Trade","Envenom","Malaise"],"picked":"Wraith Form v2","floor":33.0},{"not_picked":["Endless Agony","Dagger Throw","Riddle With Holes","Flying Knee+1"],"picked":"SKIP","floor":35.0},{"not_picked":["Forethought","Mayhem","Madness"],"picked":"PanicButton","floor":36.0},{"not_picked":["Mind Blast","Good Instincts","Swift Strike"],"picked":"PanicButton","floor":36.0},{"not_picked":["Sucker Punch+1","Terror","Outmaneuver+1"],"picked":"Catalyst","floor":37.0},{"not_picked":["Cloak And Dagger","Backstab","Outmaneuver+1"],"picked":"Sucker Punch+1","floor":44.0},{"not_picked":["Predator","Phantasmal Killer","Choke"],"picked":"Terror","floor":45.0},{"not_picked":["Calculated Gamble","Accuracy","Tactician"],"picked":"Adrenaline","floor":46.0}],"player_experience":2487105,"relics_obtained":[{"floor":9.0,"key":"Question Card"},{"floor":14.0,"key":"WingedGreaves"},{"floor":27.0,"key":"Orichalcum"},{"floor":30.0,"key":"Blood Vial"},{"floor":43.0,"key":"Blue Candle"},{"floor":46.0,"key":"Omamori"}],"event_choices":[{"damage_healed":0.0,"max_hp_gain":0.0,"max_hp_loss":0.0,"gold_gain":0.0,"event_name":"Accursed Blacksmith","player_choice":"Rummage","floor":2.0,"gold_loss":0.0,"damage_taken":0.0,"relics_obtained":["WarpedTongs"],"cards_obtained":["Pain"]},{"damage_healed":0.0,"max_hp_gain":0.0,"max_hp_loss":0.0,"gold_gain":0.0,"event_name":"Shining Light","player_choice":"Entered Light","floor":5.0,"gold_loss":0.0,"damage_taken":23.0,"cards_upgraded":["Strike_G","Deadly Poison"]},{"damage_healed":0.0,"max_hp_gain":0.0,"max_hp_loss":0.0,"gold_gain":75.0,"event_name":"World of Goop","player_choice":"Gather Gold","floor":7.0,"gold_loss":0.0,"damage_taken":11.0},{"damage_healed":0.0,"max_hp_gain":5.0,"max_hp_loss":0.0,"gold_gain":0.0,"event_name":"Forgotten Altar","player_choice":"Shed Blood","floor":19.0,"gold_loss":0.0,"damage_taken":27.0},{"damage_healed":0.0,"max_hp_gain":0.0,"max_hp_loss":25.0,"gold_gain":0.0,"event_name":"Vampires","player_choice":"Became a vampire","floor":20.0,"gold_loss":0.0,"damage_taken":0.0,"cards_obtained":["Bite","Bite","Bite","Bite","Bite"]},{"damage_healed":0.0,"max_hp_gain":0.0,"max_hp_loss":0.0,"gold_gain":0.0,"event_name":"Nest","player_choice":"Joined the Cult","floor":21.0,"gold_loss":0.0,"damage_taken":6.0,"cards_obtained":["RitualDagger"]},{"cards_removed":["Glass Knife"],"damage_healed":32.0,"max_hp_gain":10.0,"max_hp_loss":0.0,"gold_gain":0.0,"event_name":"Bonfire Elementals","player_choice":"Offered Rare","floor":24.0,"gold_loss":0.0,"damage_taken":0.0},{"damage_healed":0.0,"max_hp_gain":0.0,"max_hp_loss":0.0,"gold_gain":0.0,"event_name":"SensoryStone","player_choice":"Memory 3","floor":36.0,"gold_loss":0.0,"damage_taken":10.0},{"cards_removed":["Poisoned Stab"],"damage_healed":0.0,"max_hp_gain":0.0,"max_hp_loss":0.0,"gold_gain":0.0,"event_name":"Falling","player_choice":"Removed Attack","floor":38.0,"gold_loss":0.0,"damage_taken":0.0},{"damage_healed":0.0,"max_hp_gain":0.0,"max_hp_loss":0.0,"gold_gain":999.0,"event_name":"MindBloom","player_choice":"Gold","floor":39.0,"gold_loss":0.0,"damage_taken":0.0,"cards_obtained":["Normality","Normality"]}],"is_beta":false,"boss_relics":[{"not_picked":["Tiny House","Pandora\u0027s Box"],"picked":"Philosopher\u0027s Stone"},{"not_picked":["WristBlade","Astrolabe"],"picked":"Fusion Hammer"}],"items_purged_floors":[10,41,42],"is_endless":false,"potions_floor_spawned":[3,14,16,27,30,31,35,45,46],"killed_by":"Reptomancer","ascension_level":20}}