{"host":"t9zjxed0utvsfjwc","time":1610793048,"event":{"mods":["2.2 Compatiblity","Aspiration","BaseMod","Better Altar","Better Match","Better Note","Better Sensory Stone","Better Skull","Better Third Choice","Block Reminder","Colored Map","Colored Powertips","Hermit","Highlight Path","Hubris","Infinite Spire","Ironclad Rager","Minty Spire (QoL Compilation)","Quick Restart","Replay The Spire","StSLib","The Cursed","The Marked","Unceasing Turn Reminder","everything is the same but u backflip on backflip"],"gold_per_floor":[113,113,125,125,137,137,153,188,188,87,18,37,37,63,63,167,167,186,86,36,56,56,87,87,119,146,146,164,164,184,184,184,282,282,296,296,296,296,296,296,296],"floor_reached":40,"language":"ENG","playtime":2444,"items_purged":["Defend_R","Strike_R","Strike_R","Strike_R+1","Languid","Injury","Writhe","Bash"],"score":478,"play_id":"60573b3c-da68-4713-bd46-e1a731338cd9","local_time":"20210116103048","is_ascension_mode":true,"campfire_choices":[{"data":"Armaments","floor":6,"key":"SMITH"},{"data":"Strike_R","floor":15,"key":"SMITH"},{"floor":24,"key":"REST"},{"data":"infinitespire:Collect","floor":27,"key":"SMITH"}],"circlet_count":0,"master_deck":["ICR:VitalStrike+1","True Grit","Armaments+1","Thunderclap+1","Ghostly Armor","hubris:SharpeningStone","Thunderclap+1","Ghostly Armor+1","Cleave+1","infinitespire:Collect+1","Heavy Blade+1","hubris:CleavingFinish+1","Barricade+1","Madness","Madness"],"relics":["Burning Blood","aspiration:Nostalgia","Cracked Core","Molten Egg 2","Frozen Egg 2","Bag of Preparation","Vajra","Regal Pillow","SlaversCollar","Kintsugi","CaptainsWheel","Kunai","Dream Catcher","Lantern","Black Star"],"acts_visited":["Exordium","TheCity","TheBeyond"],"potions_floor_usage":[8,8,16,18,23,23,25],"damage_taken":[{"damage":0,"enemies":"Small Slimes","floor":1,"turns":2},{"damage":1,"enemies":"Jaw Worm","floor":3,"turns":2},{"damage":0,"enemies":"Cultist","floor":5,"turns":3},{"damage":0,"enemies":"Looter","floor":7,"turns":3},{"damage":0,"enemies":"Lagavulin","floor":8,"turns":4},{"damage":0,"enemies":"Large Slime","floor":12,"turns":4},{"damage":18,"enemies":"3 Sentries","floor":14,"turns":5},{"damage":47,"enemies":"The Guardian","floor":16,"turns":8},{"damage":7,"enemies":"Shell Parasite","floor":18,"turns":5},{"damage":25,"enemies":"2 Thieves","floor":21,"turns":4},{"damage":39,"enemies":"Book of Stabbing","floor":23,"turns":5},{"damage":14,"enemies":"Nightmare","floor":25,"turns":7},{"damage":8,"enemies":"3 Cultists","floor":28,"turns":3},{"damage":11,"enemies":"Snake Plant","floor":30,"turns":4},{"damage":56,"enemies":"hubris:MusketHawk","floor":33,"turns":7},{"damage":7,"enemies":"3 Shapes","floor":35,"turns":4},{"damage":11,"enemies":"Nightmare","floor":40,"turns":7}],"seed_played":"-3029006259317464491","potions_obtained":[{"floor":5,"key":"SneckoOil"},{"floor":7,"key":"LifebloodPotion"},{"floor":8,"key":"FearPotion"},{"floor":16,"key":"SkillPotion"},{"floor":18,"key":"FearPotion"},{"floor":21,"key":"Explosive Potion"},{"floor":23,"key":"Weak Potion"}],"is_trial":false,"path_per_floor":["M","?","M","?","M","R","M","E","T","$","?","M","$","E","R","B",null,"M","$","?","M","AVR","E","R","NM","T","R","M","?","M","?","R_BF","B",null,"M","?","?","?","$","NM"],"character_chosen":"IRONCLAD","items_purchased":["Thunderclap+1"],"campfire_rested":1,"item_purchase_floors":[10],"current_hp_per_floor":[80,80,80,80,80,80,80,80,80,80,80,80,80,68,68,27,80,79,79,79,60,60,27,66,58,58,58,56,56,51,51,80,30,80,79,79,79,69,4,0,0],"gold":296,"neow_bonus":"NOSTALGIA","is_daily":false,"chose_seed":false,"campfire_upgraded":3,"win_rate":0.0,"timestamp":1610793048,"path_taken":["M","?","M","?","M","R","M","E","T","$","?","M","$","E","R","BOSS","M","$","?","M","AVR","E","R","NM","T","R","M","?","M","?","R_BF","BOSS","M","?","?","?","?","NM"],"items_purchased_type":["Card"],"build_version":"2020-12-22","purchased_purges":8,"victory":false,"max_hp_per_floor":[80,80,80,80,80,80,80,80,80,80,80,80,80,80,80,80,80,80,80,80,80,80,80,80,80,80,80,80,80,80,80,80,80,80,80,80,80,80,80,80,80],"card_choices":[{"not_picked":["Sentinel","Twin Strike"],"picked":"True Grit","floor":1},{"not_picked":["Perfected Strike","hubris:ReadiedAction"],"picked":"Armaments","floor":3},{"not_picked":["ReplayTheSpireMod:LeadingStrike+1","Armaments"],"picked":"Thunderclap+1","floor":5},{"not_picked":["Perfected Strike+1","Brutality"],"picked":"Ghostly Armor","floor":7},{"not_picked":["Entrench","Blood for Blood+1"],"picked":"hubris:SharpeningStone","floor":8},{"not_picked":["Clash+1","Sword Boomerang+1"],"picked":"Ghostly Armor","floor":12},{"not_picked":["Evolve+1","Anger+1"],"picked":"Cleave+1","floor":14},{"not_picked":["Reckless Charge+1","Sentinel","Power Through"],"picked":"SKIP","floor":18},{"not_picked":["hubris:ReadiedAction+1","Headbutt+1","Shockwave+1"],"picked":"SKIP","floor":21},{"not_picked":["Intimidate+1","Seeing Red","Pommel Strike+1"],"picked":"SKIP","floor":23},{"not_picked":["infinitespire:FinalStrike","infinitespire:Execution"],"picked":"infinitespire:Collect","floor":25},{"not_picked":["Armaments","Clothesline+1","Heavy Blade+1"],"picked":"SKIP","floor":25},{"not_picked":["Armaments","Clothesline+1"],"picked":"Heavy Blade+1","floor":25},{"not_picked":["Heavy Blade+1","Wild Strike+1"],"picked":"hubris:CleavingFinish+1","floor":28},{"not_picked":["Clash+1","Flex+1","Power Through"],"picked":"SKIP","floor":30},{"not_picked":["hubris:StunningStrike+1","Brutality+1"],"picked":"Barricade+1","floor":33},{"not_picked":["infinitespire:OneForAll+1","Run Through+1","Headbutt+1"],"picked":"SKIP","floor":35},{"not_picked":["infinitespire:OneForAll+1","Run Through+1","Headbutt+1"],"picked":"SKIP","floor":35}],"player_experience":342685,"relics_obtained":[{"floor":8,"key":"Frozen Egg 2"},{"floor":9,"key":"Bag of Preparation"},{"floor":14,"key":"Regal Pillow"},{"floor":23,"key":"Kunai"},{"floor":25,"key":"Dream Catcher"},{"floor":26,"key":"Lantern"}],"event_choices":[{"damage_healed":0,"gold_gain":0,"player_choice":"Paid Gold","damage_taken":0,"relics_obtained":["Vajra"],"max_hp_gain":0,"max_hp_loss":0,"event_name":"WeMeetAgain","floor":11,"gold_loss":69},{"damage_healed":0,"gold_gain":0,"player_choice":"Bet on Murderer","damage_taken":0,"max_hp_gain":0,"max_hp_loss":0,"event_name":"The Joust","floor":20,"gold_loss":50},{"cards_removed":["infinitespire:Collect"],"damage_healed":0,"gold_gain":0,"player_choice":"Give","damage_taken":0,"max_hp_gain":0,"max_hp_loss":0,"event_name":"betterNote:BetterNote","floor":29,"gold_loss":0,"cards_obtained":["TheCursedMod:RapidMovement"]},{"damage_healed":0,"gold_gain":0,"player_choice":"Ignored","damage_taken":0,"max_hp_gain":0,"max_hp_loss":0,"event_name":"Tomb of Lord Red Mask","floor":36,"gold_loss":0},{"damage_healed":0,"gold_gain":0,"player_choice":"Embrace Madness","damage_taken":10,"max_hp_gain":0,"max_hp_loss":0,"event_name":"Winding Halls","floor":38,"gold_loss":0,"cards_obtained":["Madness","Madness"]}],"is_beta":false,"boss_relics":[{"not_picked":["aspiration:SilentSkillbook","infinitespire:Cupcake"],"picked":"SlaversCollar"},{"not_picked":["hubris:HollowSoul","Abe\u0027s Treasure"],"picked":"Black Star"}],"items_purged_floors":[10,19,22,39,39,39,39,39],"is_endless":true,"potions_floor_spawned":[5,7,8,16,18,21,23],"killed_by":"Nightmare","ascension_level":1}}