{"host":"bxd97rc2ofc6op20","time":1610774931,"event":{"mods":["BaseMod","Googly Eyes","Minty Spire (QoL Compilation)"],"gold_per_floor":[119,135,135,153,169,201,221,255,255,275,275,310,310,310,310,408,408,421,431,7,19,0,15,15,47,47,47,75,75,102,114,114,215,215,226,237,256,1255,151,151,177,177,177,177,196,212,232,260,272,284,284],"floor_reached":50,"language":"ENG","playtime":6429,"items_purged":["Strike_G","Normality"],"score":747,"play_id":"abc50601-a24c-4267-948c-8670d56cfdc8","local_time":"20210115212851","is_ascension_mode":true,"campfire_choices":[{"floor":11.0,"key":"REST"},{"floor":15.0,"key":"REST"},{"data":"PiercingWail","floor":24.0,"key":"SMITH"},{"data":"Panache","floor":27.0,"key":"SMITH"},{"data":"Finisher","floor":32.0,"key":"SMITH"},{"data":"Terror","floor":40.0,"key":"SMITH"},{"data":"Dodge and Roll","floor":44.0,"key":"SMITH"},{"floor":49,"key":"RECALL"}],"circlet_count":0,"master_deck":["Strike_G","Strike_G","Strike_G","Strike_G","Defend_G","Defend_G","Defend_G","Defend_G","Defend_G","Survivor","Neutralize+1","Blade Dance+1","Dodge and Roll+1","Flying Knee","Predator","Finisher+1","Caltrops","Acrobatics","Terror+1","PiercingWail+1","PiercingWail","Adrenaline","After Image","Escape Plan+1","Dodge and Roll+1","Panache+1","Footwork","Flechettes","Slice+1","Expertise+1","Choke","Caltrops","Glass Knife","Deadly Poison+1","PiercingWail+1","PiercingWail+1","Normality","Distraction+1","Footwork","Cloak And Dagger+1","Setup+1"],"relics":["Ring of the Snake","TungstenRod","Dream Catcher","Pear","InkBottle","Anchor","Sozu","PreservedInsect","Smiling Mask","Eternal Feather","Toxic Egg 2","The Courier","Runic Pyramid","Ginger","Vajra","ClockworkSouvenir","Pantograph","Dead Branch","Orichalcum","MawBank"],"acts_visited":["Exordium","TheCity","TheBeyond"],"potions_floor_usage":[],"damage_taken":[{"damage":0.0,"enemies":"Cultist","floor":1.0,"turns":3.0},{"damage":0.0,"enemies":"Small Slimes","floor":2.0,"turns":3.0},{"damage":1.0,"enemies":"2 Louse","floor":4.0,"turns":3.0},{"damage":16.0,"enemies":"Large Slime","floor":5.0,"turns":9.0},{"damage":35.0,"enemies":"Lagavulin","floor":6.0,"turns":7.0},{"damage":4.0,"enemies":"Blue Slaver","floor":7.0,"turns":3.0},{"damage":18.0,"enemies":"Gremlin Nob","floor":8.0,"turns":4.0},{"damage":4.0,"enemies":"2 Fungi Beasts","floor":10.0,"turns":3.0},{"damage":29.0,"enemies":"3 Sentries","floor":12.0,"turns":9.0},{"damage":40.0,"enemies":"Slime Boss","floor":16.0,"turns":13.0},{"damage":11.0,"enemies":"2 Thieves","floor":18.0,"turns":4.0},{"damage":10.0,"enemies":"Chosen","floor":19.0,"turns":6.0},{"damage":0.0,"enemies":"Shelled Parasite and Fungi","floor":21.0,"turns":5.0},{"damage":1.0,"enemies":"Centurion and Healer","floor":23.0,"turns":5.0},{"damage":3.0,"enemies":"Gremlin Leader","floor":25.0,"turns":4.0},{"damage":17.0,"enemies":"Slavers","floor":28.0,"turns":4.0},{"damage":2.0,"enemies":"Book of Stabbing","floor":30.0,"turns":4.0},{"damage":10.0,"enemies":"Snecko","floor":31.0,"turns":4.0},{"damage":12.0,"enemies":"Collector","floor":33.0,"turns":9.0},{"damage":6.0,"enemies":"3 Darklings","floor":35.0,"turns":5.0},{"damage":1.0,"enemies":"Orb Walker","floor":36.0,"turns":3.0},{"damage":26.0,"enemies":"Transient","floor":37.0,"turns":5.0},{"damage":41.0,"enemies":"Reptomancer","floor":41.0,"turns":6.0},{"damage":0.0,"enemies":"Maw","floor":45.0,"turns":7.0},{"damage":0.0,"enemies":"3 Darklings","floor":46.0,"turns":4.0},{"damage":8.0,"enemies":"Spire Growth","floor":47.0,"turns":6.0},{"damage":23.0,"enemies":"Giant Head","floor":48.0,"turns":6.0},{"damage":90,"enemies":"Time Eater","floor":50,"turns":9}],"seed_played":"519612766750817771","potions_obtained":[{"floor":2.0,"key":"Regen Potion"},{"floor":6.0,"key":"SpeedPotion"},{"floor":8.0,"key":"Poison Potion"},{"floor":10.0,"key":"BlessingOfTheForge"},{"floor":16.0,"key":"EssenceOfSteel"}],"is_trial":false,"path_per_floor":["M","M","T","M","M","E","M","E","T","M","R","E","?","?","R","B",null,"M","M","$","M","?","M","R","E","T","R","E","?","E","M","R","B",null,"M","M","M","?","$","R","E","?","T","R","M","M","M","E","R","B"],"character_chosen":"THE_SILENT","items_purchased":["PreservedInsect","Panache","Ginger","Vajra","ClockworkSouvenir","Pantograph","Dead Branch","Distraction+1","Footwork"],"campfire_rested":2,"item_purchase_floors":[20,20,39,39,39,39,39,39,39],"current_hp_per_floor":[70,70,70,69,53,33,29,21,21,17,41,12,17,17,42,2,85,74,64,64,64,64,63,63,60,60,75,58,58,56,46,64,52,85,79,78,52,52,52,73,32,32,32,56,56,56,48,25,49,0,0],"gold":284,"neow_bonus":"UPGRADE_CARD","is_daily":false,"chose_seed":false,"campfire_upgraded":5,"win_rate":0.0,"timestamp":1610774931,"path_taken":["M","M","?","M","M","E","M","E","T","M","R","E","?","?","R","BOSS","M","M","$","M","?","M","R","E","T","R","E","?","E","M","R","BOSS","M","M","M","?","$","R","E","?","T","R","M","M","M","E","R","BOSS"],"items_purchased_type":["Relic","Card","Relic","Relic","Relic","Relic","Relic","Card","Card"],"build_version":"2020-12-22","purchased_purges":2,"victory":false,"max_hp_per_floor":[70,70,70,70,70,70,70,80,80,80,80,80,85,85,85,85,85,85,85,85,85,85,85,85,85,85,85,85,85,85,85,85,85,85,85,85,85,85,85,85,85,81,81,81,81,81,81,81,81,81,81],"card_choices":[{"not_picked":["Sucker Punch","Bane"],"picked":"Blade Dance","floor":1.0},{"not_picked":["Dagger Spray","Escape Plan"],"picked":"Dodge and Roll","floor":2.0},{"not_picked":["Deflect","Catalyst"],"picked":"Flying Knee","floor":4.0},{"not_picked":["Prepared","Dagger Throw"],"picked":"Predator","floor":5.0},{"not_picked":["Underhanded Strike","Calculated Gamble"],"picked":"Finisher","floor":6.0},{"not_picked":["Cloak And Dagger","Flying Knee"],"picked":"Caltrops","floor":7.0},{"not_picked":["Prepared","Dagger Throw"],"picked":"Acrobatics","floor":8.0},{"not_picked":["Cloak And Dagger","Flying Knee"],"picked":"Terror","floor":10.0},{"not_picked":["Quick Slash","Skewer"],"picked":"PiercingWail","floor":11.0},{"not_picked":["Choke","Outmaneuver"],"picked":"PiercingWail","floor":12.0},{"not_picked":["Catalyst","Deflect"],"picked":"Adrenaline","floor":15.0},{"not_picked":["Envenom","Night Terror"],"picked":"After Image","floor":16.0},{"not_picked":["Backflip","Quick Slash"],"picked":"Escape Plan+1","floor":18.0},{"not_picked":["Dagger Throw","Flying Knee"],"picked":"Dodge and Roll+1","floor":19.0},{"not_picked":["Flying Knee","Backflip"],"picked":"Footwork","floor":21.0},{"not_picked":["Wraith Form v2","Blade Dance"],"picked":"Flechettes","floor":23.0},{"not_picked":["Concentrate","Cloak And Dagger"],"picked":"Slice+1","floor":25.0},{"not_picked":["Acrobatics+1","Escape Plan+1"],"picked":"Expertise+1","floor":28.0},{"not_picked":["Dodge and Roll+1","Poisoned Stab"],"picked":"Choke","floor":30.0},{"not_picked":["Cloak And Dagger+1","Deadly Poison+1"],"picked":"Caltrops","floor":31.0},{"not_picked":["Wraith Form v2","Tools of the Trade"],"picked":"Glass Knife","floor":33.0},{"not_picked":["Dash","Acrobatics+1"],"picked":"Deadly Poison+1","floor":35.0},{"not_picked":["Poisoned Stab","Noxious Fumes"],"picked":"PiercingWail+1","floor":36.0},{"not_picked":["Dagger Throw","Bane+1"],"picked":"PiercingWail+1","floor":37.0},{"not_picked":["Masterful Stab","Acrobatics+1"],"picked":"Cloak And Dagger+1","floor":41.0},{"not_picked":["Dodge and Roll+1","Doppelganger+1","Cloak And Dagger+1"],"picked":"SKIP","floor":45.0},{"not_picked":["Slice+1","Dagger Throw+1","Skewer"],"picked":"SKIP","floor":46.0},{"not_picked":["Choke+1","Dagger Throw+1","Cloak And Dagger+1"],"picked":"SKIP","floor":47.0},{"not_picked":["Finisher","Bane+1"],"picked":"Setup+1","floor":48.0}],"player_experience":290669,"relics_obtained":[{"floor":3.0,"key":"TungstenRod"},{"floor":6.0,"key":"Dream Catcher"},{"floor":8.0,"key":"Pear"},{"floor":9.0,"key":"InkBottle"},{"floor":12.0,"key":"Anchor"},{"floor":25.0,"key":"Smiling Mask"},{"floor":26.0,"key":"Eternal Feather"},{"floor":28.0,"key":"Toxic Egg 2"},{"floor":30.0,"key":"The Courier"},{"floor":41.0,"key":"Orichalcum"},{"floor":48.0,"key":"MawBank"}],"event_choices":[{"damage_healed":0.0,"max_hp_gain":5.0,"max_hp_loss":0.0,"gold_gain":0.0,"event_name":"Big Fish","player_choice":"Donut","floor":13.0,"gold_loss":0.0,"damage_taken":0.0},{"damage_healed":0.0,"max_hp_gain":0.0,"max_hp_loss":0.0,"gold_gain":0.0,"event_name":"Living Wall","player_choice":"Grow","floor":14.0,"gold_loss":0.0,"damage_taken":0.0,"cards_upgraded":["Blade Dance"]},{"damage_healed":0.0,"max_hp_gain":0.0,"max_hp_loss":0.0,"gold_gain":0.0,"event_name":"Masked Bandits","player_choice":"Paid Fearfully","floor":22.0,"gold_loss":19.0,"damage_taken":0.0},{"damage_healed":0.0,"max_hp_gain":0.0,"max_hp_loss":0.0,"gold_gain":999.0,"event_name":"MindBloom","player_choice":"Gold","floor":38.0,"gold_loss":0.0,"damage_taken":0.0,"cards_obtained":["Normality","Normality"]},{"damage_healed":0.0,"max_hp_gain":0.0,"max_hp_loss":4.0,"gold_gain":0.0,"event_name":"Winding Halls","player_choice":"Max HP","floor":42.0,"gold_loss":0.0,"damage_taken":0.0}],"is_beta":false,"boss_relics":[{"not_picked":["Ectoplasm","Calling Bell"],"picked":"Sozu"},{"not_picked":["Empty Cage","Tiny House"],"picked":"Runic Pyramid"}],"items_purged_floors":[20,39],"is_endless":false,"potions_floor_spawned":[2,6,8,10,16,23,28,37,45,48],"killed_by":"Time Eater","ascension_level":3}}