{"host":"jak4ncvfzor9mys0","time":1610782283,"event":{"mods":["2.2 Compatiblity","AchievementEnabler","BaseMod","Better Altar","Better Match","Better Note","Better Sensory Stone","Better Skull","Better Third Choice","BetterRewards","Block Reminder","Colored Map","Colored Powertips","Dark Map","Energized Spire","Gold Saver","Hubris","Infinite Spire","Key Reminder","Minty Spire (QoL Compilation)","Rare Cards Sparkle","Red Circlet Mod","Relic Sorter","Relic Stats","Replay The Spire","Retaliation","Spicy Shops","StSLib","SuperFastMode","The Blue Laboratory"],"gold_per_floor":[213,213,68,68,82,109,109,136,185,213,213,236,179,201,201,321,321,351,351,276,48,48,66,108,140,140,140,169,97,120,145,145,157,157],"floor_reached":33,"language":"ENG","playtime":1088,"items_purged":["Perfected Strike+1","Strike_R"],"score":323,"play_id":"6ef64d39-cdf4-41c5-b078-816055d6f460","local_time":"20210115233123","is_ascension_mode":true,"campfire_choices":[{"data":"Perfected Strike","floor":11,"key":"SMITH"},{"data":"Fire Breathing","floor":15,"key":"SMITH"},{"floor":27,"key":"REST"},{"floor":32,"key":"REST"}],"circlet_count":0,"master_deck":["Strike_R","Strike_R","Defend_R","Defend_R","Defend_R","Defend_R","Bash","Fire Breathing+1","ReplayTheSpireMod:Private Reserves","Shame","Voices","Sickly","Evolve","Voices","DDmod:EasePowerCard","DDmod:EasePowerCard","Fire Breathing+1"],"relics":["Burning Blood","Du-Vu Doll","hubris:Icosahedron","Replay:Wax Seal","NeowsBlessing","Sling","MealTicket","Art of War","Replay:Bandana","Regal Pillow","Replay:Ancient Bell","hubris:SlimyHat","Meat on the Bone","Empty Cage","hubris:HerbalPaste","DollysMirror","Gremlin Food","Iron Hammer"],"acts_visited":["Exordium","TheCity"],"potions_floor_usage":[16,16,24,28],"damage_taken":[{"damage":0,"enemies":"Cultist","floor":1,"turns":1},{"damage":0,"enemies":"Jaw Worm","floor":5,"turns":1},{"damage":0,"enemies":"3 Sentries","floor":6,"turns":2},{"damage":20,"enemies":"Gremlin Nob","floor":8,"turns":4},{"damage":4,"enemies":"Replay:BlueRogue","floor":10,"turns":4},{"damage":6,"enemies":"2 Louse","floor":14,"turns":3},{"damage":62,"enemies":"The Guardian","floor":16,"turns":14},{"damage":34,"enemies":"2 Thieves","floor":18,"turns":4},{"damage":25,"enemies":"3 Byrds","floor":23,"turns":4},{"damage":91,"enemies":"Nightmare","floor":24,"turns":10},{"damage":35,"enemies":"Centurion and Healer","floor":25,"turns":5},{"damage":60,"enemies":"Shelled Parasite and Fungi","floor":28,"turns":6},{"damage":32,"enemies":"Snake Plant","floor":30,"turns":4},{"damage":24,"enemies":"Centurion and Healer","floor":31,"turns":6},{"damage":87,"enemies":"Champ","floor":33,"turns":10}],"seed_played":"8492043163023787057","potions_obtained":[{"floor":5,"key":"Dexterity Potion"},{"floor":10,"key":"LifebloodPotion"},{"floor":14,"key":"blueLaboratory:ForbiddenFruitJuice"},{"floor":25,"key":"blueLaboratory:HorrorPotion"},{"floor":28,"key":"BloodPotion"}],"is_trial":false,"path_per_floor":["M","?","$","?","M","E","?","E","T","E","R","T","$","M","R","B",null,"M","AVR","?","$","?","M","NM","M","T","R","M","$","M","M","R","B"],"character_chosen":"IRONCLAD","items_purchased":["Sling","Regal Pillow","DollysMirror","DDmod:EasePowerCard"],"campfire_rested":2,"item_purchase_floors":[3,13,21,29],"current_hp_per_floor":[80,80,80,80,80,80,80,66,66,68,68,68,80,80,80,24,80,52,52,52,67,67,54,48,37,37,70,53,68,49,55,70,0,0],"gold":157,"neow_bonus":"THREE_ENEMY_KILL","is_daily":false,"chose_seed":false,"campfire_upgraded":2,"win_rate":0.0,"timestamp":1610782283,"path_taken":["M","?","$","?","M","E","?","E","T","E","R","?","$","M","R","BOSS","M","AVR","?","$","?","M","NM","M","T","R","M","$","M","?","R","BOSS"],"items_purchased_type":["Relic","Relic","Relic","Card"],"build_version":"2020-12-22","purchased_purges":2,"victory":false,"max_hp_per_floor":[80,80,80,80,80,80,80,80,80,80,80,80,80,80,80,80,80,80,80,80,80,80,80,70,70,70,70,70,70,70,70,70,70,70],"relic_stats":{"Regal Pillow":12,"counters":[15,78],"MealTicket":42,"Art of War":[16],"obtain_stats":[{"Gremlin Food":24,"Regal Pillow":13,"NeowsBlessing":0,"Replay:Ancient Bell":17,"hubris:SlimyHat":17,"Sling":3,"Empty Cage":19,"Burning Blood":0,"Du-Vu Doll":17,"Replay:Bandana":10,"hubris:Icosahedron":2,"hubris:HerbalPaste":19,"DollysMirror":21,"MealTicket":6,"Iron Hammer":26,"Art of War":9,"Replay:Wax Seal":8,"Meat on the Bone":17},{"Gremlin Food":10,"Regal Pillow":5,"NeowsBlessing":0,"Replay:Ancient Bell":7,"hubris:SlimyHat":7,"Sling":1,"Empty Cage":8,"Burning Blood":0,"Du-Vu Doll":7,"Replay:Bandana":5,"hubris:Icosahedron":1,"hubris:HerbalPaste":8,"DollysMirror":8,"MealTicket":3,"Iron Hammer":11,"Art of War":4,"Replay:Wax Seal":4,"Meat on the Bone":7},{"Gremlin Food":47,"Regal Pillow":12,"NeowsBlessing":0,"Replay:Ancient Bell":29,"hubris:SlimyHat":29,"Sling":1,"Empty Cage":33,"Burning Blood":0,"Du-Vu Doll":29,"Replay:Bandana":12,"hubris:Icosahedron":1,"hubris:HerbalPaste":33,"DollysMirror":33,"MealTicket":4,"Iron Hammer":52,"Art of War":8,"Replay:Wax Seal":8,"Meat on the Bone":29}],"Burning Blood":66,"Meat on the Bone":36},"card_choices":[{"not_picked":["DDmod:SpikedSkill","DDmod:RapidStrikeAttack"],"picked":"Fire Breathing","floor":1},{"not_picked":["Cleave","DDmod:UnstoppableAttack"],"picked":"Perfected Strike","floor":5},{"not_picked":["Replay:Undeath\u0027s Touch","Clothesline","ReplayTheSpireMod:Limb From Limb"],"picked":"SKIP","floor":6},{"not_picked":["Replay:Bootleg Shield Generator","Trip"],"picked":"ReplayTheSpireMod:Private Reserves","floor":7},{"not_picked":["DDmod:SpikeMailSkill","Headbutt","Run Through"],"picked":"SKIP","floor":8},{"not_picked":["Armaments","Cleave","Hemokinesis"],"picked":"SKIP","floor":10},{"not_picked":["Massacre","DDmod:EasePowerCard","Clash"],"picked":"SKIP","floor":14},{"not_picked":["ReplayTheSpireMod:Doomed","Clumsy"],"picked":"Voices","floor":17},{"not_picked":["Decay","Hallucinations"],"picked":"Sickly","floor":17},{"not_picked":["infinitespire:Pacifist","Voices"],"picked":"ReplayTheSpireMod:Faulty Equipment","floor":17},{"not_picked":["Replay:Undeath\u0027s Touch+1","ReplayReversal","Anger+1"],"picked":"SKIP","floor":18},{"not_picked":["DDmod:RapidStrikeAttack","Ghostly Armor"],"picked":"Evolve","floor":20},{"not_picked":["Thunderclap","Uppercut","Clothesline"],"picked":"SKIP","floor":23},{"not_picked":["Headbutt","Impervious","ReplayTheSpireMod:Muscle Training+1"],"picked":"SKIP","floor":24},{"not_picked":["Pommel Strike","Searing Blow+1"],"picked":"DDmod:EasePowerCard","floor":25},{"not_picked":["Run Through","Demonic Infusion","DDmod:CallousedSkill"],"picked":"SKIP","floor":28},{"not_picked":["Sentinel","Headbutt","Corruption"],"picked":"SKIP","floor":30},{"not_picked":["DDmod:PokeAttack","hubris:ReadiedAction"],"picked":"Fire Breathing","floor":31}],"player_experience":2762700,"relics_obtained":[{"floor":6,"key":"MealTicket"},{"floor":8,"key":"Replay:Wax Seal"},{"floor":9,"key":"Art of War"},{"floor":10,"key":"Replay:Bandana"},{"floor":24,"key":"Gremlin Food"},{"floor":26,"key":"Iron Hammer"}],"event_choices":[{"damage_healed":0,"gold_gain":1,"player_choice":"1","damage_taken":0,"max_hp_gain":0,"max_hp_loss":0,"event_name":"betterStone:BetterStone","floor":7,"gold_loss":0},{"damage_healed":0,"gold_gain":0,"player_choice":"1","damage_taken":0,"max_hp_gain":0,"max_hp_loss":0,"event_name":"betterMatch:BetterMatch","floor":20,"gold_loss":0,"cards_obtained":["betterMatch:UncommonCard","betterMatch:CommonCard"]},{"cards_removed":["Bash"],"damage_healed":0,"gold_gain":0,"player_choice":"Give","damage_taken":0,"max_hp_gain":0,"max_hp_loss":0,"event_name":"betterNote:BetterNote","floor":22,"gold_loss":0,"cards_obtained":["Strike_R"]}],"is_beta":false,"boss_relics":[{"not_picked":["Ring of Chaos","energizedSpire:TabascoSauce"],"picked":"Replay:Ancient Bell"},{"not_picked":["Vajra","Simple Rune"],"picked":"hubris:SlimyHat"},{"not_picked":["Replay:WaspNest","Matryoshka"],"picked":"Meat on the Bone"},{"not_picked":["Prayer Wheel","infinitespire:Lychee Nut"],"picked":"Du-Vu Doll"}],"items_purged_floors":[19,21],"is_endless":true,"potions_floor_spawned":[5,10,14,25,28],"killed_by":"Champ","ascension_level":1}}