{"host":"t4313i2190y6fz3q","time":1610774776,"event":{"mods":["2.2 Compatiblity","AchievementEnabler","Act Like it!","BaseMod","Colored Powertips","Downfall","Highlight Path","Minty Spire (QoL Compilation)","Permanent Neow","Quick Restart","Rare Cards Sparkle","StSLib"],"gold_per_floor":[118,118,134,134,158,198,219,255,255,255,280,280,280,305,305,426,426,445,445,126,126,126,126,166,166,166,196,251,263,310,335,347,480,492,519,531,566,911,432,432,445,445,493,89,101,101,136,136,136,136],"floor_reached":51,"language":"ENG","playtime":1713,"items_purged":["Strike_R","Strike_R"],"score":1246,"play_id":"a472fa16-5cb5-4bc7-ba16-fb2404fea0b2","local_time":"20210115212616","is_ascension_mode":true,"campfire_choices":[{"data":"Uppercut","floor":10.0,"key":"SMITH"},{"data":"Carnage","floor":12.0,"key":"SMITH"},{"data":"Cleave","floor":15.0,"key":"SMITH"},{"data":"Entrench","floor":23.0,"key":"SMITH"},{"data":"Flame Barrier","floor":25.0,"key":"SMITH"},{"floor":29.0,"key":"REST"},{"data":"True Grit","floor":32.0,"key":"SMITH"},{"data":"Searing Blow+1","floor":40.0,"key":"SMITH"},{"data":"Searing Blow+2","floor":42,"key":"SMITH"},{"data":"Searing Blow+3","floor":46,"key":"SMITH"},{"data":"Searing Blow+4","floor":49,"key":"SMITH"}],"circlet_count":0,"master_deck":["AscendersBane","Strike_R","Defend_R+1","Defend_R+1","Bash+1","Uppercut+1","Cleave+1","Headbutt","Carnage+1","Wild Strike+1","Shrug It Off","Feed+1","Entrench+1","Flame Barrier+1","Searing Blow+5","Body Slam+1","Shrug It Off","True Grit+1","Fiend Fire+1","Battle Trance+1","Cleave+1","Entrench+1"],"relics":["Burning Blood","Paper Frog","Red Skull","Molten Egg 2","War Paint","Velvet Choker","Matryoshka","Meat on the Bone","Calipers","Bronze Scales","MawBank","Mercury Hourglass","Blood Vial","Empty Cage","FossilizedHelix","Guardian:BottledAnomaly","MealTicket","Guardian:PocketSentry","DollysMirror","Juzu Bracelet","Toy Ornithopter"],"acts_visited":["Exordium","TheCity","TheBeyond"],"potions_floor_usage":[41,50],"damage_taken":[{"damage":2.0,"enemies":"Jaw Worm","floor":1.0,"turns":3.0},{"damage":7.0,"enemies":"Small Slimes","floor":3.0,"turns":5.0},{"damage":5.0,"enemies":"2 Louse","floor":5.0,"turns":3.0},{"damage":16.0,"enemies":"Gremlin Nob","floor":6.0,"turns":3.0},{"damage":7.0,"enemies":"2 Fungi Beasts","floor":7.0,"turns":2.0},{"damage":15.0,"enemies":"3 Sentries","floor":8.0,"turns":6.0},{"damage":3.0,"enemies":"Blue Slaver","floor":11.0,"turns":2.0},{"damage":6.0,"enemies":"3 Louse","floor":14.0,"turns":2.0},{"damage":36.0,"enemies":"Slime Boss","floor":16.0,"turns":8.0},{"damage":7.0,"enemies":"2 Thieves","floor":18.0,"turns":3.0},{"damage":40.0,"enemies":"Slavers","floor":24.0,"turns":6.0},{"damage":2.0,"enemies":"Shell Parasite","floor":27.0,"turns":3.0},{"damage":47.0,"enemies":"Gremlin Leader","floor":28.0,"turns":5.0},{"damage":16.0,"enemies":"Slavers","floor":30.0,"turns":5.0},{"damage":4.0,"enemies":"3 Cultists","floor":31.0,"turns":4.0},{"damage":64.0,"enemies":"Collector","floor":33.0,"turns":10.0},{"damage":17.0,"enemies":"3 Darklings","floor":35.0,"turns":4.0},{"damage":4.0,"enemies":"3 Shapes","floor":37.0,"turns":5.0},{"damage":6,"enemies":"Sphere and 2 Shapes","floor":41,"turns":4},{"damage":0,"enemies":"Writhing Mass","floor":45,"turns":4},{"damage":0,"enemies":"Giant Head","floor":47,"turns":9},{"damage":63,"enemies":"Donu and Deca","floor":50,"turns":11}],"seed_played":"-8295580667876293327","potions_obtained":[{"floor":3.0,"key":"Strength Potion"},{"floor":5.0,"key":"EssenceOfSteel"},{"floor":8.0,"key":"EssenceOfSteel"},{"floor":14.0,"key":"EssenceOfSteel"},{"floor":28.0,"key":"SkillPotion"},{"floor":30.0,"key":"sneckomod:MuddlingPotion"},{"floor":33.0,"key":"SkillPotion"}],"is_trial":false,"path_per_floor":["M","?","M","?","M","E","M","E","T","R","M","R","?","M","R","B",null,"M","?","$","?","?","R","E","R","T","M","E","R","E","M","R","B",null,"M","?","M","?","$","R","M","R","T","$","M","R","E","?","R","B",null],"character_chosen":"IRONCLAD","items_purchased":["Meat on the Bone","FossilizedHelix","Guardian:BottledAnomaly","Cleave+1","DollysMirror","Juzu Bracelet"],"campfire_rested":1,"item_purchase_floors":[20,39,39,39,44,44],"current_hp_per_floor":[76,73,72,52,53,43,42,33,33,33,36,36,41,41,41,11,67,70,70,70,70,70,70,52,52,52,60,31,60,66,70,70,26,82,73,73,81,81,81,81,87,87,87,102,109,109,109,109,109,64],"gold":136,"neow_bonus":"UPGRADE_CARD","is_daily":false,"chose_seed":false,"campfire_upgraded":10,"win_rate":0.0,"timestamp":1610774776,"path_taken":["M","?","M","?","M","E","M","E","T","R","M","R","?","M","R","BOSS","M","?","$","?","?","R","E","R","T","M","E","R","E","M","R","BOSS","M","?","M","?","$","R","M","R","T","$","M","R","E","?","R","BOSS"],"items_purchased_type":["Relic","Relic","Relic","Card","Relic","Relic"],"build_version":"2020-12-22","purchased_purges":2,"victory":true,"max_hp_per_floor":[80,80,80,80,80,80,80,80,80,80,80,80,85,85,85,85,85,89,89,89,89,89,89,93,93,93,97,97,97,101,101,101,101,101,101,101,105,105,105,105,109,109,109,109,109,109,109,109,109,109],"card_choices":[{"not_picked":["Twin Strike","Warcry"],"picked":"Uppercut","floor":1.0},{"not_picked":["Iron Wave","Thunderclap"],"picked":"Cleave","floor":3.0},{"not_picked":["Clothesline","Anger"],"picked":"Headbutt","floor":5.0},{"not_picked":["Evolve","Headbutt"],"picked":"Carnage","floor":6.0},{"not_picked":["Dual Wield","Evolve","Headbutt"],"picked":"SKIP","floor":7.0},{"not_picked":["Corruption","Perfected Strike+1"],"picked":"Wild Strike+1","floor":8.0},{"not_picked":["Pommel Strike+1","Havoc"],"picked":"Shrug It Off","floor":11.0},{"not_picked":["Hemokinesis+1","Heavy Blade+1"],"picked":"Metallicize","floor":14.0},{"not_picked":["Offering","Impervious"],"picked":"Feed+1","floor":16.0},{"not_picked":["Body Slam+1","Entrench","Feel No Pain"],"picked":"SKIP","floor":18.0},{"not_picked":["Body Slam+1","Feel No Pain"],"picked":"Entrench","floor":18.0},{"not_picked":["Clothesline+1","Searing Blow+1","Intimidate"],"picked":"SKIP","floor":24.0},{"not_picked":["Headbutt+1","Searing Blow+1"],"picked":"Body Slam+1","floor":27.0},{"not_picked":["Ghostly Armor","Flex"],"picked":"Shrug It Off","floor":28.0},{"not_picked":["Dropkick+1","Warcry+1"],"picked":"True Grit","floor":30.0},{"not_picked":["Anger+1","Berserk","Flex"],"picked":"SKIP","floor":31.0},{"not_picked":["Bludgeon+1","Brutality"],"picked":"Fiend Fire+1","floor":33.0},{"not_picked":["Feel No Pain+1","True Grit+1"],"picked":"Battle Trance+1","floor":35.0},{"not_picked":["Havoc","Feel No Pain","Armaments"],"picked":"SKIP","floor":37.0},{"not_picked":["Rage","Pommel Strike+1","Carnage+1"],"picked":"SKIP","floor":41},{"not_picked":["Sentinel","Bloodletting+1","Feed+1"],"picked":"SKIP","floor":45},{"not_picked":["Headbutt+1","Havoc","Flex"],"picked":"SKIP","floor":47}],"player_experience":218619,"relics_obtained":[{"floor":6.0,"key":"Red Skull"},{"floor":8.0,"key":"Molten Egg 2"},{"floor":9.0,"key":"War Paint"},{"floor":24.0,"key":"Calipers"},{"floor":26.0,"key":"Bronze Scales"},{"floor":26.0,"key":"MawBank"},{"floor":28.0,"key":"Mercury Hourglass"},{"floor":30.0,"key":"Blood Vial"},{"floor":43,"key":"MealTicket"},{"floor":43,"key":"Guardian:PocketSentry"},{"floor":47,"key":"Toy Ornithopter"}],"event_choices":[{"damage_healed":0.0,"max_hp_gain":0.0,"max_hp_loss":0.0,"gold_gain":0.0,"event_name":"Scrap Ooze","player_choice":"Success","floor":2.0,"gold_loss":0.0,"damage_taken":3.0,"relics_obtained":["Paper Frog"]},{"damage_healed":0.0,"max_hp_gain":0.0,"max_hp_loss":0.0,"gold_gain":0.0,"event_name":"Golden Idol","player_choice":"Take Damage","floor":4.0,"gold_loss":0.0,"damage_taken":20.0,"relics_obtained":["Golden Idol"]},{"damage_healed":0.0,"max_hp_gain":5.0,"max_hp_loss":0.0,"gold_gain":0.0,"event_name":"Big Fish","player_choice":"Donut","floor":13.0,"gold_loss":0.0,"damage_taken":0.0},{"damage_healed":0.0,"max_hp_gain":0.0,"max_hp_loss":0.0,"gold_gain":0.0,"event_name":"The Mausoleum","player_choice":"Opened","floor":19.0,"gold_loss":0.0,"damage_taken":0.0,"relics_obtained":["Matryoshka"]},{"damage_healed":0.0,"max_hp_gain":0.0,"max_hp_loss":0.0,"gold_gain":0.0,"cards_transformed":["Strike_R","Defend_R"],"event_name":"Drug Dealer","player_choice":"Became Test Subject","floor":21.0,"gold_loss":0.0,"damage_taken":0.0,"cards_obtained":["Flame Barrier","Searing Blow"]},{"damage_healed":0.0,"max_hp_gain":0.0,"max_hp_loss":0.0,"gold_gain":0.0,"event_name":"Vampires","player_choice":"Ignored","floor":22.0,"gold_loss":0.0,"damage_taken":0.0},{"damage_healed":0.0,"max_hp_gain":0.0,"max_hp_loss":0.0,"gold_gain":0.0,"event_name":"Tomb of Lord Red Mask","player_choice":"Ignored","floor":36.0,"gold_loss":0.0,"damage_taken":0.0},{"damage_healed":0.0,"max_hp_gain":0.0,"max_hp_loss":0.0,"gold_gain":333.0,"event_name":"The Moai Head","player_choice":"Gave Idol","floor":38.0,"relics_lost":["Golden Idol"],"gold_loss":0.0,"damage_taken":0.0},{"cards_removed":["Metallicize"],"damage_healed":0,"gold_gain":0,"player_choice":"Removed Power","damage_taken":0,"max_hp_gain":0,"max_hp_loss":0,"event_name":"Falling","floor":48,"gold_loss":0}],"is_beta":false,"boss_relics":[{"not_picked":["Ectoplasm","Runic Dome"],"picked":"Velvet Choker"},{"not_picked":["Fusion Hammer","Coffee Dripper"],"picked":"Empty Cage"}],"items_purged_floors":[20,44],"is_endless":false,"potions_floor_spawned":[3,5,8,14,28,30,33,35],"ascension_level":12}}