{"host":"zig6x0mxqzam82fb","time":1610785580,"event":{"mods":["BaseMod","Block Reminder","Colored Map","Colored Powertips","Marisa????????","Minty Spire (QoL Compilation)","Relic Stats","StSLib","The Cursed","The Marked","Waifu the Spire"],"gold_per_floor":[112,127,49,63,74,74,108,74,74,39,54,54,64,78,78,176,176,176,101,101,101,101,101,101,101,101,101,101,101,101,101,101,101,101,101,101,101,101,101,101,101,101,101,101,20,20,20,20,20,20],"floor_reached":51,"language":"ENG","playtime":3466,"items_purged":["Strike_G"],"score":1054,"play_id":"cf79434c-de59-4b4b-92d1-7d6602bb9d9e","local_time":"20210116032620","is_ascension_mode":true,"campfire_choices":[{"data":"Bouncing Flask","floor":6,"key":"SMITH"},{"data":"Catalyst","floor":12,"key":"SMITH"},{"floor":15,"key":"REST"},{"data":"Envenom","floor":24,"key":"SMITH"},{"data":"Ghostly","floor":30,"key":"SMITH"},{"data":"Ghostly","floor":32,"key":"SMITH"},{"floor":40,"key":"REST"},{"floor":44,"key":"REST"},{"data":"Malaise","floor":47,"key":"SMITH"},{"data":"Night Terror","floor":49,"key":"SMITH"}],"circlet_count":0,"master_deck":["Strike_G+1","Strike_G+1","Strike_G+1","Strike_G+1","Defend_G+1","Defend_G+1","Defend_G+1","Defend_G+1","Defend_G+1","Survivor","Die Die Die","Backflip","Deadly Poison","Bouncing Flask+1","Blade Dance","Catalyst+1","Backflip","Noxious Fumes","Bouncing Flask","Crippling Poison","Envenom+1","Bouncing Flask+1","Bullet Time","Acrobatics","Ghostly+1","Ghostly+1","Ghostly","Ghostly","Ghostly","Malaise+1","Terror","Night Terror+1"],"relics":["Ring of the Snake","Oddly Smooth Stone","Dream Catcher","Ectoplasm","Singing Bowl","Snake Skull","Strawberry","Runic Pyramid","TungstenRod","Turnip","Centennial Puzzle","CatCart"],"acts_visited":["Exordium","TheCity","TheBeyond"],"potions_floor_usage":[7,7,27,27,27,33,50],"damage_taken":[{"damage":0,"enemies":"Cultist","floor":1,"turns":4},{"damage":4,"enemies":"Jaw Worm","floor":2,"turns":4},{"damage":0,"enemies":"2 Louse","floor":4,"turns":1},{"damage":14,"enemies":"Looter","floor":5,"turns":3},{"damage":22,"enemies":"3 Sentries","floor":7,"turns":8},{"damage":0,"enemies":"2 Fungi Beasts","floor":11,"turns":2},{"damage":1,"enemies":"Blue Slaver","floor":13,"turns":3},{"damage":0,"enemies":"Exordium Wildlife","floor":14,"turns":5},{"damage":21,"enemies":"The Guardian","floor":16,"turns":6},{"damage":0,"enemies":"Chosen","floor":18,"turns":3},{"damage":0,"enemies":"Spheric Guardian","floor":20,"turns":2},{"damage":27,"enemies":"Gremlin Leader","floor":23,"turns":5},{"damage":0,"enemies":"Snake Plant","floor":25,"turns":2},{"damage":24,"enemies":"Slavers","floor":27,"turns":4},{"damage":1,"enemies":"Centurion and Healer","floor":31,"turns":4},{"damage":1,"enemies":"Champ","floor":33,"turns":8},{"damage":1,"enemies":"Orb Walker","floor":35,"turns":4},{"damage":0,"enemies":"3 Shapes","floor":36,"turns":3},{"damage":14,"enemies":"3 Darklings","floor":37,"turns":4},{"damage":4,"enemies":"2 Orb Walkers","floor":38,"turns":5},{"damage":9,"enemies":"Spire Growth","floor":41,"turns":5},{"damage":0,"enemies":"Giant Head","floor":42,"turns":7},{"damage":3,"enemies":"4 Shapes","floor":46,"turns":10},{"damage":0,"enemies":"Orin","floor":48,"turns":7},{"damage":25,"enemies":"Awakened One","floor":50,"turns":10}],"seed_played":"-8342985288976347524","potions_obtained":[{"floor":2,"key":"EntropicBrew"},{"floor":4,"key":"Fire Potion"},{"floor":13,"key":"PowerPotion"},{"floor":16,"key":"Regen Potion"},{"floor":31,"key":"Energy Potion"},{"floor":35,"key":"Energy Potion"},{"floor":36,"key":"Strength Potion"},{"floor":42,"key":"Swift Potion"}],"is_trial":false,"path_per_floor":["M","M","$","M","M","R","E","$","T","?","M","R","M","M","R","B",null,"M","$","M","?","?","E","R","M","T","E","?","?","R","M","R","B",null,"M","M","M","?","?","R","M","E","T","R","$","M","R","?","R","B",null],"character_chosen":"THE_SILENT","items_purchased":["Bouncing Flask","Noxious Fumes","Night Terror"],"campfire_rested":3,"item_purchase_floors":[3,8,45],"current_hp_per_floor":[63,59,59,59,45,45,23,23,23,38,38,38,37,37,55,34,56,56,56,56,56,56,29,29,31,31,28,28,28,28,29,29,28,36,37,39,27,25,25,40,31,33,33,50,50,49,49,51,51,26],"gold":20,"neow_bonus":"THREE_RARE_CARDS","is_daily":false,"chose_seed":false,"campfire_upgraded":7,"win_rate":0.0,"timestamp":1610785580,"path_taken":["M","M","$","M","?","R","E","$","T","?","M","R","M","M","R","BOSS","M","$","M","?","?","E","R","M","T","E","?","?","R","M","R","BOSS","M","M","M","?","?","R","M","E","T","R","?","M","R","?","R","BOSS"],"items_purchased_type":["Card","Card","Card"],"build_version":"2020-12-22","purchased_purges":1,"victory":true,"max_hp_per_floor":[63,63,63,63,63,63,63,63,63,63,63,63,63,63,63,63,63,63,63,63,63,63,63,63,65,65,72,36,36,36,38,38,38,38,40,42,44,46,46,48,48,50,50,52,52,54,54,56,56,56],"relic_stats":{"Dream Catcher":3,"Centennial Puzzle":[6],"Singing Bowl":22,"counters":[25,119],"Ectoplasm":572,"Snake Skull":[227],"Turnip":[0],"obtain_stats":[{"Dream Catcher":9,"Centennial Puzzle":43,"Singing Bowl":23,"Strawberry":27,"Oddly Smooth Stone":7,"Ectoplasm":17,"Snake Skull":26,"Turnip":42,"CatCart":48,"TungstenRod":38,"Ring of the Snake":0,"Runic Pyramid":34},{"Dream Catcher":5,"Centennial Puzzle":22,"Singing Bowl":12,"Strawberry":14,"Oddly Smooth Stone":5,"Ectoplasm":9,"Snake Skull":13,"Turnip":22,"CatCart":24,"TungstenRod":20,"Ring of the Snake":0,"Runic Pyramid":16},{"Dream Catcher":20,"Centennial Puzzle":92,"Singing Bowl":46,"Strawberry":52,"Oddly Smooth Stone":20,"Ectoplasm":36,"Snake Skull":48,"Turnip":92,"CatCart":109,"TungstenRod":80,"Ring of the Snake":0,"Runic Pyramid":64}],"TungstenRod":27,"Ring of the Snake":[50]},"card_choices":[{"not_picked":["Grand Finale","Malaise"],"picked":"Die Die Die","floor":0},{"not_picked":["Dagger Throw","Footwork"],"picked":"Backflip","floor":1},{"not_picked":["Sucker Punch","Catalyst"],"picked":"Deadly Poison","floor":2},{"not_picked":["Deadly Poison","Leg Sweep"],"picked":"Blade Dance","floor":4},{"not_picked":["Quick Slash","Caltrops"],"picked":"Catalyst","floor":5},{"not_picked":["Predator","Dash"],"picked":"Backflip","floor":7},{"not_picked":["Skewer","Riddle With Holes","Underhanded Strike"],"picked":"SKIP","floor":11},{"not_picked":["Quick Slash","Grand Finale"],"picked":"Bouncing Flask","floor":13},{"not_picked":["Quick Slash","Underhanded Strike","Dagger Throw"],"picked":"SKIP","floor":14},{"not_picked":["Poisoned Stab","Well Laid Plans"],"picked":"Crippling Poison","floor":15},{"not_picked":["Storm of Steel","Glass Knife"],"picked":"Envenom","floor":16},{"not_picked":["Choke","Dagger Throw","Underhanded Strike"],"picked":"SKIP","floor":18},{"not_picked":["Outmaneuver","Quick Slash"],"picked":"Bouncing Flask+1","floor":20},{"not_picked":["Bouncing Flask","Blade Dance"],"picked":"Bullet Time","floor":23},{"not_picked":["Sucker Punch","Underhanded Strike+1","Masterful Stab+1"],"picked":"Singing Bowl","floor":25},{"not_picked":["Backflip","Venomology"],"picked":"Acrobatics","floor":27},{"not_picked":["Backflip","Bane+1","Underhanded Strike"],"picked":"Singing Bowl","floor":31},{"not_picked":["Burst","Unload"],"picked":"Malaise","floor":33},{"not_picked":["Bane+1","Choke+1","Bouncing Flask+1"],"picked":"Singing Bowl","floor":35},{"not_picked":["Cloak And Dagger+1","Sucker Punch+1","Acrobatics+1"],"picked":"Singing Bowl","floor":36},{"not_picked":["Accuracy+1","Underhanded Strike+1","Prepared+1"],"picked":"Singing Bowl","floor":37},{"not_picked":["Concentrate","Flying Knee+1","Slice"],"picked":"Singing Bowl","floor":38},{"not_picked":["Dagger Throw","Glass Knife","Bouncing Flask"],"picked":"Singing Bowl","floor":40},{"not_picked":["Slice","Dodge and Roll"],"picked":"Terror","floor":41},{"not_picked":["Dodge and Roll+1","Eviscerate+1","Noxious Fumes+1"],"picked":"Singing Bowl","floor":42},{"not_picked":["Deadly Poison","After Image","Dodge and Roll"],"picked":"Singing Bowl","floor":44},{"not_picked":["Deflect+1","Slice","Escape Plan"],"picked":"Singing Bowl","floor":46},{"not_picked":["Outmaneuver+1","Accuracy+1","Sucker Punch"],"picked":"Singing Bowl","floor":48}],"player_experience":479204,"relics_obtained":[{"floor":7,"key":"Oddly Smooth Stone"},{"floor":9,"key":"Dream Catcher"},{"floor":23,"key":"Singing Bowl"},{"floor":26,"key":"Snake Skull"},{"floor":27,"key":"Strawberry"},{"floor":38,"key":"TungstenRod"},{"floor":42,"key":"Turnip"},{"floor":43,"key":"Centennial Puzzle"},{"floor":48,"key":"CatCart"}],"event_choices":[{"damage_healed":15,"gold_gain":0,"player_choice":"Healed","damage_taken":0,"max_hp_gain":0,"max_hp_loss":0,"event_name":"The Cleric","floor":10,"gold_loss":35},{"damage_healed":0,"gold_gain":99,"player_choice":"Stole From Cult","damage_taken":0,"max_hp_gain":0,"max_hp_loss":0,"event_name":"Nest","floor":21,"gold_loss":0},{"damage_healed":0,"gold_gain":0,"player_choice":"Ignored","damage_taken":0,"max_hp_gain":0,"max_hp_loss":0,"event_name":"Vampires","floor":22,"gold_loss":0},{"damage_healed":0,"gold_gain":0,"player_choice":"Became a Ghost","damage_taken":0,"max_hp_gain":0,"max_hp_loss":36,"event_name":"Ghosts","floor":28,"gold_loss":0,"cards_obtained":["Ghostly","Ghostly","Ghostly","Ghostly","Ghostly"]},{"damage_healed":0,"gold_gain":0,"player_choice":"Simplicity","damage_taken":0,"max_hp_gain":0,"max_hp_loss":0,"event_name":"Back to Basics","floor":29,"gold_loss":0,"cards_upgraded":["Strike_G","Strike_G","Strike_G","Strike_G","Defend_G","Defend_G","Defend_G","Defend_G","Defend_G"]},{"damage_healed":0,"gold_gain":0,"player_choice":"Fight","damage_taken":0,"max_hp_gain":0,"max_hp_loss":0,"event_name":"Mysterious Sphere","floor":38,"gold_loss":0},{"cards_removed":["Neutralize"],"damage_healed":0,"gold_gain":0,"player_choice":"Removed Attack","damage_taken":0,"max_hp_gain":0,"max_hp_loss":0,"event_name":"Falling","floor":39,"gold_loss":0},{"damage_healed":0,"gold_gain":0,"player_choice":"Fight","damage_taken":0,"max_hp_gain":0,"max_hp_loss":0,"event_name":"OrinTheCat","floor":48,"gold_loss":0}],"is_beta":false,"boss_relics":[{"not_picked":["Coffee Dripper","Pandora\u0027s Box"],"picked":"Ectoplasm"},{"not_picked":["Ring of the Serpent","Black Star"],"picked":"Runic Pyramid"}],"items_purged_floors":[19],"is_endless":false,"potions_floor_spawned":[2,4,13,16,18,25,31,35,36,42],"ascension_level":8}}