{"host":"22s5scuj7mu87reg","time":1610838137,"event":{"mods":["BaseMod","Better Third Choice","Colored Powertips","Dota2Spire","Downfall","Duelist Mod","GungeonMod","Halation","Hubris","Infinite Spire","Koishi","KomeijiMod","Minty Spire (QoL Compilation)","Quick Restart","Replay The Spire","Shop Mod","StSLib","SuperFastMode","The Jungle","The Mystic","The Necromancer","Wandering Minibosses"],"gold_per_floor":[114,114,125,138,29,64,64,64,64,64,14,24,38,56,56,56,56],"floor_reached":16,"language":"POL","playtime":530,"items_purged":[],"score":128,"play_id":"bfe174da-3570-4724-be22-35c6de79685a","local_time":"20210117000217","is_ascension_mode":true,"campfire_choices":[],"circlet_count":0,"master_deck":["Strike_B","Strike_B","Defend_B","Defend_B","Defend_B","Defend_B","Zap","Dualcast","Hologram+1","Blizzard","Machine Learning","Machine Learning","Barrage","Amplify+1","hubris:Ukulele","Rainbow+1"],"relics":["Cracked Core","NeowsBlessing","Replay:Accelerometer","Toxic Egg 2","halation:VictoryRuler"],"acts_visited":["Exordium"],"potions_floor_usage":[6,16,16,16],"damage_taken":[{"damage":0,"enemies":"Jaw Worm","floor":1,"turns":1},{"damage":0,"enemies":"infinitespire:Voidling","floor":3,"turns":1},{"damage":0,"enemies":"2 Louse","floor":4,"turns":1},{"damage":24,"enemies":"Lagavulin","floor":6,"turns":7},{"damage":19,"enemies":"Exordium Wildlife","floor":12,"turns":4},{"damage":11,"enemies":"3 Louse","floor":13,"turns":5},{"damage":15,"enemies":"Blue Slaver","floor":14,"turns":3},{"damage":46,"enemies":"Hexaghost","floor":16,"turns":9}],"seed_played":"6187454041945312582","potions_obtained":[{"floor":4,"key":"Explosive Potion"},{"floor":6,"key":"Strength Potion"},{"floor":12,"key":"champ:CounterPotion"},{"floor":13,"key":"Fire Potion"}],"is_trial":false,"path_per_floor":["M","?","M","M","$","E","?","T","T","$","?","M","M","M","R","B"],"character_chosen":"DEFECT","items_purchased":["Machine Learning"],"campfire_rested":0,"item_purchase_floors":[5],"current_hp_per_floor":[75,75,75,75,75,51,66,66,66,66,66,47,36,21,43,0,0],"gold":56,"neow_bonus":"THREE_ENEMY_KILL","is_daily":false,"chose_seed":false,"campfire_upgraded":0,"win_rate":0.0,"timestamp":1610838137,"path_taken":["M","?","?","M","$","E","?","?","T","$","?","M","?","M","R","BOSS"],"items_purchased_type":["Card"],"build_version":"2020-12-13","purchased_purges":0,"victory":false,"max_hp_per_floor":[75,75,75,75,75,75,75,75,75,75,75,75,75,75,75,75,75],"card_choices":[{"not_picked":["Chaos","ReplayTheSpireMod:GoodbyeWorld"],"picked":"Hologram","floor":1},{"not_picked":["ReplayTheSpireMod:System Scan","Steam","Stack"],"picked":"SKIP","floor":3},{"not_picked":["Sunder","Go for the Eyes"],"picked":"Blizzard","floor":4},{"not_picked":["Rip and Tear","Compile Driver"],"picked":"Barrage","floor":6},{"not_picked":["Steam+1","Double Energy+1"],"picked":"Amplify+1","floor":12},{"not_picked":["Barrage","Beam Cell"],"picked":"hubris:Ukulele","floor":13},{"not_picked":["Turbo+1","ReplayTheSpireMod:Reroute Power+1"],"picked":"Rainbow+1","floor":14}],"player_experience":156351,"relics_obtained":[{"floor":6,"key":"Replay:Accelerometer"},{"floor":8,"key":"Toxic Egg 2"},{"floor":9,"key":"halation:VictoryRuler"}],"event_choices":[{"cards_removed":["Strike_B"],"damage_healed":0,"gold_gain":0,"player_choice":"Offered Basic","damage_taken":0,"max_hp_gain":0,"max_hp_loss":0,"event_name":"Bonfire Elementals","floor":2,"gold_loss":0},{"cards_removed":["Strike_B"],"damage_healed":0,"gold_gain":0,"player_choice":"Card Removal","damage_taken":0,"max_hp_gain":0,"max_hp_loss":0,"event_name":"The Cleric","floor":11,"gold_loss":50}],"is_beta":false,"boss_relics":[],"items_purged_floors":[],"is_endless":false,"potions_floor_spawned":[4,6,12,13],"killed_by":"Hexaghost","ascension_level":5}}