{"host":"j36qkj20jqndbw01","time":1610756374,"event":{"mods":["AchievementEnabler","BaseMod","Colored Map","DeckTracker","Highlight Path","Keyboard Shortcuts","Minty Spire (QoL Compilation)","Quick Restart","Relic Stats","StSLib","SuperFastMode","everything is the same but u backflip on backflip"],"gold_per_floor":[110,157,176,192,204,204,236,236,236,252,271,298,308,308,308,384,384,398,417,434,414,424,424,441,475,475,475,27,27,43,43,43,115,115,135,154,205,205,205,205,205],"floor_reached":40,"language":"KOR","playtime":1880,"items_purged":["Strike_B"],"score":798,"play_id":"310c65ba-f5d6-47fb-a4dd-795d3c068464","local_time":"20210116091934","is_ascension_mode":true,"campfire_choices":[{"data":"Zap","floor":6.0,"key":"SMITH"},{"data":"Capacitor","floor":8.0,"key":"SMITH"},{"data":"Beam Cell","floor":15.0,"key":"SMITH"},{"data":"Coolheaded","floor":23.0,"key":"SMITH"},{"data":"Reboot","floor":27.0,"key":"SMITH"},{"data":"Defragment","floor":29.0,"key":"SMITH"},{"data":"Defragment","floor":32.0,"key":"SMITH"}],"circlet_count":0,"master_deck":["AscendersBane","Strike_B","Strike_B","Defend_B","Defend_B","Defend_B","Defend_B","Zap+1","Dualcast","Genetic Algorithm","Beam Cell+1","Capacitor+1","Undo","Barrage","Turbo","Self Repair","Coolheaded+1","Self Repair","Reboot+1","Melter+1","Doom and Gloom+1","Glacier","Force Field","Glacier","Cold Snap","Defragment+1","Defragment+1","Coolheaded","Echo Form","Static Discharge","Apotheosis","PanicButton","Panache"],"relics":["Cracked Core","Potion Belt","Lantern","Mercury Hourglass","Pantograph","InkBottle","Nuclear Battery","Question Card","The Courier","Emotion Chip","Black Star","Calipers"],"acts_visited":["Exordium","TheCity","TheBeyond"],"potions_floor_usage":[40],"damage_taken":[{"damage":1.0,"enemies":"Cultist","floor":1.0,"turns":3.0},{"damage":1.0,"enemies":"2 Louse","floor":3.0,"turns":3.0},{"damage":7.0,"enemies":"Jaw Worm","floor":4.0,"turns":4.0},{"damage":4.0,"enemies":"Exordium Wildlife","floor":5.0,"turns":3.0},{"damage":22.0,"enemies":"Lagavulin","floor":7.0,"turns":9.0},{"damage":4.0,"enemies":"Blue Slaver","floor":10.0,"turns":3.0},{"damage":0.0,"enemies":"2 Fungi Beasts","floor":11.0,"turns":2.0},{"damage":12.0,"enemies":"3 Sentries","floor":12.0,"turns":6.0},{"damage":18.0,"enemies":"Large Slime","floor":13.0,"turns":5.0},{"damage":39.0,"enemies":"Slime Boss","floor":16.0,"turns":13.0},{"damage":16.0,"enemies":"Spheric Guardian","floor":18.0,"turns":5.0},{"damage":0.0,"enemies":"Chosen","floor":19.0,"turns":3.0},{"damage":23.0,"enemies":"Snake Plant","floor":20.0,"turns":5.0},{"damage":29.0,"enemies":"Shelled Parasite and Fungi","floor":22.0,"turns":6.0},{"damage":31.0,"enemies":"Chosen and Byrds","floor":24.0,"turns":6.0},{"damage":22.0,"enemies":"Gremlin Leader","floor":25.0,"turns":7.0},{"damage":18.0,"enemies":"Centurion and Healer","floor":30.0,"turns":5.0},{"damage":11.0,"enemies":"Champ","floor":33.0,"turns":13.0},{"damage":43.0,"enemies":"3 Darklings","floor":35.0,"turns":5.0},{"damage":11.0,"enemies":"Orb Walker","floor":36.0,"turns":5.0},{"damage":21.0,"enemies":"2 Orb Walkers","floor":37.0,"turns":7.0},{"damage":51,"enemies":"Reptomancer","floor":40,"turns":2}],"seed_played":"8384812350319424083","potions_obtained":[{"floor":1.0,"key":"EssenceOfSteel"},{"floor":5.0,"key":"FocusPotion"},{"floor":7.0,"key":"BlessingOfTheForge"},{"floor":13.0,"key":"DistilledChaos"},{"floor":16.0,"key":"Block Potion"},{"floor":18.0,"key":"DistilledChaos"},{"floor":20.0,"key":"Explosive Potion"},{"floor":25.0,"key":"GamblersBrew"},{"floor":35.0,"key":"Regen Potion"},{"floor":36.0,"key":"Energy Potion"},{"floor":37.0,"key":"LiquidMemories"}],"is_trial":false,"path_per_floor":["M","T","M","M","M","R","E","R","T","M","M","E","M","?","R","B",null,"M","M","M","?","M","R","M","E","T","R","$","R","M","?","R","B",null,"M","M","?","?","?","E"],"character_chosen":"DEFECT","items_purchased":["Defragment","Defragment","Emotion Chip"],"campfire_rested":0,"item_purchase_floors":[28,28,28],"current_hp_per_floor":[70,70,69,62,58,58,36,36,36,32,32,27,16,16,16,16,63,61,75,66,66,51,51,34,26,26,26,26,26,22,22,22,50,71,42,45,60,60,50,0,0],"gold":205,"neow_bonus":"TEN_PERCENT_HP_BONUS","is_daily":false,"chose_seed":false,"campfire_upgraded":7,"win_rate":0.0,"timestamp":1610756374,"path_taken":["M","?","M","M","M","R","E","R","T","?","M","E","M","?","R","BOSS","M","M","M","?","?","R","M","E","T","R","$","R","M","?","R","BOSS","M","M","?","?","?","E"],"items_purchased_type":["Card","Card","Relic"],"build_version":"2020-12-22","purchased_purges":1,"victory":false,"max_hp_per_floor":[78,78,78,78,78,78,78,78,78,78,78,78,78,78,78,78,78,78,78,78,78,78,78,78,78,78,78,78,78,78,78,78,78,78,78,78,78,78,78,78,78],"relic_stats":{"Emotion Chip":[47,9,25,6,7],"counters":[22,120],"Pantograph":50,"Black Star":0,"Question Card":9,"obtain_stats":[{"Potion Belt":2,"Lantern":7,"Emotion Chip":28,"Calipers":37,"Pantograph":12,"The Courier":26,"Black Star":34,"Cracked Core":0,"Question Card":25,"InkBottle":14,"Mercury Hourglass":9,"Nuclear Battery":17},{"Potion Belt":1,"Lantern":5,"Emotion Chip":16,"Calipers":21,"Pantograph":8,"The Courier":16,"Black Star":18,"Cracked Core":0,"Question Card":16,"InkBottle":9,"Mercury Hourglass":5,"Nuclear Battery":10},{"Potion Belt":3,"Lantern":22,"Emotion Chip":83,"Calipers":118,"Pantograph":33,"The Courier":83,"Black Star":101,"Cracked Core":0,"Question Card":83,"InkBottle":38,"Mercury Hourglass":22,"Nuclear Battery":51}],"InkBottle":[32],"Mercury Hourglass":[408]},"card_choices":[{"not_picked":["Gash","Rebound"],"picked":"Genetic Algorithm","floor":1.0},{"not_picked":["Steam Power","Steam"],"picked":"Beam Cell","floor":3.0},{"not_picked":["Compile Driver","Leap"],"picked":"Capacitor","floor":4.0},{"not_picked":["Redo","Steam Power"],"picked":"Undo","floor":5.0},{"not_picked":["Melter","Hyperbeam"],"picked":"Barrage","floor":7.0},{"not_picked":["Conserve Battery","Barrage"],"picked":"Turbo","floor":10.0},{"not_picked":["BootSequence","Rebound"],"picked":"Self Repair","floor":11.0},{"not_picked":["Buffer","Steam Power"],"picked":"Coolheaded","floor":12.0},{"not_picked":["Turbo","Stack"],"picked":"Self Repair","floor":13.0},{"not_picked":["Rainbow","Meteor Strike"],"picked":"Reboot","floor":16.0},{"not_picked":["Scrape+1","Skim+1"],"picked":"Melter+1","floor":18.0},{"not_picked":["Conserve Battery","Skim"],"picked":"Doom and Gloom+1","floor":19.0},{"not_picked":["Compile Driver","Sweeping Beam"],"picked":"Glacier","floor":20.0},{"not_picked":["Force Field","Redo","Barrage"],"picked":"SKIP","floor":22.0},{"not_picked":["Redo","Barrage"],"picked":"Force Field","floor":22.0},{"not_picked":["Scrape","Go for the Eyes"],"picked":"Glacier","floor":24.0},{"not_picked":["Amplify","Lockon"],"picked":"Cold Snap","floor":25.0},{"not_picked":["Redo","Recycle","Sweeping Beam+1"],"picked":"Coolheaded","floor":30.0},{"not_picked":["Buffer","Machine Learning","Amplify"],"picked":"Echo Form","floor":33.0},{"not_picked":["Melter","Barrage","Conserve Battery"],"picked":"Static Discharge","floor":35.0},{"not_picked":["Hologram","Glacier","Go for the Eyes","Turbo"],"picked":"SKIP","floor":36.0},{"not_picked":["Blind","Panacea","The Bomb"],"picked":"Apotheosis","floor":39.0},{"not_picked":["Violence","Sadistic Nature","Deep Breath"],"picked":"PanicButton","floor":39.0},{"not_picked":["Discovery","Jack Of All Trades","Swift Strike"],"picked":"Panache","floor":39.0}],"player_experience":1735740,"relics_obtained":[{"floor":2.0,"key":"Potion Belt"},{"floor":7.0,"key":"Lantern"},{"floor":9.0,"key":"Mercury Hourglass"},{"floor":12.0,"key":"Pantograph"},{"floor":25.0,"key":"Question Card"},{"floor":26.0,"key":"The Courier"},{"floor":37.0,"key":"Calipers"}],"event_choices":[{"damage_healed":0.0,"max_hp_gain":0.0,"max_hp_loss":0.0,"gold_gain":0.0,"event_name":"WeMeetAgain","player_choice":"Gave Potion","floor":14.0,"gold_loss":0.0,"damage_taken":0.0,"relics_obtained":["InkBottle"]},{"damage_healed":0.0,"max_hp_gain":0.0,"max_hp_loss":0.0,"gold_gain":0.0,"event_name":"The Woman in Blue","player_choice":"Bought 1 Potion","floor":21.0,"gold_loss":0.0,"damage_taken":0.0},{"cards_removed":["Strike_B"],"damage_healed":0.0,"max_hp_gain":0.0,"max_hp_loss":0.0,"gold_gain":0.0,"event_name":"Back to Basics","player_choice":"Elegance","floor":31.0,"gold_loss":0.0,"damage_taken":0.0},{"damage_healed":0.0,"max_hp_gain":0.0,"max_hp_loss":0.0,"gold_gain":0.0,"event_name":"Mysterious Sphere","player_choice":"Fight","floor":37.0,"gold_loss":0.0,"damage_taken":0.0},{"damage_healed":0.0,"max_hp_gain":0.0,"max_hp_loss":0.0,"gold_gain":0.0,"event_name":"Tomb of Lord Red Mask","player_choice":"Ignored","floor":38.0,"gold_loss":0.0,"damage_taken":0.0},{"damage_healed":0.0,"max_hp_gain":0.0,"max_hp_loss":0.0,"gold_gain":0.0,"event_name":"SensoryStone","player_choice":"Memory 3","floor":39.0,"gold_loss":0.0,"damage_taken":10.0}],"is_beta":false,"boss_relics":[{"not_picked":["Velvet Choker","Calling Bell"],"picked":"Nuclear Battery"},{"not_picked":["Astrolabe","Coffee Dripper"],"picked":"Black Star"}],"items_purged_floors":[28],"is_endless":false,"potions_floor_spawned":[1,5,7,13,16,18,20,25,35,36,37],"killed_by":"Reptomancer","ascension_level":18}}