{"host":"1vfpjvae9xcvmh7u","time":1610784847,"event":{"mods":["BaseMod","Downfall","Hermit","Hubris","Infinite Spire","Jorbs\u0027s Wanderer Trilogy","Minty Spire (QoL Compilation)","StSLib","The Construct","The Cursed","The Marked","The Necromancer","The Runesmith","The Servant 0.9.4"],"gold_per_floor":[115,131,131,34,34,62,62,82,82,82,97,115,115,128,128,225,225,238,255,83,83,97,129,129,139,139,139,139,139,149,168,168,268,268,268,284,284,7,24,49,49,62,87,87,87,87],"floor_reached":45,"language":"ENG","playtime":2828,"items_purged":["theMarked:Defend"],"score":417,"play_id":"f5c0573e-5e98-489b-be13-a1c56e42b067","local_time":"20210116001407","is_ascension_mode":false,"campfire_choices":[{"data":"theMarked:Challenge","floor":7,"key":"SMITH"},{"data":"theMarked:SoldierOfQuellstein","floor":10,"key":"SMITH"},{"floor":15,"key":"REST"},{"floor":24,"key":"REST"},{"floor":27,"key":"REST"},{"floor":29,"key":"REST"},{"floor":32,"key":"REST"},{"floor":41,"key":"REST"},{"floor":44,"key":"REST"}],"circlet_count":0,"master_deck":["theMarked:Strike","theMarked:Strike","theMarked:Strike","theMarked:Strike","theMarked:Defend","theMarked:Defend","theMarked:Defend","theMarked:SoldierOfQuellstein+1","theMarked:Challenge+1","theMarked:Aftermath","theMarked:ComboAttacks","theMarked:Overcharge","theMarked:Panic","theMarked:ChainLightning","theMarked:TunnelVision","theMarked:SoldierOfQuellstein","theMarked:SummonStrength","theMarked:ShockingTouch","Flash of Steel","Necronomicurse","theMarked:Generate","theMarked:DispelDoubt","theMarked:BindingBlade","theMarked:ShockingTouch","Mayhem","theMarked:MysticalArsenal","theMarked:ShockingTouch+1","theMarked:PowerFlow"],"relics":["theMarked:ArtifactOfAir","Bag of Preparation","hubris:Metronome","hubris:Backtick","Unceasing Top","Necronomicon","Letter Opener","White Beast Statue","theMarked:SpiritSword","hubris:TenFootPole","Blood Vial","Sundial","Potion Belt"],"acts_visited":["Exordium","TheCity","TheBeyond"],"potions_floor_usage":[4,12,23,23,25,31,33,33,35,36,40,45,45],"damage_taken":[{"damage":0,"enemies":"2 Louse","floor":1,"turns":2},{"damage":0,"enemies":"Cultist","floor":2,"turns":3},{"damage":20,"enemies":"Lagavulin","floor":6,"turns":7},{"damage":0,"enemies":"Small Slimes","floor":8,"turns":3},{"damage":0,"enemies":"Blue Slaver","floor":11,"turns":3},{"damage":4,"enemies":"3 Louse","floor":12,"turns":3},{"damage":10,"enemies":"Exordium Thugs","floor":14,"turns":2},{"damage":2,"enemies":"Hexaghost","floor":16,"turns":8},{"damage":22,"enemies":"2 Thieves","floor":18,"turns":3},{"damage":15,"enemies":"3 Byrds","floor":19,"turns":5},{"damage":21,"enemies":"Shelled Parasite and Fungi","floor":22,"turns":3},{"damage":0,"enemies":"Gremlin Leader","floor":23,"turns":3},{"damage":6,"enemies":"Chosen and Byrds","floor":25,"turns":5},{"damage":31,"enemies":"Snake Plant","floor":30,"turns":3},{"damage":18,"enemies":"Centurion and Healer","floor":31,"turns":4},{"damage":0,"enemies":"Automaton","floor":33,"turns":1},{"damage":0,"enemies":"Orb Walker","floor":35,"turns":1},{"damage":8,"enemies":"3 Shapes","floor":36,"turns":3},{"damage":50,"enemies":"Writhing Mass","floor":39,"turns":4},{"damage":0,"enemies":"Nightmare","floor":40,"turns":3},{"damage":30,"enemies":"Sphere and 2 Shapes","floor":42,"turns":3},{"damage":28,"enemies":"4 Shapes","floor":45,"turns":3}],"seed_played":"8098327766638885760","potions_obtained":[{"floor":6,"key":"SkillPotion"},{"floor":8,"key":"Strength Potion"},{"floor":11,"key":"FearPotion"},{"floor":16,"key":"GamblersBrew"},{"floor":19,"key":"FearPotion"},{"floor":23,"key":"EssenceOfSteel"},{"floor":25,"key":"SmokeBomb"},{"floor":30,"key":"AttackPotion"},{"floor":31,"key":"infinitespire:BlackPotion"},{"floor":33,"key":"Fruit Juice"},{"floor":36,"key":"PowerPotion"},{"floor":39,"key":"theMarked:ChargePotion"},{"floor":40,"key":"hexamod:SoulburnPotion"},{"floor":42,"key":"DistilledChaos"}],"is_trial":false,"path_per_floor":["M","M","?","$","?","E","R","M","T","R","M","M","?","M","R","B",null,"M","M","$","?","M","E","R","M","T","R","?","R","M","M","R","B",null,"M","M","$","$","M","NM","R","M","T","R","M"],"character_chosen":"THE_DEFAULT","items_purchased":["Fruit Juice","Flash of Steel","hubris:TenFootPole","Blood Vial","theMarked:ShockingTouch","Mayhem","theMarked:MysticalArsenal"],"campfire_rested":7,"item_purchase_floors":[4,20,37,37,38,38,38],"current_hp_per_floor":[70,70,70,75,75,55,55,55,55,55,55,51,51,41,63,61,75,53,38,38,22,1,1,23,17,17,39,33,55,24,6,28,33,80,80,72,52,52,4,6,30,2,2,26,0,0],"gold":87,"neow_bonus":"ONE_RANDOM_RARE_CARD","is_daily":false,"chose_seed":false,"campfire_upgraded":2,"win_rate":0.0,"timestamp":1610784847,"path_taken":["M","M","?","?","?","E","R","M","T","R","M","?","?","?","R","BOSS","M","M","$","?","M","E","R","M","T","R","?","R","?","M","R","BOSS","M","M","?","$","M","NM","R","M","T","R","M"],"items_purchased_type":["Potion","Card","Relic","Relic","Card","Card","Card"],"build_version":"2020-12-22","purchased_purges":1,"victory":false,"max_hp_per_floor":[70,70,70,75,75,75,75,75,75,75,75,75,75,75,75,75,75,75,75,75,75,75,75,75,75,75,75,75,75,75,75,75,80,80,80,80,80,80,80,80,80,80,80,80,80,80],"card_choices":[{"not_picked":["theMarked:SwordAndMagic","theMarked:BanishingStrike","theMarked:ResourceFulStrike"],"picked":"SKIP","floor":1},{"not_picked":["theMarked:EmpowerWeapon","theMarked:Improvise"],"picked":"theMarked:Aftermath","floor":2},{"not_picked":["theMarked:TwofoldDefense","theMarked:ReduceFriction"],"picked":"theMarked:Overcharge","floor":6},{"not_picked":["theMarked:Improvise","theMarked:HeritageOfTheMarked"],"picked":"theMarked:Panic","floor":8},{"not_picked":["theMarked:WardOff","theMarked:Parkour","theMarked:ResourceFulStrike"],"picked":"SKIP","floor":11},{"not_picked":["theMarked:Reabsorb","theMarked:Frustration"],"picked":"theMarked:ChainLightning","floor":12},{"not_picked":["theMarked:RepellingDischarge","theMarked:Overthink","theMarked:SwordAndMagic"],"picked":"SKIP","floor":14},{"not_picked":["theMarked:MagicAdept","theMarked:Challenge"],"picked":"theMarked:SummonStrength","floor":16},{"not_picked":["theMarked:Aftermath","theMarked:BanishingStrike+1"],"picked":"theMarked:ShockingTouch","floor":18},{"not_picked":["theMarked:Frustration","theMarked:EmpowerWeapon","theMarked:BanishingStrike"],"picked":"SKIP","floor":19},{"not_picked":["theMarked:Parkour","theMarked:Frustration"],"picked":"theMarked:Generate","floor":22},{"not_picked":["theMarked:ElementalBlade","theMarked:DeterminationOfTheMarked","theMarked:EmpowerWeapon"],"picked":"SKIP","floor":23},{"not_picked":["theMarked:BanishingStrike","theMarked:RepellingDischarge","theMarked:TwofoldDefense+1"],"picked":"SKIP","floor":25},{"not_picked":["theMarked:EnhanceMovement","theMarked:ResourceFulStrike+1","theMarked:WastefulAttack"],"picked":"SKIP","floor":30},{"not_picked":["theMarked:MaelstromOfLightning","theMarked:Polarize+1"],"picked":"theMarked:DispelDoubt","floor":31},{"not_picked":["theMarked:SoldierForm","theMarked:MagicAdept"],"picked":"theMarked:BindingBlade","floor":33},{"not_picked":["theMarked:TunnelVision+1","theMarked:Improvise","theMarked:DeterminationOfTheMarked"],"picked":"SKIP","floor":36},{"not_picked":["theMarked:ChainLightning","theMarked:ResourceFulStrike+1","theMarked:ElectricStrings+1"],"picked":"SKIP","floor":39},{"not_picked":["theMarked:BanishingWave","theMarked:ElementalBlade"],"picked":"theMarked:ShockingTouch+1","floor":40},{"not_picked":["theMarked:Opportunist+1","theMarked:ElementalBlade+1"],"picked":"theMarked:PowerFlow","floor":42}],"player_experience":1807395,"relics_obtained":[{"floor":6,"key":"Bag of Preparation"},{"floor":9,"key":"hubris:Metronome"},{"floor":21,"key":"Necronomicon"},{"floor":23,"key":"Letter Opener"},{"floor":26,"key":"White Beast Statue"},{"floor":40,"key":"Sundial"},{"floor":43,"key":"Potion Belt"}],"event_choices":[{"cards_removed":["theMarked:Strike"],"damage_healed":0,"gold_gain":0,"player_choice":"Offered Basic","damage_taken":0,"max_hp_gain":0,"max_hp_loss":0,"event_name":"Bonfire Elementals","floor":3,"gold_loss":0},{"damage_healed":0,"gold_gain":0,"player_choice":"2 cards matched","damage_taken":0,"max_hp_gain":0,"max_hp_loss":0,"event_name":"Match and Keep!","floor":13,"gold_loss":0,"cards_obtained":["theMarked:TunnelVision","theMarked:SoldierOfQuellstein"]},{"damage_healed":0,"gold_gain":0,"player_choice":"Obtained Book","damage_taken":16,"max_hp_gain":0,"max_hp_loss":0,"event_name":"Cursed Tome","floor":21,"gold_loss":0},{"damage_healed":0,"gold_gain":0,"player_choice":"","damage_taken":6,"max_hp_gain":0,"max_hp_loss":0,"event_name":"Knowing Skull","floor":28,"potions_obtained":[],"gold_loss":0,"cards_obtained":[]}],"is_beta":false,"boss_relics":[{"not_picked":["Astrolabe","Runesmith:UraniumAnvil"],"picked":"hubris:Backtick"},{"not_picked":["Pandora\u0027s Box","bronze:MakeshiftBattery"],"picked":"theMarked:SpiritSword"}],"items_purged_floors":[20],"is_endless":true,"potions_floor_spawned":[6,8,11,16,19,23,25,30,31,33,35,36,39,40,42],"killed_by":"4 Shapes","ascension_level":0}}