{"host":"312bp9k5grcxomdo","time":1610801119,"event":{"mods":["BaseMod","Colored Powertips","Minty Spire (QoL Compilation)","Quick Restart","StSLib","The Bug Knight"],"gold_per_floor":[109,121,34,209,159,185,185,246,246,321,321,348,348,363,363,458,458,476,80,97,19,37,37,55,55,78,78,91,17,0,18,18,121,121,140,40,40,40,54,54,103,2,2,21,21,21],"floor_reached":45,"language":"ENG","playtime":4058,"items_purged":["Strike_P","Strike_P"],"score":444,"play_id":"7d07d30e-71f1-48c8-aa77-0825e2c41179","local_time":"20210116154519","is_ascension_mode":false,"campfire_choices":[{"data":"Eruption","floor":7,"key":"SMITH"},{"data":"MentalFortress","floor":11,"key":"SMITH"},{"data":"CarveReality","floor":13,"key":"SMITH"},{"data":"Adaptation","floor":15,"key":"SMITH"},{"data":"DeusExMachina","floor":23,"key":"SMITH"},{"data":"BattleHymn","floor":27,"key":"SMITH"},{"data":"WaveOfTheHand","floor":32,"key":"SMITH"},{"data":"MasterReality","floor":40,"key":"SMITH"}],"circlet_count":0,"master_deck":["Strike_P","Strike_P","Defend_P","Defend_P","Defend_P","Eruption+1","Vigilance","Tantrum","EmptyBody","EmptyFist","LikeWater","MentalFortress+1","FollowUp","CarveReality+1","Adaptation+1","DeusExMachina+1","TalkToTheHand","Protect","Vengeance","Halt+1","FollowUp","BattleHymn+1","Crescendo","BowlingBash","WaveOfTheHand+1","MasterReality+1","Indignation","Madness","Madness","Apotheosis","FlurryOfBlows","FlurryOfBlows","ClearTheMind","Pain"],"relics":["PureWater","Letter Opener","Eternal Feather","CaptainsWheel","Anchor","Cursed Key","HandDrill","Lantern","Empty Cage","Turnip","HornCleat"],"acts_visited":["Exordium","TheCity","TheBeyond"],"potions_floor_usage":[8,16,16,16,19,22,28,28,28,33,41,44],"damage_taken":[{"damage":0,"enemies":"2 Louse","floor":1,"turns":2},{"damage":0,"enemies":"Small Slimes","floor":2,"turns":2},{"damage":0,"enemies":"HollowMod:MossKnight","floor":6,"turns":4},{"damage":0,"enemies":"Gremlin Nob","floor":8,"turns":2},{"damage":9,"enemies":"3 Sentries","floor":12,"turns":5},{"damage":0,"enemies":"Cultist","floor":14,"turns":3},{"damage":34,"enemies":"Hexaghost","floor":16,"turns":8},{"damage":0,"enemies":"3 Byrds","floor":18,"turns":4},{"damage":0,"enemies":"Chosen","floor":20,"turns":4},{"damage":0,"enemies":"3 Cultists","floor":22,"turns":4},{"damage":0,"enemies":"Cultist and Chosen","floor":24,"turns":5},{"damage":15,"enemies":"Snake Plant","floor":28,"turns":3},{"damage":10,"enemies":"Shelled Parasite and Fungi","floor":31,"turns":3},{"damage":70,"enemies":"Collector","floor":33,"turns":9},{"damage":1,"enemies":"3 Darklings","floor":35,"turns":4},{"damage":2,"enemies":"Orb Walker","floor":39,"turns":3},{"damage":25,"enemies":"2 Orb Walkers","floor":41,"turns":4},{"damage":49,"enemies":"Maw","floor":44,"turns":6},{"damage":3,"enemies":"Spire Growth","floor":45,"turns":4}],"seed_played":"-3274766269965533382","potions_obtained":[{"floor":0,"key":"FearPotion"},{"floor":0,"key":"DuplicationPotion"},{"floor":0,"key":"StancePotion"},{"floor":6,"key":"Dexterity Potion"},{"floor":12,"key":"Fruit Juice"},{"floor":16,"key":"Regen Potion"},{"floor":18,"key":"LiquidMemories"},{"floor":20,"key":"ColorlessPotion"},{"floor":24,"key":"SpeedPotion"},{"floor":39,"key":"Strength Potion"}],"is_trial":false,"path_per_floor":["M","M","$","?","?","E","R","?","T","?","R","E","R","M","R","B",null,"M","$","M","$","M","R","M","?","T","R","M","$","?","M","R","B",null,"M","$","?","?","M","R","?","$","T","M","M"],"character_chosen":"WATCHER","items_purchased":["EmptyFist","LikeWater","TalkToTheHand","HandDrill","Fruit Juice","Vengeance","BowlingBash","SteroidPotion","ClearTheMind","Fire Potion"],"campfire_rested":0,"item_purchase_floors":[3,3,19,19,19,21,29,29,42,42],"current_hp_per_floor":[72,72,72,72,72,72,72,72,72,65,72,63,72,72,72,43,77,77,82,82,82,82,82,82,82,82,82,71,71,71,61,76,6,82,81,81,71,61,59,77,52,52,52,3,0,0],"gold":21,"neow_bonus":"THREE_SMALL_POTIONS","is_daily":false,"chose_seed":false,"campfire_upgraded":8,"win_rate":0.0,"timestamp":1610801119,"path_taken":["M","M","$","?","?","E","R","?","T","?","R","E","R","?","R","BOSS","M","$","M","$","M","R","M","?","T","R","M","$","?","M","R","BOSS","M","$","?","?","M","R","?","?","T","M","M"],"items_purchased_type":["Card","Card","Card","Relic","Potion","Card","Card","Potion","Card","Potion"],"build_version":"2020-12-22","purchased_purges":2,"victory":false,"max_hp_per_floor":[72,72,72,72,72,72,72,72,72,72,72,72,72,72,72,77,77,77,82,82,82,82,82,82,82,82,82,82,82,82,82,82,82,82,82,82,82,82,82,82,82,82,82,82,82,82],"card_choices":[{"not_picked":["DeceiveReality","CrushJoints"],"picked":"Tantrum","floor":1},{"not_picked":["BowlingBash","InnerPeace"],"picked":"EmptyBody","floor":2},{"not_picked":["FollowUp","TalkToTheHand"],"picked":"MentalFortress","floor":6},{"not_picked":["Adaptation","PathToVictory"],"picked":"FollowUp","floor":8},{"not_picked":["ThirdEye","Alpha"],"picked":"CarveReality","floor":12},{"not_picked":["Swivel","Tantrum"],"picked":"Adaptation","floor":14},{"not_picked":["SpiritShield","LessonLearned"],"picked":"DeusExMachina","floor":16},{"not_picked":["BowlingBash","Adaptation","Fasting2"],"picked":"SKIP","floor":18},{"not_picked":["ThirdEye+1","Evaluate"],"picked":"Protect","floor":20},{"not_picked":["FollowUp","Protect"],"picked":"Halt+1","floor":22},{"not_picked":["CutThroughFate","PathToVictory+1"],"picked":"FollowUp","floor":24},{"not_picked":["FlyingSleeves","SashWhip"],"picked":"Crescendo","floor":28},{"not_picked":["SashWhip","Consecrate+1"],"picked":"WaveOfTheHand","floor":31},{"not_picked":["LessonLearned","Ragnarok"],"picked":"MasterReality","floor":33},{"not_picked":["BattleHymn","FollowUp"],"picked":"Indignation","floor":35},{"not_picked":["Transmutation","Sadistic Nature"],"picked":"Apotheosis","floor":38},{"not_picked":["FollowUp+1","ForeignInfluence"],"picked":"FlurryOfBlows","floor":39},{"not_picked":["EmptyFist","Halt"],"picked":"FlurryOfBlows","floor":41},{"not_picked":["ClearTheMind","Crescendo+1","JustLucky"],"picked":"SKIP","floor":44}],"player_experience":170504,"relics_obtained":[{"floor":6,"key":"Letter Opener"},{"floor":8,"key":"Eternal Feather"},{"floor":9,"key":"CaptainsWheel"},{"floor":12,"key":"Anchor"},{"floor":26,"key":"Lantern"},{"floor":41,"key":"Turnip"},{"floor":43,"key":"HornCleat"}],"event_choices":[{"damage_healed":0,"gold_gain":175,"player_choice":"AGREE","damage_taken":0,"max_hp_gain":0,"max_hp_loss":0,"event_name":"Liars Game","floor":4,"gold_loss":0,"cards_obtained":["Doubt"]},{"cards_removed":["Doubt"],"damage_healed":0,"gold_gain":0,"player_choice":"Card Removal","damage_taken":0,"max_hp_gain":0,"max_hp_loss":0,"event_name":"The Cleric","floor":5,"gold_loss":50},{"damage_healed":0,"gold_gain":30,"player_choice":"Searched \u00272\u0027 times","damage_taken":0,"max_hp_gain":0,"max_hp_loss":0,"event_name":"Dead Adventurer","floor":8,"gold_loss":0},{"damage_healed":0,"gold_gain":75,"player_choice":"Touch","damage_taken":7,"max_hp_gain":0,"max_hp_loss":0,"event_name":"FaceTrader","floor":10,"gold_loss":0},{"damage_healed":0,"gold_gain":0,"player_choice":"Read","damage_taken":0,"max_hp_gain":0,"max_hp_loss":0,"event_name":"The Library","floor":25,"gold_loss":0,"cards_obtained":["BattleHymn"]},{"damage_healed":0,"gold_gain":0,"player_choice":"Paid Fearfully","damage_taken":0,"max_hp_gain":0,"max_hp_loss":0,"event_name":"Masked Bandits","floor":30,"gold_loss":17},{"damage_healed":0,"gold_gain":0,"player_choice":"Embrace Madness","damage_taken":10,"max_hp_gain":0,"max_hp_loss":0,"event_name":"Winding Halls","floor":37,"gold_loss":0,"cards_obtained":["Madness","Madness"]},{"damage_healed":0,"gold_gain":0,"player_choice":"Memory 3","damage_taken":10,"max_hp_gain":0,"max_hp_loss":0,"event_name":"SensoryStone","floor":38,"gold_loss":0},{"damage_healed":0,"gold_gain":0,"player_choice":"Fight","damage_taken":0,"max_hp_gain":0,"max_hp_loss":0,"event_name":"Mysterious Sphere","floor":41,"gold_loss":0}],"is_beta":false,"boss_relics":[{"not_picked":["Runic Pyramid","Tiny House"],"picked":"Cursed Key"},{"not_picked":["Calling Bell","Busted Crown"],"picked":"Empty Cage"}],"items_purged_floors":[19,36],"is_endless":false,"potions_floor_spawned":[6,12,16,18,20,24,39],"killed_by":"Spire Growth","ascension_level":0}}