{"host":"sa7ebub27cgn5wai","time":1610768826,"event":{"mods":["BaseMod","Colored Map","Minty Spire (QoL Compilation)","SuperFastMode"],"gold_per_floor":[110,130,130,143,109,109,119,119,188,207,207,217,228,228,228,329,329,345,363,137,148,159,159,173,190,190,203,203,203,216,216,216,312,312,324,324,335,335,12,12,23,35,35,48,48,60,76,0,0,0],"floor_reached":51,"language":"KOR","playtime":3593,"items_purged":["Strike_G"],"score":961,"play_id":"f8f59d2b-2365-4f9a-b36d-cf5ab7a8759a","local_time":"20210116124706","is_ascension_mode":true,"campfire_choices":[{"data":"Flying Knee","floor":6,"key":"SMITH"},{"floor":8,"key":"REST"},{"data":"Dodge and Roll","floor":11,"key":"SMITH"},{"data":"Reflex","floor":15,"key":"SMITH"},{"data":"Tools of the Trade","floor":23,"key":"SMITH"},{"floor":28,"key":"REST"},{"data":"Dagger Throw","floor":32,"key":"SMITH"},{"floor":40,"key":"REST"},{"floor":49,"key":"REST"}],"circlet_count":0,"master_deck":["Strike_G","Strike_G","Defend_G","Defend_G","Defend_G","Defend_G","Defend_G","Survivor","Neutralize","Dagger Throw","Flying Knee+1","Slice","Reflex+1","Dodge and Roll+1","Eviscerate","Dagger Throw+1","Tools of the Trade+1","Prepared+1","Escape Plan+1","Cloak And Dagger+1","PiercingWail","Terror+1","Slice+1","Adrenaline","Reflex+1","Cloak And Dagger+1","Footwork","Accuracy","Infinite Blades+1","Cloak And Dagger"],"relics":["Ring of the Snake","Mummified Hand","Runic Pyramid","Lee\u0027s Waffle","Shuriken","Fusion Hammer","The Specimen","Kunai","Question Card","Red Mask"],"acts_visited":["Exordium","TheCity","TheBeyond"],"potions_floor_usage":[16,16,33,50,50,50,50,50,50],"damage_taken":[{"damage":14,"enemies":"Jaw Worm","floor":1,"turns":10},{"damage":4,"enemies":"Cultist","floor":2,"turns":5},{"damage":0,"enemies":"2 Louse","floor":4,"turns":2},{"damage":16,"enemies":"Exordium Thugs","floor":5,"turns":5},{"damage":19,"enemies":"Lots of Slimes","floor":7,"turns":7},{"damage":7,"enemies":"Red Slaver","floor":10,"turns":5},{"damage":9,"enemies":"2 Fungi Beasts","floor":12,"turns":5},{"damage":5,"enemies":"3 Louse","floor":13,"turns":3},{"damage":10,"enemies":"Hexaghost","floor":16,"turns":9},{"damage":10,"enemies":"Spheric Guardian","floor":18,"turns":4},{"damage":7,"enemies":"Chosen","floor":19,"turns":4},{"damage":7,"enemies":"Snecko","floor":21,"turns":6},{"damage":31,"enemies":"Snake Plant","floor":22,"turns":6},{"damage":5,"enemies":"Chosen and Byrds","floor":24,"turns":7},{"damage":5,"enemies":"3 Cultists","floor":25,"turns":5},{"damage":8,"enemies":"Shelled Parasite and Fungi","floor":27,"turns":4},{"damage":1,"enemies":"Cultist and Chosen","floor":30,"turns":5},{"damage":32,"enemies":"Collector","floor":33,"turns":8},{"damage":4,"enemies":"3 Shapes","floor":35,"turns":4},{"damage":3,"enemies":"3 Darklings","floor":37,"turns":4},{"damage":14,"enemies":"Jaw Worm Horde","floor":41,"turns":4},{"damage":0,"enemies":"Maw","floor":42,"turns":5},{"damage":2,"enemies":"Spire Growth","floor":44,"turns":3},{"damage":10,"enemies":"4 Shapes","floor":46,"turns":4},{"damage":0,"enemies":"Maw","floor":47,"turns":5},{"damage":0,"enemies":"Donu and Deca","floor":50,"turns":6}],"seed_played":"-7143612332760671476","potions_obtained":[{"floor":2,"key":"AttackPotion"},{"floor":7,"key":"FearPotion"},{"floor":18,"key":"Fire Potion"},{"floor":22,"key":"SpeedPotion"},{"floor":24,"key":"Ancient Potion"},{"floor":33,"key":"EntropicBrew"}],"is_trial":false,"path_per_floor":["M","M","?","M","M","R","M","R","T","M","R","M","M","?","R","B",null,"M","M","$","M","M","R","M","M","T","M","R","?","M","?","R","B",null,"M","?","M","T","$","R","M","M","T","M","$","M","M","?","R","B",null],"character_chosen":"THE_SILENT","items_purchased":["Lee\u0027s Waffle","Kunai","Footwork"],"campfire_rested":4,"item_purchase_floors":[20,39,39],"current_hp_per_floor":[49,45,45,45,29,29,10,31,31,24,24,15,10,33,33,23,58,48,41,77,70,39,39,34,29,29,21,44,87,86,86,86,54,79,75,75,72,72,72,87,73,73,73,71,71,61,61,61,87,87],"gold":0,"neow_bonus":"TRANSFORM_CARD","is_daily":false,"chose_seed":false,"campfire_upgraded":5,"win_rate":0.0,"timestamp":1610768826,"path_taken":["M","M","?","M","M","R","?","R","T","M","R","M","M","?","R","BOSS","M","M","$","M","M","R","M","M","T","M","R","?","?","?","R","BOSS","M","?","?","?","$","R","M","?","T","M","$","M","M","?","R","BOSS"],"items_purchased_type":["Relic","Relic","Card"],"build_version":"2020-12-22","purchased_purges":1,"victory":true,"max_hp_per_floor":[70,70,70,70,70,70,70,70,70,70,70,70,70,70,70,70,70,70,70,77,77,77,77,77,77,77,77,77,87,87,87,87,87,87,87,87,87,87,87,87,87,87,87,87,87,87,87,87,87,87],"card_choices":[{"not_picked":["PiercingWail","Sucker Punch"],"picked":"Dagger Throw","floor":1},{"not_picked":["Poisoned Stab","Deflect"],"picked":"Flying Knee","floor":2},{"not_picked":["Acrobatics","Catalyst"],"picked":"Slice","floor":4},{"not_picked":["Accuracy","Bouncing Flask"],"picked":"Reflex","floor":5},{"not_picked":["Envenom","Deadly Poison","Caltrops"],"picked":"SKIP","floor":7},{"not_picked":["Outmaneuver","Skewer"],"picked":"Dodge and Roll","floor":10},{"not_picked":["Deflect","Concentrate"],"picked":"Eviscerate","floor":12},{"not_picked":["Poisoned Stab","Slice"],"picked":"Dagger Throw","floor":13},{"not_picked":["Bullet Time","A Thousand Cuts"],"picked":"Tools of the Trade","floor":16},{"not_picked":["Deadly Poison","Leg Sweep"],"picked":"Prepared","floor":18},{"not_picked":["Accuracy","Sucker Punch","Skewer"],"picked":"SKIP","floor":19},{"not_picked":["Dodge and Roll+1","Infinite Blades+1"],"picked":"Escape Plan+1","floor":21},{"not_picked":["Heel Hook","Slice"],"picked":"Cloak And Dagger+1","floor":22},{"not_picked":["Dodge and Roll","Backflip","Flying Knee"],"picked":"SKIP","floor":24},{"not_picked":["Bane+1","Poisoned Stab"],"picked":"PiercingWail","floor":25},{"not_picked":["Well Laid Plans","Masterful Stab"],"picked":"Terror+1","floor":27},{"not_picked":["Dagger Spray","Deflect"],"picked":"Slice+1","floor":30},{"not_picked":["Venomology","Corpse Explosion"],"picked":"Adrenaline","floor":33},{"not_picked":["Terror+1","Sucker Punch","Dagger Throw"],"picked":"SKIP","floor":35},{"not_picked":["Dagger Throw+1","Setup+1"],"picked":"Cloak And Dagger+1","floor":37},{"not_picked":["Catalyst","Deflect"],"picked":"Accuracy","floor":41},{"not_picked":["Deflect+1","Backflip","Catalyst"],"picked":"SKIP","floor":42},{"not_picked":["Sucker Punch","Bane","PiercingWail+1"],"picked":"Infinite Blades+1","floor":44},{"not_picked":["Bullet Time","Outmaneuver","Masterful Stab+1"],"picked":"Cloak And Dagger","floor":46},{"not_picked":["Finisher","Flying Knee+1","Flechettes+1","Dagger Spray+1"],"picked":"SKIP","floor":47}],"player_experience":296930,"relics_obtained":[{"floor":9,"key":"Mummified Hand"},{"floor":26,"key":"Shuriken"},{"floor":38,"key":"The Specimen"},{"floor":43,"key":"Question Card"}],"event_choices":[{"cards_removed":["Strike_G"],"damage_healed":0,"gold_gain":0,"player_choice":"Purged","damage_taken":0,"max_hp_gain":0,"max_hp_loss":0,"event_name":"Purifier","floor":3,"gold_loss":0},{"damage_healed":23,"gold_gain":0,"player_choice":"Banana","damage_taken":0,"max_hp_gain":0,"max_hp_loss":0,"event_name":"Big Fish","floor":14,"gold_loss":0},{"cards_removed":["Burst"],"damage_healed":33,"gold_gain":0,"player_choice":"Offered Rare","damage_taken":0,"max_hp_gain":10,"max_hp_loss":0,"event_name":"Bonfire Elementals","floor":29,"gold_loss":0},{"damage_healed":0,"gold_gain":0,"player_choice":"Forge","damage_taken":0,"max_hp_gain":0,"max_hp_loss":0,"event_name":"Accursed Blacksmith","floor":31,"gold_loss":0,"cards_upgraded":["Prepared"]},{"damage_healed":0,"gold_gain":0,"player_choice":"Copied","damage_taken":0,"max_hp_gain":0,"max_hp_loss":0,"event_name":"Duplicator","floor":36,"gold_loss":0,"cards_obtained":["Reflex"]},{"damage_healed":0,"gold_gain":0,"player_choice":"Paid","damage_taken":0,"relics_obtained":["Red Mask"],"max_hp_gain":0,"max_hp_loss":0,"event_name":"Tomb of Lord Red Mask","floor":48,"gold_loss":76}],"is_beta":false,"boss_relics":[{"not_picked":["SacredBark","Ring of the Serpent"],"picked":"Runic Pyramid"},{"not_picked":["Runic Dome","Black Star"],"picked":"Fusion Hammer"}],"items_purged_floors":[20],"is_endless":false,"potions_floor_spawned":[2,7,18,22,24,33,35,37,46,47],"ascension_level":8}}