{"host":"2ovd97vxlcfh2ypd","time":1610787970,"event":{"mods":["BaseMod","Colored Map","Colored Powertips","Highlight Path","Minty Spire (QoL Compilation)","Quick Restart","Relic Stats","StSLib","SuperFastMode","Waifu the Spire"],"gold_per_floor":[118,138,313,18,18,52,52,68,150,162,195,195,229,245,245,348,348,364,381,392,392,239,269,368,380,404,404,404,404,134,152,152,250,250,266,19,69,69,69,99,99,99,99,118,149,160,179,213,213,213,213,213,51,83,83],"floor_reached":56,"language":"ZHS","playtime":1682,"items_purged":["Doubt","Strike_B","Strike_B","Strike_B"],"score":1448,"play_id":"2411884f-083c-4e56-a4ee-e678de3ce1b1","local_time":"20210116170610","is_ascension_mode":false,"campfire_choices":[{"data":"Dualcast","floor":7.0,"key":"SMITH"},{"data":"Defragment","floor":12.0,"key":"SMITH"},{"data":"Chaos","floor":15.0,"key":"SMITH"},{"floor":27.0,"key":"REST"},{"data":"Thunder Strike","floor":29.0,"key":"SMITH"},{"data":"Coolheaded","floor":32.0,"key":"SMITH"},{"data":"Electrodynamics","floor":42.0,"key":"SMITH"},{"floor":49.0,"key":"RECALL"},{"data":"Storm","floor":52.0,"key":"SMITH"}],"circlet_count":0,"master_deck":["Defend_B","Defend_B","Defend_B","Defend_B","Zap","Dualcast+1","Defragment+1","Ball Lightning","Machine Learning","Iron Wave","Thunder Strike+1","Chaos+1","Ball Lightning","Leap","Recycle","Echo Form","Conserve Battery","Coolheaded+1","Glacier","Defragment+1","Compile Driver","Machine Learning","Electrodynamics+1","Chill+1","Echo Form","Leap+1","Hologram+1","Fission+1","Purity","Capacitor+1","Double Energy","Storm+1","Tempest+1","Apotheosis","Coolheaded+1"],"relics":["Cracked Core","NeowsBlessing","Happy Flower","Toy Ornithopter","Eternal Feather","Dream Catcher","Cables","Nuclear Battery","Bottled Lightning","Oddly Smooth Stone","Enchiridion","Orrery","Sozu","Ice Cream","Art of War","Vajra","Symbiotic Virus","StoneCalendar"],"acts_visited":["Exordium","TheCity","TheBeyond","TheEnding"],"potions_floor_usage":[54],"damage_taken":[{"damage":0.0,"enemies":"2 Louse","floor":1.0,"turns":1.0},{"damage":0.0,"enemies":"Jaw Worm","floor":2.0,"turns":1.0},{"damage":0.0,"enemies":"Gremlin Nob","floor":6.0,"turns":1.0},{"damage":1.0,"enemies":"Cultist","floor":8.0,"turns":3.0},{"damage":3.0,"enemies":"Red Slaver","floor":10.0,"turns":3.0},{"damage":16.0,"enemies":"3 Sentries","floor":11.0,"turns":5.0},{"damage":23.0,"enemies":"Gremlin Nob","floor":13.0,"turns":4.0},{"damage":7.0,"enemies":"Blue Slaver","floor":14.0,"turns":3.0},{"damage":0.0,"enemies":"Slime Boss","floor":16.0,"turns":4.0},{"damage":0.0,"enemies":"Chosen","floor":18.0,"turns":4.0},{"damage":15.0,"enemies":"3 Byrds","floor":19.0,"turns":4.0},{"damage":23.0,"enemies":"Snake Plant","floor":20.0,"turns":4.0},{"damage":12.0,"enemies":"Book of Stabbing","floor":23.0,"turns":6.0},{"damage":5.0,"enemies":"Centurion and Healer","floor":25.0,"turns":6.0},{"damage":0.0,"enemies":"Cultist and Chosen","floor":31.0,"turns":4.0},{"damage":0.0,"enemies":"Collector","floor":33.0,"turns":5.0},{"damage":0.0,"enemies":"3 Shapes","floor":35.0,"turns":4.0},{"damage":3.0,"enemies":"Mind Bloom Boss Battle","floor":37.0,"turns":7.0},{"damage":17.0,"enemies":"Reptomancer","floor":40.0,"turns":5.0},{"damage":0.0,"enemies":"Orb Walker","floor":44.0,"turns":4.0},{"damage":6.0,"enemies":"Nemesis","floor":45.0,"turns":7.0},{"damage":7.0,"enemies":"Writhing Mass","floor":46.0,"turns":4.0},{"damage":0.0,"enemies":"Maw","floor":47.0,"turns":6.0},{"damage":1.0,"enemies":"Reptomancer","floor":48.0,"turns":4.0},{"damage":48.0,"enemies":"Time Eater","floor":50.0,"turns":10.0},{"damage":0,"enemies":"Shield and Spear","floor":54,"turns":4},{"damage":53,"enemies":"The Heart","floor":55,"turns":7}],"seed_played":"2349166693644427939","potions_obtained":[{"floor":2.0,"key":"Fire Potion"},{"floor":6.0,"key":"Weak Potion"},{"floor":11.0,"key":"ColorlessPotion"},{"floor":13.0,"key":"Ancient Potion"},{"floor":20.0,"key":"Weak Potion"}],"is_trial":false,"path_per_floor":["M","M","?","$","?","E","R","M","T","M","E","R","E","M","R","B",null,"M","M","M","?","$","E","?","M","T","R","?","R","$","M","R","B",null,"M","$","?","?","?","E","?","R","T","M","E","M","M","E","R","B",null,"R","$","E","B",null],"character_chosen":"DEFECT","items_purchased":["Machine Learning","Happy Flower","Compile Driver","Orrery","Purity","Apotheosis"],"campfire_rested":1,"item_purchase_floors":[4,4,22,30,36,53],"current_hp_per_floor":[75,75,75,75,75,75,75,74,74,71,55,64,46,39,48,48,75,75,60,37,37,37,25,25,20,20,54,38,50,50,50,65,65,75,75,75,72,71,71,54,54,69,69,69,63,56,56,55,71,31,71,71,71,71,18],"gold":83,"neow_bonus":"THREE_ENEMY_KILL","is_daily":false,"chose_seed":false,"campfire_upgraded":7,"win_rate":0.0,"timestamp":1610787970,"path_taken":["M","M","?","$","?","E","R","M","T","M","E","R","E","M","R","BOSS","M","M","M","?","$","E","?","M","T","R","?","R","$","M","R","BOSS","M","$","?","?","?","E","?","R","T","M","E","M","?","E","R","BOSS","R","$","E","BOSS"],"items_purchased_type":["Card","Relic","Card","Relic","Card","Card"],"build_version":"2020-12-22","purchased_purges":4,"victory":true,"max_hp_per_floor":[75,75,75,75,75,75,75,75,75,75,75,75,75,75,75,75,75,75,75,75,75,75,75,75,75,75,75,75,75,75,75,75,75,75,75,75,75,71,71,71,71,71,71,71,71,71,71,71,71,71,71,71,71,71,71],"relic_stats":{"Sozu":5,"Dream Catcher":1,"Happy Flower":[39],"counters":[27,120],"Eternal Feather":88,"StoneCalendar":[0],"Art of War":[18],"obtain_stats":[{"Ice Cream":37,"NeowsBlessing":0,"Happy Flower":4,"Oddly Smooth Stone":26,"Enchiridion":28,"Vajra":45,"Eternal Feather":9,"StoneCalendar":54,"Cables":13,"Nuclear Battery":17,"Sozu":34,"Dream Catcher":11,"Orrery":30,"Art of War":40,"Bottled Lightning":23,"Cracked Core":0,"Symbiotic Virus":48,"Toy Ornithopter":6},{"Ice Cream":18,"NeowsBlessing":0,"Happy Flower":2,"Oddly Smooth Stone":14,"Enchiridion":14,"Vajra":21,"Eternal Feather":4,"StoneCalendar":26,"Cables":7,"Nuclear Battery":9,"Sozu":16,"Dream Catcher":6,"Orrery":14,"Art of War":19,"Bottled Lightning":13,"Cracked Core":0,"Symbiotic Virus":24,"Toy Ornithopter":3},{"Ice Cream":69,"NeowsBlessing":0,"Happy Flower":2,"Oddly Smooth Stone":49,"Enchiridion":49,"Vajra":85,"Eternal Feather":6,"StoneCalendar":113,"Cables":18,"Nuclear Battery":25,"Sozu":58,"Dream Catcher":14,"Orrery":49,"Art of War":74,"Bottled Lightning":43,"Cracked Core":0,"Symbiotic Virus":99,"Toy Ornithopter":3}],"Toy Ornithopter":13,"Cables":[80,35,30,4,11]},"card_choices":[{"not_picked":["Gash","Beam Cell"],"picked":"Defragment","floor":1.0},{"not_picked":["Tempest","Leap"],"picked":"Ball Lightning","floor":2.0},{"not_picked":["Stack","Heatsinks"],"picked":"Thunder Strike","floor":6.0},{"not_picked":["Reprogram","Static Discharge"],"picked":"Chaos","floor":8.0},{"not_picked":["Beam Cell","Stack"],"picked":"Ball Lightning","floor":10.0},{"not_picked":["Rebound","Steam Power"],"picked":"Leap","floor":11.0},{"not_picked":["Hyperbeam","Darkness"],"picked":"Recycle","floor":13.0},{"not_picked":["Rip and Tear","Barrage","Recycle"],"picked":"SKIP","floor":14.0},{"not_picked":["Reboot","Creative AI"],"picked":"Echo Form","floor":16.0},{"not_picked":["Sweeping Beam","Sunder"],"picked":"Conserve Battery","floor":18.0},{"not_picked":["Redo","Conserve Battery"],"picked":"Coolheaded","floor":19.0},{"not_picked":["Coolheaded","Rebound"],"picked":"Glacier","floor":20.0},{"not_picked":["Ball Lightning","Melter"],"picked":"Machine Learning","floor":23.0},{"not_picked":["Reprogram","BootSequence","Ball Lightning+1"],"picked":"SKIP","floor":25.0},{"not_picked":["Double Energy","Ball Lightning"],"picked":"Electrodynamics","floor":30.0},{"not_picked":["Rebound","Core Surge"],"picked":"Chill+1","floor":30.0},{"not_picked":["Streamline","Recycle"],"picked":"Echo Form","floor":30.0},{"not_picked":["Loop","Coolheaded"],"picked":"Leap+1","floor":30.0},{"not_picked":["Sweeping Beam","Cold Snap"],"picked":"Hologram+1","floor":31.0},{"not_picked":["Hyperbeam","Core Surge"],"picked":"Fission","floor":33.0},{"not_picked":["Hologram+1","Scrape+1","Stack+1"],"picked":"SKIP","floor":35.0},{"not_picked":["Streamline","Steam Power","Conserve Battery"],"picked":"SKIP","floor":40.0},{"not_picked":["Cold Snap+1","Compile Driver+1"],"picked":"Capacitor+1","floor":44.0},{"not_picked":["Steam+1","Darkness","Genetic Algorithm"],"picked":"SKIP","floor":45.0},{"not_picked":["Beam Cell+1","Genetic Algorithm"],"picked":"Double Energy","floor":46.0},{"not_picked":["Undo+1","Conserve Battery"],"picked":"Storm","floor":47.0},{"not_picked":["Defragment","Steam+1"],"picked":"Tempest+1","floor":48.0},{"not_picked":["Biased Cognition","Redo+1"],"picked":"Coolheaded+1","floor":54}],"player_experience":289605,"relics_obtained":[{"floor":6.0,"key":"Toy Ornithopter"},{"floor":9.0,"key":"Eternal Feather"},{"floor":11.0,"key":"Dream Catcher"},{"floor":13.0,"key":"Cables"},{"floor":23.0,"key":"Bottled Lightning"},{"floor":26.0,"key":"Oddly Smooth Stone"},{"floor":28.0,"key":"Enchiridion"},{"floor":37.0,"key":"Ice Cream"},{"floor":40.0,"key":"Art of War"},{"floor":45.0,"key":"Vajra"},{"floor":48.0,"key":"Symbiotic Virus"},{"floor":54,"key":"StoneCalendar"}],"event_choices":[{"damage_healed":0.0,"max_hp_gain":0.0,"max_hp_loss":0.0,"gold_gain":175.0,"event_name":"Liars Game","player_choice":"AGREE","floor":3.0,"gold_loss":0.0,"damage_taken":0.0,"cards_obtained":["Doubt"]},{"cards_removed":["Strike_B"],"damage_healed":0.0,"max_hp_gain":0.0,"max_hp_loss":0.0,"gold_gain":0.0,"event_name":"NoteForYourself","player_choice":"Took Card","floor":5.0,"gold_loss":0.0,"damage_taken":0.0,"cards_obtained":["Iron Wave"]},{"damage_healed":0.0,"max_hp_gain":0.0,"max_hp_loss":0.0,"gold_gain":0.0,"event_name":"Duplicator","player_choice":"Copied","floor":21.0,"gold_loss":0.0,"damage_taken":0.0,"cards_obtained":["Defragment"]},{"damage_healed":0.0,"max_hp_gain":0.0,"max_hp_loss":0.0,"gold_gain":99.0,"event_name":"Nest","player_choice":"Stole From Cult","floor":24.0,"gold_loss":0.0,"damage_taken":0.0},{"damage_healed":0.0,"max_hp_gain":0.0,"max_hp_loss":0.0,"gold_gain":0.0,"event_name":"Cursed Tome","player_choice":"Obtained Book","floor":28.0,"gold_loss":0.0,"damage_taken":16.0},{"damage_healed":0.0,"max_hp_gain":0.0,"max_hp_loss":0.0,"gold_gain":0.0,"event_name":"MindBloom","player_choice":"Fight","floor":37.0,"gold_loss":0.0,"damage_taken":0.0},{"damage_healed":0.0,"max_hp_gain":0.0,"max_hp_loss":4.0,"gold_gain":0.0,"event_name":"Winding Halls","player_choice":"Max HP","floor":38.0,"gold_loss":0.0,"damage_taken":0.0},{"damage_healed":0.0,"max_hp_gain":0.0,"max_hp_loss":0.0,"gold_gain":0.0,"event_name":"SensoryStone","player_choice":"Memory 1","floor":39.0,"gold_loss":0.0,"damage_taken":0.0},{"damage_healed":0.0,"max_hp_gain":0.0,"max_hp_loss":0.0,"gold_gain":0.0,"event_name":"Accursed Blacksmith","player_choice":"Forge","floor":41.0,"gold_loss":0.0,"damage_taken":0.0,"cards_upgraded":["Fission"]}],"is_beta":false,"boss_relics":[{"not_picked":["SacredBark","Ectoplasm"],"picked":"Nuclear Battery"},{"not_picked":["Cursed Key","Snecko Eye"],"picked":"Sozu"}],"items_purged_floors":[4,22,30,36],"is_endless":false,"potions_floor_spawned":[2,6,11,13,16,19,20,33,35,37,44,45,47],"ascension_level":0}}