{"host":"s9znsjs818tlhh47","time":1610779228,"event":{"mods":["2.2 Compatiblity","AchievementEnabler","Act Like it!","BaseMod","Bestiary","Better Note","Better Skull","Better Third Choice","Better Vampires","Card Forge","Colored Powertips","Evolution","Force Act Four","Gensokyo","Ironclad Rager","Marked Mod","Minty Spire (QoL Compilation)","Permanent Neow","Quick Restart","RumiaBox-露米娅的神秘盒子","StSLib","The Invoker Mod","【功能Mod】混沌之环修复补丁","【遗物卡牌】REMEMod","残留之物"],"gold_per_floor":[16,16,16,30,41,78,102,143,143,165,191,191,215,230,230,331,331,343,32,41,41,77,103,103,145,145,145,180,198,251,282,282,356,356,376,395,395,420,420,456,485,485,485],"floor_reached":42,"language":"ZHS","playtime":2656,"items_purged":[],"score":1052,"play_id":"3ca15c36-c632-429a-a501-9c3a7b1723dd","local_time":"20210116014028","is_ascension_mode":true,"campfire_choices":[{"data":"Evolve","floor":12.0,"key":"SMITH"},{"data":"Armaments","floor":15.0,"key":"SMITH"},{"floor":24.0,"key":"RECALL"},{"floor":27,"key":"REST"},{"floor":32,"key":"REST"}],"circlet_count":0,"master_deck":["AscendersBane","Iron Wave+1","Iron Wave+1","PlaceholderMod:ComplexForm+1","REME_Cut+1","Pommel Strike+1","Reaper+1","Second Wind+1","Evolve+1","Armaments+1","Demon Form+1","Limit Break+1","Berserk+1","Flame Barrier+1","Dark Embrace+1","Reboot+1","Ghostly Armor+1","Infernal Blade+1","Disarm+1","Burning Pact+1","Feel No Pain+1","Havoc+1","Impervious","Body Slam+1"],"relics":["Burning Blood","Hammer of Thor","Seething Fire","Anvil of the Gods","EVO:Axolotl","REME_ComplimentaryCards","WarpedTongs","CeramicFish","Singing Bowl","REME_IWantAll","Dead Branch","Runic Dome","TheAbacus","Red Mask","Smiling Mask","Centennial Puzzle","Gambling Chip","PlaceholderMod:DaolothFragment","Eternal Feather","Empty Cage","Juzu Bracelet","Potion Belt"],"acts_visited":["Exordium","TheCity","TheBeyond"],"potions_floor_usage":[],"damage_taken":[{"damage":5.0,"enemies":"Small Slimes","floor":1.0,"turns":3.0},{"damage":0.0,"enemies":"Cultist","floor":4.0,"turns":3.0},{"damage":10.0,"enemies":"Jaw Worm","floor":5.0,"turns":4.0},{"damage":17.0,"enemies":"3 Sentries","floor":6.0,"turns":5.0},{"damage":16.0,"enemies":"Red Slaver","floor":7.0,"turns":3.0},{"damage":16.0,"enemies":"Lagavulin","floor":8.0,"turns":6.0},{"damage":9.0,"enemies":"3 Louse","floor":10.0,"turns":3.0},{"damage":3.0,"enemies":"Gremlin Nob","floor":11.0,"turns":3.0},{"damage":14.0,"enemies":"Blue Slaver","floor":13.0,"turns":4.0},{"damage":19.0,"enemies":"Gremlin Gang","floor":14.0,"turns":5.0},{"damage":34.0,"enemies":"The Guardian","floor":16.0,"turns":9.0},{"damage":37.0,"enemies":"Shell Parasite","floor":18.0,"turns":4.0},{"damage":33.0,"enemies":"Masked Bandits","floor":22.0,"turns":5.0},{"damage":25.0,"enemies":"Slavers","floor":23.0,"turns":4.0},{"damage":23.0,"enemies":"Gremlin Leader","floor":25.0,"turns":4.0},{"damage":14,"enemies":"Book of Stabbing","floor":28,"turns":4},{"damage":0,"enemies":"3 Byrds","floor":29,"turns":2},{"damage":61,"enemies":"Gremlin Leader","floor":31,"turns":5},{"damage":33,"enemies":"Automaton","floor":33,"turns":8},{"damage":43,"enemies":"3 Darklings","floor":35,"turns":4},{"damage":4,"enemies":"3 Shapes","floor":36,"turns":3},{"damage":33,"enemies":"3 Darklings","floor":38,"turns":4},{"damage":64,"enemies":"Giant Head","floor":40,"turns":6},{"damage":15,"enemies":"Maw","floor":41,"turns":6},{"damage":72,"enemies":"Reptomancer","floor":42,"turns":2}],"seed_played":"2464518316581243636","potions_obtained":[{"floor":5.0,"key":"Strength Potion"},{"floor":8.0,"key":"Regen Potion"},{"floor":10.0,"key":"AttackPotion"},{"floor":22.0,"key":"Ancient Potion"},{"floor":23.0,"key":"REME_GoldPotion"},{"floor":25,"key":"SteroidPotion"},{"floor":31,"key":"ColorlessPotion"},{"floor":41,"key":"PlaceholderMod:PlaceholderPotion"}],"is_trial":false,"path_per_floor":["M","$","?","M","M","E","M","E","T","M","E","R","M","M","R","B",null,"M","$","?","$","?","E","R","E","T","R","E","M","T","E","R","B",null,"M","M","?","M","?","E","M","E"],"character_chosen":"IRONCLAD","items_purchased":["Flame Barrier","Dark Embrace","TheAbacus"],"campfire_rested":2,"item_purchase_floors":[19,19,19],"current_hp_per_floor":[51,51,51,57,53,42,43,49,49,46,51,51,51,70,70,64,72,43,43,43,43,42,79,79,79,79,79,71,79,79,26,62,37,73,65,69,69,87,87,29,28,0,0],"gold":485,"neow_bonus":"IRONCLAD_BERSERKER","is_daily":false,"chose_seed":false,"campfire_upgraded":2,"win_rate":0.0,"timestamp":1610779228,"path_taken":["M","$","?","M","M","E","M","E","T","M","E","R","M","?","R","BOSS","M","?","?","$","?","E","R","E","T","R","E","M","?","E","R","BOSS","M","M","?","M","?","E","M","E"],"items_purchased_type":["Card","Card","Relic"],"build_version":"2020-12-22","purchased_purges":0,"victory":false,"max_hp_per_floor":[68,68,68,68,68,68,68,68,68,68,70,70,70,72,72,75,75,77,77,77,77,77,79,79,79,79,79,79,81,81,83,83,85,85,85,87,87,87,87,87,87,87,87],"card_choices":[{"not_picked":["Anger","Havoc"],"picked":"REME_Cut","floor":1.0},{"not_picked":["Havoc","Headbutt","Iron Wave"],"picked":"SKIP","floor":4.0},{"not_picked":["Iron Wave","Clothesline"],"picked":"Pommel Strike","floor":5.0},{"not_picked":["Havoc","Sentinel"],"picked":"Reaper","floor":6.0},{"not_picked":["True Grit","Bloodletting"],"picked":"Second Wind","floor":7.0},{"not_picked":["Havoc","Iron Wave"],"picked":"True Grit","floor":8.0},{"not_picked":["Havoc","Wild Strike"],"picked":"Evolve","floor":10.0},{"not_picked":["Iron Wave","Disarm","Dual Wield"],"picked":"Singing Bowl","floor":11.0},{"not_picked":["Infernal Blade","Inflame"],"picked":"Armaments","floor":13.0},{"not_picked":["Second Wind","Bloodletting","Anger"],"picked":"Singing Bowl","floor":14.0},{"not_picked":["Demon Form","Limit Break","Berserk"],"picked":"Singing Bowl","floor":16.0},{"not_picked":["Fire Breathing","Armaments","Perfected Strike"],"picked":"Singing Bowl","floor":18.0},{"not_picked":["Clash","Rage"],"picked":"Ghostly Armor","floor":22.0},{"not_picked":["Sword Boomerang+1","Clash","Shockwave"],"picked":"Singing Bowl","floor":23.0},{"not_picked":["Bludgeon","Metallicize"],"picked":"Infernal Blade","floor":25},{"not_picked":["Combust","Dark Embrace"],"picked":"Disarm+1","floor":28},{"not_picked":["Anger+1","Evolve","Pommel Strike"],"picked":"Singing Bowl","floor":29},{"not_picked":["Armaments+1","Carnage","Dark Embrace"],"picked":"Singing Bowl","floor":31},{"not_picked":["Feed","Reaper","Brutality"],"picked":"Singing Bowl","floor":33},{"not_picked":["Armaments","Thunderclap"],"picked":"Burning Pact+1","floor":35},{"not_picked":["Power Through","Bloodletting"],"picked":"Feel No Pain+1","floor":36},{"not_picked":["Perfected Strike","Iron Wave+1"],"picked":"Havoc","floor":38},{"not_picked":["Headbutt","Clash+1"],"picked":"Impervious","floor":40},{"not_picked":["Uppercut","Shrug It Off+1"],"picked":"Body Slam+1","floor":41}],"player_experience":307511,"relics_obtained":[{"floor":6.0,"key":"CeramicFish"},{"floor":8.0,"key":"Singing Bowl"},{"floor":9.0,"key":"REME_IWantAll"},{"floor":11.0,"key":"Dead Branch"},{"floor":22.0,"key":"Red Mask"},{"floor":23.0,"key":"Smiling Mask"},{"floor":25,"key":"Centennial Puzzle"},{"floor":26,"key":"Gambling Chip"},{"floor":28,"key":"PlaceholderMod:DaolothFragment"},{"floor":31,"key":"Eternal Feather"},{"floor":39,"key":"Juzu Bracelet"},{"floor":40,"key":"Potion Belt"}],"event_choices":[{"damage_healed":0.0,"max_hp_gain":0.0,"max_hp_loss":0.0,"gold_gain":0.0,"event_name":"Accursed Blacksmith","player_choice":"Rummage","floor":3.0,"gold_loss":0.0,"damage_taken":0.0,"relics_obtained":["WarpedTongs"],"cards_obtained":["Pain"]},{"damage_healed":0.0,"max_hp_gain":0.0,"max_hp_loss":0.0,"gold_gain":0.0,"event_name":"betterNote:BetterNote","player_choice":"Take","floor":20.0,"gold_loss":0.0,"damage_taken":0.0,"cards_obtained":["Reboot"]},{"damage_healed":0.0,"max_hp_gain":0.0,"max_hp_loss":0.0,"gold_gain":0.0,"event_name":"Masked Bandits","player_choice":"Fought Bandits","floor":22.0,"gold_loss":0.0,"damage_taken":0.0},{"cards_removed":["True Grit"],"damage_healed":0,"gold_gain":0,"player_choice":"Removed Skill","damage_taken":0,"max_hp_gain":0,"max_hp_loss":0,"event_name":"Falling","floor":37,"gold_loss":0},{"damage_healed":0,"gold_gain":0,"player_choice":"Relic","damage_taken":0,"max_hp_gain":0,"max_hp_loss":0,"event_name":"Wheel of Change","floor":39,"gold_loss":0}],"is_beta":false,"boss_relics":[{"not_picked":["Philosopher\u0027s Stone","REME_ChargedStone"],"picked":"Runic Dome"},{"not_picked":["Mark of Pain","Black Blood"],"picked":"Empty Cage"}],"items_purged_floors":[],"is_endless":false,"potions_floor_spawned":[5,8,10,11,13,22,23,25,31,36,41],"killed_by":"Reptomancer","ascension_level":20}}