{"host":"l60rmjjsfi0fipmi","time":1610812988,"event":{"mods":["BaseMod","Colored Map","DeckTracker","Highlight Path","Minty Spire (QoL Compilation)","StSLib","The Cursed","The Servant 0.9.4"],"gold_per_floor":[166,183,183,107,118,118,144,161,185,185,185,197,87,101,101,196,196,214,139,39,39,50,50,85,96,96,96,96,96,96,96,96,96,96],"floor_reached":33,"language":"ENG","playtime":1834,"items_purged":["Strike_G","Strike_G"],"score":346,"play_id":"d0d4998e-0813-4a02-b863-ce00a3c981a8","local_time":"20210116110308","is_ascension_mode":true,"campfire_choices":[{"data":"Neutralize","floor":6,"key":"SMITH"},{"floor":10,"key":"REST"},{"data":"Dodge and Roll","floor":15,"key":"SMITH"},{"data":"Footwork","floor":23,"key":"SMITH"},{"floor":29,"key":"REST"},{"floor":32,"key":"REST"}],"circlet_count":0,"master_deck":["Strike_G","Strike_G","Defend_G","Defend_G","Defend_G","Defend_G","Defend_G","Survivor+1","Neutralize+1","Dagger Spray","Footwork+1","Noxious Fumes+1","Caltrops","Dodge and Roll+1","Poisoned Stab","Bouncing Flask","Noxious Fumes","Backflip","Corpse Explosion","Necronomicurse","Footwork+1"],"relics":["Tiny House","PreservedInsect","Juzu Bracelet","Runic Pyramid","Centennial Puzzle","Meat on the Bone","Ninja Scroll","Necronomicon"],"acts_visited":["Exordium","TheCity"],"potions_floor_usage":[7,16,24,24,33],"damage_taken":[{"damage":3,"enemies":"2 Louse","floor":1,"turns":3},{"damage":0,"enemies":"Jaw Worm","floor":2,"turns":5},{"damage":0,"enemies":"Cultist","floor":5,"turns":5},{"damage":32,"enemies":"Gremlin Nob","floor":7,"turns":5},{"damage":7,"enemies":"Looter","floor":8,"turns":4},{"damage":0,"enemies":"Large Slime","floor":12,"turns":6},{"damage":12,"enemies":"Exordium Wildlife","floor":14,"turns":5},{"damage":3,"enemies":"The Guardian","floor":16,"turns":9},{"damage":10,"enemies":"Chosen","floor":18,"turns":6},{"damage":5,"enemies":"3 Byrds","floor":22,"turns":3},{"damage":20,"enemies":"Gremlin Leader","floor":24,"turns":5},{"damage":22,"enemies":"Snake Plant","floor":25,"turns":5},{"damage":71,"enemies":"Champ","floor":33,"turns":14}],"seed_played":"5823817211547518645","potions_obtained":[{"floor":0,"key":"AttackPotion"},{"floor":1,"key":"AttackPotion"},{"floor":2,"key":"DistilledChaos"},{"floor":14,"key":"SteroidPotion"},{"floor":16,"key":"DuplicationPotion"},{"floor":18,"key":"EssenceOfSteel"}],"is_trial":false,"path_per_floor":["M","M","?","$","M","R","E","M","T","R","?","M","$","M","R","B",null,"M","?","$","?","M","R","E","M","T","$","?","R","?","?","R","B"],"character_chosen":"THE_SILENT","items_purchased":["Caltrops","Noxious Fumes"],"campfire_rested":3,"item_purchase_floors":[4,13],"current_hp_per_floor":[72,72,72,72,72,72,40,33,33,55,55,55,55,43,43,40,75,65,65,65,65,60,60,40,30,30,30,14,36,36,36,58,0,0],"gold":96,"neow_bonus":"BOSS_RELIC","is_daily":false,"chose_seed":false,"campfire_upgraded":3,"win_rate":0.0,"timestamp":1610812988,"path_taken":["M","M","?","$","M","R","E","M","T","R","?","M","?","M","R","BOSS","M","?","$","?","M","R","E","M","T","$","?","R","?","?","R","BOSS"],"items_purchased_type":["Card","Card"],"build_version":"2020-12-22","purchased_purges":2,"victory":false,"max_hp_per_floor":[75,75,75,75,75,75,75,75,75,75,75,75,75,75,75,75,75,75,75,75,75,75,75,75,75,75,75,75,75,75,75,75,75,75],"card_choices":[{"not_picked":["Escape Plan","Deflect"],"picked":"Dagger Spray","floor":0},{"not_picked":["Eviscerate","Dagger Throw"],"picked":"Footwork","floor":1},{"not_picked":["Dodge and Roll","PiercingWail"],"picked":"Noxious Fumes","floor":2},{"not_picked":["Flying Knee","Dagger Throw"],"picked":"Dodge and Roll","floor":5},{"not_picked":["Dodge and Roll","Dagger Spray"],"picked":"Poisoned Stab","floor":7},{"not_picked":["Prepared","Cloak And Dagger","Skewer"],"picked":"SKIP","floor":8},{"not_picked":["Deflect","Prepared"],"picked":"Bouncing Flask","floor":12},{"not_picked":["Terror","Bane"],"picked":"Backflip","floor":14},{"not_picked":["Unload","Phantasmal Killer"],"picked":"Corpse Explosion","floor":16},{"not_picked":["Cloak And Dagger","Quick Slash","Endless Agony"],"picked":"SKIP","floor":18},{"not_picked":["Expertise","Reflex","Backflip+1"],"picked":"SKIP","floor":22},{"not_picked":["Venomology","Blade Dance","Skewer"],"picked":"SKIP","floor":24},{"not_picked":["Dagger Throw","Footwork","Backflip"],"picked":"SKIP","floor":25}],"player_experience":428401,"relics_obtained":[{"floor":7,"key":"PreservedInsect"},{"floor":9,"key":"Juzu Bracelet"},{"floor":24,"key":"Meat on the Bone"},{"floor":26,"key":"Ninja Scroll"},{"floor":28,"key":"Necronomicon"}],"event_choices":[{"damage_healed":0,"gold_gain":0,"player_choice":"Grow","damage_taken":0,"max_hp_gain":0,"max_hp_loss":0,"event_name":"Living Wall","floor":3,"gold_loss":0,"cards_upgraded":["Noxious Fumes"]},{"damage_healed":0,"gold_gain":0,"player_choice":"Ignored","damage_taken":0,"max_hp_gain":0,"max_hp_loss":0,"event_name":"Liars Game","floor":11,"gold_loss":0},{"cards_removed":["Strike_G"],"damage_healed":0,"gold_gain":0,"player_choice":"Gave Gold","damage_taken":0,"max_hp_gain":0,"max_hp_loss":0,"event_name":"Beggar","floor":19,"gold_loss":75},{"damage_healed":0,"gold_gain":0,"player_choice":"Opened","damage_taken":0,"relics_obtained":["Centennial Puzzle"],"max_hp_gain":0,"max_hp_loss":0,"event_name":"The Mausoleum","floor":21,"gold_loss":0},{"damage_healed":0,"gold_gain":0,"player_choice":"Obtained Book","damage_taken":16,"max_hp_gain":0,"max_hp_loss":0,"event_name":"Cursed Tome","floor":28,"gold_loss":0},{"damage_healed":0,"gold_gain":0,"player_choice":"Ignored","damage_taken":0,"max_hp_gain":0,"max_hp_loss":0,"event_name":"Ghosts","floor":30,"gold_loss":0},{"damage_healed":0,"gold_gain":0,"player_choice":"Copied","damage_taken":0,"max_hp_gain":0,"max_hp_loss":0,"event_name":"Duplicator","floor":31,"gold_loss":0,"cards_obtained":["Footwork"]}],"is_beta":false,"boss_relics":[{"not_picked":["Cursed Key","Runic Dome"],"picked":"Runic Pyramid"}],"items_purged_floors":[13,20],"is_endless":false,"potions_floor_spawned":[1,2,14,16,18],"killed_by":"Champ","ascension_level":4}}