{"host":"ln76an1o32p2wxtf","time":1610820664,"event":{"mods":["AchievementEnabler","Act Like it!","BaseMod","BetterRewards","Colored Powertips","Energized Spire","GifTheSpireLib","Infinite Spire","Minty Spire (QoL Compilation)","Shop Mod","StSLib"],"gold_per_floor":[117,39,114,114,129,156,156,187,211,211,241,96,115,126,126,221,221,161,161],"floor_reached":18,"language":"ENG","playtime":1895,"items_purged":["Strike_B"],"score":187,"play_id":"01923a14-3271-42af-8df6-99719dec8874","local_time":"20210117021104","is_ascension_mode":true,"campfire_choices":[{"floor":7.0,"key":"REST"},{"floor":10.0,"key":"REST"},{"floor":15.0,"key":"RECALL"}],"circlet_count":0,"master_deck":["Strike_B","Strike_B","Strike_B","Defend_B","Defend_B","Defend_B","Defend_B","Zap","Dualcast","Glacier","Defragment","Storm","Fission","Hello World","Self Repair","Reboot"],"relics":["Runic Pyramid","Bag of Marbles","Girya","Nunchaku","infinitespire:CheckeredPen","Black Star"],"acts_visited":["Exordium","TheCity"],"potions_floor_usage":[],"damage_taken":[{"damage":11.0,"enemies":"2 Louse","floor":1.0,"turns":3.0},{"damage":0.0,"enemies":"Small Slimes","floor":5.0,"turns":5.0},{"damage":9.0,"enemies":"Lagavulin","floor":6.0,"turns":13.0},{"damage":14.0,"enemies":"Gremlin Nob","floor":8.0,"turns":5.0},{"damage":2.0,"enemies":"3 Sentries","floor":11.0,"turns":10.0},{"damage":0.0,"enemies":"Jaw Worm","floor":13.0,"turns":4.0},{"damage":9.0,"enemies":"3 Louse","floor":14.0,"turns":4.0},{"damage":25.0,"enemies":"Slime Boss","floor":16.0,"turns":13.0},{"damage":25,"enemies":"2 Thieves","floor":18,"turns":2}],"seed_played":"7227981957856189896","potions_obtained":[{"floor":1.0,"key":"SteroidPotion"},{"floor":5.0,"key":"Strength Potion"},{"floor":6.0,"key":"BlessingOfTheForge"},{"floor":13.0,"key":"PowerPotion"}],"is_trial":false,"path_per_floor":["M","$","?","?","M","E","R","E","T","R","E","$","M","M","R","B",null,"M"],"character_chosen":"DEFECT","items_purchased":["Defragment","Self Repair"],"campfire_rested":2,"item_purchase_floors":[2,12],"current_hp_per_floor":[64,64,53,28,28,19,41,27,27,49,47,47,54,52,52,34,75,50,50],"gold":161,"neow_bonus":"BOSS_RELIC","is_daily":false,"chose_seed":false,"campfire_upgraded":0,"win_rate":0.0,"timestamp":1610820664,"path_taken":["M","$","?","?","M","E","R","E","T","R","E","?","M","M","R","BOSS","M"],"items_purchased_type":["Card","Card"],"build_version":"2020-12-22","purchased_purges":1,"victory":false,"max_hp_per_floor":[75,75,75,75,75,75,75,75,75,75,75,75,75,75,75,75,75,75,75],"card_choices":[{"not_picked":["Cold Snap","Go for the Eyes"],"picked":"Glacier","floor":1.0},{"not_picked":["Recycle","Lockon"],"picked":"Storm","floor":5.0},{"not_picked":["Compile Driver","Sweeping Beam","Melter"],"picked":"SKIP","floor":6.0},{"not_picked":["Coolheaded","Redo"],"picked":"Fission","floor":8.0},{"not_picked":["Cold Snap","Compile Driver"],"picked":"Hello World","floor":11.0},{"not_picked":["Coolheaded","Steam","Doom and Gloom"],"picked":"SKIP","floor":13.0},{"not_picked":["Gash","Cold Snap","Steam"],"picked":"SKIP","floor":14.0},{"not_picked":["Core Surge","Seek"],"picked":"Reboot","floor":16.0}],"player_experience":728122,"relics_obtained":[{"floor":6.0,"key":"Girya"},{"floor":8.0,"key":"Nunchaku"},{"floor":11.0,"key":"infinitespire:CheckeredPen"}],"event_choices":[{"damage_healed":0.0,"max_hp_gain":0.0,"max_hp_loss":0.0,"gold_gain":75.0,"event_name":"World of Goop","player_choice":"Gather Gold","floor":3.0,"gold_loss":0.0,"damage_taken":11.0},{"damage_healed":0.0,"max_hp_gain":0.0,"max_hp_loss":0.0,"gold_gain":0.0,"event_name":"Scrap Ooze","player_choice":"Success","floor":4.0,"gold_loss":0.0,"damage_taken":25.0,"relics_obtained":["Bag of Marbles"]}],"is_beta":false,"boss_relics":[{"not_picked":["energizedSpire:DeadBattery","Calling Bell"],"picked":"Black Star"}],"items_purged_floors":[12],"is_endless":false,"potions_floor_spawned":[1,5,6,13,14],"killed_by":"2 Thieves","ascension_level":1}}