{"host":"v0dnu0zs4qo0v13s","time":1610776504,"event":{"mods":["BaseMod","Colored Map","Colored Powertips","Minty Spire (QoL Compilation)","Relic Stats","StSLib","SuperFastMode","everything is the same but u backflip on backflip"],"gold_per_floor":[110,110,110,129,204,245,245,276,276,96,109,123,50,75,75,173,173,197,122,44,69,353,397,409,421,421],"floor_reached":25,"language":"ENG","playtime":800,"items_purged":["Strike_R"],"score":445,"play_id":"093fc965-43ff-4b38-9685-c44f5080e68d","local_time":"20210116005504","is_ascension_mode":true,"campfire_choices":[{"data":"Perfected Strike","floor":7.0,"key":"SMITH"},{"data":"Feel No Pain","floor":15.0,"key":"SMITH"},{"floor":24,"key":"REST"}],"circlet_count":0,"master_deck":["AscendersBane","Strike_R","Strike_R","Strike_R","Defend_R","Defend_R","Defend_R","Bash","Perfected Strike+1","Spot Weakness","Shockwave","Ghostly Armor","Feel No Pain","Wild Strike","Feel No Pain+1","Corruption","Burning Pact","Rage","Fire Breathing","Regret","Feel No Pain"],"relics":["Burning Blood","NeowsBlessing","Golden Idol","Matryoshka","Lizard Tail","MealTicket","Sundial","Membership Card","CeramicFish","SacredBark","MawBank"],"acts_visited":["Exordium","TheCity"],"potions_floor_usage":[21,23],"damage_taken":[{"damage":0.0,"enemies":"2 Louse","floor":1.0,"turns":1.0},{"damage":0.0,"enemies":"Small Slimes","floor":4.0,"turns":1.0},{"damage":0.0,"enemies":"3 Sentries","floor":6.0,"turns":2.0},{"damage":26.0,"enemies":"Gremlin Nob","floor":8.0,"turns":4.0},{"damage":12.0,"enemies":"Jaw Worm","floor":11.0,"turns":2.0},{"damage":21.0,"enemies":"Lots of Slimes","floor":12.0,"turns":5.0},{"damage":9.0,"enemies":"Blue Slaver","floor":14.0,"turns":3.0},{"damage":87.0,"enemies":"Hexaghost","floor":16.0,"turns":11.0},{"damage":28.0,"enemies":"Chosen","floor":18.0,"turns":7.0},{"damage":11,"enemies":"3 Byrds","floor":21,"turns":7},{"damage":28,"enemies":"Gremlin Leader","floor":23,"turns":8},{"damage":31,"enemies":"Centurion and Healer","floor":25,"turns":3}],"seed_played":"8327948399976683246","potions_obtained":[{"floor":1.0,"key":"GamblersBrew"},{"floor":11.0,"key":"Fruit Juice"},{"floor":16.0,"key":"Energy Potion"},{"floor":21,"key":"Explosive Potion"}],"is_trial":false,"path_per_floor":["M","?","?","M","?","E","R","E","T","$","M","M","$","M","R","B",null,"M","?","$","M","?","E","R","M"],"character_chosen":"IRONCLAD","items_purchased":["Membership Card","Feel No Pain","CeramicFish","Rage","Fire Breathing"],"campfire_rested":1,"item_purchase_floors":[10,10,13,20,20],"current_hp_per_floor":[74,68,61,67,56,62,62,42,42,57,51,41,56,53,53,10,57,35,35,50,45,45,23,44,13,13],"gold":421,"neow_bonus":"THREE_ENEMY_KILL","is_daily":false,"chose_seed":false,"campfire_upgraded":2,"win_rate":0.0,"timestamp":1610776504,"path_taken":["M","?","?","M","?","E","R","E","T","$","M","M","$","M","R","BOSS","M","?","$","M","?","E","R","M"],"items_purchased_type":["Relic","Card","Relic","Card","Card"],"build_version":"2020-12-22","purchased_purges":1,"victory":false,"max_hp_per_floor":[75,68,68,68,68,68,68,68,68,68,68,73,73,73,73,73,73,73,73,73,73,73,73,73,73,73],"relic_stats":{"Lizard Tail":36,"counters":[12,54],"Golden Idol":60,"Sundial":[6],"CeramicFish":63,"MealTicket":45,"MawBank":24,"obtain_stats":[{"Lizard Tail":8,"Matryoshka":6,"NeowsBlessing":0,"Golden Idol":2,"Sundial":9,"CeramicFish":13,"SacredBark":17,"MealTicket":9,"Membership Card":10,"MawBank":23,"Burning Blood":0},{"Lizard Tail":4,"Matryoshka":3,"NeowsBlessing":0,"Golden Idol":1,"Sundial":4,"CeramicFish":6,"SacredBark":8,"MealTicket":4,"Membership Card":4,"MawBank":11,"Burning Blood":0},{"Lizard Tail":8,"Matryoshka":4,"NeowsBlessing":0,"Golden Idol":1,"Sundial":8,"CeramicFish":15,"SacredBark":29,"MealTicket":8,"Membership Card":8,"MawBank":51,"Burning Blood":0}],"Burning Blood":66},"card_choices":[{"not_picked":["Combust","Warcry"],"picked":"Perfected Strike","floor":1.0},{"not_picked":["Seeing Red","Sword Boomerang"],"picked":"Spot Weakness","floor":4.0},{"not_picked":["Shrug It Off","Cleave"],"picked":"Shockwave","floor":6.0},{"not_picked":["Anger","Carnage"],"picked":"Ghostly Armor","floor":8.0},{"not_picked":["Power Through","Blood for Blood"],"picked":"Wild Strike","floor":11.0},{"not_picked":["Bloodletting","Sword Boomerang","Entrench"],"picked":"SKIP","floor":12.0},{"not_picked":["Cleave","Twin Strike"],"picked":"Feel No Pain","floor":14.0},{"not_picked":["Fiend Fire","Limit Break"],"picked":"Corruption","floor":16.0},{"not_picked":["Seeing Red","Thunderclap"],"picked":"Burning Pact","floor":18.0},{"not_picked":["Clash","Armaments","Havoc"],"picked":"SKIP","floor":21},{"not_picked":["Clothesline","Disarm"],"picked":"Feel No Pain","floor":23}],"player_experience":701590,"relics_obtained":[{"floor":6.0,"key":"Matryoshka"},{"floor":8.0,"key":"Lizard Tail"},{"floor":9.0,"key":"MealTicket"},{"floor":9.0,"key":"Sundial"},{"floor":23,"key":"MawBank"}],"event_choices":[{"damage_healed":0.0,"max_hp_gain":0.0,"max_hp_loss":7.0,"gold_gain":0.0,"event_name":"Golden Idol","player_choice":"Lose Max HP","floor":2.0,"gold_loss":0.0,"damage_taken":0.0,"relics_obtained":["Golden Idol"]},{"cards_removed":["Defend_R"],"damage_healed":0.0,"max_hp_gain":0.0,"max_hp_loss":0.0,"gold_gain":0.0,"event_name":"Golden Wing","player_choice":"Card Removal","floor":3.0,"gold_loss":0.0,"damage_taken":7.0},{"damage_healed":0.0,"max_hp_gain":0.0,"max_hp_loss":0.0,"gold_gain":75.0,"event_name":"World of Goop","player_choice":"Gather Gold","floor":5.0,"gold_loss":0.0,"damage_taken":11.0},{"cards_removed":["Strike_R"],"damage_healed":0.0,"max_hp_gain":0.0,"max_hp_loss":0.0,"gold_gain":0.0,"event_name":"Beggar","player_choice":"Gave Gold","floor":19.0,"gold_loss":75.0,"damage_taken":0.0},{"damage_healed":0,"gold_gain":275,"player_choice":"Desecrate","damage_taken":0,"max_hp_gain":0,"max_hp_loss":0,"event_name":"Golden Shrine","floor":22,"gold_loss":0,"cards_obtained":["Regret"]}],"is_beta":false,"boss_relics":[{"not_picked":["Pandora\u0027s Box","Runic Cube"],"picked":"SacredBark"}],"items_purged_floors":[20],"is_endless":false,"potions_floor_spawned":[1,11,16,21],"killed_by":"Centurion and Healer","ascension_level":15}}