{"host":"d61fcf2p3sjwe6yo","time":1610819088,"event":{"mods":["AchievementEnabler","BaseMod","Colored Map","Downfall","Minty Spire (QoL Compilation)","StSLib","SuperFastMode"],"gold_per_floor":[99,112,112,22,41,191,217,248,262,281,181,66,66,99,112,210,210,210,221,237,237,237],"floor_reached":21,"language":"ENG","playtime":1207,"items_purged":["downfall:Malfunctioning","downfall:Icky"],"score":208,"play_id":"bfb3095a-7fd4-4be6-9d2f-e30e50aeaf06","local_time":"20210116204448","is_ascension_mode":true,"campfire_choices":[{"floor":1.0,"key":"RECALL"},{"data":"bronze:Return","floor":11.0,"key":"SMITH"},{"data":"bronze:Replicate","floor":13.0,"key":"SMITH"},{"data":"bronze:SpaghettiCode","floor":18.0,"key":"SMITH"}],"circlet_count":0,"master_deck":["bronze:Replicate+1","bronze:Goto+1","bronze:Boost","bronze:Branch","bronze:BronzeOrb","bronze:Return+1","bronze:Verify","bronze:Boost","bronze:InfiniteLoop","bronze:NullPointer","bronze:AlphaBuild","bronze:WhirlingStrike","bronze:FineTuning","bronze:SpaghettiCode+1","bronze:FunctionCard","bronze:Branch"],"relics":["bronze:BronzeCore","War Paint","champ:DeflectingBracers","downfall:HeartBlessingRed","Tiny Chest","Pandora\u0027s Box"],"acts_visited":["Exordium","TheCity"],"potions_floor_usage":[19,19],"damage_taken":[{"damage":10.0,"enemies":"Small Slimes","floor":2.0,"turns":4.0},{"damage":0.0,"enemies":"downfall:FleeingMerchant","floor":4.0,"turns":4.0},{"damage":0.0,"enemies":"Cultist","floor":5.0,"turns":4.0},{"damage":19.0,"enemies":"Gremlin Nob","floor":8.0,"turns":5.0},{"damage":0.0,"enemies":"2 Louse","floor":9.0,"turns":3.0},{"damage":1.0,"enemies":"Exordium Wildlife","floor":10.0,"turns":4.0},{"damage":0.0,"enemies":"downfall:FleeingMerchant","floor":12.0,"turns":4.0},{"damage":4.0,"enemies":"3 Sentries","floor":14.0,"turns":6.0},{"damage":2.0,"enemies":"Large Slime","floor":15.0,"turns":5.0},{"damage":8.0,"enemies":"SI_SHIV_ARCHETYPE","floor":16.0,"turns":6.0},{"damage":57,"enemies":"Shell Parasite","floor":19,"turns":8},{"damage":6,"enemies":"Chosen","floor":20,"turns":3},{"damage":2,"enemies":"Snake Plant","floor":21,"turns":2}],"seed_played":"3457939346212628986","potions_obtained":[{"floor":8.0,"key":"Guardian:BlockOnCardUsePotion"},{"floor":10.0,"key":"BlessingOfTheForge"},{"floor":16.0,"key":"Explosive Potion"},{"floor":19,"key":"Fire Potion"}],"is_trial":false,"path_per_floor":["R","M","?","$","M","?","T","E","M","M","R","$","R","E","M","B",null,"R","M","M","M"],"character_chosen":"THE_AUTOMATON","items_purchased":[],"campfire_rested":0,"item_purchase_floors":[],"current_hp_per_floor":[77,67,67,67,67,67,67,48,48,47,47,47,47,43,41,33,77,77,20,14,12,12],"gold":237,"neow_bonus":"TEN_PERCENT_HP_BONUS","is_daily":false,"chose_seed":false,"campfire_upgraded":3,"win_rate":0.0,"timestamp":1610819088,"path_taken":["R","M","?","?","M","?","T","E","M","M","R","$","R","E","M","BOSS","R","M","M","M"],"items_purchased_type":[],"build_version":"2020-12-22","purchased_purges":2,"victory":false,"max_hp_per_floor":[77,77,77,77,77,77,77,77,77,77,77,77,77,77,77,77,77,77,77,77,77,77],"card_choices":[{"not_picked":["bronze:BitShift","bronze:ClassDefault"],"picked":"bronze:Boost","floor":2.0},{"not_picked":["bronze:OilSpill","bronze:Invalidate"],"picked":"bronze:Branch","floor":4.0},{"not_picked":["bronze:Flail","bronze:Invalidate"],"picked":"bronze:BronzeOrb","floor":5.0},{"not_picked":["bronze:Safeguard","bronze:DarkDash"],"picked":"bronze:Return","floor":8.0},{"not_picked":["bronze:FineTuning","bronze:Overheat"],"picked":"bronze:Verify","floor":9.0},{"not_picked":["bronze:Shield","bronze:WildBeam"],"picked":"bronze:Boost","floor":10.0},{"not_picked":["bronze:BuggyMess","bronze:ShipIt","bronze:Philosophize"],"picked":"SKIP","floor":12.0},{"not_picked":["bronze:ChildClass","bronze:Return"],"picked":"bronze:InfiniteLoop","floor":14.0},{"not_picked":["bronze:Invalidate","bronze:WildBeam","bronze:ForLoop"],"picked":"SKIP","floor":15.0},{"not_picked":["bronze:TinkerersToolbox","bronze:Assembly"],"picked":"bronze:Hardcode","floor":16.0},{"not_picked":["bronze:ChildClass","bronze:OilSpill","bronze:Invalidate"],"picked":"SKIP","floor":19},{"not_picked":["bronze:NullPointer","bronze:Return"],"picked":"bronze:Branch","floor":20}],"player_experience":565399,"relics_obtained":[{"floor":7.0,"key":"War Paint"},{"floor":8.0,"key":"champ:DeflectingBracers"},{"floor":14.0,"key":"Tiny Chest"}],"event_choices":[],"is_beta":false,"boss_relics":[{"not_picked":["Snecko Eye","Velvet Choker"],"picked":"Pandora\u0027s Box"}],"items_purged_floors":[4,12],"is_endless":false,"potions_floor_spawned":[8,10,16,19],"killed_by":"Snake Plant","ascension_level":2}}