{"host":"9d9dhukr2jywmy0f","time":1610803187,"event":{"mods":["2.2 Compatiblity","Alarm Clock","BaseMod","Bestiary","Block Reminder","Colored Map","Colored Powertips","Curses Come First","DeckTracker","Highlight Path","Key Reminder","Minty Spire (QoL Compilation)","Quick Restart","Rare Cards Sparkle","Relic Sorter","Relic Stats","Spire Birthday Party","StSLib","SuperFastMode","Synergy Search","TestMod","Unceasing Turn Reminder","Unknown Chances"],"gold_per_floor":[17,17,35,35,48,48,63,63,63,74,74,86,116,116,116,190,190,209,226,276,276,276,307,307,321,321,349,362,394,159,169,169,241,241,256,256,276,294,78,103,115,140,140,157,187,43,63,96,96,96,96,96,96,21,52,52],"floor_reached":57,"language":"ZHS","playtime":3175,"items_purged":["Strike_B","Strike_B","Doubt","Strike_B"],"score":3768,"play_id":"13f931d3-cd27-420b-b61c-ddcca0cf8d35","local_time":"20210116211947","is_ascension_mode":true,"campfire_choices":[{"data":"Dualcast","floor":6.0,"key":"SMITH"},{"data":"Zap","floor":8.0,"key":"SMITH"},{"data":"Coolheaded","floor":11.0,"key":"SMITH"},{"data":"Defragment","floor":15.0,"key":"SMITH"},{"data":"Buffer","floor":24.0,"key":"SMITH"},{"data":"Buffer","floor":32.0,"key":"SMITH"},{"floor":49.0,"key":"RECALL"},{"data":"Aggregate","floor":53.0,"key":"SMITH"}],"circlet_count":0,"master_deck":["AscendersBane","Strike_B+1","Defend_B","Defend_B","Defend_B","Defend_B","Zap+1","Dualcast+1","Ball Lightning","Turbo","Self Repair","Coolheaded+1","Ball Lightning+1","Defragment+1","Buffer+1","Chill+1","Ball Lightning","Coolheaded","Buffer+1","Capacitor","Echo Form","Fission","Coolheaded+1","Aggregate+1","Coolheaded+1"],"relics":["Cracked Core","testmod-TestBox","testmod-Brilliant","testmod-ArcanaOfDestiny","InkBottle","Black Star","testmod-InfectionSource","Happy Flower","Symbiotic Virus","Cables","Ornamental Fan","Orichalcum","DataDisk","Prayer Wheel","Membership Card","Cursed Key","testmod-RainbowHikingShoes","Bottled Tornado","testmod-Justice","Calipers","Kunai","Bag of Preparation","Medical Kit","Pear","MealTicket","Anchor","testmod-IndustrialRevolution"],"acts_visited":["Exordium","TheCity","TheBeyond","TheEnding"],"potions_floor_usage":[56,56],"damage_taken":[{"damage":1.0,"enemies":"Cultist","floor":1.0,"turns":3.0},{"damage":2.0,"enemies":"2 Louse","floor":3.0,"turns":2.0},{"damage":7.0,"enemies":"Jaw Worm","floor":5.0,"turns":3.0},{"damage":14.0,"enemies":"Large Slime","floor":7.0,"turns":5.0},{"damage":0.0,"enemies":"3 Louse","floor":10.0,"turns":1.0},{"damage":0.0,"enemies":"2 Fungi Beasts","floor":12.0,"turns":1.0},{"damage":4.0,"enemies":"Gremlin Nob","floor":13.0,"turns":3.0},{"damage":15.0,"enemies":"Hexaghost","floor":16.0,"turns":8.0},{"damage":18.0,"enemies":"Shell Parasite","floor":18.0,"turns":6.0},{"damage":0.0,"enemies":"Chosen","floor":19.0,"turns":5.0},{"damage":0.0,"enemies":"Gremlin Leader","floor":23.0,"turns":3.0},{"damage":14.0,"enemies":"Snecko","floor":25.0,"turns":3.0},{"damage":0.0,"enemies":"Slavers","floor":27.0,"turns":1.0},{"damage":0.0,"enemies":"Shelled Parasite and Fungi","floor":28.0,"turns":2.0},{"damage":0.0,"enemies":"Gremlin Leader","floor":29.0,"turns":2.0},{"damage":1.0,"enemies":"Cultist and Chosen","floor":31.0,"turns":4.0},{"damage":0.0,"enemies":"Automaton","floor":33.0,"turns":8.0},{"damage":0.0,"enemies":"3 Shapes","floor":35.0,"turns":1.0},{"damage":0.0,"enemies":"Orb Walker","floor":37.0,"turns":2.0},{"damage":0.0,"enemies":"3 Darklings","floor":38.0,"turns":1.0},{"damage":0.0,"enemies":"Reptomancer","floor":40.0,"turns":4.0},{"damage":0.0,"enemies":"Maw","floor":41.0,"turns":4.0},{"damage":0.0,"enemies":"Giant Head","floor":42.0,"turns":4.0},{"damage":0.0,"enemies":"Spire Growth","floor":44.0,"turns":2.0},{"damage":0.0,"enemies":"Nemesis","floor":45.0,"turns":5.0},{"damage":0.0,"enemies":"Transient","floor":47.0,"turns":6.0},{"damage":0.0,"enemies":"Giant Head","floor":48.0,"turns":5.0},{"damage":0.0,"enemies":"Awakened One","floor":50.0,"turns":7.0},{"damage":0.0,"enemies":"Donu and Deca","floor":51.0,"turns":5.0},{"damage":0,"enemies":"Shield and Spear","floor":55,"turns":4},{"damage":2,"enemies":"The Heart","floor":56,"turns":7}],"seed_played":"-7396836124910342630","potions_obtained":[{"floor":1.0,"key":"Dexterity Potion"},{"floor":12.0,"key":"Strength Potion"},{"floor":16.0,"key":"Energy Potion"},{"floor":29.0,"key":"CultistPotion"},{"floor":38.0,"key":"BlessingOfTheForge"}],"is_trial":false,"path_per_floor":["M","$","M","?","M","R","M","R","T","M","R","M","E","?","R","B",null,"M","M","?","?","?","E","R","M","T","E","M","E","$","M","R","B",null,"M","?","M","M","$","E","M","E","T","M","E","$","M","E","R","B","B",null,"R","$","E","B",null],"character_chosen":"DEFECT","items_purchased":["Membership Card","Capacitor","testmod-RainbowHikingShoes","Medical Kit"],"campfire_rested":0,"item_purchase_floors":[30,30,39,46],"current_hp_per_floor":[63,63,61,61,54,54,40,40,40,40,40,47,50,29,29,21,59,48,55,55,55,55,62,62,55,55,55,55,62,62,68,68,71,71,71,71,71,71,71,71,71,71,71,71,71,71,71,81,81,81,81,81,81,81,81,81],"gold":52,"neow_bonus":"ONE_RARE_RELIC","is_daily":false,"chose_seed":false,"campfire_upgraded":7,"win_rate":0.0,"timestamp":1610803187,"path_taken":["M","?","M","?","M","R","M","R","T","?","R","M","E","?","R","BOSS","M","M","?","?","?","E","R","M","T","E","?","E","?","M","R","BOSS","M","?","M","M","$","E","M","E","T","M","E","$","M","E","R","BOSS","BOSS","R","$","E","BOSS"],"items_purchased_type":["Relic","Card","Relic","Relic"],"build_version":"2020-11-30","purchased_purges":4,"victory":true,"max_hp_per_floor":[71,71,71,71,71,71,71,71,71,71,71,71,71,71,71,71,71,71,71,71,71,71,71,71,71,71,71,71,71,71,71,71,71,71,71,71,71,71,71,71,71,71,71,71,71,71,71,81,81,81,81,81,81,81,81,81],"relic_stats":{"Happy Flower":[25],"counters":[31,117],"Bag of Preparation":[12],"Orichalcum":[96],"Cursed Key":1,"Medical Kit":[24],"Cables":[64,25,35,4,0],"Ornamental Fan":[124],"Prayer Wheel":7,"MealTicket":0,"Black Star":8,"Kunai":[23],"obtain_stats":[{"Calipers":42,"Bag of Preparation":45,"testmod-RainbowHikingShoes":39,"Bottled Tornado":40,"Cursed Key":34,"testmod-Brilliant":0,"Prayer Wheel":29,"MealTicket":48,"testmod-InfectionSource":22,"Kunai":45,"Cracked Core":0,"testmod-ArcanaOfDestiny":9,"InkBottle":13,"testmod-TestBox":0,"Pear":48,"Happy Flower":23,"Orichalcum":27,"testmod-Justice":42,"Medical Kit":46,"testmod-IndustrialRevolution":55,"Cables":26,"keyreminder:keyreminder":40,"DataDisk":29,"Anchor":55,"Ornamental Fan":27,"Black Star":17,"Membership Card":30,"Symbiotic Virus":23},{"Calipers":23,"Bag of Preparation":25,"testmod-RainbowHikingShoes":20,"Bottled Tornado":21,"Cursed Key":17,"testmod-Brilliant":0,"Prayer Wheel":15,"MealTicket":27,"testmod-InfectionSource":10,"Kunai":25,"Cracked Core":0,"testmod-ArcanaOfDestiny":4,"InkBottle":7,"testmod-TestBox":0,"Pear":27,"Happy Flower":11,"Orichalcum":13,"testmod-Justice":23,"Medical Kit":25,"testmod-IndustrialRevolution":30,"Cables":12,"keyreminder:keyreminder":21,"DataDisk":15,"Anchor":30,"Ornamental Fan":13,"Black Star":8,"Membership Card":15,"Symbiotic Virus":11},{"Calipers":76,"Bag of Preparation":83,"testmod-RainbowHikingShoes":64,"Bottled Tornado":68,"Cursed Key":60,"testmod-Brilliant":0,"Prayer Wheel":48,"MealTicket":94,"testmod-InfectionSource":37,"Kunai":83,"Cracked Core":0,"testmod-ArcanaOfDestiny":13,"InkBottle":18,"testmod-TestBox":0,"Pear":94,"Happy Flower":40,"Orichalcum":44,"testmod-Justice":76,"Medical Kit":83,"testmod-IndustrialRevolution":110,"Cables":43,"keyreminder:keyreminder":68,"DataDisk":48,"Anchor":110,"Ornamental Fan":44,"Black Star":26,"Membership Card":48,"Symbiotic Virus":40}],"InkBottle":[65]},"card_choices":[{"not_picked":["Force Field","Conserve Battery"],"picked":"Ball Lightning","floor":1.0},{"not_picked":["Scrape","Hologram"],"picked":"Turbo","floor":3.0},{"not_picked":["Sweeping Beam","Loop","Doom and Gloom"],"picked":"SKIP","floor":5.0},{"not_picked":["Gash","Hello World"],"picked":"Self Repair","floor":7.0},{"not_picked":["Hello World","Steam"],"picked":"Coolheaded","floor":10.0},{"not_picked":["Gash","Streamline"],"picked":"Ball Lightning","floor":12.0},{"not_picked":["Self Repair","Stack"],"picked":"Defragment","floor":13.0},{"not_picked":["Creative AI","Meteor Strike"],"picked":"Buffer","floor":16.0},{"not_picked":["Stack","Barrage+1"],"picked":"Chill+1","floor":18.0},{"not_picked":["Leap","Cold Snap","Sunder"],"picked":"SKIP","floor":19.0},{"not_picked":["Machine Learning","Reinforced Body","Sunder"],"picked":"SKIP","floor":23.0},{"not_picked":["Blizzard","BootSequence"],"picked":"Ball Lightning","floor":25.0},{"not_picked":["Consume","Beam Cell"],"picked":"Coolheaded","floor":27.0},{"not_picked":["Reprogram","Compile Driver","Stack"],"picked":"SKIP","floor":28.0},{"not_picked":["Cold Snap","Lockon"],"picked":"Buffer","floor":29.0},{"not_picked":["Conserve Battery","Ball Lightning+1","Go for the Eyes"],"picked":"SKIP","floor":31.0},{"not_picked":["Steam","Barrage+1","Doom and Gloom"],"picked":"SKIP","floor":31.0},{"not_picked":["Machine Learning","Rainbow"],"picked":"Echo Form","floor":33.0},{"not_picked":["Auto Shields","Reinforced Body","Streamline"],"picked":"SKIP","floor":35.0},{"not_picked":["Go for the Eyes+1","Melter","Redo"],"picked":"SKIP","floor":35.0},{"not_picked":["Rip and Tear","Turbo","Gash+1"],"picked":"SKIP","floor":37.0},{"not_picked":["Reinforced Body","Redo","Cold Snap"],"picked":"SKIP","floor":37.0},{"not_picked":["Compile Driver","Barrage+1","Coolheaded"],"picked":"SKIP","floor":38.0},{"not_picked":["Leap","Blizzard+1","Redo"],"picked":"SKIP","floor":38.0},{"not_picked":["Gash","Melter+1"],"picked":"Fission","floor":40.0},{"not_picked":["Chaos","Auto Shields"],"picked":"Coolheaded+1","floor":41.0},{"not_picked":["Undo","Reinforced Body","Reprogram"],"picked":"SKIP","floor":41.0},{"not_picked":["Undo","Reinforced Body","Reprogram"],"picked":"SKIP","floor":41.0},{"not_picked":["Self Repair","Rebound+1"],"picked":"Aggregate","floor":42.0},{"not_picked":["Streamline","Steam","Leap"],"picked":"SKIP","floor":44.0},{"not_picked":["Cold Snap","Sweeping Beam","Undo"],"picked":"SKIP","floor":44.0},{"not_picked":["All For One","Reinforced Body+1","Sweeping Beam+1"],"picked":"SKIP","floor":45.0},{"not_picked":["Leap+1","Aggregate"],"picked":"Coolheaded+1","floor":47.0},{"not_picked":["Streamline","Steam","Reprogram"],"picked":"SKIP","floor":47.0},{"not_picked":["Ball Lightning+1","Conserve Battery","Stack"],"picked":"SKIP","floor":48.0},{"not_picked":["Redo","Beam Cell","Tempest"],"picked":"SKIP","floor":55}],"player_experience":829316,"relics_obtained":[{"floor":9.0,"key":"testmod-ArcanaOfDestiny"},{"floor":13.0,"key":"InkBottle"},{"floor":22.0,"key":"testmod-InfectionSource"},{"floor":23.0,"key":"Happy Flower"},{"floor":23.0,"key":"Symbiotic Virus"},{"floor":26.0,"key":"Cables"},{"floor":27.0,"key":"Ornamental Fan"},{"floor":27.0,"key":"Orichalcum"},{"floor":29.0,"key":"DataDisk"},{"floor":29.0,"key":"Prayer Wheel"},{"floor":40.0,"key":"Bottled Tornado"},{"floor":42.0,"key":"testmod-Justice"},{"floor":42.0,"key":"Calipers"},{"floor":45.0,"key":"Kunai"},{"floor":45.0,"key":"Bag of Preparation"},{"floor":48.0,"key":"Pear"},{"floor":48.0,"key":"MealTicket"},{"floor":55,"key":"Anchor"},{"floor":55,"key":"testmod-IndustrialRevolution"}],"event_choices":[{"damage_healed":0.0,"max_hp_gain":0.0,"max_hp_loss":0.0,"gold_gain":0.0,"event_name":"Liars Game","player_choice":"Ignored","floor":4.0,"gold_loss":0.0,"damage_taken":0.0},{"damage_healed":0.0,"max_hp_gain":0.0,"max_hp_loss":0.0,"gold_gain":0.0,"event_name":"Shining Light","player_choice":"Entered Light","floor":14.0,"gold_loss":0.0,"damage_taken":21.0,"cards_upgraded":["Strike_B","Ball Lightning"]},{"damage_healed":0.0,"max_hp_gain":0.0,"max_hp_loss":0.0,"gold_gain":50.0,"event_name":"Nest","player_choice":"Stole From Cult","floor":20.0,"gold_loss":0.0,"damage_taken":0.0},{"damage_healed":0.0,"max_hp_gain":0.0,"max_hp_loss":0.0,"gold_gain":0.0,"event_name":"Vampires","player_choice":"Ignored","floor":21.0,"gold_loss":0.0,"damage_taken":0.0},{"damage_healed":0.0,"max_hp_gain":0.0,"max_hp_loss":0.0,"gold_gain":0.0,"event_name":"Wheel of Change","player_choice":"Relic","floor":22.0,"gold_loss":0.0,"damage_taken":0.0},{"damage_healed":0.0,"max_hp_gain":0.0,"max_hp_loss":0.0,"gold_gain":0.0,"event_name":"Tomb of Lord Red Mask","player_choice":"Ignored","floor":36.0,"gold_loss":0.0,"damage_taken":0.0}],"is_beta":false,"boss_relics":[{"not_picked":["testmod-BloodSacrificeSpiritualization","SacredBark"],"picked":"Black Star"},{"not_picked":["testmod-Nine","FrozenCore"],"picked":"Cursed Key"}],"items_purged_floors":[30,39,46,54],"is_endless":false,"potions_floor_spawned":[1,12,13,16,19,23,29,33,38,40,41,42,48],"ascension_level":20}}