{"host":"yo9wwslrag05lh37","time":1610829571,"event":{"mods":["AchievementEnabler","BaseMod","Block Reminder","Colored Map","Colored Powertips","GifTheSpireLib","HexUI Lib","Highlight Path","Minty Spire (QoL Compilation)","Rare Cards Sparkle","Relic Stats","StSLib","everything is the same but u backflip on backflip"],"gold_per_floor":[118,130,191,34,44,44,59,59,59,87,104,114,114,114,114,188,188,206,42,42,62,135,135,135],"floor_reached":23,"language":"ENG","playtime":1812,"items_purged":["Strike_R"],"score":382,"play_id":"18a4d725-856f-4d8f-9d7c-531fa1841c76","local_time":"20210116213931","is_ascension_mode":true,"campfire_choices":[{"data":"Hemokinesis","floor":8,"key":"SMITH"},{"data":"Demon Form","floor":13,"key":"SMITH"},{"data":"Bash","floor":15,"key":"SMITH"}],"circlet_count":0,"master_deck":["AscendersBane","Strike_R","Strike_R","Strike_R","Strike_R","Defend_R","Defend_R","Defend_R","Defend_R","Bash+1","Demon Form+1","Clothesline","Battle Trance","Hemokinesis+1","Pommel Strike","Fire Breathing","Offering","Limit Break","Headbutt","Feel No Pain","Hemokinesis+1","Pummel+1"],"relics":["Burning Blood","Sling","Self Forming Clay","Letter Opener","Philosopher\u0027s Stone","Toxic Egg 2"],"acts_visited":["Exordium","TheCity"],"potions_floor_usage":[12,18],"damage_taken":[{"damage":9,"enemies":"Jaw Worm","floor":1,"turns":5},{"damage":5,"enemies":"2 Louse","floor":2,"turns":3},{"damage":4,"enemies":"Small Slimes","floor":5,"turns":4},{"damage":12,"enemies":"3 Louse","floor":7,"turns":4},{"damage":16,"enemies":"Lagavulin","floor":10,"turns":6},{"damage":5,"enemies":"Red Slaver","floor":11,"turns":3},{"damage":12,"enemies":"Exordium Thugs","floor":12,"turns":5},{"damage":46,"enemies":"The Guardian","floor":16,"turns":8},{"damage":33,"enemies":"3 Byrds","floor":18,"turns":4},{"damage":20,"enemies":"Shell Parasite","floor":21,"turns":3},{"damage":23,"enemies":"Gremlin Leader","floor":23,"turns":1}],"seed_played":"6400628993616120192","potions_obtained":[{"floor":7,"key":"BloodPotion"},{"floor":11,"key":"Ancient Potion"},{"floor":12,"key":"ColorlessPotion"}],"is_trial":false,"path_per_floor":["M","M","?","$","M","?","M","R","T","E","M","M","R","?","R","B",null,"M","$","?","M","T","E"],"character_chosen":"IRONCLAD","items_purchased":["Sling","Feel No Pain"],"campfire_rested":0,"item_purchase_floors":[4,19],"current_hp_per_floor":[65,66,66,66,68,68,62,62,62,52,53,62,62,62,62,22,62,35,35,35,21,21,0,0],"gold":135,"neow_bonus":"ONE_RANDOM_RARE_CARD","is_daily":false,"chose_seed":false,"campfire_upgraded":3,"win_rate":0.0,"timestamp":1610829571,"path_taken":["M","M","?","$","M","?","M","R","T","E","M","M","R","?","R","BOSS","M","$","?","?","?","E"],"items_purchased_type":["Relic","Card"],"build_version":"2020-12-22","purchased_purges":1,"victory":false,"max_hp_per_floor":[75,75,75,75,75,75,75,75,75,75,75,75,75,75,75,75,75,75,75,75,75,75,75,75],"relic_stats":{"counters":[11,46],"Self Forming Clay":[105],"Letter Opener":[10],"obtain_stats":[{"Self Forming Clay":9,"Philosopher\u0027s Stone":17,"Letter Opener":10,"Toxic Egg 2":22,"Sling":4,"Burning Blood":0},{"Self Forming Clay":4,"Philosopher\u0027s Stone":8,"Letter Opener":5,"Toxic Egg 2":10,"Sling":2,"Burning Blood":0},{"Self Forming Clay":16,"Philosopher\u0027s Stone":38,"Letter Opener":22,"Toxic Egg 2":45,"Sling":8,"Burning Blood":0}],"Burning Blood":60},"card_choices":[{"not_picked":["Thunderclap","True Grit"],"picked":"Clothesline","floor":1},{"not_picked":["Flex","Uppercut"],"picked":"Battle Trance","floor":2},{"not_picked":["Body Slam","Clash"],"picked":"Hemokinesis","floor":5},{"not_picked":["Wild Strike","Cleave","Blood for Blood"],"picked":"SKIP","floor":7},{"not_picked":["Blood for Blood","Spot Weakness"],"picked":"Pommel Strike","floor":10},{"not_picked":["Wild Strike","Flex"],"picked":"Fire Breathing","floor":11},{"not_picked":["Wild Strike","Anger"],"picked":"Offering","floor":12},{"not_picked":["Feed","Bludgeon"],"picked":"Limit Break","floor":16},{"not_picked":["Clash","Second Wind"],"picked":"Headbutt","floor":18},{"not_picked":["Fire Breathing","Clothesline"],"picked":"Pummel+1","floor":21}],"player_experience":1501846,"relics_obtained":[{"floor":9,"key":"Self Forming Clay"},{"floor":10,"key":"Letter Opener"},{"floor":22,"key":"Toxic Egg 2"}],"event_choices":[{"damage_healed":0,"gold_gain":61,"player_choice":"Gained Gold","damage_taken":0,"max_hp_gain":0,"max_hp_loss":0,"event_name":"Golden Wing","floor":3,"gold_loss":0},{"damage_healed":0,"gold_gain":0,"player_choice":"Leave","damage_taken":0,"max_hp_gain":0,"max_hp_loss":0,"event_name":"The Cleric","floor":6,"gold_loss":0},{"damage_healed":0,"gold_gain":0,"player_choice":"Ignored","damage_taken":0,"max_hp_gain":0,"max_hp_loss":0,"event_name":"Liars Game","floor":14,"gold_loss":0},{"damage_healed":0,"gold_gain":0,"player_choice":"Copied","damage_taken":0,"max_hp_gain":0,"max_hp_loss":0,"event_name":"Duplicator","floor":20,"gold_loss":0,"cards_obtained":["Hemokinesis"]}],"is_beta":false,"boss_relics":[{"not_picked":["SlaversCollar","Black Star"],"picked":"Philosopher\u0027s Stone"}],"items_purged_floors":[19],"is_endless":false,"potions_floor_spawned":[7,11,12],"killed_by":"Gremlin Leader","ascension_level":20}}