{"host":"2lo6hma6kymb0g9i","time":1610822746,"event":{"mods":["BaseMod","Colored Map","DeckTracker","Minty Spire (QoL Compilation)"],"gold_per_floor":[109,109,122,47,47,47,97,128,140,178,190,213,235,0,0,76,76,87,99,99,99],"floor_reached":20,"language":"JPN","playtime":906,"items_purged":["Strike_B"],"score":414,"play_id":"7d699bbb-b609-41ac-8dfe-baef9df2994f","local_time":"20210117034546","is_ascension_mode":true,"campfire_choices":[{"data":"Cold Snap","floor":6,"key":"SMITH"},{"floor":15,"key":"REST"}],"circlet_count":0,"master_deck":["AscendersBane","Strike_B+1","Strike_B","Defend_B","Defend_B+1","Defend_B","Defend_B","Zap","Dualcast","Cold Snap+1","Turbo","Glacier","Melter","Streamline","Reboot","Blizzard","Hologram"],"relics":["Cracked Core","NeowsBlessing","MawBank","Shuriken","Shovel","Medical Kit","Nuclear Battery"],"acts_visited":["Exordium","TheCity"],"potions_floor_usage":[16,19,19],"damage_taken":[{"damage":0,"enemies":"2 Louse","floor":1,"turns":1},{"damage":0,"enemies":"Small Slimes","floor":3,"turns":1},{"damage":0,"enemies":"Gremlin Nob","floor":8,"turns":1},{"damage":24,"enemies":"Lagavulin","floor":10,"turns":13},{"damage":1,"enemies":"Cultist","floor":12,"turns":3},{"damage":8,"enemies":"Exordium Thugs","floor":13,"turns":3},{"damage":30,"enemies":"Hexaghost","floor":16,"turns":13},{"damage":22,"enemies":"2 Thieves","floor":18,"turns":4},{"damage":21,"enemies":"3 Byrds","floor":19,"turns":6},{"damage":13,"enemies":"Snake Plant","floor":20,"turns":1}],"seed_played":"7731015381407344884","potions_obtained":[{"floor":8,"key":"FocusPotion"},{"floor":10,"key":"GamblersBrew"},{"floor":12,"key":"Energy Potion"},{"floor":16,"key":"ColorlessPotion"}],"is_trial":false,"path_per_floor":["M","?","M","?","?","R","?","E","T","E","$","M","M","$","R","B",null,"M","M","M"],"character_chosen":"DEFECT","items_purchased":["Medical Kit"],"campfire_rested":1,"item_purchase_floors":[14],"current_hp_per_floor":[64,64,64,64,43,43,43,43,43,19,19,18,10,10,31,1,54,32,11,0,0],"gold":99,"neow_bonus":"THREE_ENEMY_KILL","is_daily":false,"chose_seed":false,"campfire_upgraded":1,"win_rate":0.0,"timestamp":1610822746,"path_taken":["M","?","M","?","?","R","?","E","T","E","$","M","?","?","R","BOSS","M","?","?"],"items_purchased_type":["Relic"],"build_version":"2020-12-22","purchased_purges":1,"victory":false,"max_hp_per_floor":[71,71,71,71,71,71,71,71,71,71,71,71,71,71,71,71,71,71,71,71,71],"card_choices":[{"not_picked":["Beam Cell","Barrage"],"picked":"Cold Snap","floor":1},{"not_picked":["Hologram","Beam Cell"],"picked":"Turbo","floor":3},{"not_picked":["Chill","Fusion"],"picked":"Glacier","floor":8},{"not_picked":["Sweeping Beam","Conserve Battery"],"picked":"Melter","floor":10},{"not_picked":["Fusion","Static Discharge","Ball Lightning"],"picked":"SKIP","floor":12},{"not_picked":["Machine Learning","Turbo"],"picked":"Streamline","floor":13},{"not_picked":["Hyperbeam","All For One"],"picked":"Reboot","floor":16},{"not_picked":["Doom and Gloom","Scrape"],"picked":"Blizzard","floor":18},{"not_picked":["Auto Shields","Double Energy"],"picked":"Hologram","floor":19}],"player_experience":1083934,"relics_obtained":[{"floor":8,"key":"MawBank"},{"floor":9,"key":"Shuriken"},{"floor":10,"key":"Shovel"}],"event_choices":[{"damage_healed":0,"gold_gain":0,"player_choice":"Ignored","damage_taken":0,"max_hp_gain":0,"max_hp_loss":0,"event_name":"Liars Game","floor":2,"gold_loss":0},{"cards_removed":["Strike_B"],"damage_healed":0,"gold_gain":0,"player_choice":"Card Removal","damage_taken":0,"max_hp_gain":0,"max_hp_loss":0,"event_name":"The Cleric","floor":4,"gold_loss":75},{"damage_healed":0,"gold_gain":0,"player_choice":"Entered Light","damage_taken":21,"max_hp_gain":0,"max_hp_loss":0,"event_name":"Shining Light","floor":5,"gold_loss":0,"cards_upgraded":["Strike_B","Defend_B"]},{"damage_healed":0,"gold_gain":50,"player_choice":"Pray","damage_taken":0,"max_hp_gain":0,"max_hp_loss":0,"event_name":"Golden Shrine","floor":7,"gold_loss":0}],"is_beta":false,"boss_relics":[{"not_picked":["Calling Bell","Ectoplasm"],"picked":"Nuclear Battery"}],"items_purged_floors":[14],"is_endless":false,"potions_floor_spawned":[8,10,12,16],"killed_by":"Snake Plant","ascension_level":20}}