{"host":"50per11302020","time":1610839174,"event":{"mods":["AchievementEnabler","BaseMod","Colored Map","Minty Spire (QoL Compilation)","Relic Stats","StSLib"],"gold_per_floor":[111,126,141,216,216,244,244,30,30,45,45,45],"floor_reached":11,"language":"ENG","playtime":673,"items_purged":[],"score":110,"play_id":"4b3ff598-a759-4471-8bce-76651d4f5d7f","local_time":"20210116151934","is_ascension_mode":true,"campfire_choices":[{"floor":7.0,"key":"REST"}],"circlet_count":0,"master_deck":["AscendersBane","Strike_B","Strike_B","Strike_B+1","Strike_B","Defend_B","Defend_B","Defend_B","Defend_B","Zap","Dualcast","Defragment","Rip and Tear+1","Defragment","Conserve Battery","Doom and Gloom"],"relics":["Cracked Core","CaptainsWheel","Bottled Tornado"],"acts_visited":["Exordium"],"potions_floor_usage":[10,10],"damage_taken":[{"damage":0.0,"enemies":"Cultist","floor":1.0,"turns":4.0},{"damage":2.0,"enemies":"Jaw Worm","floor":2.0,"turns":3.0},{"damage":0.0,"enemies":"Small Slimes","floor":3.0,"turns":3.0},{"damage":40.0,"enemies":"3 Sentries","floor":6.0,"turns":6.0},{"damage":24,"enemies":"Gremlin Gang","floor":10,"turns":4},{"damage":10,"enemies":"Gremlin Nob","floor":11,"turns":2}],"seed_played":"5171121351565997748","potions_obtained":[{"floor":2.0,"key":"LiquidBronze"},{"floor":3.0,"key":"SpeedPotion"}],"is_trial":false,"path_per_floor":["M","M","M","?","?","E","R","$","T","M","E"],"character_chosen":"DEFECT","items_purchased":["Defragment","Conserve Battery","PowerPotion","BlessingOfTheForge"],"campfire_rested":1,"item_purchase_floors":[8,8,8,8],"current_hp_per_floor":[75,73,73,62,46,6,30,30,30,6,0,0],"gold":45,"neow_bonus":"TEN_PERCENT_HP_BONUS","is_daily":false,"chose_seed":false,"campfire_upgraded":0,"win_rate":0.0,"timestamp":1610839174,"path_taken":["M","M","M","?","?","E","R","$","T","M","E"],"items_purchased_type":["Card","Card","Potion","Potion"],"build_version":"2020-12-18","purchased_purges":0,"victory":false,"max_hp_per_floor":[82,82,82,82,82,82,82,82,82,82,82,82],"relic_stats":{"counters":[6,22],"obtain_stats":[{"CaptainsWheel":6,"Bottled Tornado":9,"Cracked Core":0},{"CaptainsWheel":4,"Bottled Tornado":4,"Cracked Core":0},{"CaptainsWheel":16,"Bottled Tornado":16,"Cracked Core":0}]},"card_choices":[{"not_picked":["Sweeping Beam","Coolheaded"],"picked":"Defragment","floor":1.0},{"not_picked":["Double Energy","Gash"],"picked":"Rip and Tear","floor":2.0},{"not_picked":["Hologram","Leap","Steam Power"],"picked":"SKIP","floor":3.0},{"not_picked":["Steam Power","Force Field","Fusion"],"picked":"SKIP","floor":6.0},{"not_picked":["Double Energy","Sweeping Beam"],"picked":"Doom and Gloom","floor":10}],"player_experience":231622,"relics_obtained":[{"floor":6.0,"key":"CaptainsWheel"},{"floor":9.0,"key":"Bottled Tornado"}],"event_choices":[{"damage_healed":0.0,"max_hp_gain":0.0,"max_hp_loss":0.0,"gold_gain":75.0,"event_name":"World of Goop","player_choice":"Gather Gold","floor":4.0,"gold_loss":0.0,"damage_taken":11.0},{"damage_healed":0.0,"max_hp_gain":0.0,"max_hp_loss":0.0,"gold_gain":0.0,"event_name":"Shining Light","player_choice":"Entered Light","floor":5.0,"gold_loss":0.0,"damage_taken":16.0,"cards_upgraded":["Rip and Tear","Strike_B"]}],"is_beta":true,"boss_relics":[],"items_purged_floors":[],"is_endless":false,"potions_floor_spawned":[2,3],"killed_by":"Gremlin Nob","ascension_level":10}}