{"host":"t7rtdu4954o308h4","time":1610776718,"event":{"mods":["100% Spire Juice","ATMod(阿瑾Mod)","BaseMod","Better Debug","Conspire","Downfall-rebalance","Highlight Path","Hubris","Infinite Spire","Minty Spire (QoL Compilation)","MostiFishMod","Shop Mod","StSLib","TestMod","Waifu the Spire","【遗物卡牌】REMEMod"],"gold_per_floor":[99,111,128,128,128,144,144,170,170,0,15,15,29,14,32,137,137,137,155,174,174,174,11,34,59,59,105,132,132,145,170,189,292,292,292,302,315,329,349,368,368,419,436,102,102,102,136,36,50,50],"floor_reached":51,"language":"ZHS","playtime":3780,"items_purged":["Pain"],"score":1093,"play_id":"a125e2dd-f8de-46df-8452-9fb7c9b5235f","local_time":"20210116135838","is_ascension_mode":true,"campfire_choices":[{"data":"AT_FamilyPortrait","floor":1.0,"key":"SMITH"},{"data":"Guardian:FuturePlans","floor":9.0,"key":"SMITH"},{"data":"MostiFishMod:NightSea","floor":18.0,"key":"SMITH"},{"data":"Guardian:Emergency","floor":26,"key":"SMITH"},{"data":"MostiFishMod:SparklingWater","floor":29,"key":"SMITH"},{"data":"Guardian:BaubleBeam","floor":35,"key":"SMITH"},{"data":"Guardian:DonusPower","floor":48,"key":"SMITH"}],"circlet_count":0,"master_deck":["hubris:Hubris","Guardian:Strike_Guardian","Guardian:Strike_Guardian","Guardian:Defend_Guardian","Guardian:Defend_Guardian","Guardian:Defend_Guardian","Guardian:Defend_Guardian","Guardian:CurlUp","Guardian:TwinSlam","Guardian:StasisStrike+1","AT_FamilyPortrait+1","Guardian:FloatingOrbs+1","Guardian:CrystalBeam","Clumsy","CurseOfTheBell","Injury","Guardian:AncientConstruct","Guardian:Preprogram","Guardian:FuturePlans+1","Guardian:Emergency+1","Guardian:DonusPower+1","Guardian:ArmoredProtocol","Guardian:GemFinder","MostiFishMod:Neptune","MostiFishMod:TheEndOfMoonlight","MostiFishMod:SparklingWater+1","MostiFishMod:FantasySummer+1","MostiFishMod:NightSea+1","Guardian:Clone","Guardian:Incinerate+1","CurseOfTheBell","Guardian:Suspension","Guardian:SpikerProtocol","Guardian:TemporalStrike","Guardian:GatlingBeam","Guardian:Harden","Guardian:BaubleBeam+1","Guardian:Gem_Red","Guardian:Gem_Red","Guardian:Preprogram","Guardian:Gem_Cyan","Guardian:SpikerProtocol","Guardian:WalkerClaw+1","Guardian:Gem_Red","MostiFishMod:ElfcollectionBox+1","Guardian:Planning+1","Guardian:TimeBomb+1","Guardian:Orbwalk+1"],"relics":["Guardian:ModeShifter","AT_ATBox","DaveBox","testmod-TestBox","REME_ComplimentaryCards","testmod-BlackFramedGlasses","ThornShield","Calling Bell","Lantern","Eternal Feather","testmod-CasingShield","AT_DeathDance","hubris:MysteriousPyramids","Meat on the Bone","MoonlightInvasionPlan","Centennial Puzzle","Kunai","champ:DeflectingBracers","MealTicket","Technique","Vajra","bronze:BronzeIdol","REME_HandOfSuture","StrikeDummy","REME_PuzzleBoxRelic","hubris:GrandSneckoEye","Toxic Egg 2","Bag of Preparation","AT_ArchangelStaff","downfall:HeartBlessingGreen"],"acts_visited":["Exordium","TheCity","TheBeyond"],"potions_floor_usage":[25,25,27,33,33,33,50,50],"damage_taken":[{"damage":6.0,"enemies":"Cultist","floor":2.0,"turns":4.0},{"damage":8.0,"enemies":"Small Slimes","floor":3.0,"turns":4.0},{"damage":3.0,"enemies":"2 Louse","floor":6.0,"turns":2.0},{"damage":30.0,"enemies":"Lagavulin","floor":8.0,"turns":6.0},{"damage":10.0,"enemies":"downfall:FleeingMerchant","floor":10.0,"turns":4.0},{"damage":14.0,"enemies":"3 Louse","floor":11.0,"turns":3.0},{"damage":17.0,"enemies":"Lots of Slimes","floor":13.0,"turns":2.0},{"damage":4.0,"enemies":"downfall:FleeingMerchant","floor":14.0,"turns":4.0},{"damage":4.0,"enemies":"Red Slaver","floor":15.0,"turns":3.0},{"damage":43.0,"enemies":"downfall:Watcher","floor":16.0,"turns":9.0},{"damage":24.0,"enemies":"Spheric Guardian","floor":19.0,"turns":6.0},{"damage":23.0,"enemies":"Shell Parasite","floor":20.0,"turns":5.0},{"damage":9.0,"enemies":"downfall:FleeingMerchant","floor":23.0,"turns":4.0},{"damage":28,"enemies":"Gremlin Leader","floor":25,"turns":6},{"damage":5,"enemies":"downfall:FleeingMerchant","floor":27,"turns":5},{"damage":17,"enemies":"Slavers","floor":28,"turns":3},{"damage":14,"enemies":"Centurion and Healer","floor":30,"turns":4},{"damage":5,"enemies":"Gremlin Leader","floor":31,"turns":5},{"damage":0,"enemies":"3 Cultists","floor":32,"turns":3},{"damage":9,"enemies":"downfall:Defect","floor":33,"turns":5},{"damage":12,"enemies":"3 Shapes","floor":36,"turns":1},{"damage":10,"enemies":"3 Darklings","floor":37,"turns":4},{"damage":19,"enemies":"4 Shapes","floor":38,"turns":3},{"damage":0,"enemies":"Spire Growth","floor":39,"turns":5},{"damage":0,"enemies":"Transient","floor":40,"turns":5},{"damage":0,"enemies":"Jaw Worm Horde","floor":43,"turns":4},{"damage":15,"enemies":"Giant Head","floor":47,"turns":5},{"damage":0,"enemies":"4 Shapes","floor":49,"turns":3},{"damage":46,"enemies":"downfall:Silent","floor":50,"turns":5}],"seed_played":"8359396179263034675","potions_obtained":[{"floor":2.0,"key":"Fire Potion"},{"floor":6.0,"key":"Fire Potion"},{"floor":8.0,"key":"Ancient Potion"},{"floor":16.0,"key":"Swift Potion"},{"floor":19.0,"key":"Dexterity Potion"},{"floor":30,"key":"Strength Potion"},{"floor":33,"key":"Fruit Juice"},{"floor":36,"key":"Swift Potion"},{"floor":38,"key":"Strength Potion"},{"floor":40,"key":"SteroidPotion"},{"floor":49,"key":"SneckoOil"}],"is_trial":false,"path_per_floor":["R","M","M","?","?","M","T","E","R","$","M","?","M","$","M","B",null,"R","M","M","?","?","$","T","E","R","$","E","R","M","E","M","B",null,"R","M","M","M","M","M","T","T","M","$","?","?","E","R","M","B",null],"character_chosen":"GUARDIAN","items_purchased":["testmod-SpacePotion","Guardian:Gem_Yellow","Technique","Guardian:SpikerProtocol","REME_HandOfSuture","MostiFishMod:ElfcollectionBox+1","FairyPotion","Guardian:Planning+1"],"campfire_rested":0,"item_purchase_floors":[10,10,23,27,27,44,44,44],"current_hp_per_floor":[80,76,72,72,72,71,71,47,59,53,42,36,41,41,52,30,68,80,60,42,42,42,52,52,42,63,78,64,80,69,69,72,73,82,85,73,67,51,56,61,61,61,65,80,80,80,70,85,85,43],"gold":50,"neow_bonus":"UPGRADE_CARD","is_daily":false,"chose_seed":false,"campfire_upgraded":7,"win_rate":0.0,"timestamp":1610776718,"path_taken":["R","M","M","?","?","M","T","E","R","$","M","?","M","$","M","BOSS","R","M","M","?","?","$","T","E","R","$","E","R","M","E","M","BOSS","R","M","?","M","M","M","T","?","M","$","?","?","E","R","M","BOSS"],"items_purchased_type":["Potion","Card","Relic","Card","Relic","Card","Potion","Card"],"build_version":"2020-12-22","purchased_purges":1,"victory":true,"max_hp_per_floor":[80,80,80,80,80,80,80,80,80,80,80,80,80,80,80,80,80,80,80,80,80,80,80,80,80,80,80,80,80,80,80,80,85,85,85,85,85,85,85,85,85,85,85,85,85,85,85,85,85,85],"card_choices":[{"not_picked":["Guardian:TimeCapacitor","Guardian:WalkerClaw"],"picked":"Guardian:FloatingOrbs","floor":2.0},{"not_picked":["Guardian:PiercingHide","Guardian:ChargeUp"],"picked":"Guardian:CrystalBeam","floor":3.0},{"not_picked":["Guardian:GuardianWhirl","Guardian:VentSteam"],"picked":"Guardian:Preprogram","floor":6.0},{"not_picked":["Guardian:TimeBomb","Guardian:Gem_Crimson"],"picked":"Guardian:FuturePlans","floor":8.0},{"not_picked":["Guardian:RollAttack","Guardian:VentSteam"],"picked":"Guardian:Emergency","floor":10.0},{"not_picked":["Guardian:PrimingBeam","Guardian:Planning"],"picked":"Guardian:DonusPower","floor":11.0},{"not_picked":["Guardian:Gem_Red","Guardian:AncientConstruct"],"picked":"Guardian:Gem_Crimson","floor":13.0},{"not_picked":["Guardian:ShieldCharger","Guardian:Incinerate"],"picked":"Guardian:Gem_Cyan","floor":14.0},{"not_picked":["Guardian:TimeBomb","Guardian:TemporalShield"],"picked":"Guardian:ArmoredProtocol","floor":15.0},{"not_picked":["Guardian:ConstructionForm","Guardian:FastForward"],"picked":"Guardian:GemFinder","floor":16.0},{"not_picked":["Guardian:Gem_Lightblue","Guardian:Gem_Cyan"],"picked":"Guardian:Gem_Green","floor":19.0},{"not_picked":["Guardian:Gem_Yellow","Guardian:CrystalBeam"],"picked":"Guardian:Clone","floor":19.0},{"not_picked":["Guardian:Gem_Lightblue","Guardian:Gem_Cyan"],"picked":"Guardian:Gem_Red","floor":20.0},{"not_picked":["Guardian:ChargeUp","Guardian:WalkerClaw"],"picked":"Guardian:Incinerate+1","floor":20.0},{"not_picked":["Guardian:ShieldCharger+1","Guardian:CrystalBeam"],"picked":"Guardian:TemporalStrike","floor":23.0},{"not_picked":["Guardian:Gem_Green","Guardian:Gem_Lightblue"],"picked":"Guardian:Gem_Cyan","floor":25},{"not_picked":["Guardian:DonusPower","Guardian:BronzeArmor"],"picked":"Guardian:Suspension","floor":25},{"not_picked":["Guardian:AncientConstruct","Guardian:TimeBomb"],"picked":"Guardian:Gem_Purple","floor":27},{"not_picked":["Guardian:Gem_Cyan","Guardian:Gem_Lightblue"],"picked":"Guardian:Gem_Red","floor":28},{"not_picked":["Guardian:VentSteam","Guardian:GemFire"],"picked":"Guardian:TemporalStrike","floor":28},{"not_picked":["Guardian:Planning","Guardian:VentSteam+1"],"picked":"Guardian:Gem_Green","floor":30},{"not_picked":["Guardian:Gem_Cyan","Guardian:Gem_Lightblue"],"picked":"Guardian:Gem_Red","floor":31},{"not_picked":["Guardian:Preprogram","Guardian:ChargeCore"],"picked":"Guardian:GatlingBeam","floor":31},{"not_picked":["Guardian:ShieldCharger","Guardian:RollAttack"],"picked":"Guardian:Harden","floor":32},{"not_picked":["Guardian:Gem_Cyan","Guardian:Gem_Lightblue"],"picked":"Guardian:Gem_Green","floor":33},{"not_picked":["Guardian:Gem_Orange","Guardian:StasisEngine"],"picked":"Guardian:BaubleBeam","floor":33},{"not_picked":["Guardian:Incinerate","Guardian:ShieldSpikes"],"picked":"Guardian:Gem_Red","floor":36},{"not_picked":["Guardian:Gem_Cyan","Guardian:Gem_Lightblue"],"picked":"Guardian:Gem_Red","floor":37},{"not_picked":["Guardian:Gem_Cyan","Guardian:Gem_Green"],"picked":"Guardian:Gem_Red","floor":37},{"not_picked":["Guardian:Recover","Guardian:PiercingHide+1"],"picked":"Guardian:Gem_Purple","floor":37},{"not_picked":["Guardian:Reroute+1","Guardian:ShieldCharger"],"picked":"Guardian:Preprogram","floor":38},{"not_picked":["Guardian:Gem_Red","Guardian:Gem_Lightblue"],"picked":"Guardian:Gem_Cyan","floor":39},{"not_picked":["Guardian:CrystalBeam+1","Guardian:ChargeCore","Guardian:Gem_Red"],"picked":"SKIP","floor":39},{"not_picked":["Guardian:ChargeUp+1","Guardian:Gem_Crimson"],"picked":"Guardian:SpikerProtocol","floor":40},{"not_picked":["Guardian:ChargeCore+1","Guardian:ShieldCharger+1"],"picked":"Guardian:WalkerClaw+1","floor":43},{"not_picked":["Guardian:Gem_Lightblue","Guardian:Gem_Cyan"],"picked":"Guardian:Gem_Red","floor":43},{"not_picked":["Guardian:Gem_Cyan","Guardian:Gem_Green"],"picked":"Guardian:Gem_Red","floor":47},{"not_picked":["Guardian:EvasiveProtocol+1","Guardian:TemporalShield+1","Guardian:Gem_Red"],"picked":"SKIP","floor":47},{"not_picked":["Guardian:ChargeCore","Guardian:ShieldCharger+1"],"picked":"Guardian:Orbwalk+1","floor":49}],"player_experience":100526,"relics_obtained":[{"floor":5.0,"key":"Lantern"},{"floor":5.0,"key":"Eternal Feather"},{"floor":5.0,"key":"testmod-CasingShield"},{"floor":7.0,"key":"AT_DeathDance"},{"floor":8.0,"key":"hubris:MysteriousPyramids"},{"floor":21.0,"key":"Centennial Puzzle"},{"floor":21.0,"key":"Kunai"},{"floor":21.0,"key":"champ:DeflectingBracers"},{"floor":24.0,"key":"Vajra"},{"floor":25,"key":"bronze:BronzeIdol"},{"floor":28,"key":"StrikeDummy"},{"floor":31,"key":"REME_PuzzleBoxRelic"},{"floor":41,"key":"Toxic Egg 2"},{"floor":42,"key":"Bag of Preparation"},{"floor":47,"key":"AT_ArchangelStaff"}],"event_choices":[{"damage_healed":0.0,"max_hp_gain":0.0,"max_hp_loss":0.0,"gold_gain":0.0,"event_name":"Scrap Ooze","player_choice":"Success","floor":12.0,"gold_loss":0.0,"damage_taken":12.0,"relics_obtained":["Meat on the Bone"]},{"damage_healed":0.0,"max_hp_gain":0.0,"max_hp_loss":0.0,"gold_gain":0.0,"event_name":"给自己的盒子","player_choice":"Swap Relic","floor":21.0,"relics_lost":["Calling Bell"],"gold_loss":0.0,"damage_taken":0.0,"relics_obtained":["Calling Bell"]},{"cards_removed":["Guardian:TemporalStrike"],"damage_healed":0,"gold_gain":0,"player_choice":"Removed Attack","damage_taken":0,"max_hp_gain":0,"max_hp_loss":0,"event_name":"Falling","floor":45,"gold_loss":0}],"is_beta":false,"boss_relics":[{"not_picked":["testmod-HarvestTotem","testmod-BloodSacrificeSpiritualization"],"picked":"MoonlightInvasionPlan"},{"not_picked":["GreenFoldingFan","BloodWine"],"picked":"hubris:GrandSneckoEye"}],"items_purged_floors":[27],"is_endless":false,"potions_floor_spawned":[2,6,8,16,19,30,33,36,38,40,49],"ascension_level":5}}