{"host":"bw00wb7p5bw58om7","time":1610812227,"event":{"mods":["Act Like it!","BaseMod","Better Third Choice","CapriCore","Chen","Downfall","Gensokyo","Koishi","KomeijiMod","Marisa????????","Minty Spire (QoL Compilation)","Onozuka Komachi Mod","Permanent Neow","Prisma Mod","Reimu??????","Remilia??????","StSLib","The Administrix","The Immortal","The Senshi","The Servant 0.9.4","Yakumo Yukari mod"],"gold_per_floor":[113,129,129,59,59,59,87,87,112,112,112,124,153,167,167,271,271,288,288,288,288],"floor_reached":20,"language":"ENG","playtime":1519,"items_purged":[],"score":188,"play_id":"5eb5ddb7-1082-42b6-b947-2c18b5fe7a7c","local_time":"20210116155027","is_ascension_mode":true,"campfire_choices":[{"data":"MastersStateliness","floor":6,"key":"SMITH"},{"data":"MastersStateliness","floor":8,"key":"SMITH"},{"floor":15,"key":"REST"}],"circlet_count":0,"master_deck":["Strike_RM","Strike_RM","Strike_RM+1","Strike_RM","Defend_RM","Defend_RM","Defend_RM","Defend_RM","RedMoon","ScarletShoot+1","MastersStateliness+1","EternalNight","MastersStateliness+1","Gensokyo:CrescentMoonSlash","RedRainbow","ScarletImprint","DevilSight","ScarletMeister","BloodAndWine"],"relics":["ScarletHat","Bird Faced Urn","Lantern","Ancient Tea Set","Gambling Chip","bronze:MakeshiftBattery"],"acts_visited":["Gensokyo:Gensokyo","Gensokyo:Gensokyoer"],"potions_floor_usage":[],"damage_taken":[{"damage":0,"enemies":"Gensokyo:3_Fairies","floor":1,"turns":4},{"damage":0,"enemies":"Gensokyo:Gryphon","floor":2,"turns":6},{"damage":11,"enemies":"Gensokyo:Mamizou","floor":7,"turns":8},{"damage":0,"enemies":"Gensokyo:2_Kodama","floor":12,"turns":3},{"damage":27,"enemies":"Gensokyo:Aya","floor":13,"turns":6},{"damage":5,"enemies":"Gensokyo:Gryphon_and_Rabbit","floor":14,"turns":3},{"damage":11,"enemies":"Gensokyo:Kokoro","floor":16,"turns":9},{"damage":4,"enemies":"Gensokyo:AngelMirror","floor":18,"turns":3},{"damage":7,"enemies":"Gensokyo:3_Dogs","floor":20,"turns":2}],"seed_played":"-3675371364152067258","potions_obtained":[{"floor":7,"key":"ZuzhouPotion:ReiMu"}],"is_trial":false,"path_per_floor":["M","M","?","?","$","R","E","R","T","?","?","M","E","M","R","B",null,"M","?","M"],"character_chosen":"REMILIA","items_purchased":[],"campfire_rested":1,"item_purchase_floors":[],"current_hp_per_floor":[68,68,62,62,62,62,59,59,59,65,54,58,39,38,60,63,74,72,72,67,67],"gold":288,"neow_bonus":"ONE_RARE_RELIC","is_daily":false,"chose_seed":false,"campfire_upgraded":2,"win_rate":0.0,"timestamp":1610812227,"path_taken":["M","M","?","?","$","R","E","R","T","?","?","M","E","M","R","BOSS","M","?","M"],"items_purchased_type":[],"build_version":"2020-12-22","purchased_purges":0,"victory":false,"max_hp_per_floor":[68,68,68,68,68,68,68,68,68,74,74,74,74,74,74,74,74,74,74,74,74],"card_choices":[{"not_picked":["DiffusionOfMisfortune","Ultimatum"],"picked":"MastersStateliness","floor":1},{"not_picked":["FavorOfDestiny","ScarletImprint"],"picked":"EternalNight","floor":2},{"not_picked":["GlobalNightmare","UnderTheZenith"],"picked":"MastersStateliness","floor":7},{"not_picked":["ScarletImprint","Stigmanizer"],"picked":"RedRainbow","floor":12},{"not_picked":["UnderTheZenith","GlobalNightmare"],"picked":"ScarletImprint","floor":13},{"not_picked":["HellCatastrophe","VampireFantasy"],"picked":"DevilSight","floor":14},{"not_picked":["ForecastOfChange","BloodRain"],"picked":"ScarletMeister","floor":16},{"not_picked":["EternalNight","ReincarnationDial"],"picked":"BloodAndWine","floor":18}],"player_experience":251779,"relics_obtained":[{"floor":7,"key":"Lantern"},{"floor":9,"key":"Ancient Tea Set"},{"floor":13,"key":"Gambling Chip"}],"event_choices":[],"is_beta":false,"boss_relics":[{"not_picked":["Runic Dome","SlaversCollar"],"picked":"bronze:MakeshiftBattery"}],"items_purged_floors":[],"is_endless":false,"potions_floor_spawned":[7],"killed_by":"Gensokyo:3_Dogs","ascension_level":1}}