{"host":"346rnf4ppo4s0s11","time":1610811458,"event":{"mods":["Aspiration","BaseMod","Energized Spire","Hubris","Minty Spire (QoL Compilation)","StSLib"],"gold_per_floor":[117,129,129,54,72,102,102,102,102,102,117,133,145,156,156,255,255,273,173,173,373,392,419,419,471,498,498,513,532,560,560,656,656,672,685,685,333,333,333,358,358,408,408,418,418,418],"floor_reached":47,"language":"ENG","playtime":3609,"items_purged":["Strike_R","Defend_R","Defend_R"],"score":513,"play_id":"dd812d77-e0f1-4ae7-aa0a-758d94031e3f","local_time":"20210116153738","is_ascension_mode":false,"campfire_choices":[{"data":"Inflame","floor":7,"key":"SMITH"},{"data":"Flame Barrier","floor":15,"key":"SMITH"},{"data":"Brutality","floor":25,"key":"SMITH"},{"data":"Feed","floor":28,"key":"SMITH"},{"floor":32,"key":"REST"},{"data":"Seeing Red","floor":40,"key":"SMITH"}],"circlet_count":0,"master_deck":["Strike_R+1","Strike_R+1","Defend_R","Bash","Inflame+1","Iron Wave","Flame Barrier+1","Thunderclap","Spot Weakness","Inflame","Bloodletting","Flex","Brutality+1","Twin Strike+1","Spot Weakness","Feed+1","Twin Strike+1","Pommel Strike","hubris:StunningStrike","Juggernaut+1","Armaments+1","Pummel+1","Seeing Red+1","Inflame+1","Whirlwind","Anger+1","Headbutt+1"],"relics":["Burning Blood","NeowsBlessing","aspiration:SeaSaltIceCream","aspiration:Nostalgia","Ring of the Snake","Happy Flower","Bottled Tornado","aspiration:DSix","Runic Cube","hubris:Teleporter","Regal Pillow","Thread and Needle","Toy Ornithopter","Astrolabe","Lantern","hubris:Towel","Anchor","Pen Nib","FossilizedHelix"],"acts_visited":["Exordium","TheCity","TheBeyond"],"potions_floor_usage":[6,11,16,27,27,31,33,41,46,46],"damage_taken":[{"damage":0,"enemies":"2 Louse","floor":1,"turns":1},{"damage":0,"enemies":"Small Slimes","floor":2,"turns":1},{"damage":0,"enemies":"Cultist","floor":5,"turns":1},{"damage":29,"enemies":"Gremlin Nob","floor":6,"turns":5},{"damage":17,"enemies":"Exordium Thugs","floor":11,"turns":5},{"damage":4,"enemies":"2 Fungi Beasts","floor":12,"turns":3},{"damage":6,"enemies":"3 Louse","floor":13,"turns":2},{"damage":3,"enemies":"Large Slime","floor":14,"turns":3},{"damage":28,"enemies":"Hexaghost","floor":16,"turns":8},{"damage":27,"enemies":"3 Byrds","floor":18,"turns":4},{"damage":15,"enemies":"Chosen","floor":22,"turns":3},{"damage":19,"enemies":"Gremlin Leader","floor":23,"turns":4},{"damage":16,"enemies":"Slavers","floor":27,"turns":3},{"damage":5,"enemies":"Shelled Parasite and Fungi","floor":29,"turns":3},{"damage":29,"enemies":"Snecko","floor":30,"turns":5},{"damage":23,"enemies":"Gremlin Leader","floor":31,"turns":6},{"damage":51,"enemies":"Automaton","floor":33,"turns":7},{"damage":35,"enemies":"3 Shapes","floor":35,"turns":3},{"damage":4,"enemies":"Orb Walker","floor":36,"turns":2},{"damage":55,"enemies":"Giant Head","floor":41,"turns":8},{"damage":2,"enemies":"Mind Bloom Boss Battle","floor":44,"turns":3},{"damage":15,"enemies":"4 Shapes","floor":46,"turns":3},{"damage":31,"enemies":"Sphere and 2 Shapes","floor":47,"turns":5}],"seed_played":"-9211349351720096556","potions_obtained":[{"floor":1,"key":"BloodPotion"},{"floor":2,"key":"SkillPotion"},{"floor":11,"key":"BloodPotion"},{"floor":14,"key":"Dexterity Potion"},{"floor":16,"key":"DuplicationPotion"},{"floor":22,"key":"Energy Potion"},{"floor":23,"key":"HeartOfIron"},{"floor":30,"key":"Block Potion"},{"floor":36,"key":"Block Potion"},{"floor":41,"key":"LiquidBronze"},{"floor":44,"key":"SpeedPotion"}],"is_trial":false,"path_per_floor":["M","M","?","$","M","E","R","?","T","?","M","M","M","M","R","B",null,"M","$","?","?","M","E","R","T","E","R","M","M","E","R","B",null,"M","M","?","$","?","R","E","T","?","?","M","M"],"character_chosen":"IRONCLAD","items_purchased":["Lantern","Whirlwind"],"campfire_rested":1,"item_purchase_floors":[38,38],"current_hp_per_floor":[80,80,64,64,70,63,63,56,56,56,61,63,63,66,66,44,80,59,59,80,80,71,58,58,58,48,48,49,30,13,53,13,84,59,61,61,61,61,61,17,17,21,21,26,0,0],"gold":418,"neow_bonus":"THREE_ENEMY_KILL","is_daily":false,"chose_seed":false,"campfire_upgraded":5,"win_rate":0.0,"timestamp":1610811458,"path_taken":["M","M","?","$","M","E","R","?","T","?","M","M","?","M","R","BOSS","M","$","?","?","M","E","R","T","E","R","?","M","E","R","BOSS","M","M","?","$","?","R","E","T","?","?","M","?"],"items_purchased_type":["Relic","Card"],"build_version":"2020-12-22","purchased_purges":3,"victory":false,"max_hp_per_floor":[80,80,80,80,80,80,80,80,80,80,80,80,80,80,80,80,80,80,80,80,80,80,80,80,80,80,80,80,84,84,84,84,84,88,88,88,88,88,88,88,88,88,88,92,92,92],"card_choices":[{"not_picked":["Battle Trance","Burning Pact"],"picked":"Inflame","floor":1},{"not_picked":["hubris:ReadiedAction","Heavy Blade"],"picked":"Iron Wave","floor":2},{"not_picked":["Perfected Strike","Carnage"],"picked":"Flame Barrier","floor":5},{"not_picked":["Combust","Feel No Pain"],"picked":"Thunderclap","floor":6},{"not_picked":["Dark Embrace","Metallicize"],"picked":"Spot Weakness","floor":11},{"not_picked":["True Grit","Thunderclap"],"picked":"Inflame","floor":12},{"not_picked":["Thunderclap","Pommel Strike"],"picked":"Bloodletting","floor":13},{"not_picked":["Cleave","Berserk"],"picked":"Flex","floor":14},{"not_picked":["Barricade","Berserk"],"picked":"Brutality","floor":16},{"not_picked":["Thunderclap","Power Through"],"picked":"Twin Strike+1","floor":18},{"not_picked":["Body Slam","Impervious","Thunderclap+1"],"picked":"SKIP","floor":22},{"not_picked":["Juggernaut","Rampage"],"picked":"Spot Weakness","floor":23},{"not_picked":["Thunderclap","Intimidate"],"picked":"Feed","floor":27},{"not_picked":["Rage","Body Slam"],"picked":"Twin Strike+1","floor":29},{"not_picked":["Twin Strike","Pummel","Perfected Strike"],"picked":"SKIP","floor":30},{"not_picked":["Fire Breathing","Clothesline"],"picked":"Pommel Strike","floor":31},{"not_picked":["Impervious","Berserk"],"picked":"hubris:StunningStrike","floor":33},{"not_picked":["Body Slam","Armaments"],"picked":"Seeing Red","floor":35},{"not_picked":["Body Slam+1","Heavy Blade"],"picked":"Inflame+1","floor":36},{"not_picked":["Sever Soul","Hemokinesis"],"picked":"Anger+1","floor":41},{"not_picked":["Shockwave","Juggernaut"],"picked":"Headbutt+1","floor":46}],"player_experience":3813,"relics_obtained":[{"floor":6,"key":"aspiration:SeaSaltIceCream"},{"floor":9,"key":"Bottled Tornado"},{"floor":23,"key":"hubris:Teleporter"},{"floor":26,"key":"Regal Pillow"},{"floor":27,"key":"Thread and Needle"},{"floor":31,"key":"Toy Ornithopter"},{"floor":41,"key":"Anchor"},{"floor":43,"key":"Pen Nib"},{"floor":44,"key":"FossilizedHelix"}],"event_choices":[{"damage_healed":0,"gold_gain":0,"player_choice":"Entered Light","damage_taken":16,"max_hp_gain":0,"max_hp_loss":0,"event_name":"Shining Light","floor":3,"gold_loss":0,"cards_upgraded":["Strike_R","Strike_R"]},{"damage_healed":0,"gold_gain":0,"player_choice":"Success","damage_taken":7,"relics_obtained":["Happy Flower"],"max_hp_gain":0,"max_hp_loss":0,"event_name":"Scrap Ooze","floor":8,"gold_loss":0},{"damage_healed":0,"gold_gain":0,"player_choice":"Gave Potion","damage_taken":0,"relics_obtained":["aspiration:DSix"],"max_hp_gain":0,"max_hp_loss":0,"event_name":"WeMeetAgain","floor":10,"gold_loss":0},{"damage_healed":26,"gold_gain":0,"player_choice":"Heal","damage_taken":0,"max_hp_gain":0,"max_hp_loss":0,"event_name":"The Library","floor":20,"gold_loss":0},{"damage_healed":0,"gold_gain":250,"player_choice":"Bet on Owner","damage_taken":0,"max_hp_gain":0,"max_hp_loss":0,"event_name":"The Joust","floor":21,"gold_loss":50},{"damage_healed":0,"gold_gain":0,"player_choice":"Fight","damage_taken":0,"max_hp_gain":0,"max_hp_loss":0,"event_name":"MindBloom","floor":44,"gold_loss":0},{"damage_healed":0,"gold_gain":0,"player_choice":"Ignored","damage_taken":0,"max_hp_gain":0,"max_hp_loss":0,"event_name":"SecretPortal","floor":45,"gold_loss":0}],"is_beta":false,"boss_relics":[{"not_picked":["hubris:CrackedHourglass","Cursed Key"],"picked":"Runic Cube"},{"not_picked":["Sozu","energizedSpire:TabascoSauce"],"picked":"Astrolabe"}],"items_purged_floors":[4,19,38],"is_endless":false,"potions_floor_spawned":[1,2,11,14,16,22,23,30,36,41,44],"killed_by":"Sphere and 2 Shapes","ascension_level":0}}