{"host":"tkinv8gv6hgcc58b","time":1610768597,"event":{"mods":["BaseMod","Colored Map","Downfall","Googly Eyes","Hermit","Minty Spire (QoL Compilation)","READ ME - Guardian Mod","StSLib","The Cursed","The Disciple"],"gold_per_floor":[99,118,27,43,218,143,143,153,167,199,31,45,45,145,164,268,268,268,286,286,337,391,443,443,443,493,578,261,318,368,414,466,569,569,569,569,628,685,26,26,51,100,115,40,55,81,81,109,34,34,34,99,28,28,28],"floor_reached":56,"language":"ENG","playtime":7674,"items_purged":["Doubt","champ:EnragedBash"],"score":1311,"play_id":"c3ee0b38-26d1-45c1-a54a-d8ee87e1c733","local_time":"20210115224317","is_ascension_mode":false,"campfire_choices":[{"floor":1,"key":"RECALL"},{"floor":6,"key":"REST"},{"floor":13,"key":"REST"},{"floor":18,"key":"REST"},{"floor":25,"key":"REST"},{"floor":35,"key":"REST"},{"floor":44,"key":"REST"},{"floor":47,"key":"REST"},{"floor":49,"key":"REST"},{"floor":54,"key":"REST"}],"circlet_count":0,"master_deck":["champ:Strike","champ:Strike","champ:Strike","champ:Strike","champ:Defend","champ:Defend","champ:Defend","champ:Defend","champ:Execute","champ:Taunt","champ:GladiatorsShout","champ:RisingSlash","champ:PreciseThrust","champ:ArenaPreparation","champ:BringItOn","champ:ShieldSlam","champ:StanceDance","champ:FaceSlap","champ:EndlessRage","champ:CrookedStrike","champ:BerserkersShout","champ:HoldFirm","champ:ArenaPreparation","champ:FaceSlap","champ:StanceDance+1","champ:MurderStrike","champ:MurderStrike","Mayhem","champ:IronFortress","champ:MurderStrike","champ:HoldFirm","champ:StanceDance+1","champ:IronFortress"],"relics":["Fusion Hammer","downfall:HeartBlessingRed","Bottled Flame","HornCleat","CloakClasp","Philosopher\u0027s Stone","downfall:KnowingSkull","Singing Bowl","DollysMirror","Bag of Preparation","HandDrill","Runic Pyramid","Orrery","Gremlin Horn","Centennial Puzzle","FossilizedHelix","downfall:HeartBlessingBlue","Pen Nib","Unceasing Top","downfall:HeartBlessingGreen","Blue Candle"],"acts_visited":["Exordium","TheCity","TheBeyond","TheEnding"],"potions_floor_usage":[30,55],"damage_taken":[{"damage":5,"enemies":"Small Slimes","floor":2,"turns":4},{"damage":15,"enemies":"downfall:FleeingMerchant","floor":3,"turns":4},{"damage":1,"enemies":"2 Louse","floor":4,"turns":3},{"damage":14,"enemies":"Cultist","floor":8,"turns":3},{"damage":10,"enemies":"3 Louse","floor":9,"turns":3},{"damage":43,"enemies":"Lagavulin","floor":10,"turns":5},{"damage":22,"enemies":"downfall:FleeingMerchant","floor":11,"turns":4},{"damage":9,"enemies":"Blue Slaver","floor":12,"turns":2},{"damage":30,"enemies":"Blue Slaver","floor":14,"turns":5},{"damage":5,"enemies":"Large Slime","floor":15,"turns":3},{"damage":33,"enemies":"downfall:Ironclad","floor":16,"turns":7},{"damage":33,"enemies":"Spheric Guardian","floor":19,"turns":4},{"damage":42,"enemies":"Centurion and Healer","floor":21,"turns":3},{"damage":49,"enemies":"3 Cultists","floor":22,"turns":4},{"damage":39,"enemies":"Cultist and Chosen","floor":23,"turns":6},{"damage":42,"enemies":"Snake Plant","floor":26,"turns":4},{"damage":32,"enemies":"downfall:FleeingMerchant","floor":28,"turns":4},{"damage":19,"enemies":"Chosen and Byrds","floor":29,"turns":5},{"damage":23,"enemies":"Shelled Parasite and Fungi","floor":30,"turns":2},{"damage":24,"enemies":"downfall:FleeingMerchant","floor":31,"turns":2},{"damage":24,"enemies":"Sentry and Sphere","floor":32,"turns":4},{"damage":39,"enemies":"downfall:Defect","floor":33,"turns":5},{"damage":19,"enemies":"Orb Walker","floor":37,"turns":2},{"damage":38,"enemies":"3 Darklings","floor":38,"turns":3},{"damage":27,"enemies":"2 Orb Walkers","floor":42,"turns":4},{"damage":0,"enemies":"4 Shapes","floor":43,"turns":4},{"damage":34,"enemies":"Transient","floor":45,"turns":5},{"damage":28,"enemies":"Giant Head","floor":46,"turns":6},{"damage":34,"enemies":"Reptomancer","floor":48,"turns":5},{"damage":16,"enemies":"downfall:Watcher","floor":50,"turns":4},{"damage":60,"enemies":"downfall:CharBossMerchant","floor":52,"turns":7},{"damage":172,"enemies":"downfall:NeowBoss","floor":55,"turns":29}],"seed_played":"-4250579665574638938","potions_obtained":[{"floor":2,"key":"Weak Potion"},{"floor":4,"key":"champ:OpenerPotion"},{"floor":9,"key":"EntropicBrew"},{"floor":12,"key":"champ:TechniquePotion"},{"floor":29,"key":"DistilledChaos"},{"floor":30,"key":"ColorlessPotion"}],"is_trial":false,"path_per_floor":["R","M","$","M","?","R","T","M","M","E","$","M","R","?","M","B",null,"R","M","?","M","M","M","T","R","M","?","$","M","M","$","M","B",null,"R","?","M","M","$","?","T","?","M","R","M","E","R","E","R","B",null,"E","$","R","B",null],"character_chosen":"THE_CHAMP","items_purchased":["champ:PreciseThrust","champ:FaceSlap","DollysMirror","Mayhem","champ:IronFortress","Bag of Preparation","HandDrill","Orrery","Gremlin Horn","Centennial Puzzle","champ:IronFortress"],"campfire_rested":9,"item_purchase_floors":[3,11,28,28,31,31,31,39,39,39,53],"current_hp_per_floor":[90,90,85,84,84,90,90,89,89,68,67,63,90,70,70,56,90,90,77,68,65,59,52,52,79,76,58,55,54,53,52,46,43,98,98,100,93,92,100,100,100,102,109,126,124,126,130,118,132,132,132,117,117,132,112],"gold":28,"neow_bonus":"BOSS_RELIC","is_daily":false,"chose_seed":false,"campfire_upgraded":0,"win_rate":0.0,"timestamp":1610768597,"path_taken":["R","M","$","M","?","R","T","M","M","E","$","M","R","?","M","BOSS","R","M","?","?","M","M","T","R","M","?","$","M","M","$","M","BOSS","R","?","M","M","$","?","T","?","M","R","M","E","R","E","R","BOSS","E","$","R","BOSS"],"items_purchased_type":["Card","Card","Relic","Card","Card","Relic","Relic","Relic","Relic","Relic","Card"],"build_version":"2020-12-22","purchased_purges":2,"victory":true,"max_hp_per_floor":[90,90,90,90,90,90,90,90,90,90,90,90,90,90,90,90,90,90,90,90,90,90,90,90,90,90,90,90,92,94,96,98,98,98,98,100,102,104,112,112,112,114,116,126,128,130,130,132,132,132,132,132,132,132,132],"card_choices":[{"not_picked":["champ:CalledShot","champ:RapidStrikes"],"picked":"champ:GladiatorsShout","floor":2},{"not_picked":["champ:IronFortress","champ:Circumvent"],"picked":"champ:RisingSlash","floor":3},{"not_picked":["champ:BerserkersShout","champ:Backstep"],"picked":"champ:ArenaPreparation","floor":4},{"not_picked":["champ:GutPunch","champ:EnragedBash"],"picked":"champ:BringItOn","floor":8},{"not_picked":["champ:PerfectedStrike","champ:GutPunch"],"picked":"champ:Backstep","floor":9},{"not_picked":["champ:FanOfKnives","champ:PerfectForm"],"picked":"champ:ShieldSlam","floor":10},{"not_picked":["champ:DefensiveStyle","champ:Duel"],"picked":"champ:StanceDance","floor":11},{"not_picked":["champ:Encircle","champ:Backstep"],"picked":"champ:EndlessRage","floor":12},{"not_picked":["champ:DefensiveShout","champ:Circumvent"],"picked":"champ:CrookedStrike","floor":14},{"not_picked":["champ:Backstep","champ:GutPunch"],"picked":"champ:BerserkersShout","floor":15},{"not_picked":["champ:SteelEdge","champ:LastStand"],"picked":"champ:HoldFirm","floor":16},{"not_picked":["champ:AdrenalArmor","champ:FightOn"],"picked":"champ:ArenaPreparation","floor":19},{"not_picked":["champ:AdrenalArmor","champ:GutPunch"],"picked":"champ:FaceSlap","floor":21},{"not_picked":["champ:ShieldWall","champ:BerserkersShout"],"picked":"champ:EnragedBash","floor":22},{"not_picked":["champ:FanOfKnives","champ:TornadoPunch","champ:BladeFlurry"],"picked":"SKIP","floor":23},{"not_picked":["champ:TornadoPunch","champ:BringItOn"],"picked":"champ:StanceDance+1","floor":26},{"not_picked":["champ:Duel","champ:GutPunch"],"picked":"champ:MurderStrike","floor":28},{"not_picked":["champ:FalseCounter","champ:TornadoPunch","champ:FlashCut"],"picked":"Singing Bowl","floor":29},{"not_picked":["champ:FaceSlap","champ:Duel","champ:FocusedDefense"],"picked":"Singing Bowl","floor":30},{"not_picked":["champ:DefensiveShout","champ:BladeFlurry","champ:RapidStrikes"],"picked":"Singing Bowl","floor":31},{"not_picked":["champ:Riposte","champ:BringItOn+1","champ:PerfectedStrike+1"],"picked":"Singing Bowl","floor":32},{"not_picked":["champ:HeavySlash","champ:IgnorePain"],"picked":"champ:MurderStrike","floor":33},{"not_picked":["expansioncontent:YouAreMine","expansioncontent:PolyBeam","expansioncontent:SuperHexaguard"],"picked":"Singing Bowl","floor":36},{"not_picked":["champ:FaceSlap+1","champ:BladeFlurry+1","champ:GladiatorsShout+1"],"picked":"Singing Bowl","floor":37},{"not_picked":["champ:FanOfKnives+1","champ:FalseCounter","champ:BerserkersShout+1"],"picked":"Singing Bowl","floor":38},{"not_picked":["champ:BladeFlurry+1","champ:TornadoPunch","champ:PerfectedStrike+1"],"picked":"Singing Bowl","floor":39},{"not_picked":["champ:BladeFlurry","champ:Devastate","champ:Backstep"],"picked":"Singing Bowl","floor":39},{"not_picked":["champ:DefensiveStyle+1","champ:ShieldWall","champ:DeathBlow"],"picked":"Singing Bowl","floor":39},{"not_picked":["champ:RisingSlash","champ:Circumvent+1","champ:GutPunch"],"picked":"Singing Bowl","floor":39},{"not_picked":["champ:AdrenalArmor","champ:BladeFlurry+1"],"picked":"champ:HoldFirm","floor":39},{"not_picked":["champ:FlashCut","champ:GutPunch","champ:Haymaker"],"picked":"Singing Bowl","floor":42},{"not_picked":["champ:Circumvent+1","champ:DefensiveShout+1","champ:Haymaker"],"picked":"Singing Bowl","floor":43},{"not_picked":["champ:SwordThrow","champ:CrookedStrike","champ:Circumvent"],"picked":"Singing Bowl","floor":45},{"not_picked":["champ:BringItOn+1","champ:FalseCounter+1","champ:BerserkersShout+1"],"picked":"Singing Bowl","floor":46},{"not_picked":["champ:HeavySlash","champ:BerserkersShout","champ:DefensiveShout"],"picked":"Singing Bowl","floor":48},{"not_picked":["champ:DeathBlow+1","champ:RapidStrikes+1"],"picked":"champ:StanceDance+1","floor":52}],"player_experience":991307,"relics_obtained":[{"floor":7,"key":"Bottled Flame"},{"floor":10,"key":"HornCleat"},{"floor":14,"key":"CloakClasp"},{"floor":24,"key":"Singing Bowl"},{"floor":42,"key":"FossilizedHelix"},{"floor":46,"key":"Pen Nib"},{"floor":48,"key":"Unceasing Top"},{"floor":52,"key":"Blue Candle"}],"event_choices":[{"cards_removed":["champ:Backstep"],"damage_healed":0,"gold_gain":0,"player_choice":"Removed Skill","damage_taken":0,"max_hp_gain":0,"max_hp_loss":0,"event_name":"Falling","floor":40,"gold_loss":0},{"damage_healed":0,"gold_gain":0,"player_choice":"Fight","damage_taken":0,"max_hp_gain":0,"max_hp_loss":0,"event_name":"Mysterious Sphere","floor":42,"gold_loss":0}],"is_beta":false,"boss_relics":[{"not_picked":["Pandora\u0027s Box","Runic Dome"],"picked":"Philosopher\u0027s Stone"},{"not_picked":["SlaversCollar","SacredBark"],"picked":"Runic Pyramid"}],"items_purged_floors":[11,39],"is_endless":false,"potions_floor_spawned":[2,4,9,12,15,22,23,26,29,30,38,43,48,52],"ascension_level":0}}