{"host":"dtvgc7uk609653br","time":1610773816,"event":{"mods":["BaseMod","Minty Spire (QoL Compilation)","Shade Mod","StSLib","The Bladedancer","The Druid"],"gold_per_floor":[112,112,127,145,145,145,28,28,54,84,84,114,114,20,20,120,120,138,138,158,158,173,198,217,142,168,168,196,196,196,206,206,309,359,379,395,395,0,50,80,93,93,120,150,170,170,102,131,143,155],"floor_reached":51,"language":"ENG","playtime":2699,"items_purged":[],"score":829,"play_id":"09e8a69d-921a-41e7-bf97-eb7d2eefe83f","local_time":"20210116001016","is_ascension_mode":false,"campfire_choices":[{"data":"blademaster:Strike","floor":6,"key":"SMITH"},{"data":"blademaster:ThunderSlash","floor":8,"key":"SMITH"},{"floor":11,"key":"REST"},{"data":"blademaster:AspectOfLightning","floor":13,"key":"SMITH"},{"data":"blademaster:AspectOfWind","floor":15,"key":"SMITH"},{"floor":27,"key":"REST"},{"floor":29,"key":"REST"},{"floor":32,"key":"REST"},{"floor":42,"key":"REST"},{"floor":46,"key":"REST"},{"floor":49,"key":"REST"}],"circlet_count":0,"master_deck":["blademaster:Strike","blademaster:Strike","blademaster:Strike+1","blademaster:Strike+1","blademaster:Defend","blademaster:Defend","blademaster:Defend+1","blademaster:Defend","blademaster:RagingBlow","blademaster:HighVoltage","blademaster:Blockade","blademaster:AwakeningDefend+1","blademaster:Momentum","blademaster:ThunderingOpener+1","blademaster:ThunderSlash+1","blademaster:AspectOfLightning+1","blademaster:Blindside","blademaster:AspectOfWind+1","blademaster:Havoc","blademaster:AirSlash","blademaster:ThunderSlash","blademaster:ParryingStrike","blademaster:Blindside","blademaster:Havoc+1","blademaster:AspectOfWind","blademaster:Empower","blademaster:SlyStabs","blademaster:UnrelentingWind","blademaster:EyeOfTheTornado+1","blademaster:DragonStrike+1","blademaster:FlockOfBlades"],"relics":["blademaster:DancersAmulet","NeowsBlessing","FaceOfCleric","Whetstone","Lantern","Singing Bowl","Black Star","Omamori","Letter Opener","Smiling Mask","Akabeko","War Paint","Tiny House","Blue Candle","Red Mask","Ginger","Strawberry","Darkstone Periapt","Centennial Puzzle","Regal Pillow","Juzu Bracelet","StoneCalendar","MawBank"],"acts_visited":["Exordium","TheCity","TheBeyond"],"potions_floor_usage":[12,24,28,41,48,50,50],"damage_taken":[{"damage":0,"enemies":"Jaw Worm","floor":1,"turns":1},{"damage":0,"enemies":"Cultist","floor":3,"turns":1},{"damage":0,"enemies":"Small Slimes","floor":4,"turns":1},{"damage":34,"enemies":"Gremlin Nob","floor":10,"turns":5},{"damage":22,"enemies":"3 Sentries","floor":12,"turns":11},{"damage":31,"enemies":"The Guardian","floor":16,"turns":11},{"damage":16,"enemies":"Spheric Guardian","floor":18,"turns":4},{"damage":21,"enemies":"2 Thieves","floor":20,"turns":4},{"damage":40,"enemies":"Shelled Parasite and Fungi","floor":22,"turns":4},{"damage":38,"enemies":"Slavers","floor":23,"turns":5},{"damage":20,"enemies":"Snecko","floor":24,"turns":4},{"damage":40,"enemies":"Gremlin Leader","floor":28,"turns":7},{"damage":11,"enemies":"3 Cultists","floor":31,"turns":4},{"damage":59,"enemies":"Automaton","floor":33,"turns":9},{"damage":18,"enemies":"3 Shapes","floor":35,"turns":4},{"damage":18,"enemies":"3 Darklings","floor":36,"turns":6},{"damage":17,"enemies":"Mind Bloom Boss Battle","floor":39,"turns":7},{"damage":39,"enemies":"Nemesis","floor":40,"turns":5},{"damage":23,"enemies":"Writhing Mass","floor":41,"turns":5},{"damage":3,"enemies":"Reptomancer","floor":44,"turns":4},{"damage":37,"enemies":"Spire Growth","floor":45,"turns":4},{"damage":9,"enemies":"Giant Head","floor":48,"turns":8},{"damage":83,"enemies":"Donu and Deca","floor":50,"turns":10}],"seed_played":"-1716819872656060910","potions_obtained":[{"floor":1,"key":"BlessingOfTheForge"},{"floor":4,"key":"PowerPotion"},{"floor":10,"key":"FearPotion"},{"floor":12,"key":"SmokeBomb"},{"floor":18,"key":"PowerPotion"},{"floor":24,"key":"GamblersBrew"},{"floor":33,"key":"Weak Potion"},{"floor":41,"key":"Regen Potion"},{"floor":48,"key":"Explosive Potion"}],"is_trial":false,"path_per_floor":["M","?","M","M","?","R","$","R","T","E","R","E","R","$","R","B",null,"M","?","M","?","M","E","M","$","T","R","E","R","?","M","R","B",null,"M","M","T","?","?","E","M","R","T","E","M","R","$","E","R","B",null],"character_chosen":"THE_BLADEMASTER","items_purchased":["blademaster:ThunderingOpener","blademaster:ThunderSlash","blademaster:AspectOfWind","blademaster:Havoc","blademaster:Havoc","blademaster:FlockOfBlades"],"campfire_rested":7,"item_purchase_floors":[7,7,14,14,25,47],"current_hp_per_floor":[75,75,76,77,82,82,82,82,82,49,73,52,52,52,52,22,85,70,53,33,102,63,26,9,9,9,41,4,37,37,33,66,14,119,110,99,99,99,91,66,50,90,90,94,66,122,122,122,142,81],"gold":167,"neow_bonus":"THREE_ENEMY_KILL","is_daily":false,"chose_seed":false,"campfire_upgraded":4,"win_rate":0.0,"timestamp":1610773816,"path_taken":["M","?","M","?","?","R","$","R","T","E","R","E","R","?","R","BOSS","M","?","M","?","?","E","M","$","T","R","E","R","?","M","R","BOSS","M","M","?","?","?","E","M","R","T","E","M","R","?","E","R","BOSS"],"items_purchased_type":["Card","Card","Card","Card","Card","Card"],"build_version":"2020-12-22","purchased_purges":0,"victory":true,"max_hp_per_floor":[75,75,76,77,82,82,82,82,82,83,83,84,84,84,84,85,85,86,91,92,102,103,104,107,107,107,107,110,110,110,111,111,112,119,122,123,123,123,126,134,135,135,135,136,139,139,139,142,142,143],"card_choices":[{"not_picked":["blademaster:OneTrickPony","blademaster:AncestralHealing"],"picked":"blademaster:Blockade","floor":1},{"not_picked":["blademaster:BrainBloom","blademaster:ThunderSlash"],"picked":"blademaster:AwakeningDefend","floor":3},{"not_picked":["blademaster:CloudOfSteel","blademaster:Quickness"],"picked":"blademaster:Momentum","floor":4},{"not_picked":["blademaster:SlyStabs","blademaster:Frontflip"],"picked":"blademaster:AspectOfLightning","floor":10},{"not_picked":["blademaster:Quickness","blademaster:CombatPrep"],"picked":"blademaster:Blindside","floor":12},{"not_picked":["blademaster:CloudOfSteel","blademaster:StanceMastery"],"picked":"blademaster:FlockOfBlades","floor":16},{"not_picked":["blademaster:EyeOfTheStorm","blademaster:Bloodbath+1"],"picked":"blademaster:AirSlash","floor":18},{"not_picked":["blademaster:DaggerAndCloak","blademaster:Discharge"],"picked":"blademaster:ThunderSlash","floor":20},{"not_picked":["blademaster:SlyStabs","blademaster:BloodyBlow"],"picked":"blademaster:ParryingStrike","floor":22},{"not_picked":["blademaster:EyeOfTheStorm","blademaster:FuriousStrike"],"picked":"blademaster:Blindside","floor":23},{"not_picked":["blademaster:FuriousStrike","blademaster:SlyStabs","blademaster:Quickness"],"picked":"Singing Bowl","floor":24},{"not_picked":["blademaster:BladeMastery","blademaster:AwakeningDefend","blademaster:Stormstrike"],"picked":"Singing Bowl","floor":28},{"not_picked":["blademaster:Blockade","blademaster:Sharpen"],"picked":"blademaster:AspectOfWind","floor":31},{"not_picked":["blademaster:HighVoltage","blademaster:StanceMastery"],"picked":"blademaster:Empower","floor":33},{"not_picked":["blademaster:LeechingStrike+1","blademaster:ChargingUp","blademaster:AirSlash"],"picked":"Singing Bowl","floor":34},{"not_picked":["blademaster:AncestralHealing","blademaster:TraverseCut","blademaster:ThunderSlash+1"],"picked":"Singing Bowl","floor":35},{"not_picked":["blademaster:Overcharge+1","blademaster:ThunderSlash+1"],"picked":"blademaster:SlyStabs","floor":36},{"not_picked":["blademaster:IcyWind+1","blademaster:DaggerAndCloak","blademaster:AwakeningDefend+1"],"picked":"Singing Bowl","floor":39},{"not_picked":["blademaster:Gust+1","blademaster:AspectOfWind"],"picked":"blademaster:UnrelentingWind","floor":40},{"not_picked":["blademaster:DaggerAndCloak+1","blademaster:ParryingStrike+1"],"picked":"blademaster:EyeOfTheTornado+1","floor":41},{"not_picked":["blademaster:Sharpen","blademaster:AwakeningDefend+1"],"picked":"blademaster:DragonStrike+1","floor":44},{"not_picked":["blademaster:StanceMastery","blademaster:Breeze","blademaster:LeechingStrike+1"],"picked":"Singing Bowl","floor":45},{"not_picked":["blademaster:Frontflip+1","blademaster:AirSlash+1","blademaster:LeechingStrike+1"],"picked":"Singing Bowl","floor":48}],"player_experience":536320,"relics_obtained":[{"floor":9,"key":"Whetstone"},{"floor":10,"key":"Lantern"},{"floor":10,"key":"blademaster:FuryEveryTurnPerk"},{"floor":12,"key":"Singing Bowl"},{"floor":12,"key":"blademaster:BleedingLaceratePerk"},{"floor":23,"key":"Omamori"},{"floor":23,"key":"blademaster:OnAttackedChargePerk"},{"floor":23,"key":"Letter Opener"},{"floor":26,"key":"Smiling Mask"},{"floor":28,"key":"Akabeko"},{"floor":28,"key":"blademaster:StanceHealPerk"},{"floor":28,"key":"War Paint"},{"floor":37,"key":"Blue Candle"},{"floor":39,"key":"Ginger"},{"floor":39,"key":"blademaster:DextrousPerk"},{"floor":40,"key":"Strawberry"},{"floor":40,"key":"blademaster:LightningChargePerk"},{"floor":40,"key":"Darkstone Periapt"},{"floor":43,"key":"Centennial Puzzle"},{"floor":44,"key":"Regal Pillow"},{"floor":44,"key":"blademaster:RandomBladePerk"},{"floor":44,"key":"Juzu Bracelet"},{"floor":48,"key":"StoneCalendar"},{"floor":48,"key":"blademaster:StrongPerk"},{"floor":48,"key":"MawBank"}],"event_choices":[{"damage_healed":0,"gold_gain":0,"player_choice":"Trade","damage_taken":0,"relics_obtained":["FaceOfCleric"],"max_hp_gain":0,"max_hp_loss":0,"event_name":"FaceTrader","floor":2,"gold_loss":0},{"damage_healed":0,"gold_gain":0,"player_choice":"Donut","damage_taken":0,"max_hp_gain":5,"max_hp_loss":0,"event_name":"Big Fish","floor":5,"gold_loss":0},{"damage_healed":0,"gold_gain":0,"player_choice":"Shed Blood","damage_taken":22,"max_hp_gain":5,"max_hp_loss":0,"event_name":"Forgotten Altar","floor":19,"gold_loss":0},{"cards_removed":["blademaster:FlockOfBlades"],"damage_healed":59,"gold_gain":0,"player_choice":"Offered Rare","damage_taken":0,"max_hp_gain":10,"max_hp_loss":0,"event_name":"Bonfire Elementals","floor":21,"gold_loss":0},{"damage_healed":0,"gold_gain":0,"player_choice":"0 cards matched","damage_taken":0,"max_hp_gain":0,"max_hp_loss":0,"event_name":"Match and Keep!","floor":30,"gold_loss":0,"cards_obtained":[]},{"damage_healed":0,"gold_gain":0,"player_choice":"Paid","damage_taken":0,"relics_obtained":["Red Mask"],"max_hp_gain":0,"max_hp_loss":0,"event_name":"Tomb of Lord Red Mask","floor":38,"gold_loss":395},{"damage_healed":0,"gold_gain":0,"player_choice":"Fight","damage_taken":0,"max_hp_gain":0,"max_hp_loss":0,"event_name":"MindBloom","floor":39,"gold_loss":0}],"is_beta":false,"boss_relics":[{"not_picked":["Coffee Dripper","Empty Cage"],"picked":"Black Star"},{"not_picked":["Runic Dome","Snecko Eye"],"picked":"Tiny House"}],"items_purged_floors":[],"is_endless":false,"potions_floor_spawned":[1,4,10,12,18,22,23,24,33,36,41,48],"ascension_level":0}}