{"host":"fm9e0lfunjlbhzxv","time":1610759107,"event":{"mods":["2.2 Compatiblity","Alarm Clock","Astrologer","BaseMod","Bestiary","Better Match","Better Skull","Better Third Choice","Colored Map","Colored Powertips","Curses Come First","Dark Map","Energized Spire","Good Game Mod","Hubris","Key Reminder","Koishi","Mimic Mod","Minty Spire (QoL Compilation)","Permanent Neow","Rare Cards Sparkle","Relic Stats","Shade Mod","Spicy Shops","Spikes Relics","StSLib","The Administrix","The Blue Laboratory","The Bug Knight","The Disciple","The Marked","The Vixen","Trackpad","slay the spire mod where everything is the same but ironclad has a cowboy hat"],"gold_per_floor":[117,132,147,76,76,103,103,103,103],"floor_reached":8,"language":"ENG","playtime":716,"items_purged":[],"score":70,"play_id":"9b9a569b-860d-4c98-86b7-eb4868401764","local_time":"20210115170507","is_ascension_mode":true,"campfire_choices":[{"floor":7,"key":"REST"}],"circlet_count":0,"master_deck":["TheVixenMod:Strike_TheVixen","TheVixenMod:Strike_TheVixen","TheVixenMod:Strike_TheVixen","TheVixenMod:Strike_TheVixen","TheVixenMod:Defend_TheVixen","TheVixenMod:Defend_TheVixen","TheVixenMod:Defend_TheVixen","TheVixenMod:Defend_TheVixen","TheVixenMod:SunnyDay+1","TheVixenMod:Ember","Jack Of All Trades+1","Adrenaline","TheVixenMod:FlameBody","TheVixenMod:MagicCoat+1","TheVixenMod:Curse","TheVixenMod:Analytic","TheVixenMod:FlameBody"],"relics":["TheVixenMod:BurningStick","REME:ComplimentaryCards","War Paint"],"acts_visited":["Exordium"],"potions_floor_usage":[8],"damage_taken":[{"damage":0,"enemies":"Cultist","floor":1,"turns":4},{"damage":15,"enemies":"Jaw Worm","floor":2,"turns":4},{"damage":4,"enemies":"Small Slimes","floor":3,"turns":4},{"damage":37,"enemies":"HollowMod:MossKnight","floor":6,"turns":10},{"damage":37,"enemies":"3 Sentries","floor":8,"turns":12}],"seed_played":"4492902879932211804","potions_obtained":[{"floor":1,"key":"Dexterity Potion"},{"floor":3,"key":"blueLaboratory:BottledHope"}],"is_trial":false,"path_per_floor":["M","M","M","$","?","E","R","E"],"character_chosen":"THE_VIXEN","items_purchased":["TheVixenMod:Analytic"],"campfire_rested":1,"item_purchase_floors":[4],"current_hp_per_floor":[70,55,51,51,51,14,35,0,0],"gold":103,"neow_bonus":"RANDOM_COLORLESS","is_daily":false,"chose_seed":false,"campfire_upgraded":0,"win_rate":0.0,"timestamp":1610759107,"path_taken":["M","?","M","$","?","E","R","E"],"items_purchased_type":["Card"],"build_version":"2020-12-22","purchased_purges":0,"victory":false,"max_hp_per_floor":[70,70,70,70,70,70,70,70,70],"relic_stats":{"counters":[5,34],"War Paint":["TheVixenMod:MagicCoat","Jack Of All Trades"],"obtain_stats":[{"REME:ComplimentaryCards":0,"War Paint":6,"TheVixenMod:BurningStick":0},{"REME:ComplimentaryCards":0,"War Paint":4,"TheVixenMod:BurningStick":0},{"REME:ComplimentaryCards":0,"War Paint":22,"TheVixenMod:BurningStick":0}]},"card_choices":[{"not_picked":["Bandage Up","Swift Strike"],"picked":"Jack Of All Trades","floor":0},{"not_picked":["TheVixenMod:ShadowBall","TheVixenMod:FlameBurst"],"picked":"TheVixenMod:FlameBody","floor":1},{"not_picked":["TheVixenMod:HeatWave","TheVixenMod:FirePledge"],"picked":"TheVixenMod:MagicCoat","floor":2},{"not_picked":["TheVixenMod:LavaPlume","TheVixenMod:Swagger"],"picked":"TheVixenMod:Curse","floor":3},{"not_picked":["TheVixenMod:Confusion","TheVixenMod:FireFang"],"picked":"TheVixenMod:FlameBody","floor":6}],"player_experience":672971,"relics_obtained":[{"floor":6,"key":"War Paint"}],"event_choices":[{"damage_healed":0,"gold_gain":0,"player_choice":"Upgraded","damage_taken":0,"max_hp_gain":0,"max_hp_loss":0,"event_name":"Upgrade Shrine","floor":5,"gold_loss":0,"cards_upgraded":["TheVixenMod:SunnyDay"]}],"is_beta":false,"boss_relics":[],"items_purged_floors":[],"is_endless":false,"potions_floor_spawned":[1,3],"killed_by":"3 Sentries","ascension_level":5}}