{"host":"Stephanie","time":1610756674,"event":{"mods":["BaseMod","Colored Powertips","Minty Spire (QoL Compilation)","Rare Cards Sparkle","Relic Stats","StSLib","The Marked"],"gold_per_floor":[110,178,198,121,138,172,172,197,223,253,280,310,338,350,362,473,485,509,446,18,38,48,77,87,87,165,165,194,194,226,226,226,326,326,340,340,151,201,201,232,249,281,281,324,351,385,385,385,385,385,385,385,16,59,59],"floor_reached":56,"language":"ENG","playtime":4173,"items_purged":["Clash+1"],"score":1654,"play_id":"3d6ad3f6-522b-4f37-b06b-86d7dc5b467f","local_time":"20210115192434","is_ascension_mode":true,"campfire_choices":[{"data":"Sword Boomerang","floor":7.0,"key":"SMITH"},{"floor":15.0,"key":"REST"},{"data":"Apotheosis","floor":25.0,"key":"SMITH"},{"floor":29.0,"key":"REST"},{"data":"Pommel Strike","floor":32.0,"key":"SMITH"},{"floor":47,"key":"REST"},{"floor":49,"key":"RECALL"},{"floor":52,"key":"REST"}],"circlet_count":0,"master_deck":["Bash","Blood for Blood","Flex","Burning Pact","Evolve","Sentinel","Power Through","Burning Pact","Reckless Charge","Sword Boomerang+1","Battle Trance+1","Disarm","Spot Weakness","Inflame","Metallicize","True Grit+1","Clothesline","Corruption","Ghostly Armor+1","Apotheosis+1","Pummel","Shrug It Off+1","Fire Breathing","Warcry+1","Juggernaut","Heavy Blade","Pommel Strike+1","Impervious+1","Dark Embrace","Sentinel+1","Sentinel+1","Impervious+1","Flame Barrier+1","Battle Trance+1","True Grit+1","Dark Embrace","Second Wind+1","Thinking Ahead+1","Power Through+1"],"relics":["Pandora\u0027s Box","Red Skull","Lantern","Nunchaku","MawBank","Blood Vial","Sozu","Toxic Egg 2","Oddly Smooth Stone","Eternal Feather","MutagenicStrength","Orichalcum","Pantograph","Fusion Hammer","Membership Card","Champion Belt","WingedGreaves","CeramicFish","Paper Frog","Boot","InkBottle","Happy Flower","War Paint"],"acts_visited":["Exordium","TheCity","TheBeyond","TheEnding"],"potions_floor_usage":[55,55],"damage_taken":[{"damage":12.0,"enemies":"Small Slimes","floor":1.0,"turns":4.0},{"damage":8.0,"enemies":"2 Louse","floor":3.0,"turns":2.0},{"damage":6.0,"enemies":"Cultist","floor":5.0,"turns":3.0},{"damage":21.0,"enemies":"Lagavulin","floor":6.0,"turns":5.0},{"damage":25.0,"enemies":"Gremlin Nob","floor":8.0,"turns":4.0},{"damage":7.0,"enemies":"Exordium Thugs","floor":10.0,"turns":3.0},{"damage":0.0,"enemies":"Exordium Wildlife","floor":11.0,"turns":3.0},{"damage":0.0,"enemies":"Looter","floor":12.0,"turns":3.0},{"damage":0.0,"enemies":"Large Slime","floor":13.0,"turns":5.0},{"damage":21.0,"enemies":"The Guardian","floor":16.0,"turns":6.0},{"damage":8.0,"enemies":"Shell Parasite","floor":18.0,"turns":5.0},{"damage":1.0,"enemies":"3 Byrds","floor":21.0,"turns":6.0},{"damage":0.0,"enemies":"Snecko","floor":22.0,"turns":2.0},{"damage":16.0,"enemies":"Book of Stabbing","floor":23.0,"turns":5.0},{"damage":8.0,"enemies":"Sentry and Sphere","floor":24.0,"turns":4.0},{"damage":31.0,"enemies":"Slavers","floor":28.0,"turns":4.0},{"damage":15.0,"enemies":"Gremlin Leader","floor":30.0,"turns":5.0},{"damage":23.0,"enemies":"Collector","floor":33.0,"turns":7.0},{"damage":3.0,"enemies":"3 Darklings","floor":35.0,"turns":4.0},{"damage":17.0,"enemies":"Mind Bloom Boss Battle","floor":38.0,"turns":5.0},{"damage":13.0,"enemies":"Reptomancer","floor":40.0,"turns":6.0},{"damage":3.0,"enemies":"Orb Walker","floor":41.0,"turns":3.0},{"damage":0.0,"enemies":"Giant Head","floor":42.0,"turns":6.0},{"damage":26,"enemies":"Reptomancer","floor":44,"turns":5},{"damage":16,"enemies":"Jaw Worm Horde","floor":45,"turns":4},{"damage":0,"enemies":"Giant Head","floor":46,"turns":6},{"damage":33,"enemies":"Donu and Deca","floor":50,"turns":7},{"damage":49,"enemies":"Shield and Spear","floor":54,"turns":7},{"damage":57,"enemies":"The Heart","floor":55,"turns":9}],"seed_played":"6702257854571412418","potions_obtained":[{"floor":6.0,"key":"Dexterity Potion"},{"floor":8.0,"key":"Energy Potion"},{"floor":12.0,"key":"SkillPotion"},{"floor":13.0,"key":"BloodPotion"}],"is_trial":false,"path_per_floor":["M","?","M","?","M","E","R","E","T","M","M","M","M","T","R","B",null,"M","?","$","M","M","E","M","R","T","?","E","R","E","?","R","B",null,"M","?","$","?","?","E","M","E","T","E","M","E","R","?","R","B",null,"R","$","E","B",null],"character_chosen":"IRONCLAD","items_purchased":["Apotheosis","Toxic Egg 2","Membership Card","Dark Embrace","Dark Embrace","Second Wind+1","InkBottle","Happy Flower","Thinking Ahead+1"],"campfire_rested":4,"item_purchase_floors":[20,20,37,37,53,53,53,53,53],"current_hp_per_floor":[68,68,60,60,54,33,33,8,8,1,1,1,1,1,25,6,62,56,56,56,57,59,45,39,39,39,39,10,49,36,36,51,55,74,73,73,73,59,59,48,47,49,49,25,11,13,56,56,76,43,68,76,76,27,12],"gold":59,"neow_bonus":"BOSS_RELIC","is_daily":false,"chose_seed":false,"campfire_upgraded":3,"win_rate":0.0,"timestamp":1610756674,"path_taken":["M","?","M","?","M","E","R","E","T","M","M","?","M","?","R","BOSS","M","?","$","M","M","E","M","R","T","?","E","R","E","?","R","BOSS","M","?","$","?","?","E","?","E","T","E","M","E","R","?","R","BOSS","R","$","E","BOSS"],"items_purchased_type":["Card","Relic","Relic","Card","Card","Card","Relic","Relic","Card"],"build_version":"2020-12-18","purchased_purges":1,"victory":true,"max_hp_per_floor":[80,80,80,80,80,80,80,80,80,80,80,80,80,80,80,80,80,80,80,80,80,80,80,80,80,80,80,80,80,80,80,80,80,80,80,76,76,76,76,76,76,76,76,76,76,76,76,76,76,76,76,76,76,76,76],"relic_stats":{"Happy Flower":[5],"counters":[29,138],"CeramicFish":63,"Eternal Feather":79,"Orichalcum":[102],"War Paint":["True Grit","Battle Trance"],"MawBank":132,"Boot":[0],"Blood Vial":34,"Sozu":8,"Nunchaku":[17],"Pantograph":53,"Pandora\u0027s Box":["Blood for Blood","Flex","Burning Pact","Entrench","Evolve","Sentinel","Power Through","Burning Pact","Reckless Charge"],"Champion Belt":[10],"obtain_stats":[{"Lantern":6,"Happy Flower":53,"CeramicFish":42,"Oddly Smooth Stone":23,"Eternal Feather":26,"Orichalcum":28,"War Paint":54,"MawBank":9,"Boot":46,"Burning Blood":0,"Blood Vial":14,"Sozu":17,"Nunchaku":8,"MutagenicStrength":27,"Pantograph":30,"Pandora\u0027s Box":0,"Fusion Hammer":34,"WingedGreaves":40,"Membership Card":37,"Champion Belt":38,"Toxic Egg 2":20,"Red Skull":4,"InkBottle":53,"Paper Frog":44},{"Lantern":4,"Happy Flower":27,"CeramicFish":23,"Oddly Smooth Stone":14,"Eternal Feather":15,"Orichalcum":16,"War Paint":28,"MawBank":5,"Boot":26,"Burning Blood":0,"Blood Vial":9,"Sozu":10,"Nunchaku":5,"MutagenicStrength":15,"Pantograph":17,"Pandora\u0027s Box":0,"Fusion Hammer":18,"WingedGreaves":21,"Membership Card":19,"Champion Belt":20,"Toxic Egg 2":11,"Red Skull":2,"InkBottle":27,"Paper Frog":24},{"Lantern":14,"Happy Flower":122,"CeramicFish":100,"Oddly Smooth Stone":56,"Eternal Feather":60,"Orichalcum":64,"War Paint":129,"MawBank":18,"Boot":115,"Burning Blood":0,"Blood Vial":32,"Sozu":38,"Nunchaku":18,"MutagenicStrength":60,"Pantograph":69,"Pandora\u0027s Box":0,"Fusion Hammer":76,"WingedGreaves":91,"Membership Card":80,"Champion Belt":85,"Toxic Egg 2":43,"Red Skull":6,"InkBottle":122,"Paper Frog":105}],"InkBottle":[7]},"card_choices":[{"not_picked":["Perfected Strike","Sentinel"],"picked":"Sword Boomerang","floor":1.0},{"not_picked":["Headbutt","Sword Boomerang"],"picked":"Battle Trance","floor":3.0},{"not_picked":["Flame Barrier","Sentinel"],"picked":"Disarm","floor":5.0},{"not_picked":["Metallicize","Armaments"],"picked":"Spot Weakness","floor":6.0},{"not_picked":["Spot Weakness","Cleave"],"picked":"Inflame","floor":8.0},{"not_picked":["Body Slam","Armaments"],"picked":"Metallicize","floor":10.0},{"not_picked":["Pummel","Battle Trance"],"picked":"True Grit","floor":11.0},{"not_picked":["Clash","Heavy Blade"],"picked":"Clothesline","floor":12.0},{"not_picked":["Spot Weakness","True Grit","Rage"],"picked":"SKIP","floor":13.0},{"not_picked":["Brutality","Exhume"],"picked":"Corruption","floor":16.0},{"not_picked":["Anger","True Grit"],"picked":"Ghostly Armor+1","floor":18.0},{"not_picked":["Pommel Strike","Body Slam+1"],"picked":"Pummel","floor":21.0},{"not_picked":["Second Wind+1","Berserk"],"picked":"Shrug It Off+1","floor":22.0},{"not_picked":["Carnage+1","True Grit+1"],"picked":"Fire Breathing","floor":23.0},{"not_picked":["Heavy Blade","Clash"],"picked":"Warcry+1","floor":24.0},{"not_picked":["Pommel Strike+1","Sever Soul"],"picked":"Juggernaut","floor":28.0},{"not_picked":["Armaments+1","Combust+1"],"picked":"Heavy Blade","floor":30.0},{"not_picked":["Barricade","Demon Form"],"picked":"Impervious+1","floor":33.0},{"not_picked":["Thunderclap","Sever Soul+1","Body Slam"],"picked":"SKIP","floor":35.0},{"not_picked":["Reckless Charge","Combust"],"picked":"Sentinel+1","floor":38.0},{"not_picked":["Shockwave+1","Havoc+1"],"picked":"Impervious+1","floor":40.0},{"not_picked":["Body Slam+1","Shockwave+1"],"picked":"Flame Barrier+1","floor":41.0},{"not_picked":["Perfected Strike","Havoc+1","Corruption"],"picked":"SKIP","floor":42.0},{"not_picked":["Whirlwind","Body Slam"],"picked":"Battle Trance+1","floor":44},{"not_picked":["Metallicize","Battle Trance+1"],"picked":"True Grit+1","floor":45},{"not_picked":["Body Slam","Clash+1","Armaments+1"],"picked":"SKIP","floor":46},{"not_picked":["Body Slam","Armaments+1"],"picked":"Clash+1","floor":46},{"not_picked":["Berserk","Havoc+1"],"picked":"Power Through+1","floor":54}],"player_experience":854963,"relics_obtained":[{"floor":6.0,"key":"Lantern"},{"floor":8.0,"key":"Nunchaku"},{"floor":9.0,"key":"MawBank"},{"floor":14.0,"key":"Blood Vial"},{"floor":23.0,"key":"Oddly Smooth Stone"},{"floor":26.0,"key":"Eternal Feather"},{"floor":28.0,"key":"Orichalcum"},{"floor":30.0,"key":"Pantograph"},{"floor":38.0,"key":"Champion Belt"},{"floor":40.0,"key":"WingedGreaves"},{"floor":42.0,"key":"CeramicFish"},{"floor":44,"key":"Paper Frog"},{"floor":46,"key":"Boot"},{"floor":54,"key":"War Paint"}],"event_choices":[{"damage_healed":0.0,"max_hp_gain":0.0,"max_hp_loss":0.0,"gold_gain":68.0,"event_name":"Golden Wing","player_choice":"Gained Gold","floor":2.0,"gold_loss":0.0,"damage_taken":0.0},{"damage_healed":0.0,"max_hp_gain":0.0,"max_hp_loss":0.0,"gold_gain":0.0,"event_name":"WeMeetAgain","player_choice":"Paid Gold","floor":4.0,"gold_loss":77.0,"damage_taken":0.0,"relics_obtained":["Red Skull"]},{"cards_removed":["Entrench"],"damage_healed":0.0,"max_hp_gain":0.0,"max_hp_loss":0.0,"gold_gain":0.0,"event_name":"Beggar","player_choice":"Gave Gold","floor":19.0,"gold_loss":75.0,"damage_taken":0.0},{"damage_healed":0.0,"max_hp_gain":0.0,"max_hp_loss":0.0,"gold_gain":0.0,"event_name":"Drug Dealer","player_choice":"Inject Mutagens","floor":27.0,"gold_loss":0.0,"damage_taken":0.0,"relics_obtained":["MutagenicStrength"]},{"damage_healed":0.0,"max_hp_gain":0.0,"max_hp_loss":0.0,"gold_gain":0.0,"event_name":"The Library","player_choice":"Read","floor":31.0,"gold_loss":0.0,"damage_taken":0.0,"cards_obtained":["Pommel Strike"]},{"damage_healed":0.0,"max_hp_gain":0.0,"max_hp_loss":4.0,"gold_gain":0.0,"event_name":"Winding Halls","player_choice":"Max HP","floor":36.0,"gold_loss":0.0,"damage_taken":0.0},{"damage_healed":0.0,"max_hp_gain":0.0,"max_hp_loss":0.0,"gold_gain":0.0,"event_name":"MindBloom","player_choice":"Fight","floor":38.0,"gold_loss":0.0,"damage_taken":0.0},{"damage_healed":0.0,"max_hp_gain":0.0,"max_hp_loss":0.0,"gold_gain":0.0,"event_name":"Duplicator","player_choice":"Copied","floor":39.0,"gold_loss":0.0,"damage_taken":0.0,"cards_obtained":["Sentinel"]},{"damage_healed":0,"gold_gain":0,"player_choice":"Ignored","damage_taken":0,"max_hp_gain":0,"max_hp_loss":0,"event_name":"Tomb of Lord Red Mask","floor":48,"gold_loss":0}],"is_beta":true,"boss_relics":[{"not_picked":["Tiny House","Coffee Dripper"],"picked":"Sozu"},{"not_picked":["Velvet Choker","Mark of Pain"],"picked":"Fusion Hammer"}],"items_purged_floors":[53],"is_endless":false,"potions_floor_spawned":[6,8,12,13,18,21,23,28,38,41,42,46],"ascension_level":5}}