{"host":"yn8qackkbxgt4nh1","time":1610764298,"event":{"mods":["BaseMod","Colored Map","Colored Powertips","DeckTracker","Minty Spire (QoL Compilation)","SuperFastMode"],"gold_per_floor":[117,117,117,136,150,150,212,241,313,313,160,160,160,175,175,175,175],"floor_reached":16,"language":"KOR","playtime":1582,"items_purged":["Strike_G"],"score":259,"play_id":"5b0656da-a901-441a-8ee4-1a9b6b344dbf","local_time":"20210116113138","is_ascension_mode":true,"campfire_choices":[{"data":"Sucker Punch","floor":6,"key":"SMITH"},{"floor":10,"key":"REST"},{"floor":12,"key":"REST"},{"data":"Neutralize","floor":15,"key":"SMITH"}],"circlet_count":0,"master_deck":["AscendersBane","Strike_G","Strike_G","Strike_G","Defend_G","Defend_G","Defend_G","Defend_G","Defend_G","Survivor","Neutralize+1","Sucker Punch+1","Cloak And Dagger","Predator+1","Heel Hook+1"],"relics":["Busted Crown","Dream Catcher","Molten Egg 2","Darkstone Periapt"],"acts_visited":["Exordium"],"potions_floor_usage":[8,16],"damage_taken":[{"damage":0,"enemies":"Small Slimes","floor":1,"turns":4},{"damage":0,"enemies":"2 Louse","floor":4,"turns":4},{"damage":0,"enemies":"Jaw Worm","floor":5,"turns":4},{"damage":45,"enemies":"3 Sentries","floor":7,"turns":14},{"damage":29,"enemies":"Lagavulin","floor":8,"turns":11},{"damage":4,"enemies":"Exordium Wildlife","floor":14,"turns":5},{"damage":40,"enemies":"The Guardian","floor":16,"turns":12}],"seed_played":"7746903321894607820","potions_obtained":[{"floor":4,"key":"Regen Potion"},{"floor":7,"key":"Weak Potion"}],"is_trial":false,"path_per_floor":["M","?","?","M","M","R","?","E","T","R","$","R","?","M","R","B"],"character_chosen":"THE_SILENT","items_purchased":["Predator+1"],"campfire_rested":2,"item_purchase_floors":[11],"current_hp_per_floor":[59,59,64,64,64,64,19,5,5,26,26,47,40,36,36,0,0],"gold":175,"neow_bonus":"BOSS_RELIC","is_daily":false,"chose_seed":false,"campfire_upgraded":2,"win_rate":0.0,"timestamp":1610764298,"path_taken":["M","?","?","?","M","R","?","E","T","R","?","R","?","?","R","BOSS"],"items_purchased_type":["Card"],"build_version":"2020-12-22","purchased_purges":1,"victory":false,"max_hp_per_floor":[66,66,71,71,71,71,71,71,71,71,71,71,71,71,71,71,71],"card_choices":[{"not_picked":[],"picked":"Sucker Punch","floor":1},{"not_picked":["Prepared"],"picked":"SKIP","floor":4},{"not_picked":["PiercingWail"],"picked":"SKIP","floor":5},{"not_picked":[],"picked":"Cloak And Dagger","floor":8},{"not_picked":[],"picked":"Heel Hook+1","floor":14}],"player_experience":682438,"relics_obtained":[{"floor":7,"key":"Dream Catcher"},{"floor":8,"key":"Molten Egg 2"},{"floor":9,"key":"Darkstone Periapt"}],"event_choices":[{"damage_healed":0,"gold_gain":0,"player_choice":"Ignored","damage_taken":0,"max_hp_gain":0,"max_hp_loss":0,"event_name":"Liars Game","floor":2,"gold_loss":0},{"damage_healed":0,"gold_gain":0,"player_choice":"Donut","damage_taken":0,"max_hp_gain":5,"max_hp_loss":0,"event_name":"Big Fish","floor":3,"gold_loss":0},{"damage_healed":0,"gold_gain":30,"player_choice":"Searched \u00272\u0027 times","damage_taken":0,"max_hp_gain":0,"max_hp_loss":0,"event_name":"Dead Adventurer","floor":7,"gold_loss":0},{"cards_removed":["Strike_G"],"damage_healed":0,"gold_gain":0,"player_choice":"Card Removal","damage_taken":7,"max_hp_gain":0,"max_hp_loss":0,"event_name":"Golden Wing","floor":13,"gold_loss":0}],"is_beta":false,"boss_relics":[],"items_purged_floors":[11],"is_endless":false,"potions_floor_spawned":[4,7],"killed_by":"The Guardian","ascension_level":15}}