{"host":"mydft8i2zzydgggw","time":1610837869,"event":{"mods":["AchievementEnabler","BaseMod","BetterRewards","Colored Map","Colored Powertips","DeckTracker","Keyboard Shortcuts","Minty Spire (QoL Compilation)","Rare Cards Sparkle","StSLib","SuperFastMode","everything is the same but u backflip on backflip"],"gold_per_floor":[109,126,143,93,103,103,103,103,103,129,144,155,6,18,18,116,116,130,130,130,130,229,229,229,66,66,83,83,8,34,48,48,151,151,171,96,96,146,156,185,185,205,205,205,205,205,205,217,217,217],"floor_reached":51,"language":"KOR","playtime":1045,"items_purged":["Defend_B"],"score":978,"play_id":"cea9ba18-b23e-44c4-a42d-4e4259bfd14a","local_time":"20210117075749","is_ascension_mode":true,"campfire_choices":[{"data":"1","floor":6.0,"key":"LIFT"},{"data":"2","floor":8.0,"key":"LIFT"},{"floor":15.0,"key":"REST"},{"floor":23.0,"key":"REST"},{"floor":32,"key":"REST"},{"floor":41,"key":"REST"},{"data":"Coolheaded","floor":46,"key":"SMITH"},{"data":"Zap","floor":49,"key":"SMITH"}],"circlet_count":0,"master_deck":["Zap+1","Dualcast","Streamline","Blizzard","Conserve Battery","Buffer+1","CurseOfTheBell","Turbo+1","White Noise","Core Surge","Electrodynamics","Seek","Buffer+1","Coolheaded+1","White Noise+1","Static Discharge+1"],"relics":["Cracked Core","Girya","Mummified Hand","Pantograph","Runic Capacitor","Calling Bell","Juzu Bracelet","Ornamental Fan","Ice Cream","Nilry\u0027s Codex","Cables","DataDisk","Nuclear Battery","Dead Branch","Sundial","Singing Bowl","MealTicket"],"acts_visited":["Exordium","TheCity","TheBeyond"],"potions_floor_usage":[31,38,39],"damage_taken":[{"damage":3.0,"enemies":"Jaw Worm","floor":1.0,"turns":4.0},{"damage":0.0,"enemies":"Small Slimes","floor":2.0,"turns":3.0},{"damage":1.0,"enemies":"2 Louse","floor":3.0,"turns":3.0},{"damage":3.0,"enemies":"2 Fungi Beasts","floor":5.0,"turns":4.0},{"damage":30.0,"enemies":"3 Sentries","floor":10.0,"turns":7.0},{"damage":5.0,"enemies":"Gremlin Gang","floor":11.0,"turns":5.0},{"damage":5.0,"enemies":"Looter","floor":12.0,"turns":3.0},{"damage":8.0,"enemies":"3 Louse","floor":14.0,"turns":3.0},{"damage":27.0,"enemies":"Hexaghost","floor":16.0,"turns":9.0},{"damage":34.0,"enemies":"Shell Parasite","floor":18.0,"turns":11.0},{"damage":2.0,"enemies":"Spheric Guardian","floor":27.0,"turns":3.0},{"damage":8,"enemies":"Snake Plant","floor":31,"turns":2},{"damage":13,"enemies":"Automaton","floor":33,"turns":8},{"damage":0,"enemies":"Orb Walker","floor":35,"turns":3},{"damage":16,"enemies":"2 Orb Walkers","floor":38,"turns":4},{"damage":0,"enemies":"3 Shapes","floor":39,"turns":2},{"damage":38,"enemies":"Nemesis","floor":40,"turns":5},{"damage":13,"enemies":"Sphere and 2 Shapes","floor":42,"turns":3},{"damage":17,"enemies":"4 Shapes","floor":48,"turns":2},{"damage":17,"enemies":"Donu and Deca","floor":50,"turns":8}],"seed_played":"-8339283910560827246","potions_obtained":[{"floor":2.0,"key":"FearPotion"},{"floor":11.0,"key":"SkillPotion"},{"floor":14.0,"key":"GamblersBrew"},{"floor":16.0,"key":"Ancient Potion"},{"floor":35,"key":"ColorlessPotion"},{"floor":38,"key":"SkillPotion"}],"is_trial":false,"path_per_floor":["M","M","M","?","M","R","?","R","T","E","M","M","$","M","R","B",null,"M","?","?","?","?","R","?","$","T","M","?","?","T","M","R","B",null,"M","$","?","?","M","E","R","M","T","?","?","R","?","M","R","B",null],"character_chosen":"DEFECT","items_purchased":["Runic Capacitor","Electrodynamics"],"campfire_rested":4,"item_purchase_floors":[13,25],"current_hp_per_floor":[65,65,64,64,61,61,61,61,61,31,26,21,21,13,33,31,59,25,9,9,9,9,29,29,29,29,27,27,27,27,19,39,51,64,64,64,64,48,48,10,30,17,17,59,59,59,59,44,44,44],"gold":217,"neow_bonus":"ONE_RARE_RELIC","is_daily":false,"chose_seed":false,"campfire_upgraded":2,"win_rate":0.0,"timestamp":1610837869,"path_taken":["M","M","M","?","M","R","?","R","T","E","M","M","$","M","R","BOSS","M","?","?","?","?","R","?","$","T","M","?","?","?","M","R","BOSS","M","$","?","?","M","E","R","M","T","?","?","R","?","M","R","BOSS"],"items_purchased_type":["Relic","Card"],"build_version":"2020-12-22","purchased_purges":1,"victory":true,"max_hp_per_floor":[68,68,68,68,68,68,68,68,68,68,68,68,68,68,68,68,68,68,68,68,68,68,68,68,68,68,68,68,68,68,68,68,68,68,68,68,68,68,68,68,68,68,68,59,59,59,59,61,61,61],"card_choices":[{"not_picked":["Redo","Aggregate","Cold Snap"],"picked":"SKIP","floor":1.0},{"not_picked":["Ball Lightning","Beam Cell"],"picked":"Streamline","floor":2.0},{"not_picked":["Force Field","Scrape","Thunder Strike"],"picked":"SKIP","floor":3.0},{"not_picked":["Tempest","Beam Cell","Sweeping Beam"],"picked":"SKIP","floor":5.0},{"not_picked":["Cold Snap","Tempest","Go for the Eyes"],"picked":"SKIP","floor":10.0},{"not_picked":["Sunder","Rebound"],"picked":"Coolheaded","floor":11.0},{"not_picked":["Gash","Hello World"],"picked":"Blizzard","floor":12.0},{"not_picked":["Hologram","Turbo"],"picked":"Conserve Battery","floor":14.0},{"not_picked":["Fission","Hyperbeam"],"picked":"Buffer","floor":16.0},{"not_picked":["Leap","Compile Driver+1"],"picked":"Turbo+1","floor":18.0},{"not_picked":["Fission","Stack+1"],"picked":"Heatsinks","floor":27.0},{"not_picked":["Cold Snap+1","Steam","Hologram"],"picked":"SKIP","floor":31},{"not_picked":["Creative AI","All For One"],"picked":"Seek","floor":33},{"not_picked":["Steam Power+1","Conserve Battery","Go for the Eyes"],"picked":"SKIP","floor":35},{"not_picked":["Aggregate+1","Redo"],"picked":"Coolheaded","floor":38},{"not_picked":["Coolheaded","Melter","Conserve Battery"],"picked":"SKIP","floor":39},{"not_picked":["Electrodynamics","Streamline+1"],"picked":"White Noise+1","floor":40},{"not_picked":["Redo","Tempest"],"picked":"Static Discharge+1","floor":42},{"not_picked":["Leap","Sweeping Beam","Hologram"],"picked":"Singing Bowl","floor":48}],"player_experience":173295,"relics_obtained":[{"floor":9.0,"key":"Mummified Hand"},{"floor":10.0,"key":"Pantograph"},{"floor":17.0,"key":"Juzu Bracelet"},{"floor":17.0,"key":"Ornamental Fan"},{"floor":17.0,"key":"Ice Cream"},{"floor":19.0,"key":"Nilry\u0027s Codex"},{"floor":26.0,"key":"Cables"},{"floor":30.0,"key":"DataDisk"},{"floor":38,"key":"Dead Branch"},{"floor":40,"key":"Sundial"},{"floor":43,"key":"Singing Bowl"}],"event_choices":[{"cards_removed":["Strike_B"],"damage_healed":0.0,"max_hp_gain":0.0,"max_hp_loss":0.0,"gold_gain":0.0,"event_name":"The Cleric","player_choice":"Card Removal","floor":4.0,"gold_loss":50.0,"damage_taken":0.0},{"cards_removed":["Strike_B"],"damage_healed":0.0,"max_hp_gain":0.0,"max_hp_loss":0.0,"gold_gain":0.0,"event_name":"Living Wall","player_choice":"Forget","floor":7.0,"gold_loss":0.0,"damage_taken":0.0},{"damage_healed":0.0,"max_hp_gain":0.0,"max_hp_loss":0.0,"gold_gain":0.0,"event_name":"Cursed Tome","player_choice":"Obtained Book","floor":19.0,"gold_loss":0.0,"damage_taken":16.0},{"damage_healed":0.0,"max_hp_gain":0.0,"max_hp_loss":0.0,"gold_gain":0.0,"event_name":"Accursed Blacksmith","player_choice":"Forge","floor":20.0,"gold_loss":0.0,"damage_taken":0.0,"cards_upgraded":["Buffer"]},{"cards_removed":["Strike_B"],"damage_healed":0.0,"max_hp_gain":0.0,"max_hp_loss":0.0,"gold_gain":0.0,"event_name":"Back to Basics","player_choice":"Elegance","floor":21.0,"gold_loss":0.0,"damage_taken":0.0},{"damage_healed":0.0,"max_hp_gain":0.0,"max_hp_loss":0.0,"gold_gain":99.0,"event_name":"Nest","player_choice":"Stole From Cult","floor":22.0,"gold_loss":0.0,"damage_taken":0.0},{"damage_healed":0.0,"max_hp_gain":0.0,"max_hp_loss":0.0,"gold_gain":0.0,"cards_transformed":["Strike_B","Defend_B"],"event_name":"Drug Dealer","player_choice":"Became Test Subject","floor":24.0,"gold_loss":0.0,"damage_taken":0.0,"cards_obtained":["White Noise","Core Surge"]},{"cards_removed":["Defend_B"],"damage_healed":0.0,"max_hp_gain":0.0,"max_hp_loss":0.0,"gold_gain":0.0,"event_name":"Purifier","player_choice":"Purged","floor":28.0,"gold_loss":0.0,"damage_taken":0.0},{"cards_removed":["Defend_B"],"damage_healed":0.0,"max_hp_gain":0.0,"max_hp_loss":0.0,"gold_gain":0.0,"event_name":"Beggar","player_choice":"Gave Gold","floor":29.0,"gold_loss":75.0,"damage_taken":0.0},{"damage_healed":0,"gold_gain":0,"player_choice":"Copied","damage_taken":0,"max_hp_gain":0,"max_hp_loss":0,"event_name":"Duplicator","floor":37,"gold_loss":0,"cards_obtained":["Buffer"]},{"damage_healed":0,"gold_gain":0,"player_choice":"Fight","damage_taken":0,"max_hp_gain":0,"max_hp_loss":0,"event_name":"Mysterious Sphere","floor":38,"gold_loss":0},{"damage_healed":59,"gold_gain":0,"player_choice":"Heal","damage_taken":0,"max_hp_gain":0,"max_hp_loss":9,"event_name":"The Moai Head","floor":44,"gold_loss":0},{"cards_removed":["Heatsinks"],"damage_healed":0,"gold_gain":0,"player_choice":"Gave Card","damage_taken":0,"relics_obtained":["MealTicket"],"max_hp_gain":0,"max_hp_loss":0,"event_name":"WeMeetAgain","floor":45,"gold_loss":0},{"cards_removed":["Coolheaded"],"damage_healed":0,"gold_gain":0,"player_choice":"Removed Skill","damage_taken":0,"max_hp_gain":0,"max_hp_loss":0,"event_name":"Falling","floor":47,"gold_loss":0}],"is_beta":false,"boss_relics":[{"not_picked":["Runic Dome","Black Star"],"picked":"Calling Bell"},{"not_picked":["Velvet Choker","SlaversCollar"],"picked":"Nuclear Battery"}],"items_purged_floors":[36],"is_endless":false,"potions_floor_spawned":[2,11,14,16,35,38],"ascension_level":9}}