{"host":"kh6fvhxn285ncg0o","time":1610818146,"event":{"mods":["Act Like it!","BaseMod","Colored Map","Friendly Minions","Keyboard Shortcuts","Minty Spire (QoL Compilation)","Quick Restart","Relic Stats","StSLib","SuperFastMode"],"gold_per_floor":[368,379,379,141,157,157,191,211,265,276,303,303,328,328,328,400,400,413,423,74,74,85,112,112,137,137,162,181,213,213,213,213,288,288,301,316,341,389,407,434,309,341,395,395,424,437,437,287,287,287,287,287,287,13,41,41],"floor_reached":57,"language":"KOR","playtime":1802,"items_purged":["Strike_R","Strike_R","Strike_R","Bash","Wild Strike"],"score":3597,"play_id":"fdb13af8-8cf6-4130-85fc-a4ae99c94664","local_time":"20210117022906","is_ascension_mode":true,"campfire_choices":[{"data":"Fire Breathing","floor":6.0,"key":"SMITH"},{"data":"Feed","floor":15.0,"key":"SMITH"},{"data":"Burning Pact","floor":24.0,"key":"SMITH"},{"floor":30.0,"key":"REST"},{"data":"Body Slam","floor":32.0,"key":"SMITH"},{"data":"Offering","floor":44.0,"key":"SMITH"},{"data":"Feel No Pain","floor":47.0,"key":"SMITH"},{"floor":49.0,"key":"RECALL"},{"data":"Second Wind","floor":53.0,"key":"SMITH"}],"circlet_count":0,"master_deck":["AscendersBane","Defend_R","Defend_R","Defend_R","Defend_R","Fire Breathing+1","Feel No Pain+1","Seeing Red","Feed+1","Barricade","Burning Pact+1","Battle Trance","Shrug It Off","Second Wind+1","Injury","Body Slam+1","Impervious","Offering+1","Decay","Evolve+1","Doubt"],"relics":["Burning Blood","Shuriken","TheAbacus","Lantern","Red Skull","Prayer Wheel","WingedGreaves","Cursed Key","Centennial Puzzle","Bronze Scales","Unceasing Top","FossilizedHelix","Tiny Chest","Vajra","Runic Dome","Lizard Tail","Mummified Hand","Anchor","Boot","CeramicFish","Membership Card","Bottled Lightning"],"acts_visited":["Exordium","TheCity","TheBeyond","TheEnding"],"potions_floor_usage":[56,56],"damage_taken":[{"damage":7.0,"enemies":"Cultist","floor":1.0,"turns":4.0},{"damage":11.0,"enemies":"Jaw Worm","floor":2.0,"turns":4.0},{"damage":1.0,"enemies":"Small Slimes","floor":5.0,"turns":4.0},{"damage":24.0,"enemies":"Lagavulin","floor":7.0,"turns":6.0},{"damage":12.0,"enemies":"Looter","floor":8.0,"turns":4.0},{"damage":3.0,"enemies":"Blue Slaver","floor":10.0,"turns":2.0},{"damage":5.0,"enemies":"Gremlin Nob","floor":11.0,"turns":3.0},{"damage":10.0,"enemies":"3 Sentries","floor":13.0,"turns":4.0},{"damage":8.0,"enemies":"Slime Boss","floor":16.0,"turns":6.0},{"damage":33.0,"enemies":"Shell Parasite","floor":18.0,"turns":6.0},{"damage":0.0,"enemies":"Chosen","floor":19.0,"turns":3.0},{"damage":0.0,"enemies":"3 Cultists","floor":22.0,"turns":5.0},{"damage":29.0,"enemies":"Book of Stabbing","floor":23.0,"turns":6.0},{"damage":0.0,"enemies":"Gremlin Leader","floor":25.0,"turns":6.0},{"damage":21.0,"enemies":"Slavers","floor":27.0,"turns":4.0},{"damage":8.0,"enemies":"Snake Plant","floor":28.0,"turns":4.0},{"damage":16.0,"enemies":"Gremlin Leader","floor":29.0,"turns":7.0},{"damage":0.0,"enemies":"Champ","floor":33.0,"turns":7.0},{"damage":0.0,"enemies":"Orb Walker","floor":35.0,"turns":4.0},{"damage":21.0,"enemies":"3 Darklings","floor":36.0,"turns":4.0},{"damage":0.0,"enemies":"Mind Bloom Boss Battle","floor":37.0,"turns":5.0},{"damage":18.0,"enemies":"2 Orb Walkers","floor":38.0,"turns":5.0},{"damage":0.0,"enemies":"Spire Growth","floor":39.0,"turns":4.0},{"damage":6.0,"enemies":"Nemesis","floor":40.0,"turns":3.0},{"damage":28.0,"enemies":"Reptomancer","floor":42.0,"turns":7.0},{"damage":0.0,"enemies":"Nemesis","floor":45.0,"turns":5.0},{"damage":6.0,"enemies":"Maw","floor":46.0,"turns":4.0},{"damage":0.0,"enemies":"Awakened One","floor":50.0,"turns":6.0},{"damage":14.0,"enemies":"Time Eater","floor":51.0,"turns":7.0},{"damage":36.0,"enemies":"Shield and Spear","floor":55.0,"turns":3.0},{"damage":0,"enemies":"The Heart","floor":56,"turns":6}],"seed_played":"-9208759827487191501","potions_obtained":[{"floor":1.0,"key":"SpeedPotion"},{"floor":5.0,"key":"Strength Potion"},{"floor":7.0,"key":"AttackPotion"},{"floor":8.0,"key":"PowerPotion"},{"floor":16.0,"key":"SneckoOil"},{"floor":22.0,"key":"Strength Potion"},{"floor":25.0,"key":"AttackPotion"},{"floor":27.0,"key":"GamblersBrew"},{"floor":29.0,"key":"LiquidBronze"},{"floor":37.0,"key":"Swift Potion"},{"floor":45.0,"key":"PowerPotion"}],"is_trial":false,"path_per_floor":["M","M","?","$","M","R","E","M","T","M","E","?","E","?","R","B",null,"M","M","$","?","M","E","R","E","T","E","M","E","R","?","R","B",null,"M","M","?","?","M","E","$","E","T","R","E","M","R","$","R","B","B",null,"R","$","E","B",null],"character_chosen":"IRONCLAD","items_purchased":["TheAbacus","Centennial Puzzle","Second Wind","Membership Card","Dexterity Potion"],"campfire_rested":1,"item_purchase_floors":[4,20,20,54,54],"current_hp_per_floor":[49,44,44,44,49,49,31,25,25,28,29,29,25,18,18,16,60,37,43,43,43,53,30,30,36,36,25,23,13,39,39,39,49,81,87,72,78,70,80,80,80,62,62,62,72,76,76,76,76,86,78,106,106,106,76,82],"gold":41,"neow_bonus":"TWO_FIFTY_GOLD","is_daily":false,"chose_seed":false,"campfire_upgraded":7,"win_rate":0.0,"timestamp":1610818146,"path_taken":["M","?","?","$","?","R","E","M","T","M","E","?","E","?","R","BOSS","M","M","$","?","M","E","R","E","T","E","M","E","R","?","R","BOSS","M","M","?","?","M","E","?","E","T","R","E","M","R","$","R","BOSS","BOSS","R","$","E","BOSS"],"items_purchased_type":["Relic","Relic","Card","Relic","Potion"],"build_version":"2020-12-22","purchased_purges":5,"victory":true,"max_hp_per_floor":[75,75,75,75,75,75,75,75,75,75,75,75,75,75,75,75,75,79,79,79,79,83,83,83,83,83,87,87,87,87,87,87,91,91,91,91,91,95,99,99,99,103,103,103,107,111,111,111,111,115,115,115,115,115,115,115],"relic_stats":{"counters":[31,148],"CeramicFish":0,"Cursed Key":3,"Boot":[8],"Burning Blood":186,"Centennial Puzzle":[33],"Lizard Tail":0,"TheAbacus":[738],"Shuriken":[17],"Mummified Hand":[22],"Bronze Scales":[341],"Prayer Wheel":8,"Tiny Chest":1,"obtain_stats":[{"Lantern":7,"CeramicFish":45,"Vajra":29,"Cursed Key":17,"Boot":43,"Burning Blood":0,"Runic Dome":34,"Centennial Puzzle":20,"Lizard Tail":37,"Anchor":42,"TheAbacus":4,"Shuriken":3,"Mummified Hand":40,"Bronze Scales":23,"Prayer Wheel":11,"Tiny Chest":27,"WingedGreaves":13,"Membership Card":54,"Bottled Lightning":55,"Red Skull":9,"Unceasing Top":25,"FossilizedHelix":26},{"Lantern":4,"CeramicFish":26,"Vajra":17,"Cursed Key":9,"Boot":25,"Burning Blood":0,"Runic Dome":18,"Centennial Puzzle":11,"Lizard Tail":21,"Anchor":25,"TheAbacus":2,"Shuriken":2,"Mummified Hand":24,"Bronze Scales":13,"Prayer Wheel":7,"Tiny Chest":15,"WingedGreaves":8,"Membership Card":29,"Bottled Lightning":30,"Red Skull":5,"Unceasing Top":14,"FossilizedHelix":14},{"Lantern":18,"CeramicFish":122,"Vajra":78,"Cursed Key":37,"Boot":117,"Burning Blood":0,"Runic Dome":85,"Centennial Puzzle":46,"Lizard Tail":98,"Anchor":117,"TheAbacus":8,"Shuriken":8,"Mummified Hand":110,"Bronze Scales":57,"Prayer Wheel":27,"Tiny Chest":67,"WingedGreaves":31,"Membership Card":139,"Bottled Lightning":142,"Red Skull":22,"Unceasing Top":63,"FossilizedHelix":63}],"Unceasing Top":[10]},"card_choices":[{"not_picked":["Havoc","Armaments"],"picked":"Uppercut","floor":1.0},{"not_picked":["Carnage","Wild Strike"],"picked":"Fire Breathing","floor":2.0},{"not_picked":["Thunderclap","Dropkick"],"picked":"Wild Strike","floor":5.0},{"not_picked":["Combust","Sword Boomerang"],"picked":"Feel No Pain","floor":7.0},{"not_picked":["Cleave","Sever Soul"],"picked":"Seeing Red","floor":8.0},{"not_picked":["Flame Barrier","Disarm"],"picked":"Feed","floor":11.0},{"not_picked":["Cleave","Rampage","Metallicize"],"picked":"SKIP","floor":13.0},{"not_picked":["Limit Break","Bludgeon"],"picked":"Barricade","floor":16.0},{"not_picked":["Warcry","Flex"],"picked":"Burning Pact","floor":18.0},{"not_picked":["Infernal Blade","Hemokinesis","Dropkick"],"picked":"SKIP","floor":18.0},{"not_picked":["Rage","Perfected Strike"],"picked":"Battle Trance","floor":19.0},{"not_picked":["Iron Wave+1","Searing Blow"],"picked":"Shrug It Off","floor":19.0},{"not_picked":["Clash","Cleave","Perfected Strike"],"picked":"SKIP","floor":22.0},{"not_picked":["Shrug It Off","Bludgeon","Inflame"],"picked":"SKIP","floor":22.0},{"not_picked":["Heavy Blade","Iron Wave","Sword Boomerang+1"],"picked":"SKIP","floor":23.0},{"not_picked":["True Grit","Sword Boomerang","Thunderclap"],"picked":"SKIP","floor":25.0},{"not_picked":["Thunderclap","Sword Boomerang"],"picked":"Body Slam","floor":27.0},{"not_picked":["Pommel Strike","Headbutt","Flex"],"picked":"SKIP","floor":28.0},{"not_picked":["Cleave","Twin Strike","Wild Strike"],"picked":"SKIP","floor":28.0},{"not_picked":["Pommel Strike","Bloodletting"],"picked":"Impervious","floor":29.0},{"not_picked":["Corruption","Demon Form"],"picked":"Offering","floor":33.0},{"not_picked":["Shrug It Off+1","Flame Barrier+1","Anger"],"picked":"SKIP","floor":35.0},{"not_picked":["Clash","Anger","Twin Strike"],"picked":"SKIP","floor":35.0},{"not_picked":["Pommel Strike","Feel No Pain+1","Armaments"],"picked":"SKIP","floor":36.0},{"not_picked":["Headbutt+1","Warcry","Pummel"],"picked":"SKIP","floor":36.0},{"not_picked":["Heavy Blade","Twin Strike+1","Clash"],"picked":"SKIP","floor":39.0},{"not_picked":["Immolate","Reckless Charge","Anger"],"picked":"SKIP","floor":39.0},{"not_picked":["True Grit","Pummel","Hemokinesis+1"],"picked":"SKIP","floor":40.0},{"not_picked":["Clash+1","Rage"],"picked":"Evolve+1","floor":42.0},{"not_picked":["Pummel","Anger","Reckless Charge+1"],"picked":"SKIP","floor":45.0},{"not_picked":["Intimidate","Cleave","Anger"],"picked":"SKIP","floor":46.0},{"not_picked":["Havoc","Flex","Pummel"],"picked":"SKIP","floor":46.0},{"not_picked":["Rage","Spot Weakness","Exhume"],"picked":"SKIP","floor":55.0}],"player_experience":3468419,"relics_obtained":[{"floor":7.0,"key":"Lantern"},{"floor":9.0,"key":"Red Skull"},{"floor":11.0,"key":"Prayer Wheel"},{"floor":13.0,"key":"WingedGreaves"},{"floor":23.0,"key":"Bronze Scales"},{"floor":25.0,"key":"Unceasing Top"},{"floor":26.0,"key":"FossilizedHelix"},{"floor":27.0,"key":"Tiny Chest"},{"floor":29.0,"key":"Vajra"},{"floor":37.0,"key":"Lizard Tail"},{"floor":40.0,"key":"Mummified Hand"},{"floor":42.0,"key":"Anchor"},{"floor":43.0,"key":"Boot"},{"floor":45.0,"key":"CeramicFish"},{"floor":55.0,"key":"Bottled Lightning"}],"event_choices":[{"cards_removed":["Uppercut"],"damage_healed":0.0,"max_hp_gain":0.0,"max_hp_loss":0.0,"gold_gain":0.0,"event_name":"WeMeetAgain","player_choice":"Gave Card","floor":3.0,"gold_loss":0.0,"damage_taken":0.0,"relics_obtained":["Shuriken"]},{"cards_removed":["Strike_R"],"damage_healed":0.0,"max_hp_gain":0.0,"max_hp_loss":0.0,"gold_gain":0.0,"event_name":"Living Wall","player_choice":"Forget","floor":12.0,"gold_loss":0.0,"damage_taken":0.0},{"cards_removed":["Strike_R"],"damage_healed":0.0,"max_hp_gain":0.0,"max_hp_loss":0.0,"gold_gain":0.0,"event_name":"Golden Wing","player_choice":"Card Removal","floor":14.0,"gold_loss":0.0,"damage_taken":7.0},{"damage_healed":0.0,"max_hp_gain":0.0,"max_hp_loss":0.0,"gold_gain":0.0,"event_name":"Cursed Tome","player_choice":"Ignored","floor":21.0,"gold_loss":0.0,"damage_taken":0.0},{"damage_healed":0.0,"max_hp_gain":0.0,"max_hp_loss":0.0,"gold_gain":0.0,"event_name":"Vampires","player_choice":"Ignored","floor":31.0,"gold_loss":0.0,"damage_taken":0.0},{"damage_healed":0.0,"max_hp_gain":0.0,"max_hp_loss":0.0,"gold_gain":0.0,"event_name":"MindBloom","player_choice":"Fight","floor":37.0,"gold_loss":0.0,"damage_taken":0.0},{"damage_healed":0.0,"max_hp_gain":0.0,"max_hp_loss":0.0,"gold_gain":0.0,"event_name":"Mysterious Sphere","player_choice":"Fight","floor":38.0,"gold_loss":0.0,"damage_taken":0.0}],"is_beta":false,"boss_relics":[{"not_picked":["Snecko Eye","Fusion Hammer"],"picked":"Cursed Key"},{"not_picked":["Philosopher\u0027s Stone","Mark of Pain"],"picked":"Runic Dome"}],"items_purged_floors":[4,20,41,48,54],"is_endless":false,"potions_floor_spawned":[1,5,7,8,16,22,25,27,29,37,38,45],"ascension_level":20}}