{"host":"Jinnai","time":1610769551,"event":{"mods":["BaseMod","Bestiary","Block Reminder","Colored Map","Colored Powertips","Highlight Path","Minty Spire (QoL Compilation)","Quick Restart","Relic Stats","StSLib"],"gold_per_floor":[211,40,52,72,86,86,111,125,148,148,168,168,183,33,33,109,109,119,34,52,67,78,106,106,106,106,78,78,78,90,105,105,187,187,214,241,241,241,51,89,116,151,151,151,201,213,213,213,213],"floor_reached":48,"language":"ENG","playtime":5399,"items_purged":[],"score":998,"play_id":"3834c277-5efd-49c3-98b7-5efa52f91b57","local_time":"20210115225911","is_ascension_mode":true,"campfire_choices":[{"data":"Blade Dance","floor":6,"key":"SMITH"},{"data":"Envenom","floor":10,"key":"SMITH"},{"data":"Neutralize","floor":12,"key":"SMITH"},{"data":"Cloak And Dagger","floor":15,"key":"SMITH"},{"floor":24,"key":"REST"},{"data":"After Image","floor":29,"key":"SMITH"},{"floor":32,"key":"REST"},{"floor":44,"key":"REST"},{"floor":47,"key":"REST"}],"circlet_count":0,"master_deck":["AscendersBane","Survivor","Neutralize+1","Slice","PiercingWail+1","Blade Dance+1","Envenom+1","Bane","Bane","Cloak And Dagger+1","Corpse Explosion+1","Cloak And Dagger","Escape Plan","Backflip","Heel Hook","Envenom","Endless Agony","After Image+1","Footwork","Venomology","Dash","Cloak And Dagger","Blur","Sucker Punch+1","Accuracy","After Image","Crippling Poison","Trip+1","Trip","Thinking Ahead","Blade Dance","Terror","Cloak And Dagger+1"],"relics":["Ring of the Snake","Sling","Lantern","Bag of Marbles","MealTicket","Pandora\u0027s Box","War Paint","CeramicFish","Tiny Chest","Cursed Key","Snake Skull","Pear","Orichalcum"],"acts_visited":["Exordium","TheCity","TheBeyond"],"potions_floor_usage":[7,16,21,22,23,23,31,33,33,41,42,46],"damage_taken":[{"damage":3,"enemies":"Jaw Worm","floor":1,"turns":4},{"damage":3,"enemies":"Cultist","floor":3,"turns":4},{"damage":4,"enemies":"Small Slimes","floor":4,"turns":4},{"damage":3,"enemies":"3 Louse","floor":5,"turns":3},{"damage":10,"enemies":"3 Sentries","floor":7,"turns":5},{"damage":9,"enemies":"Blue Slaver","floor":8,"turns":4},{"damage":6,"enemies":"Looter","floor":11,"turns":2},{"damage":9,"enemies":"Exordium Thugs","floor":13,"turns":3},{"damage":1,"enemies":"Hexaghost","floor":16,"turns":7},{"damage":0,"enemies":"Chosen","floor":18,"turns":3},{"damage":4,"enemies":"Spheric Guardian","floor":20,"turns":6},{"damage":2,"enemies":"Snake Plant","floor":21,"turns":6},{"damage":14,"enemies":"Snecko","floor":22,"turns":5},{"damage":30,"enemies":"Gremlin Leader","floor":23,"turns":6},{"damage":0,"enemies":"Centurion and Healer","floor":30,"turns":5},{"damage":0,"enemies":"3 Cultists","floor":31,"turns":3},{"damage":28,"enemies":"Automaton","floor":33,"turns":9},{"damage":0,"enemies":"3 Shapes","floor":35,"turns":4},{"damage":15,"enemies":"Nemesis","floor":40,"turns":7},{"damage":22,"enemies":"3 Darklings","floor":41,"turns":5},{"damage":18,"enemies":"Reptomancer","floor":42,"turns":7},{"damage":11,"enemies":"Jaw Worm Horde","floor":46,"turns":3}],"seed_played":"7697749973822929061","potions_obtained":[{"floor":3,"key":"Strength Potion"},{"floor":4,"key":"Block Potion"},{"floor":8,"key":"LiquidBronze"},{"floor":21,"key":"BlessingOfTheForge"},{"floor":22,"key":"Regen Potion"},{"floor":23,"key":"Poison Potion"},{"floor":46,"key":"GhostInAJar"}],"is_trial":false,"path_per_floor":["M","$","M","M","M","R","E","M","T","R","M","R","M","?","R","B",null,"M","?","M","M","M","E","R","?","T","$","?","R","M","M","R","B",null,"M","?","?","T","$","E","M","E","T","R","?","M","R","M"],"character_chosen":"THE_SILENT","items_purchased":["Sling","Accuracy","Snake Skull","Blade Dance"],"campfire_rested":4,"item_purchase_floors":[2,27,39,39],"current_hp_per_floor":[56,56,53,49,46,46,36,27,27,27,21,21,12,12,12,11,52,52,52,48,46,32,17,36,36,36,51,33,33,33,33,54,26,60,60,50,50,50,65,60,38,20,20,44,44,33,57,0,0],"gold":213,"neow_bonus":"HUNDRED_GOLD","is_daily":false,"chose_seed":false,"campfire_upgraded":5,"win_rate":0.0,"timestamp":1610769551,"path_taken":["M","$","M","M","M","R","E","M","T","R","M","R","M","?","R","BOSS","M","?","M","M","M","E","R","?","T","$","?","R","M","M","R","BOSS","M","?","?","?","?","E","?","E","T","R","?","M","R","M"],"items_purchased_type":["Relic","Card","Relic","Card"],"build_version":"2020-12-18","purchased_purges":0,"victory":false,"max_hp_per_floor":[66,66,66,66,66,66,66,66,66,66,66,66,66,66,66,66,66,66,66,66,66,66,66,66,66,66,66,71,71,71,71,71,71,71,71,71,71,71,71,81,81,81,81,81,81,81,81,81,81],"relic_stats":{"counters":[23,108],"CeramicFish":81,"MealTicket":30,"Pandora\u0027s Box":["Cloak And Dagger","Escape Plan","Backflip","Heel Hook","Envenom","Endless Agony","After Image","Footwork","Venomology","Dash"],"Tiny Chest":1,"Snake Skull":[65],"War Paint":["Corpse Explosion","PiercingWail"],"Orichalcum":[6],"Cursed Key":0,"obtain_stats":[{"Lantern":7,"Pear":40,"CeramicFish":23,"Snake Skull":39,"War Paint":19,"Orichalcum":42,"Sling":2,"Cursed Key":34,"MealTicket":14,"Pandora\u0027s Box":17,"Tiny Chest":26,"Bag of Marbles":9,"Ring of the Snake":0},{"Lantern":5,"Pear":19,"CeramicFish":14,"Snake Skull":18,"War Paint":10,"Orichalcum":21,"Sling":1,"Cursed Key":17,"MealTicket":8,"Pandora\u0027s Box":9,"Tiny Chest":14,"Bag of Marbles":6,"Ring of the Snake":0},{"Lantern":20,"Pear":90,"CeramicFish":62,"Snake Skull":83,"War Paint":39,"Orichalcum":102,"Sling":4,"Cursed Key":79,"MealTicket":29,"Pandora\u0027s Box":36,"Tiny Chest":62,"Bag of Marbles":24,"Ring of the Snake":0}],"Ring of the Snake":[47]},"card_choices":[{"not_picked":["PiercingWail","Well Laid Plans"],"picked":"Slice","floor":1},{"not_picked":["Prepared","Catalyst"],"picked":"PiercingWail","floor":3},{"not_picked":["Dodge and Roll","PiercingWail"],"picked":"Dagger Throw","floor":4},{"not_picked":["Noxious Fumes","Infinite Blades"],"picked":"Blade Dance","floor":5},{"not_picked":["Poisoned Stab","Escape Plan"],"picked":"Envenom","floor":7},{"not_picked":["Finisher","Prepared"],"picked":"Bane","floor":8},{"not_picked":["Dagger Throw","Cloak And Dagger"],"picked":"Bane","floor":11},{"not_picked":["Endless Agony","Reflex"],"picked":"Cloak And Dagger","floor":13},{"not_picked":["Burst","Doppelganger"],"picked":"Corpse Explosion","floor":16},{"not_picked":["Dagger Throw","Calculated Gamble"],"picked":"Cloak And Dagger","floor":18},{"not_picked":["Prepared","Outmaneuver","Slice"],"picked":"SKIP","floor":20},{"not_picked":["Prepared","Tools of the Trade"],"picked":"Blur","floor":21},{"not_picked":["Poisoned Stab","Flying Knee+1"],"picked":"Sucker Punch+1","floor":22},{"not_picked":["Sucker Punch","Flying Knee","Setup"],"picked":"SKIP","floor":23},{"not_picked":["Dash","Bane","Acrobatics"],"picked":"SKIP","floor":30},{"not_picked":["Slice","Bouncing Flask","Outmaneuver"],"picked":"SKIP","floor":31},{"not_picked":["Adrenaline","Envenom"],"picked":"After Image","floor":33},{"not_picked":["Backflip","Distraction"],"picked":"Crippling Poison","floor":35},{"not_picked":["Dramatic Entrance","Panacea"],"picked":"Trip","floor":36},{"not_picked":["Panacea","Jack Of All Trades"],"picked":"Trip","floor":36},{"not_picked":["Mayhem","Purity"],"picked":"Thinking Ahead","floor":36},{"not_picked":["Sucker Punch","Dash"],"picked":"Terror","floor":40},{"not_picked":["Slice+1","Concentrate"],"picked":"Cloak And Dagger+1","floor":41},{"not_picked":["Flying Knee","Backflip","Prepared"],"picked":"SKIP","floor":42},{"not_picked":["Slice","Flying Knee","Poisoned Stab"],"picked":"SKIP","floor":46}],"player_experience":1516509,"relics_obtained":[{"floor":7,"key":"Lantern"},{"floor":9,"key":"Bag of Marbles"},{"floor":23,"key":"CeramicFish"},{"floor":26,"key":"Tiny Chest"},{"floor":40,"key":"Pear"},{"floor":42,"key":"Orichalcum"}],"event_choices":[{"damage_healed":0,"gold_gain":0,"player_choice":"Paid Gold","damage_taken":0,"relics_obtained":["MealTicket"],"max_hp_gain":0,"max_hp_loss":0,"event_name":"WeMeetAgain","floor":14,"gold_loss":150},{"damage_healed":0,"gold_gain":0,"player_choice":"Obtained Relic","damage_taken":0,"relics_obtained":["War Paint"],"max_hp_gain":0,"max_hp_loss":0,"event_name":"Addict","floor":19,"gold_loss":85},{"cards_removed":["Dagger Throw"],"damage_healed":0,"gold_gain":0,"player_choice":"Elegance","damage_taken":0,"max_hp_gain":0,"max_hp_loss":0,"event_name":"Back to Basics","floor":25,"gold_loss":0},{"damage_healed":0,"gold_gain":0,"player_choice":"Shed Blood","damage_taken":23,"max_hp_gain":5,"max_hp_loss":0,"event_name":"Forgotten Altar","floor":28,"gold_loss":0},{"damage_healed":0,"gold_gain":0,"player_choice":"Memory 3","damage_taken":10,"max_hp_gain":0,"max_hp_loss":0,"event_name":"SensoryStone","floor":36,"gold_loss":0},{"damage_healed":0,"gold_gain":0,"player_choice":"Upgraded","damage_taken":0,"max_hp_gain":0,"max_hp_loss":0,"event_name":"Upgrade Shrine","floor":37,"gold_loss":0,"cards_upgraded":["Trip"]},{"damage_healed":0,"gold_gain":50,"player_choice":"Pray","damage_taken":0,"max_hp_gain":0,"max_hp_loss":0,"event_name":"Golden Shrine","floor":45,"gold_loss":0}],"is_beta":true,"boss_relics":[{"not_picked":["Coffee Dripper","Philosopher\u0027s Stone"],"picked":"Pandora\u0027s Box"},{"not_picked":["Snecko Eye","Sozu"],"picked":"Cursed Key"}],"items_purged_floors":[],"is_endless":false,"potions_floor_spawned":[3,4,5,8,11,21,22,23,30,41,46],"killed_by":"Sphere and 2 Shapes","ascension_level":18}}