{"host":"px2oznrenyeljk7o","time":1610821709,"event":{"mods":["100% Spire Juice","A Magickal Journey","AchievementEnabler","Arknights The Spire","BaseMod","Better Altar","Better Match","Better Note","Better Sensory Stone","Better Third Choice","ChefMod","Colored Map","Conspire","Curses Come First","Evolution","GifTheSpireLib","GungeonMod","Hermit","KinomotoSakuraMod(????)","Koishi","Lobotomy","LobotomyExtend","Marisa????????","Minty Spire (QoL Compilation)","Nova Terra(??·??)","Poor People Problems","Potionbrewer","Random Character Button","Rare Cards Sparkle","Reimu??????","Replay The Spire","Robot Space Explorer","Small Relic Pack","Somnambulant","Spicy Shops","StSLib","Stuff the Spire","The Administrix","The Alterego","The Blackbeard","The Blue Laboratory","The Bug Knight","The Construct","The Cursed","The Disciple","The Gatherer","The Hayseed","The Hierophant","The Jungle","The Marked","The Runesmith","TheWitcher","Yakumo Yukari mod","Yuri Mod","everything is the same but u backflip on backflip","slay the spire mod where everything is the same but ironclad has a cowboy hat","??????REMEMod"],"gold_per_floor":[112,123,141,64,64,94,162,42,42,73,73,27,46,46,46,147,77,93,93,93,93],"floor_reached":20,"language":"ENG","playtime":2871,"items_purged":[],"score":180,"play_id":"bcd6a653-b11d-460f-b8c4-056d35e2268c","local_time":"20210116192829","is_ascension_mode":false,"campfire_choices":[{"floor":8,"key":"REST"},{"floor":11,"key":"REST"}],"circlet_count":0,"master_deck":["Moonworks:Strike","Moonworks:Strike","Moonworks:Strike+1","Moonworks:Strike","Moonworks:Defend+1","Moonworks:Defend","Moonworks:Defend+1","Moonworks:Defend","Moonworks:Ambush","Moonworks:LongDistanceShot","theMarked:Defy","Moonworks:JonathanRush","Moonworks:SweetBattle+1","Moonworks:LulusLuckyEgg","Moonworks:DevilHand","Delirium","Moonworks:Assault","Moonworks:BigBangBell","Moonworks:CloudOfSeagulls","Moonworks:FullSpeedAlicianrone","Moonworks:GoAway","Moonworks:LulusLuckyEgg","Moonworks:EvilSpyWorkPreparation+1","SafetyPray:ReiMu+1"],"relics":["Moonworks:BrokenBomb","Moonworks:Homemark","EVO:Axolotl","REME_ComplimentaryCards","War Paint","LetterFromLob","ReplayTheSpireMod:Ring of Addiction","Toy Ornithopter","White Beast Statue","conspire:TopHat","ReplayFunnel","Shuriken","Tiny House","DemoMod:GlassGuonStoneRelic"],"acts_visited":["Exordium","TheCity"],"potions_floor_usage":[10,13,16,16,18],"damage_taken":[{"damage":2.0,"enemies":"Small Slimes","floor":1.0,"turns":3.0},{"damage":1.0,"enemies":"2 Louse","floor":2.0,"turns":3.0},{"damage":6.0,"enemies":"Jaw Worm","floor":3.0,"turns":3.0},{"damage":18.0,"enemies":"HollowMod:MossKnight","floor":6.0,"turns":10.0},{"damage":22,"enemies":"3 Sentries","floor":10,"turns":7},{"damage":0,"enemies":"Exordium Wildlife","floor":13,"turns":2},{"damage":63,"enemies":"The Guardian","floor":16,"turns":11},{"damage":64,"enemies":"3 Byrds","floor":18,"turns":6},{"damage":4,"enemies":"conspire:FuzzyDice","floor":20,"turns":2}],"seed_played":"4874844929711957118","potions_obtained":[{"floor":2.0,"key":"blueLaboratory:FrostheartPotion"},{"floor":5.0,"key":"blueLaboratory:RecallPotion"},{"floor":5.0,"key":"potionbrewer:NoxiousPotion"},{"floor":5.0,"key":"potionbrewer:MidasPotion"},{"floor":10,"key":"blueLaboratory:PhilterOfMotion"},{"floor":13,"key":"blueLaboratory:FruitPunch"},{"floor":14,"key":"blueLaboratory:EnragingPotion"},{"floor":14,"key":"potionbrewer:NoxiousPotion"},{"floor":16,"key":"potionbrewer:ToxicPotion"},{"floor":17,"key":"blueLaboratory:CorrosionFlask"},{"floor":18,"key":"blueLaboratory:NullPotion"}],"is_trial":false,"path_per_floor":["M","M","M","$","?","E","?","R","T","E","R","$","M","?","R_BF","B",null,"M","?","M"],"character_chosen":"THE_STARBREAKER","items_purchased":["Moonworks:DevilHand","Moonworks:CloudOfSeagulls"],"campfire_rested":2,"item_purchase_floors":[4,12],"current_hp_per_floor":[58,57,51,51,51,43,43,60,60,36,53,53,58,58,58,4,65,1,1,0,0],"gold":93,"neow_bonus":"RANDOM_COMMON_RELIC","is_daily":false,"chose_seed":false,"campfire_upgraded":0,"win_rate":0.0,"timestamp":1610821709,"path_taken":["M","M","M","$","?","E","?","R","T","E","R","$","M","?","R_BF","BOSS","M","?","M"],"items_purchased_type":["Card","Card"],"build_version":"2020-12-22","purchased_purges":0,"victory":false,"max_hp_per_floor":[60,60,60,60,60,60,60,60,60,58,58,58,58,58,58,60,65,65,65,65,65],"card_choices":[{"not_picked":["Moonworks:FinalSurgery","Moonworks:ForcedRevival"],"picked":"Moonworks:JonathanRush","floor":1.0},{"not_picked":["Moonworks:DeployBits","Moonworks:CompletionReward"],"picked":"Moonworks:SweetBattle","floor":2.0},{"not_picked":["Moonworks:RedAndBlue","Moonworks:MixPhenomenon"],"picked":"Moonworks:LulusLuckyEgg","floor":3.0},{"not_picked":["Moonworks:CookingTime","Moonworks:UnluckyCharm"],"picked":"Moonworks:Assault","floor":6},{"not_picked":["Moonworks:SakisCookie","Moonworks:ImOnFire"],"picked":"Moonworks:BigBangBell","floor":10},{"not_picked":["Moonworks:IndiscriminateFireSupport","Moonworks:JonathanRush"],"picked":"Moonworks:FullSpeedAlicianrone","floor":13},{"not_picked":["Moonworks:AnotherUltimateWeapon","Moonworks:SubspaceTunnel"],"picked":"Moonworks:GoAway","floor":16},{"not_picked":["Moonworks:SealedMemories","Moonworks:CloudOfSeagulls"],"picked":"Moonworks:LulusLuckyEgg","floor":17},{"not_picked":["Moonworks:ImOnFire","Moonworks:AngelHand"],"picked":"Moonworks:EvilSpyWorkPreparation+1","floor":18}],"player_experience":481165,"relics_obtained":[{"floor":1.0,"key":"LetterFromLob"},{"floor":5.0,"key":"ReplayTheSpireMod:Ring of Addiction"},{"floor":5.0,"key":"Toy Ornithopter"},{"floor":5.0,"key":"White Beast Statue"},{"floor":6,"key":"conspire:TopHat"},{"floor":9,"key":"ReplayFunnel"},{"floor":10,"key":"Shuriken"}],"event_choices":[{"damage_healed":0,"gold_gain":68,"player_choice":"Gained Gold","damage_taken":0,"max_hp_gain":0,"max_hp_loss":0,"event_name":"Golden Wing","floor":7,"gold_loss":0},{"damage_healed":0,"gold_gain":0,"player_choice":"Got Potions","damage_taken":0,"max_hp_gain":0,"max_hp_loss":0,"event_name":"Lab","floor":14,"gold_loss":0},{"cards_removed":["Moonworks:CloudOfSeagulls"],"damage_healed":0,"gold_gain":0,"player_choice":"Take \u0026 Give","damage_taken":0,"max_hp_gain":0,"max_hp_loss":0,"event_name":"betterNote:BetterNote","floor":19,"gold_loss":0,"cards_obtained":["SafetyPray:ReiMu"]}],"is_beta":false,"boss_relics":[{"not_picked":["Runic Pyramid","Astrolabe"],"picked":"Tiny House"}],"items_purged_floors":[],"is_endless":false,"potions_floor_spawned":[2,6,10,13,16,18],"killed_by":"conspire:FuzzyDice","ascension_level":0}}