{"host":"ymn6un3ro3vi042j","time":1610833005,"event":{"mods":["AchievementEnabler","Act Like it!","BaseMod","Bestiary","Better Third Choice","BetterRewards","Colored Map","Colored Powertips","Conspire","Curses Come First","Dark Map","DeckTracker","Downfall","Friendly Minions","Highlight Path","Minty Spire (QoL Compilation)","Poor People Problems","Rare Cards Sparkle","StSLib","everything is the same but u backflip on backflip"],"gold_per_floor":[110,135,8,8,18,18,52,64,87,99,127,139,151,178,190,302,314,338,362,374,400,412,412],"floor_reached":22,"language":"ENG","playtime":1056,"items_purged":["Quick Slash"],"score":236,"play_id":"13d444c1-b588-4dfb-b94a-619a6d822cfc","local_time":"20210116133645","daily_mods":["Draft"],"is_ascension_mode":false,"campfire_choices":[{"data":"Setup","floor":6,"key":"SMITH"},{"floor":13,"key":"REST"},{"floor":15,"key":"REST"}],"circlet_count":0,"master_deck":["conspire:DoublingDagger","Crippling Poison","conspire:PoisonWeapons","Terror","Infinite Blades+1","Cloak And Dagger","PiercingWail","Setup+1","Blade Dance","Dodge and Roll","Cloak And Dagger","Bouncing Flask","Blade Dance","Crippling Poison","Blade Dance","conspire:PoisonWeapons","Bane","Blade Dance","Prepared","Backstab","Corpse Explosion","Deadly Poison+1","Outmaneuver","Accuracy"],"relics":["Ring of the Snake","Orichalcum","conspire:Dentures","MawBank","SlaversCollar"],"acts_visited":["Exordium","TheCity"],"potions_floor_usage":[5,14,16,19,19,21],"damage_taken":[{"damage":4,"enemies":"Cultist","floor":1,"turns":3},{"damage":4,"enemies":"conspire:RoseBush","floor":5,"turns":3},{"damage":41,"enemies":"Gremlin Nob","floor":7,"turns":4},{"damage":5,"enemies":"Jaw Worm","floor":8,"turns":3},{"damage":6,"enemies":"Looter","floor":11,"turns":3},{"damage":7,"enemies":"2 Fungi Beasts","floor":14,"turns":3},{"damage":18,"enemies":"Hexaghost","floor":16,"turns":4},{"damage":19,"enemies":"Spheric Guardian","floor":18,"turns":5},{"damage":18,"enemies":"2 Thieves","floor":19,"turns":4},{"damage":14,"enemies":"Centurion and Healer","floor":21,"turns":5},{"damage":11,"enemies":"Snake Plant","floor":22,"turns":2}],"seed_played":"-5392013386005894537","potions_obtained":[{"floor":7,"key":"PowerPotion"},{"floor":14,"key":"bronze:BurnAndBuffPotion"},{"floor":16,"key":"Explosive Potion"},{"floor":18,"key":"Energy Potion"},{"floor":19,"key":"PowerPotion"}],"is_trial":true,"path_per_floor":["M","T","$","?","M","R","E","M","T","$","M","$","R","M","R","B",null,"M","M","?","M","M"],"character_chosen":"THE_SILENT","items_purchased":["ColorlessPotion"],"campfire_rested":2,"item_purchase_floors":[3],"current_hp_per_floor":[66,66,66,66,62,62,21,16,16,16,10,10,31,24,45,27,70,51,33,20,6,0,0],"gold":412,"neow_bonus":"","is_daily":false,"chose_seed":false,"campfire_upgraded":1,"win_rate":0.0,"timestamp":1610833005,"path_taken":["M","?","$","?","M","R","E","M","T","$","M","?","R","M","R","BOSS","M","M","?","M","M"],"items_purchased_type":["Potion"],"build_version":"2020-12-22","purchased_purges":1,"victory":false,"max_hp_per_floor":[70,70,70,70,70,70,70,70,70,70,70,70,70,70,70,70,70,70,70,75,75,75,75],"card_choices":[{"not_picked":["PiercingWail","Footwork"],"picked":"conspire:DoublingDagger","floor":0},{"not_picked":["Deadly Poison","Poisoned Stab"],"picked":"Crippling Poison","floor":0},{"not_picked":["Quick Slash","Concentrate"],"picked":"conspire:PoisonWeapons","floor":0},{"not_picked":["Predator","Deadly Poison"],"picked":"Terror","floor":0},{"not_picked":["Eviscerate","Cloak And Dagger"],"picked":"Infinite Blades","floor":0},{"not_picked":["Outmaneuver","Reflex"],"picked":"Cloak And Dagger","floor":0},{"not_picked":["Quick Slash","Underhanded Strike"],"picked":"PiercingWail","floor":0},{"not_picked":["Underhanded Strike","Blur"],"picked":"Setup","floor":0},{"not_picked":["Dagger Throw","Backflip"],"picked":"Blade Dance","floor":0},{"not_picked":["Underhanded Strike","Dagger Throw"],"picked":"Dodge and Roll","floor":0},{"not_picked":["Masterful Stab","Slice"],"picked":"Quick Slash","floor":0},{"not_picked":["Concentrate","Dagger Throw"],"picked":"Cloak And Dagger","floor":0},{"not_picked":["Masterful Stab","Flying Knee"],"picked":"Bouncing Flask","floor":0},{"not_picked":["Cloak And Dagger","Outmaneuver"],"picked":"Blade Dance","floor":0},{"not_picked":["Slice","Flying Knee"],"picked":"Crippling Poison","floor":0},{"not_picked":["Riddle With Holes","Bouncing Flask"],"picked":"Blade Dance","floor":1},{"not_picked":["Quick Slash","Deadly Poison"],"picked":"conspire:PoisonWeapons","floor":5},{"not_picked":["Backflip","Acrobatics"],"picked":"Bane","floor":7},{"not_picked":["conspire:PoisonWeapons","Well Laid Plans"],"picked":"Blade Dance","floor":8},{"not_picked":["Eviscerate","Skewer"],"picked":"Prepared","floor":11},{"not_picked":["Masterful Stab","All Out Attack"],"picked":"Backstab","floor":14},{"not_picked":["Adrenaline","Malaise"],"picked":"Corpse Explosion","floor":16},{"not_picked":["Infinite Blades+1","Backstab"],"picked":"Deadly Poison+1","floor":18},{"not_picked":["Backstab","Dodge and Roll"],"picked":"Outmaneuver","floor":19},{"not_picked":["Dagger Throw","Caltrops"],"picked":"Accuracy","floor":21}],"player_experience":46843,"relics_obtained":[{"floor":2,"key":"Orichalcum"},{"floor":7,"key":"conspire:Dentures"},{"floor":9,"key":"MawBank"}],"event_choices":[{"damage_healed":0,"gold_gain":0,"player_choice":"Grow","damage_taken":0,"max_hp_gain":0,"max_hp_loss":0,"event_name":"Living Wall","floor":4,"gold_loss":0,"cards_upgraded":["Infinite Blades"]},{"damage_healed":0,"gold_gain":0,"player_choice":"Shed Blood","damage_taken":18,"max_hp_gain":5,"max_hp_loss":0,"event_name":"Forgotten Altar","floor":20,"gold_loss":0}],"is_beta":false,"boss_relics":[{"not_picked":["conspire:SeveredTorchhead","conspire:SlowCooker"],"picked":"SlaversCollar"}],"items_purged_floors":[3],"is_endless":false,"potions_floor_spawned":[7,14,16,18,19],"killed_by":"Snake Plant","ascension_level":0}}