{"host":"ibckqdmmf9y74ymf","time":1610809851,"event":{"mods":["2.2 Compatiblity","BaseMod","Colored Map","Curses Come First","Highlight Path","Minty Spire (QoL Compilation)","Quick Restart","Rare Cards Sparkle","Relic Stats","StSLib"],"gold_per_floor":[223,119,131,145,163,163,189,189,200,200,31,45,59,59,89,89,163,163,174,174,190,190,210,210,236,30,30,30,65,65,85,85,85,156,156,169,169,181,198,198,229,229,254,329,357,377,377,428,445,445,445,445,445,445,31,56,56,56],"floor_reached":56,"language":"ENG","playtime":2817,"items_purged":["Strike_P+1"],"score":2399,"play_id":"bff29c8f-b836-4a2f-a8a5-d286611513bb","local_time":"20210116161051","is_ascension_mode":true,"campfire_choices":[{"floor":7,"key":"REST"},{"data":"Wallop","floor":13,"key":"SMITH"},{"data":"SandsOfTime","floor":15,"key":"SMITH"},{"data":"TalkToTheHand","floor":23,"key":"SMITH"},{"data":"Wallop","floor":27,"key":"SMITH"},{"data":"Devotion","floor":32,"key":"SMITH"},{"floor":46,"key":"RECALL"},{"data":"TalkToTheHand","floor":49,"key":"SMITH"},{"data":"MentalFortress","floor":53,"key":"SMITH"}],"circlet_count":0,"master_deck":["AscendersBane","Strike_P+1","Strike_P+1","Strike_P+1","Defend_P+1","Defend_P+1","Defend_P+1","Eruption","Vigilance","SandsOfTime+1","Worship","Tantrum","Halt","Vault","Wallop+1","TalkToTheHand+1","Vault","Protect","RitualDagger","Wallop+1","MentalFortress+1","Devotion+1","TalkToTheHand+1","Omniscience"],"relics":["Snecko Eye","Bottled Lightning","InkBottle","Lee\u0027s Waffle","Torii","Sozu","Pear","Bag of Marbles","Anchor","Regal Pillow","Busted Crown","Vajra","Bottled Flame","Toy Ornithopter","Mango","Incense Burner","Sundial"],"acts_visited":["Exordium","TheCity","TheBeyond","TheEnding"],"potions_floor_usage":[6,16,20],"damage_taken":[{"damage":13,"enemies":"2 Louse","floor":1,"turns":4},{"damage":0,"enemies":"Jaw Worm","floor":2,"turns":3},{"damage":0,"enemies":"Cultist","floor":3,"turns":2},{"damage":0,"enemies":"Looter","floor":4,"turns":1},{"damage":13,"enemies":"3 Sentries","floor":6,"turns":7},{"damage":0,"enemies":"3 Louse","floor":8,"turns":2},{"damage":0,"enemies":"Blue Slaver","floor":11,"turns":3},{"damage":0,"enemies":"Large Slime","floor":12,"turns":2},{"damage":0,"enemies":"Lagavulin","floor":14,"turns":3},{"damage":10,"enemies":"The Guardian","floor":16,"turns":8},{"damage":0,"enemies":"Spheric Guardian","floor":18,"turns":3},{"damage":0,"enemies":"Shell Parasite","floor":20,"turns":2},{"damage":0,"enemies":"Snecko","floor":22,"turns":4},{"damage":0,"enemies":"Gremlin Leader","floor":24,"turns":4},{"damage":0,"enemies":"Slavers","floor":28,"turns":2},{"damage":22,"enemies":"Sentry and Sphere","floor":30,"turns":3},{"damage":0,"enemies":"Automaton","floor":33,"turns":8},{"damage":0,"enemies":"3 Darklings","floor":35,"turns":3},{"damage":0,"enemies":"3 Shapes","floor":37,"turns":2},{"damage":0,"enemies":"Sphere and 2 Shapes","floor":38,"turns":4},{"damage":0,"enemies":"Nemesis","floor":40,"turns":3},{"damage":0,"enemies":"Reptomancer","floor":42,"turns":6},{"damage":0,"enemies":"Nemesis","floor":44,"turns":1},{"damage":0,"enemies":"Spire Growth","floor":45,"turns":3},{"damage":0,"enemies":"2 Orb Walkers","floor":47,"turns":3},{"damage":0,"enemies":"Writhing Mass","floor":48,"turns":2},{"damage":16,"enemies":"Time Eater","floor":50,"turns":7},{"damage":51,"enemies":"Awakened One","floor":51,"turns":11},{"damage":28,"enemies":"Shield and Spear","floor":55,"turns":5},{"damage":62,"enemies":"The Heart","floor":56,"turns":4}],"seed_played":"-3958751296304181240","potions_obtained":[{"floor":1,"key":"ColorlessPotion"},{"floor":3,"key":"EssenceOfSteel"},{"floor":6,"key":"SteroidPotion"},{"floor":16,"key":"Block Potion"}],"is_trial":false,"path_per_floor":["M","M","M","M","?","E","R","M","T","$","M","M","R","E","R","B",null,"M","?","M","?","M","R","E","$","T","R","E","$","M","?","R","B",null,"M","?","M","M","?","E","?","E","T","E","M","R","?","M","R","B","B",null,"R","$","E","B"],"character_chosen":"WATCHER","items_purchased":["Lee\u0027s Waffle","Bag of Marbles","MentalFortress","Incense Burner"],"campfire_rested":1,"item_purchase_floors":[10,25,25,54],"current_hp_per_floor":[19,48,48,48,48,41,28,48,48,48,75,75,75,75,75,75,65,73,73,67,67,67,67,67,77,77,77,77,77,77,55,55,55,55,78,78,78,78,78,78,78,78,78,78,78,78,78,92,92,92,76,25,78,78,78,50,0,0],"gold":56,"neow_bonus":"BOSS_RELIC","is_daily":false,"chose_seed":false,"campfire_upgraded":7,"win_rate":0.0,"timestamp":1610809851,"path_taken":["M","M","M","M","?","E","R","M","T","$","M","M","R","E","R","BOSS","M","?","M","?","M","R","E","?","T","R","E","$","?","?","R","BOSS","M","?","M","M","?","E","?","E","T","E","?","R","?","M","R","BOSS","BOSS","R","$","E","BOSS"],"items_purchased_type":["Relic","Relic","Card","Relic"],"build_version":"2020-12-22","purchased_purges":1,"victory":false,"max_hp_per_floor":[62,68,68,68,68,68,68,68,68,68,75,75,75,75,75,75,75,75,75,75,75,75,75,75,85,85,85,85,85,85,85,85,85,85,85,85,81,81,81,81,81,81,81,81,81,81,81,95,95,95,95,95,95,95,95,95,95,95],"relic_stats":{"Sozu":9,"Lee\u0027s Waffle":27,"Regal Pillow":0,"Busted Crown":22,"Torii":40,"counters":[30,115],"Sundial":[0],"Snecko Eye":[194,200,207,185],"obtain_stats":[{"Lee\u0027s Waffle":10,"Regal Pillow":28,"Pear":24,"Torii":14,"Vajra":40,"Mango":47,"Incense Burner":54,"Sozu":17,"Anchor":26,"Bottled Flame":42,"Busted Crown":34,"Sundial":55,"Snecko Eye":0,"Bag of Marbles":25,"Bottled Lightning":6,"PureWater":0,"InkBottle":9,"Toy Ornithopter":44},{"Lee\u0027s Waffle":6,"Regal Pillow":15,"Pear":14,"Torii":9,"Vajra":21,"Mango":25,"Incense Burner":28,"Sozu":10,"Anchor":14,"Bottled Flame":22,"Busted Crown":17,"Sundial":29,"Snecko Eye":0,"Bag of Marbles":14,"Bottled Lightning":5,"PureWater":0,"InkBottle":6,"Toy Ornithopter":23},{"Lee\u0027s Waffle":19,"Regal Pillow":50,"Pear":48,"Torii":27,"Vajra":73,"Mango":86,"Incense Burner":106,"Sozu":35,"Anchor":48,"Bottled Flame":79,"Busted Crown":61,"Sundial":111,"Snecko Eye":0,"Bag of Marbles":48,"Bottled Lightning":17,"PureWater":0,"InkBottle":19,"Toy Ornithopter":80}],"InkBottle":[29],"Toy Ornithopter":0},"card_choices":[{"not_picked":["ForeignInfluence","ClearTheMind"],"picked":"SandsOfTime","floor":1},{"not_picked":["Weave","FlurryOfBlows"],"picked":"Worship","floor":2},{"not_picked":["Wireheading","SashWhip"],"picked":"Tantrum","floor":3},{"not_picked":["PathToVictory","Prostrate","FlurryOfBlows"],"picked":"SKIP","floor":4},{"not_picked":["Vengeance","Collect"],"picked":"Halt","floor":6},{"not_picked":["SashWhip","TalkToTheHand"],"picked":"Vault","floor":8},{"not_picked":["FollowUp","LikeWater"],"picked":"Wallop","floor":11},{"not_picked":["FlyingSleeves","EmptyMind","FlurryOfBlows"],"picked":"SKIP","floor":12},{"not_picked":["SashWhip","Indignation"],"picked":"TalkToTheHand","floor":14},{"not_picked":["Brilliance","Alpha"],"picked":"Vault","floor":16},{"not_picked":["BowlingBash+1","SashWhip"],"picked":"Protect","floor":18},{"not_picked":["FlurryOfBlows","Protect","Perseverance+1"],"picked":"SKIP","floor":20},{"not_picked":["EmptyFist","Fasting2","Vengeance"],"picked":"SKIP","floor":22},{"not_picked":["CrushJoints","FlurryOfBlows"],"picked":"Wallop","floor":24},{"not_picked":["FollowUp","Evaluate"],"picked":"Devotion","floor":28},{"not_picked":["Consecrate","EmptyMind"],"picked":"TalkToTheHand","floor":30},{"not_picked":["Ragnarok","DevaForm"],"picked":"Omniscience","floor":33},{"not_picked":["Evaluate+1"],"picked":"SKIP","floor":35},{"not_picked":["Evaluate+1"],"picked":"SKIP","floor":37},{"not_picked":["Evaluate"],"picked":"SKIP","floor":38},{"not_picked":["Prostrate"],"picked":"SKIP","floor":40},{"not_picked":["JustLucky"],"picked":"SKIP","floor":42},{"not_picked":["Perseverance"],"picked":"SKIP","floor":44},{"not_picked":["FlyingSleeves"],"picked":"SKIP","floor":45},{"not_picked":["Perseverance"],"picked":"SKIP","floor":48},{"not_picked":["Swivel"],"picked":"SKIP","floor":55}],"player_experience":914888,"relics_obtained":[{"floor":6,"key":"Bottled Lightning"},{"floor":9,"key":"InkBottle"},{"floor":14,"key":"Torii"},{"floor":24,"key":"Pear"},{"floor":26,"key":"Anchor"},{"floor":28,"key":"Regal Pillow"},{"floor":40,"key":"Vajra"},{"floor":42,"key":"Bottled Flame"},{"floor":44,"key":"Toy Ornithopter"},{"floor":47,"key":"Mango"},{"floor":55,"key":"Sundial"}],"event_choices":[{"cards_removed":["Defend_P"],"damage_healed":0,"gold_gain":0,"player_choice":"Card Removal","damage_taken":7,"max_hp_gain":0,"max_hp_loss":0,"event_name":"Golden Wing","floor":5,"gold_loss":0},{"damage_healed":0,"gold_gain":0,"player_choice":"Joined the Cult","damage_taken":6,"max_hp_gain":0,"max_hp_loss":0,"event_name":"Nest","floor":19,"gold_loss":0,"cards_obtained":["RitualDagger"]},{"damage_healed":0,"gold_gain":0,"player_choice":"Simplicity","damage_taken":0,"max_hp_gain":0,"max_hp_loss":0,"event_name":"Back to Basics","floor":21,"gold_loss":0,"cards_upgraded":["Strike_P","Strike_P","Strike_P","Strike_P","Defend_P","Defend_P","Defend_P"]},{"damage_healed":0,"gold_gain":0,"player_choice":"Ignored","damage_taken":0,"max_hp_gain":0,"max_hp_loss":0,"event_name":"Vampires","floor":31,"gold_loss":0},{"damage_healed":0,"gold_gain":0,"player_choice":"Max HP","damage_taken":0,"max_hp_gain":0,"max_hp_loss":4,"event_name":"Winding Halls","floor":36,"gold_loss":0},{"damage_healed":0,"gold_gain":0,"player_choice":"Memory 1","damage_taken":0,"max_hp_gain":0,"max_hp_loss":0,"event_name":"SensoryStone","floor":39,"gold_loss":0},{"damage_healed":0,"gold_gain":0,"player_choice":"Ignored","damage_taken":0,"max_hp_gain":0,"max_hp_loss":0,"event_name":"SecretPortal","floor":41,"gold_loss":0},{"damage_healed":0,"gold_gain":0,"player_choice":"Fight","damage_taken":0,"max_hp_gain":0,"max_hp_loss":0,"event_name":"Mysterious Sphere","floor":47,"gold_loss":0}],"is_beta":false,"boss_relics":[{"not_picked":["VioletLotus","Velvet Choker"],"picked":"Sozu"},{"not_picked":["Pandora\u0027s Box","SacredBark"],"picked":"Busted Crown"}],"items_purged_floors":[54],"is_endless":false,"potions_floor_spawned":[1,3,6,16,18,20,24,28,37,42,45,47,48],"killed_by":"The Heart","ascension_level":20}}