{"host":"mydft8i2zzydgggw","time":1610839487,"event":{"mods":["AchievementEnabler","BaseMod","BetterRewards","Colored Map","Colored Powertips","DeckTracker","Keyboard Shortcuts","Minty Spire (QoL Compilation)","Rare Cards Sparkle","StSLib","SuperFastMode","everything is the same but u backflip on backflip"],"gold_per_floor":[366,376,388,388,402,402,102,102,102],"floor_reached":8,"language":"KOR","playtime":138,"items_purged":["Strike_B"],"score":72,"play_id":"7b861860-17eb-4a15-9f0d-384afa9ed902","local_time":"20210117082447","is_ascension_mode":true,"campfire_choices":[{"floor":6,"key":"REST"}],"circlet_count":0,"master_deck":["AscendersBane","Strike_B","Strike_B","Strike_B","Defend_B","Defend_B","Defend_B","Defend_B","Zap","Dualcast","Double Energy","Consume","Rip and Tear"],"relics":["Cracked Core","Golden Idol","Medical Kit"],"acts_visited":["Exordium"],"potions_floor_usage":[5],"damage_taken":[{"damage":1,"enemies":"Small Slimes","floor":1,"turns":4},{"damage":2,"enemies":"Jaw Worm","floor":2,"turns":4},{"damage":10,"enemies":"2 Louse","floor":3,"turns":3},{"damage":30,"enemies":"Gremlin Gang","floor":5,"turns":5},{"damage":38,"enemies":"Gremlin Nob","floor":8,"turns":3}],"seed_played":"-976621907615014813","potions_obtained":[{"floor":3,"key":"AttackPotion"}],"is_trial":false,"path_per_floor":["M","M","M","?","M","R","$","E"],"character_chosen":"DEFECT","items_purchased":["Medical Kit","Rip and Tear"],"campfire_rested":1,"item_purchase_floors":[7,7],"current_hp_per_floor":[49,47,37,37,7,27,27,0,0],"gold":102,"neow_bonus":"TWO_FIFTY_GOLD","is_daily":false,"chose_seed":false,"campfire_upgraded":0,"win_rate":0.0,"timestamp":1610839487,"path_taken":["M","M","M","?","M","R","$","E"],"items_purchased_type":["Relic","Card"],"build_version":"2020-12-22","purchased_purges":1,"victory":false,"max_hp_per_floor":[75,75,75,69,69,69,69,69,69],"card_choices":[{"not_picked":["Conserve Battery","Barrage"],"picked":"Double Energy","floor":1},{"not_picked":["Blizzard","Recycle"],"picked":"Consume","floor":2},{"not_picked":["Storm","Auto Shields","Redo"],"picked":"SKIP","floor":3},{"not_picked":["Go for the Eyes","Beam Cell","Tempest"],"picked":"SKIP","floor":5}],"player_experience":175678,"relics_obtained":[],"event_choices":[{"damage_healed":0,"gold_gain":0,"player_choice":"Lose Max HP","damage_taken":0,"relics_obtained":["Golden Idol"],"max_hp_gain":0,"max_hp_loss":6,"event_name":"Golden Idol","floor":4,"gold_loss":0}],"is_beta":false,"boss_relics":[],"items_purged_floors":[7],"is_endless":false,"potions_floor_spawned":[3],"killed_by":"Gremlin Nob","ascension_level":10}}