{"host":"renny","time":1610821843,"event":{"mods":["BaseMod","Colored Powertips","HumanHunterMod(怪物杀人mod)","Minty Spire (QoL Compilation)","Permanent Neow","Reimu（博丽灵梦）","Shop Mod","Spicy Shops","StSLib","Td1madao Mod","TestMod","The Servant 0.9.4","[IsaacMod]以撒尖塔","[JumpMod]舞动尖塔","noobMod","篝火指南"],"gold_per_floor":[123,156,246,284,301,301,335,357,357,41,78,95,123,169,169,278,278,340,340,12,87,2,2,121,173,173,236,236,254,254,289,289,410,540,566,355,355,391,430,430,527,527,527,527,927,927,948,948],"floor_reached":47,"language":"ZHS","playtime":16104,"items_purged":["Strike_Lin:ReiMu","Strike_Lin:ReiMu","Defend_Lin:ReiMu","Defend_Lin:ReiMu"],"score":670,"play_id":"5a3f1505-6b50-40b2-9237-6887c76a6abf","local_time":"20210117023033","is_ascension_mode":false,"campfire_choices":[{"data":"ManaGlint:ReiMu","floor":6.0,"key":"SMITH"},{"data":"YinYangSange:ReiMu","floor":15.0,"key":"SMITH"},{"data":"MikOfLucky:ReiMu","floor":23.0,"key":"SMITH"},{"data":"FoulBorder2:ReiMu","floor":28.0,"key":"SMITH"},{"data":"YinYang:ReiMu","floor":30.0,"key":"SMITH"},{"data":"Mountainwind:ReiMu","floor":32.0,"key":"SMITH"},{"data":"DependentForm:ReiMu","floor":40.0,"key":"SMITH"},{"data":"FantasyBorder:ReiMu","floor":42.0,"key":"SMITH"},{"data":"BlastKick2:ReiMu","floor":44.0,"key":"SMITH"},{"floor":46.0,"key":"RECALL"}],"circlet_count":0,"master_deck":["Defend_Lin:ReiMu","NB:ReiMu","Stagnation:ReiMu","LearningPray:ReiMu","YinYangSign:ReiMu","OctopathBindingBorder2:ReiMu","ManaGlint:ReiMu+1","YinYangSange:ReiMu+1","FoulBorder2:ReiMu+1","CardOfSanctity:ReiMu","InherentArray:ReiMu","BlastKick2:ReiMu+1","PrepareRite:ReiMu","CeremonyResonance:ReiMu","MikOfLucky:ReiMu+1","DoubleButterfly:ReiMu","SpreadBorder2:ReiMu","YinYang:ReiMu+1","Mountainwind:ReiMu+1","Mountainwind:ReiMu+1","KamiRite:ReiMu","TightArray:ReiMu+1","Authority:ReiMu+1","ManaGlint:ReiMu+1","DependentForm:ReiMu+1","SpreadBorder2:ReiMu+1","FantasyBorder:ReiMu+1","CleanRite:ReiMu"],"relics":["FlyPower:ReiMu","ice","HushsDoor","SalivaCoin","DeathBook","testmod-CasingShield","TheBible","MerchantsRug","Omamori","testmod-NegativeEmotionEnhancer","SteamSale","Leech","CheatingSign:ReiMu","Bag of Preparation","D6","testmod-Acrobat","Orichalcum","Astrolabe","RottenBaby","InkBottle","testmod-ObsoleteBoomerang"],"acts_visited":["Exordium","TheCity","TheBeyond"],"potions_floor_usage":[47],"damage_taken":[{"damage":1.0,"enemies":"Small Slimes","floor":1.0,"turns":5.0},{"damage":8.0,"enemies":"Cultist","floor":2.0,"turns":6.0},{"damage":8.0,"enemies":"Jaw Worm","floor":4.0,"turns":12.0},{"damage":0.0,"enemies":"Gremlin Gang","floor":5.0,"turns":1.0},{"damage":0.0,"enemies":"3 Sentries","floor":7.0,"turns":2.0},{"damage":1.0,"enemies":"Red Slaver","floor":8.0,"turns":6.0},{"damage":11.0,"enemies":"Lots of Slimes","floor":11.0,"turns":4.0},{"damage":8.0,"enemies":"Blue Slaver","floor":13.0,"turns":5.0},{"damage":19.0,"enemies":"Gremlin Nob","floor":14.0,"turns":6.0},{"damage":8.0,"enemies":"Slime Boss","floor":16.0,"turns":9.0},{"damage":32.0,"enemies":"Spheric Guardian","floor":18.0,"turns":10.0},{"damage":19.0,"enemies":"Shell Parasite","floor":21.0,"turns":5.0},{"damage":32.0,"enemies":"Book of Stabbing","floor":24.0,"turns":5.0},{"damage":28.0,"enemies":"Snake Plant","floor":25.0,"turns":4.0},{"damage":41.0,"enemies":"Slavers","floor":27.0,"turns":5.0},{"damage":0.0,"enemies":"Centurion and Healer","floor":29.0,"turns":4.0},{"damage":0.0,"enemies":"Gremlin Leader","floor":31.0,"turns":4.0},{"damage":0.0,"enemies":"Champ","floor":33.0,"turns":4.0},{"damage":0.0,"enemies":"3 Darklings","floor":35.0,"turns":2.0},{"damage":0.0,"enemies":"3 Shapes","floor":38.0,"turns":4.0},{"damage":1.0,"enemies":"Sphere and 2 Shapes","floor":39.0,"turns":5.0},{"damage":36.0,"enemies":"Spire Growth","floor":41.0,"turns":4.0},{"damage":140,"enemies":"Transient","floor":47,"turns":5}],"seed_played":"1182182598121720956","potions_obtained":[{"floor":2.0,"key":"EntropicBrew"},{"floor":5.0,"key":"LiquidBronze"},{"floor":8.0,"key":"SpeedPotion"},{"floor":11.0,"key":"ColorlessPotion"},{"floor":13.0,"key":"BlessingOfTheForge"},{"floor":27.0,"key":"Energy Potion"},{"floor":29.0,"key":"MagicPotion:ReiMu"},{"floor":31.0,"key":"GrandPatriotsElixir:ReiMu"},{"floor":33.0,"key":"EssenceOfSteel"},{"floor":39.0,"key":"Regen Potion"},{"floor":41.0,"key":"LiquidFlight:ReiMu"}],"is_trial":false,"path_per_floor":["M","M","?","M","M","R","E","M","T","$","M","$","M","E","R","B",null,"M","?","$","M","?","R","E","M","T","E","R","M","R","E","R","B",null,"M","$","?","M","M","R","M","R","T","R","?","R","M"],"character_chosen":"REIMU","items_purchased":["MerchantsRug","CardOfSanctity:ReiMu","SteamSale","Leech","CheatingSign:ReiMu","MikOfLucky:ReiMu","DependentForm:ReiMu","EntropicBrew","MagicPotion:ReiMu","testmod-TimePotion","RottenBaby","SpreadBorder2:ReiMu","InkBottle","BottledKami:ReiMu"],"campfire_rested":0,"item_purchase_floors":[10,10,20,20,20,20,34,34,34,34,34,36,36,36],"current_hp_per_floor":[64,56,41,33,33,33,33,32,32,32,21,21,13,53,53,45,66,36,36,36,23,23,23,59,36,36,89,89,95,95,103,103,106,69,71,71,71,78,85,85,54,54,54,54,54,54,19,19],"gold":948,"neow_bonus":"RANDOM_COMMON_RELIC","is_daily":false,"chose_seed":false,"campfire_upgraded":9,"win_rate":0.0,"timestamp":1610821833,"path_taken":["M","M","?","?","M","R","E","M","T","?","?","$","M","E","R","BOSS","M","?","$","M","?","R","E","?","T","E","R","?","R","E","R","BOSS","M","$","?","M","M","R","M","R","T","R","?","R","M"],"items_purchased_type":["Relic","Card","Relic","Relic","Relic","Card","Card","Potion","Potion","Potion","Relic","Card","Relic","Potion"],"build_version":"2020-12-18","purchased_purges":4,"victory":false,"max_hp_per_floor":[65,65,65,65,65,65,65,65,65,65,65,65,65,66,66,66,66,67,67,67,68,68,68,80,89,89,98,98,99,99,103,103,106,69,71,71,71,81,89,89,125,125,125,125,125,125,126,126],"card_choices":[{"not_picked":[],"picked":"Bomb","floor":0.0},{"not_picked":["SpiritualOutbreak2:ReiMu","RainPray2:ReiMu"],"picked":"LearningPray:ReiMu","floor":1.0},{"not_picked":["TightArray:ReiMu","DoubleButterfly:ReiMu"],"picked":"YinYangSign:ReiMu","floor":2.0},{"not_picked":["Enchanting:ReiMu","AlertArray:ReiMu"],"picked":"OctopathBindingBorder2:ReiMu","floor":4.0},{"not_picked":["Enchanting:ReiMu","Bomb"],"picked":"ManaGlint:ReiMu","floor":5.0},{"not_picked":["SpreadBorder2:ReiMu","Amulet:ReiMu"],"picked":"YinYangSange:ReiMu","floor":7.0},{"not_picked":["LearningPray:ReiMu","Bomb"],"picked":"FoulBorder2:ReiMu","floor":8.0},{"not_picked":["WonderfulDomain:ReiMu","Revelation:ReiMu"],"picked":"InherentArray:ReiMu","floor":11.0},{"not_picked":["WonderfulDomain:ReiMu","CareerPray:ReiMu"],"picked":"BlastKick2:ReiMu","floor":13.0},{"not_picked":["EmergencyTakeOff:ReiMu","AlertArray:ReiMu"],"picked":"PrepareRite:ReiMu","floor":14.0},{"not_picked":["HakureiPhantom:ReiMu","OctopathSalyBorderN:ReiMu"],"picked":"CeremonyResonance:ReiMu","floor":16.0},{"not_picked":["AirStrike:ReiMu+1","AlertArray:ReiMu","CareerPray:ReiMu"],"picked":"SKIP","floor":18.0},{"not_picked":["SubcavityInstant:ReiMu","AlertArray:ReiMu"],"picked":"DoubleButterfly:ReiMu","floor":21.0},{"not_picked":["MountainWay:ReiMu","Intuition:ReiMu"],"picked":"SpreadBorder2:ReiMu","floor":24.0},{"not_picked":["AirStrike:ReiMu+1","AlertArray:ReiMu","SafetyPray:ReiMu"],"picked":"SKIP","floor":25.0},{"not_picked":["MountainWay:ReiMu","Revelation:ReiMu"],"picked":"YinYang:ReiMu","floor":27.0},{"not_picked":["CollectionFlower2:ReiMu","SubAcupoint:ReiMu+1"],"picked":"Mountainwind:ReiMu+1","floor":29.0},{"not_picked":["AlertArray:ReiMu","CareerPray:ReiMu"],"picked":"Mountainwind:ReiMu","floor":31.0},{"not_picked":["Determination:ReiMu","PrayRite:ReiMu"],"picked":"KamiRite:ReiMu","floor":33.0},{"not_picked":["AlertArray:ReiMu","AirStrike:ReiMu"],"picked":"SpreadBorder2:ReiMu+1","floor":35.0},{"not_picked":["Intuition:ReiMu","TightArray:ReiMu+1"],"picked":"FantasyBorder:ReiMu","floor":38.0},{"not_picked":["SpringWay:ReiMu","SubAcupoint:ReiMu+1","OctopathBindingBorder2:ReiMu"],"picked":"SKIP","floor":39.0},{"not_picked":["AirStrike:ReiMu","EmergencyTakeOff:ReiMu+1"],"picked":"CleanRite:ReiMu","floor":41.0}],"player_experience":904964,"relics_obtained":[{"floor":7.0,"key":"HowToJump"},{"floor":9.0,"key":"TheBible"},{"floor":14.0,"key":"Omamori"},{"floor":24.0,"key":"D6"},{"floor":27.0,"key":"testmod-Acrobat"},{"floor":31.0,"key":"Orichalcum"},{"floor":43.0,"key":"testmod-ObsoleteBoomerang"}],"event_choices":[{"damage_healed":0.0,"max_hp_gain":0.0,"max_hp_loss":0.0,"gold_gain":0.0,"event_name":"给自己的盒子","player_choice":"Ignored","floor":19.0,"gold_loss":0.0,"damage_taken":0.0},{"damage_healed":0.0,"max_hp_gain":0.0,"max_hp_loss":0.0,"gold_gain":0.0,"event_name":"Addict","player_choice":"Obtained Relic","floor":22.0,"gold_loss":85.0,"damage_taken":0.0,"relics_obtained":["Bag of Preparation"]},{"cards_removed":["SpreadBorder2:ReiMu"],"damage_healed":0.0,"max_hp_gain":0.0,"max_hp_loss":0.0,"gold_gain":0.0,"event_name":"Falling","player_choice":"Removed Skill","floor":37.0,"gold_loss":0.0,"damage_taken":0.0},{"damage_healed":0.0,"max_hp_gain":0.0,"max_hp_loss":0.0,"gold_gain":400.0,"event_name":"恩洛斯的盘子","player_choice":"Sell","floor":45.0,"relics_lost":["testmod-TestBox"],"gold_loss":0.0,"damage_taken":0.0}],"is_beta":true,"boss_relics":[{"not_picked":["testmod-Prudence","Runic Dome"],"picked":"testmod-NegativeEmotionEnhancer"},{"not_picked":[]},{"not_picked":["SacredBark","Snecko Eye"],"picked":"Astrolabe"},{"not_picked":[]}],"items_purged_floors":[10,20,34,36],"is_endless":false,"potions_floor_spawned":[2,5,8,11,13,27,29,31,33,39,41],"killed_by":"Transient","ascension_level":0}}