{"host":"bbjnqymry46jz0fa","time":1610796505,"event":{"mods":["BaseMod","DeckTracker","Minty Spire (QoL Compilation)","Quick Restart","StSLib","SuperFastMode"],"gold_per_floor":[112,37,57,77,77,94,94,106,106,120,10,24,24,0,0,0,0],"floor_reached":16,"language":"KOR","playtime":400,"items_purged":[],"score":169,"play_id":"ea09bf3e-4c77-4c51-9fda-20ed0bfb3974","local_time":"20210116202825","is_ascension_mode":true,"campfire_choices":[{"data":"Loop","floor":7.0,"key":"SMITH"},{"data":"Heatsinks","floor":13.0,"key":"SMITH"},{"data":"Static Discharge","floor":15.0,"key":"SMITH"}],"circlet_count":0,"master_deck":["AscendersBane","Strike_B","Strike_B","Strike_B","Defend_B","Defend_B","Defend_B","Zap","Dualcast","Genetic Algorithm","Static Discharge+1","Loop+1","Heatsinks+1","FTL","Turbo","Self Repair"],"relics":["Cracked Core","Gambling Chip","The Courier"],"acts_visited":["Exordium"],"potions_floor_usage":[16,16],"damage_taken":[{"damage":8.0,"enemies":"Small Slimes","floor":1.0,"turns":3.0},{"damage":5.0,"enemies":"2 Louse","floor":3.0,"turns":3.0},{"damage":1.0,"enemies":"Cultist","floor":4.0,"turns":4.0},{"damage":3.0,"enemies":"2 Fungi Beasts","floor":6.0,"turns":4.0},{"damage":22.0,"enemies":"Lots of Slimes","floor":8.0,"turns":3.0},{"damage":8.0,"enemies":"Exordium Wildlife","floor":10.0,"turns":4.0},{"damage":6.0,"enemies":"Looter","floor":12.0,"turns":4.0},{"damage":13,"enemies":"Slime Boss","floor":16,"turns":4}],"seed_played":"7446514212999177318","potions_obtained":[{"floor":4.0,"key":"FocusPotion"},{"floor":6.0,"key":"Swift Potion"}],"is_trial":false,"path_per_floor":["M","?","M","M","?","M","R","M","T","M","$","M","R","?","R","B"],"character_chosen":"DEFECT","items_purchased":["Self Repair","Explosive Potion"],"campfire_rested":0,"item_purchase_floors":[11,11],"current_hp_per_floor":[56,56,51,50,43,40,40,18,18,10,10,11,11,11,11,0,0],"gold":0,"neow_bonus":"ONE_RARE_RELIC","is_daily":false,"chose_seed":false,"campfire_upgraded":3,"win_rate":0.0,"timestamp":1610796505,"path_taken":["M","?","M","M","?","M","R","M","T","M","$","M","R","?","R","BOSS"],"items_purchased_type":["Card","Potion"],"build_version":"2020-12-22","purchased_purges":0,"victory":false,"max_hp_per_floor":[64,64,64,64,64,64,64,64,64,64,64,64,64,64,64,64,64],"card_choices":[{"not_picked":["Steam","Auto Shields"],"picked":"Genetic Algorithm","floor":1.0},{"not_picked":["Stack","Steam"],"picked":"Static Discharge","floor":3.0},{"not_picked":["Streamline","Steam"],"picked":"Loop","floor":4.0},{"not_picked":["Rip and Tear","Go for the Eyes"],"picked":"Heatsinks","floor":6.0},{"not_picked":["Ball Lightning","Redo"],"picked":"FTL","floor":8.0},{"not_picked":["Defragment","Skim"],"picked":"Turbo","floor":10.0},{"not_picked":["Reinforced Body","Gash","Ball Lightning"],"picked":"SKIP","floor":12.0}],"player_experience":733358,"relics_obtained":[{"floor":9.0,"key":"The Courier"}],"event_choices":[{"cards_removed":["Defend_B"],"damage_healed":0.0,"max_hp_gain":0.0,"max_hp_loss":0.0,"gold_gain":0.0,"event_name":"The Cleric","player_choice":"Card Removal","floor":2.0,"gold_loss":75.0,"damage_taken":0.0},{"cards_removed":["Strike_B"],"damage_healed":0.0,"max_hp_gain":0.0,"max_hp_loss":0.0,"gold_gain":0.0,"event_name":"Golden Wing","player_choice":"Card Removal","floor":5.0,"gold_loss":0.0,"damage_taken":7.0},{"damage_healed":0.0,"max_hp_gain":0.0,"max_hp_loss":0.0,"gold_gain":0.0,"event_name":"World of Goop","player_choice":"Left Gold","floor":14.0,"gold_loss":24.0,"damage_taken":0.0}],"is_beta":false,"boss_relics":[],"items_purged_floors":[],"is_endless":false,"potions_floor_spawned":[4,6,8,12],"killed_by":"Slime Boss","ascension_level":16}}