{"host":"d1za9dvx43o9v494","time":1610755386,"event":{"mods":["2.2 Compatiblity","BaseMod","Better-Laid Plans","Displayed Cursed Tome","Downfall","Emptier Cage","Marked Mod","Minty Spire (QoL Compilation)","Permanent Neow","Relic Sorter","StSLib"],"gold_per_floor":[99,117,117,132,151,151,151,184,201,101,112,127,158,172,189,289,289,289,3,13,13,98,98,98,118,18,37,37,47,47,82,92,190,190,190,201,213,384,384,155,155,166,66,92,54,89,105,139,157,157,157,189,45,45,45,45],"floor_reached":57,"language":"ENG","playtime":3951,"items_purged":["downfall:Haunted"],"score":1351,"play_id":"5bf69136-bbdd-4c13-8412-801ecbd13599","local_time":"20210116030306","is_ascension_mode":true,"campfire_choices":[{"data":"bronze:Goto","floor":1.0,"key":"SMITH"},{"data":"bronze:Return","floor":10,"key":"SMITH"},{"floor":18,"key":"RECALL"},{"data":"bronze:BugBarrage","floor":23,"key":"SMITH"},{"data":"bronze:BurnOut","floor":26,"key":"SMITH"},{"data":"bronze:ItsAFeature","floor":28,"key":"SMITH"},{"data":"bronze:Iterate","floor":35,"key":"SMITH"},{"data":"bronze:BugBarrage","floor":43,"key":"SMITH"},{"data":"bronze:Shield","floor":54,"key":"SMITH"}],"circlet_count":0,"master_deck":["bronze:Strike","bronze:Strike","bronze:Strike","bronze:Strike","bronze:Defend","bronze:Defend+1","bronze:Defend","bronze:Defend","bronze:Replicate+1","bronze:Goto+1","bronze:Return+1","bronze:ItsAFeature+1","bronze:Constructor","bronze:Iterate+1","bronze:Shield+1","bronze:BurnOut+1","bronze:DelayedGuard","bronze:BugBarrage+1","bronze:Iterate","bronze:ItsAFeature+1","bronze:WildBeam","bronze:Shell+1","bronze:OilSpill+1","bronze:BugBarrage+1","bronze:Shield+1","bronze:Overheat+1"],"relics":["bronze:BronzeCore","WarpedTongs","Blood Vial","hexamod:CandleOfCauterizing","downfall:HeartBlessingGreen","Anchor","bronze:MakeshiftBattery","Membership Card","Bottled Flame","Mummified Hand","downfall:HeartBlessingRed","Pear","Cursed Key","hexamod:Sixitude","sneckomod:BlankCard","War Paint","Medical Kit","downfall:HeartBlessingBlue","Molten Egg 2","Orichalcum","CaptainsWheel","Pantograph","TungstenRod"],"acts_visited":["Exordium","TheCity","TheBeyond","TheEnding"],"potions_floor_usage":[13,13,38,55,56],"damage_taken":[{"damage":1.0,"enemies":"Jaw Worm","floor":2.0,"turns":3.0},{"damage":5.0,"enemies":"Cultist","floor":4.0,"turns":3.0},{"damage":7.0,"enemies":"2 Louse","floor":5.0,"turns":3.0},{"damage":33.0,"enemies":"Lagavulin","floor":8.0,"turns":8.0},{"damage":10.0,"enemies":"Exordium Wildlife","floor":9.0,"turns":5.0},{"damage":0,"enemies":"Blue Slaver","floor":11,"turns":3},{"damage":4,"enemies":"Exordium Thugs","floor":12,"turns":5},{"damage":0,"enemies":"3 Sentries","floor":13,"turns":6},{"damage":0,"enemies":"2 Fungi Beasts","floor":14,"turns":3},{"damage":0,"enemies":"Lots of Slimes","floor":15,"turns":1},{"damage":8,"enemies":"WA_ARCHETYPE_RETAIN","floor":16,"turns":7},{"damage":0,"enemies":"downfall:FleeingMerchant","floor":19,"turns":4},{"damage":2,"enemies":"Shell Parasite","floor":20,"turns":4},{"damage":0,"enemies":"Chosen and Byrds","floor":25,"turns":4},{"damage":0,"enemies":"Centurion and Healer","floor":27,"turns":4},{"damage":0,"enemies":"Cultist and Chosen","floor":29,"turns":6},{"damage":2,"enemies":"Book of Stabbing","floor":31,"turns":4},{"damage":0,"enemies":"3 Cultists","floor":32,"turns":4},{"damage":25,"enemies":"SI_MIRROR_ARCHETYPE","floor":33,"turns":8},{"damage":0,"enemies":"Orb Walker","floor":36,"turns":2},{"damage":9,"enemies":"3 Shapes","floor":37,"turns":3},{"damage":0,"enemies":"downfall:FleeingMerchant","floor":38,"turns":4},{"damage":28,"enemies":"Maw","floor":42,"turns":5},{"damage":11,"enemies":"Reptomancer","floor":44,"turns":5},{"damage":7,"enemies":"Nemesis","floor":46,"turns":5},{"damage":0,"enemies":"4 Shapes","floor":47,"turns":4},{"damage":4,"enemies":"Giant Head","floor":48,"turns":7},{"damage":3,"enemies":"Sphere and 2 Shapes","floor":49,"turns":3},{"damage":24,"enemies":"DF_ARCHETYPE_ORBS","floor":50,"turns":6},{"damage":4,"enemies":"downfall:CharBossMerchant","floor":52,"turns":8},{"damage":12,"enemies":"downfall:NeowBoss","floor":55,"turns":11},{"damage":13,"enemies":"downfall:NeowBossFinal","floor":56,"turns":9}],"seed_played":"8769483218527558328","potions_obtained":[{"floor":2.0,"key":"SkillPotion"},{"floor":9.0,"key":"bronze:CleanCodePotion"},{"floor":11,"key":"Guardian:BlockOnCardUsePotion"},{"floor":12,"key":"DuplicationPotion"},{"floor":14,"key":"SteroidPotion"},{"floor":15,"key":"Dexterity Potion"},{"floor":44,"key":"Slimebound:ThreeZeroPotion"}],"is_trial":false,"path_per_floor":["R","M","?","M","M","?","T","E","M","R","M","M","E","M","M","B",null,"R","$","M","?","?","R","T","M","R","M","R","M","?","E","M","B",null,"R","M","M","$","?","$","T","M","R","E","$","E","M","E","M","B",null,"E","$","R","B","B",null],"character_chosen":"THE_AUTOMATON","items_purchased":["Membership Card","Bottled Flame","hexamod:Sixitude","sneckomod:BlankCard","War Paint","Medical Kit","TungstenRod"],"campfire_rested":0,"item_purchase_floors":[19,19,38,40,40,40,53],"current_hp_per_floor":[70,69,69,64,57,62,62,31,23,23,25,23,25,27,29,23,75,75,75,73,73,59,59,59,61,61,63,63,65,65,75,77,54,85,85,85,76,78,78,78,78,52,62,53,53,48,50,48,47,25,95,91,91,91,83,82],"gold":45,"neow_bonus":"UPGRADE_CARD","is_daily":false,"chose_seed":false,"campfire_upgraded":8,"win_rate":0.0,"timestamp":1610755386,"path_taken":["R","M","?","?","M","?","T","E","M","R","M","M","E","M","M","BOSS","R","$","M","?","?","R","T","M","R","M","R","M","?","E","M","BOSS","R","M","M","$","?","$","T","M","R","E","$","E","M","E","M","BOSS","E","$","R","BOSS","BOSS"],"items_purchased_type":["Relic","Relic","Relic","Relic","Relic","Relic","Relic"],"build_version":"2020-12-22","purchased_purges":1,"victory":true,"max_hp_per_floor":[70,70,70,70,70,75,75,75,75,75,75,75,75,75,75,75,75,75,75,75,75,75,75,75,75,75,75,75,75,75,85,85,85,85,85,85,85,85,85,85,85,85,95,95,95,95,95,95,95,95,95,95,95,95,95,95],"card_choices":[{"not_picked":["bronze:BugBarrage","bronze:DelayedSlice"],"picked":"bronze:Return","floor":2.0},{"not_picked":["bronze:Overheat","bronze:Iterate"],"picked":"bronze:ItsAFeature","floor":4.0},{"not_picked":["bronze:BitShift","bronze:ForceShield","bronze:Invalidate"],"picked":"SKIP","floor":5.0},{"not_picked":["bronze:Repulsor","bronze:Allocate","bronze:Constructor"],"picked":"SKIP","floor":8.0},{"not_picked":["bronze:Fortify","bronze:BitShift"],"picked":"bronze:Constructor","floor":9.0},{"not_picked":["bronze:ForceShield","bronze:DelayedSlice"],"picked":"bronze:Iterate","floor":11},{"not_picked":["bronze:BuggyMess","bronze:Separator"],"picked":"bronze:Shield","floor":12},{"not_picked":["bronze:Overload","bronze:Constructor"],"picked":"bronze:BurnOut","floor":13},{"not_picked":["bronze:Philosophize","bronze:Deprecate"],"picked":"bronze:DelayedGuard","floor":14},{"not_picked":["bronze:WhirlingStrike","bronze:BitShift"],"picked":"bronze:BugBarrage","floor":15},{"not_picked":["bronze:DelayedGuard","bronze:Refactor"],"picked":"bronze:Iterate","floor":19},{"not_picked":["bronze:BitShift+1","bronze:BronzeOrb","bronze:Frontload"],"picked":"SKIP","floor":20},{"not_picked":["bronze:DelayedGuard","bronze:Branch","bronze:Deprecate+1"],"picked":"SKIP","floor":25},{"not_picked":["bronze:Separator+1","bronze:ForLoop","bronze:CloningBeam"],"picked":"SKIP","floor":27},{"not_picked":["bronze:Fortify","bronze:OilSpill"],"picked":"bronze:ItsAFeature+1","floor":29},{"not_picked":["bronze:Flail","bronze:Fortify"],"picked":"bronze:WildBeam","floor":31},{"not_picked":["bronze:Invalidate","bronze:Turbo"],"picked":"bronze:Shell+1","floor":32},{"not_picked":["bronze:Constructor","bronze:ForLoop+1","bronze:BitShift"],"picked":"SKIP","floor":36},{"not_picked":["bronze:DarkDash+1","bronze:CloningBeam","bronze:Fortify"],"picked":"SKIP","floor":37},{"not_picked":["bronze:FineTuning","bronze:ForLoop"],"picked":"bronze:OilSpill+1","floor":38},{"not_picked":["bronze:FollowUp+1","bronze:Deprecate"],"picked":"bronze:BugBarrage","floor":42},{"not_picked":["bronze:Hardcode","bronze:Constructor+1"],"picked":"bronze:Shield","floor":44},{"not_picked":["bronze:DigitalCarnage+1","bronze:Format"],"picked":"bronze:Overheat+1","floor":46},{"not_picked":["bronze:InfiniteBeams+1","bronze:DelayedGuard+1","bronze:Iterate+1"],"picked":"SKIP","floor":47},{"not_picked":["bronze:WildBeam+1","bronze:DelayedGuard+1","bronze:FineTuning+1"],"picked":"SKIP","floor":48},{"not_picked":["bronze:Separator+1","bronze:Constructor+1","bronze:ClassDefault+1"],"picked":"SKIP","floor":49},{"not_picked":["bronze:Repair+1","bronze:GetLatest","bronze:Flail+1"],"picked":"SKIP","floor":52}],"player_experience":714389,"relics_obtained":[{"floor":7.0,"key":"Blood Vial"},{"floor":8.0,"key":"hexamod:CandleOfCauterizing"},{"floor":13,"key":"Anchor"},{"floor":24,"key":"Mummified Hand"},{"floor":31,"key":"Pear"},{"floor":44,"key":"Molten Egg 2"},{"floor":46,"key":"Orichalcum"},{"floor":48,"key":"CaptainsWheel"},{"floor":52,"key":"Pantograph"}],"event_choices":[{"damage_healed":0.0,"max_hp_gain":5.0,"max_hp_loss":0.0,"gold_gain":0.0,"event_name":"Big Fish","player_choice":"Donut","floor":6.0,"gold_loss":0.0,"damage_taken":0.0},{"damage_healed":0,"gold_gain":0,"player_choice":"Ignored","damage_taken":0,"max_hp_gain":0,"max_hp_loss":0,"event_name":"Ghosts","floor":21,"gold_loss":0},{"damage_healed":0,"gold_gain":0,"player_choice":"Ignored","damage_taken":0,"max_hp_gain":0,"max_hp_loss":0,"event_name":"Mysterious Sphere","floor":39,"gold_loss":0}],"is_beta":false,"boss_relics":[{"not_picked":["Busted Crown","Pandora\u0027s Box"],"picked":"bronze:MakeshiftBattery"},{"not_picked":["Astrolabe","Snecko Eye"],"picked":"Cursed Key"}],"items_purged_floors":[45],"is_endless":false,"potions_floor_spawned":[2,9,11,12,14,15,20,27,31,33,44,47,48],"ascension_level":1}}