{"host":"l60rmjjsfi0fipmi","time":1610833125,"event":{"mods":["BaseMod","Colored Map","DeckTracker","Highlight Path","Minty Spire (QoL Compilation)","StSLib","The Cursed","The Servant 0.9.4"],"gold_per_floor":[115,129,139,54,74,74,94,94,94,94,113,148,196,215,215,316,316,330,349,366,366,366],"floor_reached":21,"language":"ENG","playtime":1570,"items_purged":[],"score":222,"play_id":"e0033c50-424e-45a9-9b86-63c1ff70194a","local_time":"20210116163845","is_ascension_mode":true,"campfire_choices":[{"data":"Hologram","floor":6,"key":"SMITH"},{"data":"Coolheaded","floor":8,"key":"SMITH"},{"data":"Sweeping Beam","floor":10,"key":"SMITH"},{"floor":15,"key":"REST"}],"circlet_count":0,"master_deck":["Strike_B","Strike_B","Strike_B","Strike_B","Defend_B","Defend_B","Defend_B","Defend_B","Zap","Dualcast","Coolheaded+1","Hologram+1","Glacier","Capacitor","Sweeping Beam+1","Streamline","Gash","Cold Snap","Compile Driver","Hologram","Machine Learning","Redo","Leap"],"relics":["Philosopher\u0027s Stone","Orichalcum","Blood Vial","Boot","SlaversCollar"],"acts_visited":["Exordium","TheCity"],"potions_floor_usage":[16,20],"damage_taken":[{"damage":1,"enemies":"Cultist","floor":1,"turns":4},{"damage":2,"enemies":"Small Slimes","floor":2,"turns":4},{"damage":8,"enemies":"Jaw Worm","floor":3,"turns":3},{"damage":13,"enemies":"Exordium Wildlife","floor":5,"turns":5},{"damage":4,"enemies":"Gremlin Gang","floor":7,"turns":4},{"damage":4,"enemies":"2 Fungi Beasts","floor":11,"turns":3},{"damage":10,"enemies":"Lagavulin","floor":12,"turns":7},{"damage":0,"enemies":"3 Louse","floor":14,"turns":3},{"damage":40,"enemies":"Slime Boss","floor":16,"turns":11},{"damage":7,"enemies":"Shell Parasite","floor":18,"turns":7},{"damage":21,"enemies":"Chosen","floor":19,"turns":6},{"damage":42,"enemies":"3 Cultists","floor":20,"turns":7},{"damage":15,"enemies":"Snake Plant","floor":21,"turns":1}],"seed_played":"3187563424486681826","potions_obtained":[{"floor":7,"key":"SkillPotion"},{"floor":14,"key":"FocusPotion"},{"floor":16,"key":"SneckoOil"},{"floor":18,"key":"SteroidPotion"}],"is_trial":false,"path_per_floor":["M","M","M","$","M","R","M","R","T","R","M","E","T","M","R","B",null,"M","M","M","M"],"character_chosen":"DEFECT","items_purchased":["Capacitor","Sweeping Beam"],"campfire_rested":1,"item_purchase_floors":[4,4],"current_hp_per_floor":[74,72,64,64,51,51,47,47,47,47,43,33,33,35,57,19,75,68,49,9,0,0],"gold":366,"neow_bonus":"BOSS_RELIC","is_daily":false,"chose_seed":false,"campfire_upgraded":3,"win_rate":0.0,"timestamp":1610833125,"path_taken":["M","?","M","$","M","R","M","R","T","R","M","E","?","M","R","BOSS","M","?","?","M"],"items_purchased_type":["Card","Card"],"build_version":"2020-12-22","purchased_purges":0,"victory":false,"max_hp_per_floor":[75,75,75,75,75,75,75,75,75,75,75,75,75,75,75,75,75,75,75,75,75,75],"card_choices":[{"not_picked":["Compile Driver","Skim"],"picked":"Coolheaded","floor":1},{"not_picked":["Turbo","Go for the Eyes"],"picked":"Hologram","floor":2},{"not_picked":["Barrage","Compile Driver"],"picked":"Glacier","floor":3},{"not_picked":["Beam Cell","Rebound"],"picked":"Streamline","floor":5},{"not_picked":["Amplify","Chaos"],"picked":"Gash","floor":7},{"not_picked":["Fusion","Barrage"],"picked":"Cold Snap","floor":11},{"not_picked":["Sweeping Beam","Coolheaded"],"picked":"Compile Driver","floor":12},{"not_picked":["Melter","Compile Driver"],"picked":"Hologram","floor":14},{"not_picked":["Electrodynamics","Core Surge"],"picked":"Machine Learning","floor":16},{"not_picked":["Stack","Undo"],"picked":"Redo","floor":18},{"not_picked":["Ball Lightning","Tempest","Steam Power"],"picked":"SKIP","floor":19},{"not_picked":["Undo","Reprogram"],"picked":"Leap","floor":20}],"player_experience":437083,"relics_obtained":[{"floor":9,"key":"Orichalcum"},{"floor":12,"key":"Blood Vial"},{"floor":13,"key":"Boot"}],"event_choices":[],"is_beta":false,"boss_relics":[{"not_picked":["Coffee Dripper","Runic Dome"],"picked":"SlaversCollar"}],"items_purged_floors":[],"is_endless":false,"potions_floor_spawned":[7,14,16,18],"killed_by":"Snake Plant","ascension_level":4}}