{"host":"f5gffvlv6a66yqkd","time":1610817459,"event":{"mods":["2.2 Compatiblity","Alarm Clock","BaseMod","Colored Map","Custom Start","DeckTracker","Keyboard Shortcuts","Minty Spire (QoL Compilation)","Permanent Neow","Quick Restart","Relic Stats","StSLib","SuperFastMode"],"gold_per_floor":[110,35,58,75,0,0,25,25,25,55,71,397,397,159,159,159,159],"floor_reached":16,"language":"KOR","playtime":227,"items_purged":["Strike_P","Strike_P"],"score":232,"play_id":"db471ae7-914f-4955-b8a1-b7cd1c553e0f","local_time":"20210117021739","is_ascension_mode":true,"campfire_choices":[{"data":"Eruption","floor":6.0,"key":"SMITH"},{"data":"CrushJoints","floor":13.0,"key":"SMITH"},{"data":"HandOfGreed","floor":15.0,"key":"SMITH"}],"circlet_count":0,"master_deck":["AscendersBane","Strike_P","Defend_P","Defend_P","Defend_P","Eruption+1","Vigilance+1","Brilliance+1","Wallop","TalkToTheHand","EmptyMind","CrushJoints+1","HandOfGreed+1"],"relics":["PureWater","Regal Pillow","Pen Nib","The Courier","Old Coin"],"acts_visited":["Exordium"],"potions_floor_usage":[],"damage_taken":[{"damage":0.0,"enemies":"2 Louse","floor":1.0,"turns":3.0},{"damage":0.0,"enemies":"Jaw Worm","floor":4.0,"turns":3.0},{"damage":3.0,"enemies":"Gremlin Nob","floor":7.0,"turns":3.0},{"damage":3.0,"enemies":"Lagavulin","floor":10.0,"turns":6.0},{"damage":0.0,"enemies":"Cultist","floor":11.0,"turns":2.0},{"damage":12.0,"enemies":"Gremlin Nob","floor":12.0,"turns":3.0},{"damage":0,"enemies":"Slime Boss","floor":16,"turns":1}],"seed_played":"-2931087311732909169","potions_obtained":[{"floor":1.0,"key":"Fire Potion"}],"is_trial":false,"path_per_floor":["M","?","T","M","$","R","E","?","T","E","M","E","R","$","R","B"],"character_chosen":"WATCHER","items_purchased":["HandOfGreed"],"campfire_rested":0,"item_purchase_floors":[14],"current_hp_per_floor":[61,61,61,61,61,61,58,38,38,35,35,23,23,23,23,23,23],"gold":159,"neow_bonus":"TRANSFORM_CARD","is_daily":false,"chose_seed":false,"campfire_upgraded":3,"win_rate":0.0,"timestamp":1610817459,"path_taken":["M","?","?","?","?","R","E","?","T","E","M","E","R","?","R","BOSS"],"items_purchased_type":["Card"],"build_version":"2020-12-22","purchased_purges":2,"victory":false,"max_hp_per_floor":[68,68,68,68,68,68,68,68,68,68,68,68,68,68,68,68,68],"relic_stats":{"Regal Pillow":0,"counters":[7,20],"Pen Nib":[1],"obtain_stats":[{"Regal Pillow":3,"Pen Nib":7,"The Courier":10,"PureWater":0,"Old Coin":12},{"Regal Pillow":1,"Pen Nib":3,"The Courier":4,"PureWater":0,"Old Coin":6},{"Regal Pillow":3,"Pen Nib":9,"The Courier":15,"PureWater":0,"Old Coin":20}]},"card_choices":[{"not_picked":["DeceiveReality","SandsOfTime"],"picked":"Wallop","floor":1.0},{"not_picked":["WreathOfFlame","FlurryOfBlows","Prostrate"],"picked":"SKIP","floor":4.0},{"not_picked":["JustLucky","WaveOfTheHand","DevaForm"],"picked":"SKIP","floor":7.0},{"not_picked":["Meditate","Prostrate"],"picked":"TalkToTheHand","floor":10.0},{"not_picked":["Evaluate","WaveOfTheHand"],"picked":"EmptyMind","floor":11.0},{"not_picked":["BattleHymn","CrushJoints","EmptyFist"],"picked":"SKIP","floor":12.0},{"not_picked":["BattleHymn","EmptyFist"],"picked":"CrushJoints","floor":12.0}],"player_experience":1571732,"relics_obtained":[{"floor":3.0,"key":"Regal Pillow"},{"floor":7.0,"key":"Pen Nib"},{"floor":10.0,"key":"The Courier"},{"floor":12.0,"key":"Old Coin"}],"event_choices":[{"cards_removed":["Strike_P"],"damage_healed":0.0,"max_hp_gain":0.0,"max_hp_loss":0.0,"gold_gain":0.0,"event_name":"The Cleric","player_choice":"Card Removal","floor":2.0,"gold_loss":75.0,"damage_taken":0.0},{"damage_healed":0.0,"max_hp_gain":0.0,"max_hp_loss":0.0,"gold_gain":0.0,"event_name":"Shining Light","player_choice":"Entered Light","floor":8.0,"gold_loss":0.0,"damage_taken":20.0,"cards_upgraded":["Brilliance","Vigilance"]}],"is_beta":false,"boss_relics":[],"items_purged_floors":[5,14],"is_endless":false,"potions_floor_spawned":[1],"killed_by":"Slime Boss","ascension_level":20}}