{"host":"r8wnwrggzw8t210b","time":1610779773,"event":{"mods":["BaseMod","Colored Powertips","Minty Spire (QoL Compilation)","StSLib"],"gold_per_floor":[116,116,291,49,65,92,92,122,167,200,213,235,235,254,254,356,356,374,387,327,151,166,166,166,166],"floor_reached":24,"language":"ZHS","playtime":888,"items_purged":["Doubt","Defend_P"],"score":441,"play_id":"3b526a3b-bd0b-47e9-a2c4-7bf77ee0cda3","local_time":"20210116144933","is_ascension_mode":true,"campfire_choices":[{"data":"Eruption","floor":7.0,"key":"SMITH"},{"data":"Vault","floor":13.0,"key":"SMITH"},{"data":"1","floor":15.0,"key":"LIFT"},{"data":"Adaptation","floor":23,"key":"SMITH"}],"circlet_count":0,"master_deck":["Strike_P","Strike_P","Strike_P","Defend_P+1","Defend_P+1","Defend_P","Eruption+1","Vigilance+1","Conclude+1","Wireheading","Deep Breath","FlurryOfBlows","Vault+1","DeusExMachina","Adaptation+1"],"relics":["Runic Dome","Oddly Smooth Stone","Boot","War Paint","Girya","Odd Mushroom","Black Star"],"acts_visited":["Exordium","TheCity"],"potions_floor_usage":[],"damage_taken":[{"damage":0.0,"enemies":"Small Slimes","floor":1.0,"turns":2.0},{"damage":0.0,"enemies":"Cultist","floor":5.0,"turns":2.0},{"damage":17.0,"enemies":"Lagavulin","floor":6.0,"turns":4.0},{"damage":0.0,"enemies":"3 Sentries","floor":8.0,"turns":2.0},{"damage":5.0,"enemies":"Lagavulin","floor":10.0,"turns":7.0},{"damage":0.0,"enemies":"2 Louse","floor":11.0,"turns":1.0},{"damage":0.0,"enemies":"The Mushroom Lair","floor":12.0,"turns":3.0},{"damage":6.0,"enemies":"2 Fungi Beasts","floor":14.0,"turns":3.0},{"damage":14.0,"enemies":"The Guardian","floor":16.0,"turns":9.0},{"damage":11.0,"enemies":"2 Thieves","floor":18.0,"turns":4.0},{"damage":6.0,"enemies":"3 Byrds","floor":19.0,"turns":6.0},{"damage":20,"enemies":"Snake Plant","floor":22,"turns":3},{"damage":22,"enemies":"Centurion and Healer","floor":24,"turns":2}],"seed_played":"4230787244515221855","potions_obtained":[{"floor":1.0,"key":"DistilledChaos"},{"floor":8.0,"key":"Swift Potion"},{"floor":10.0,"key":"AttackPotion"},{"floor":11.0,"key":"Weak Potion"},{"floor":16.0,"key":"Regen Potion"}],"is_trial":false,"path_per_floor":["M","?","?","$","M","E","R","E","T","E","M","?","R","M","R","B",null,"M","M","?","$","M","R","M"],"character_chosen":"WATCHER","items_purchased":["Wireheading","Deep Breath","Adaptation"],"campfire_rested":0,"item_purchase_floors":[4,4,21],"current_hp_per_floor":[65,51,51,51,51,34,34,34,34,29,29,29,29,23,23,9,56,45,39,39,39,19,19,0,0],"gold":166,"neow_bonus":"BOSS_RELIC","is_daily":false,"chose_seed":false,"campfire_upgraded":3,"win_rate":0.0,"timestamp":1610779773,"path_taken":["M","?","?","$","M","E","R","E","T","E","M","?","R","M","R","BOSS","M","M","?","$","M","R","?"],"items_purchased_type":["Card","Card","Card"],"build_version":"2020-12-22","purchased_purges":2,"victory":false,"max_hp_per_floor":[72,72,72,72,72,72,72,72,72,72,72,72,72,72,72,72,72,72,72,72,72,72,72,72,72],"card_choices":[{"not_picked":["SashWhip","ClearTheMind"],"picked":"Conclude","floor":1.0},{"not_picked":["CrushJoints","WindmillStrike"],"picked":"FlurryOfBlows","floor":5.0},{"not_picked":["Evaluate","Study","Indignation"],"picked":"SKIP","floor":6.0},{"not_picked":["Indignation","Collect"],"picked":"Vault","floor":8.0},{"not_picked":["Halt","Devotion","Consecrate"],"picked":"SKIP","floor":10.0},{"not_picked":["Prostrate","Consecrate","ThirdEye"],"picked":"SKIP","floor":11.0},{"not_picked":["Evaluate","CutThroughFate","FollowUp"],"picked":"SKIP","floor":14.0},{"not_picked":["Vault","Alpha"],"picked":"DeusExMachina","floor":16.0},{"not_picked":["Protect+1","Halt","SignatureMove"],"picked":"SKIP","floor":18.0},{"not_picked":["Nirvana","WindmillStrike+1","EmptyBody"],"picked":"SKIP","floor":19.0},{"not_picked":["ClearTheMind","Swivel+1","PathToVictory"],"picked":"SKIP","floor":22}],"player_experience":95973,"relics_obtained":[{"floor":6.0,"key":"Oddly Smooth Stone"},{"floor":8.0,"key":"Boot"},{"floor":9.0,"key":"War Paint"},{"floor":10.0,"key":"Girya"},{"floor":12.0,"key":"Odd Mushroom"}],"event_choices":[{"damage_healed":0.0,"max_hp_gain":0.0,"max_hp_loss":0.0,"gold_gain":0.0,"event_name":"Shining Light","player_choice":"Entered Light","floor":2.0,"gold_loss":0.0,"damage_taken":14.0,"cards_upgraded":["Conclude","Defend_P"]},{"damage_healed":0.0,"max_hp_gain":0.0,"max_hp_loss":0.0,"gold_gain":175.0,"event_name":"Liars Game","player_choice":"AGREE","floor":3.0,"gold_loss":0.0,"damage_taken":0.0,"cards_obtained":["Doubt"]},{"damage_healed":0.0,"max_hp_gain":0.0,"max_hp_loss":0.0,"gold_gain":0.0,"event_name":"Mushrooms","player_choice":"Fought Mushrooms","floor":12.0,"gold_loss":0.0,"damage_taken":0.0},{"cards_removed":["Strike_P"],"damage_healed":0.0,"max_hp_gain":0.0,"max_hp_loss":0.0,"gold_gain":0.0,"event_name":"Designer","player_choice":"Single Remove","floor":20.0,"gold_loss":60.0,"damage_taken":0.0}],"is_beta":false,"boss_relics":[{"not_picked":["Calling Bell","Velvet Choker"],"picked":"Black Star"}],"items_purged_floors":[4,21],"is_endless":false,"potions_floor_spawned":[1,8,10,11,16],"killed_by":"Centurion and Healer","ascension_level":6}}