{"host":"cdcsem0stf6rethc","time":1610761935,"event":{"mods":["AchievementEnabler","BaseMod","Colored Map","Highlight Path","Minty Spire (QoL Compilation)","StSLib","The Animator"],"gold_per_floor":[125,151,167,185,213,213,241,241,241,257,213,213,29,48,48,173,173,173,173],"floor_reached":18,"language":"ENG","playtime":1254,"items_purged":[],"score":156,"play_id":"f24ae13f-077c-4c57-8e34-de2e2a42eeaa","local_time":"20210116095215","is_ascension_mode":false,"campfire_choices":[{"data":"animator:Naotsugu","floor":6,"key":"SMITH"},{"data":"animator:Marielle","floor":8,"key":"SMITH"},{"floor":15,"key":"REST"}],"circlet_count":0,"master_deck":["animator:Strike_LogHorizon","animator:Defend_LogHorizon","animator:Strike","animator:Strike","animator:Strike","animator:Defend","animator:Defend","animator:Defend","animator:Tohya","animator:Minori","animator:Naotsugu+1","animator:TukaLunaMarceau","animator:MarisaKirisame","animator:Akatsuki","animator:Spearman","animator:Marielle+1","animator:Tatsumaki+1","animator:KaguyaHouraisan","animator:Isuzu","animator:Shiroe"],"relics":["animator:LivingPicture","animator:TheMissingPiece","CloakClasp","animator:WornHelmet","Philosopher\u0027s Stone"],"acts_visited":["Exordium","TheCity"],"potions_floor_usage":[5,5,16,16,16],"damage_taken":[{"damage":14,"enemies":"Cultist","floor":1,"turns":6},{"damage":5,"enemies":"Small Slimes","floor":2,"turns":4},{"damage":2,"enemies":"Jaw Worm","floor":3,"turns":7},{"damage":6,"enemies":"Blue Slaver","floor":4,"turns":4},{"damage":24,"enemies":"Exordium Thugs","floor":5,"turns":7},{"damage":2,"enemies":"Gremlin Gang","floor":7,"turns":5},{"damage":8,"enemies":"Blue Slaver","floor":10,"turns":4},{"damage":0,"enemies":"Red Slaver","floor":14,"turns":4},{"damage":27,"enemies":"Hexaghost","floor":16,"turns":11},{"damage":70,"enemies":"3 Byrds","floor":18,"turns":5}],"seed_played":"-6177903378284001646","potions_obtained":[{"floor":0,"key":"Swift Potion"},{"floor":0,"key":"Explosive Potion"},{"floor":0,"key":"Ancient Potion"},{"floor":1,"key":"Regen Potion"},{"floor":10,"key":"Ancient Potion"},{"floor":14,"key":"Block Potion"}],"is_trial":false,"path_per_floor":["M","M","M","M","M","R","M","R","T","M","?","?","$","M","R","B",null,"M"],"character_chosen":"THE_ANIMATOR","items_purchased":["animator:KaguyaHouraisan","animator:WornHelmet"],"campfire_rested":1,"item_purchase_floors":[13,13],"current_hp_per_floor":[52,47,45,40,21,21,19,19,19,11,11,11,11,12,32,5,68,0,0],"gold":173,"neow_bonus":"THREE_SMALL_POTIONS","is_daily":false,"chose_seed":true,"campfire_upgraded":2,"win_rate":0.0,"timestamp":1610761935,"path_taken":["M","?","M","M","M","R","M","R","T","?","?","?","?","?","R","BOSS","M"],"items_purchased_type":["Card","Relic"],"build_version":"2020-12-22","purchased_purges":0,"victory":false,"max_hp_per_floor":[66,66,66,67,67,67,67,67,67,67,67,67,67,68,68,68,68,68,68],"card_choices":[{"not_picked":["animator:TomoeKashiwaba","animator:Tatsumaki"],"picked":"animator:Naotsugu","floor":1},{"not_picked":["animator:NarberalGamma","animator:LizardPriest"],"picked":"animator:TukaLunaMarceau","floor":2},{"not_picked":["animator:TukaLunaMarceau","animator:Suiseiseki"],"picked":"animator:MarisaKirisame","floor":3},{"not_picked":["animator:Minori","animator:Rayneshia"],"picked":"animator:Akatsuki","floor":4},{"not_picked":["animator:MeguKakizaki","animator:Minori"],"picked":"animator:Spearman","floor":5},{"not_picked":["animator:Arpeggio","animator:LizardPriest"],"picked":"animator:Marielle","floor":7},{"not_picked":["animator:PandorasActor","animator:SilverFang"],"picked":"animator:Tatsumaki","floor":10},{"not_picked":["animator:Minori","animator:Tohya"],"picked":"animator:Isuzu","floor":14},{"not_picked":["animator:SatoriKomeiji","animator:YukariYakumo"],"picked":"animator:Shiroe","floor":16}],"player_experience":155264,"relics_obtained":[{"floor":9,"key":"CloakClasp"}],"event_choices":[{"damage_healed":0,"gold_gain":0,"player_choice":"Left Gold","damage_taken":0,"max_hp_gain":0,"max_hp_loss":0,"event_name":"World of Goop","floor":11,"gold_loss":44},{"damage_healed":0,"gold_gain":0,"player_choice":"Grow","damage_taken":0,"max_hp_gain":0,"max_hp_loss":0,"event_name":"Living Wall","floor":12,"gold_loss":0,"cards_upgraded":["animator:Tatsumaki"]}],"is_beta":false,"boss_relics":[{"not_picked":["Busted Crown","Black Star"],"picked":"Philosopher\u0027s Stone"}],"items_purged_floors":[],"is_endless":false,"potions_floor_spawned":[1,4,10,14],"killed_by":"3 Byrds","ascension_level":0}}