{"host":"bydnmyvf669xu6ab","time":1610821381,"event":{"mods":["BaseMod","BetterRewards","Colored Map","Highlight Path","Minty Spire (QoL Compilation)","Poor People Problems","Rare Cards Sparkle","Relic Stats","Shop Mod","Spikes Relics","StSLib","SuperFastMode"],"gold_per_floor":[117,26,43,60,75,75,75,75,101,101,127,139,139,154,154,250,250,264,264,275,275,290,290,319,335,359,57,57,86,105,105,105,105,105],"floor_reached":33,"language":"ENG","playtime":2690,"items_purged":["Normality"],"score":406,"play_id":"c205a91d-8f0b-4c23-87e9-a3a12dce268b","local_time":"20210116102301","is_ascension_mode":true,"campfire_choices":[{"data":"Armaments","floor":6,"key":"SMITH"},{"data":"Whirlwind","floor":8,"key":"SMITH"},{"data":"Flame Barrier","floor":13,"key":"SMITH"},{"data":"Rage","floor":15,"key":"SMITH"},{"data":"Limit Break","floor":23,"key":"SMITH"},{"floor":32,"key":"REST"}],"circlet_count":0,"master_deck":["Strike_R","Strike_R","Strike_R","Strike_R","Strike_R","Defend_R","Defend_R","Defend_R","Defend_R","Bash","Rage+1","Feel No Pain","Entrench","Carnage","Whirlwind+1","Dramatic Entrance+1","Heavy Blade","Armaments+1","Pommel Strike","Flame Barrier+1","Searing Blow","Limit Break+1","Rupture+1","Invigoration","Perfected Strike","Armaments+1","Fire Breathing","BarbarianYell","Rupture+1","Headbutt+1"],"relics":["Burning Blood","Juzu Bracelet","Strawberry","Pen Nib","Cursed Key","Sundial","Bag of Preparation","Lantern","Lizard Tail","CaptainsWheel"],"acts_visited":["Exordium","TheCity"],"potions_floor_usage":[16,22,22,29,33,33],"damage_taken":[{"damage":0,"enemies":"Cultist","floor":1,"turns":3},{"damage":0,"enemies":"2 Louse","floor":3,"turns":1},{"damage":0,"enemies":"Jaw Worm","floor":4,"turns":3},{"damage":6,"enemies":"Large Slime","floor":5,"turns":5},{"damage":10,"enemies":"Gremlin Nob","floor":11,"turns":3},{"damage":10,"enemies":"Looter","floor":12,"turns":2},{"damage":0,"enemies":"3 Louse","floor":14,"turns":1},{"damage":53,"enemies":"Hexaghost","floor":16,"turns":12},{"damage":10,"enemies":"3 Byrds","floor":18,"turns":5},{"damage":5,"enemies":"Chosen","floor":20,"turns":3},{"damage":9,"enemies":"Centurion and Healer","floor":22,"turns":2},{"damage":62,"enemies":"Gremlin Leader","floor":24,"turns":10},{"damage":0,"enemies":"Sentry and Sphere","floor":25,"turns":1},{"damage":48,"enemies":"Book of Stabbing","floor":29,"turns":8},{"damage":21,"enemies":"Snake Plant","floor":30,"turns":2},{"damage":34,"enemies":"Champ","floor":33,"turns":10}],"seed_played":"-1406836475419868218","potions_obtained":[{"floor":1,"key":"Swift Potion"},{"floor":3,"key":"EssenceOfSteel"},{"floor":4,"key":"PowerPotion"},{"floor":11,"key":"Block Potion"},{"floor":18,"key":"Dexterity Potion"},{"floor":20,"key":"HeartOfIron"},{"floor":24,"key":"HeartOfIron"},{"floor":29,"key":"Ancient Potion"}],"is_trial":false,"path_per_floor":["M","$","M","M","M","R","?","R","T","$","E","M","R","M","R","B",null,"M","?","M","?","M","R","E","M","T","$","?","E","M","?","R","B"],"character_chosen":"IRONCLAD","items_purchased":["Rage","Juzu Bracelet","Feel No Pain","Entrench","Carnage","Dramatic Entrance","Lantern","BarbarianYell"],"campfire_rested":1,"item_purchase_floors":[0,0,0,0,0,2,27,27],"current_hp_per_floor":[63,63,69,75,75,75,75,75,82,82,78,74,74,80,80,33,87,83,83,84,67,64,64,8,14,14,14,14,26,11,2,29,0,0],"gold":105,"neow_bonus":"","is_daily":false,"chose_seed":false,"campfire_upgraded":5,"win_rate":0.0,"timestamp":1610821381,"path_taken":["M","$","M","M","M","R","?","R","T","$","E","M","R","M","R","BOSS","M","?","M","?","M","R","E","M","T","$","?","E","M","?","R","BOSS"],"items_purchased_type":["Card","Relic","Card","Card","Card","Card","Relic","Card"],"build_version":"2020-12-22","purchased_purges":1,"victory":false,"max_hp_per_floor":[80,80,80,80,80,80,80,80,87,87,87,87,87,87,87,87,87,87,87,87,92,92,92,92,92,92,92,92,92,92,92,92,92,92],"relic_stats":{"Lizard Tail":46,"counters":[163,721],"Sundial":[0],"Pen Nib":[9],"Juzu Bracelet":1,"Bag of Preparation":[6],"Cursed Key":1,"obtain_stats":[{"infinitespire:BottledMercury":29,"Nilry\u0027s Codex":30,"Vajra":26,"Ginger":10,"Boot":54,"Sozu":17,"Blood Vial":20,"Lizard Tail":28,"HornCleat":26,"DollysMirror":28,"Sundial":24,"Strawberry":31,"MealTicket":41,"infinitespire:Golems Mask":25,"Prayer Wheel":0,"Fusion Hammer":17,"Kunai":0,"Toxic Egg 2":0,"LugNut":2,"MerchantsRug":8,"Happy Flower":23,"Dead Branch":0,"Blue Candle":41,"Velvet Choker":17,"Pen Nib":8,"Letter Opener":0,"War Paint":0,"Question Card":11,"Shuriken":19,"infinitespire:Lychee Nut":26,"Bird Faced Urn":23,"Bronze Scales":22,"MutagenicStrength":20,"Molten Egg 2":0,"Pandora\u0027s Box":17,"Mark of Pain":17,"Black Star":17,"infinitespire:PuzzleCube":26,"Unceasing Top":14,"Darkstone Periapt":11,"SnailShell":43,"Regal Pillow":0,"Lantern":28,"Black Blood":34,"BrokenLever":12,"Incense Burner":38,"Bag of Preparation":0,"Juzu Bracelet":0,"HeavenlyBonsai":24,"PrismaticShard":0,"Cursed Key":34,"Burning Blood":0,"ClockworkSouvenir":20,"HailfireSword":17,"Nunchaku":7,"Matryoshka":0,"Gambling Chip":40,"Pantograph":0,"RollingBoulder":13,"Red Mask":42,"Chemical X":0,"InkBottle":0,"Red Skull":10,"Paper Frog":42,"Potion Belt":38,"Thread and Needle":39,"infinitespire:Joker Card":8,"infinitespire:FocusingShard":43,"PreservedInsect":0,"Omamori":12,"infinitespire:CheckeredPen":9,"infinitespire:Lucky Rock":9,"Mercury Hourglass":10,"Sandwich":34,"CaptainsWheel":29,"Busted Crown":34,"infinitespire:WardingShard":46,"infinitespire:Satchel":44,"SpikesRelics:DaevaFist":7,"Art of War":11,"GolemAmulet":46,"Membership Card":0,"Toy Ornithopter":23,"infinitespire:Midas Blood":13},{"infinitespire:BottledMercury":100,"Nilry\u0027s Codex":100,"Vajra":142,"Ginger":31,"Boot":82,"Sozu":68,"Blood Vial":115,"Lizard Tail":160,"HornCleat":71,"DollysMirror":50,"Sundial":159,"Strawberry":52,"MealTicket":57,"infinitespire:Golems Mask":71,"Prayer Wheel":130,"Fusion Hammer":9,"Kunai":83,"Toxic Egg 2":0,"LugNut":28,"MerchantsRug":5,"Happy Flower":96,"Dead Branch":0,"Blue Candle":77,"Velvet Choker":91,"Pen Nib":5,"Letter Opener":27,"War Paint":0,"Question Card":111,"Shuriken":10,"infinitespire:Lychee Nut":15,"Bird Faced Urn":13,"Bronze Scales":69,"MutagenicStrength":139,"Molten Egg 2":61,"Pandora\u0027s Box":114,"Mark of Pain":46,"Black Star":138,"infinitespire:PuzzleCube":49,"Unceasing Top":126,"Darkstone Periapt":31,"SnailShell":25,"Regal Pillow":83,"Lantern":142,"Black Blood":19,"BrokenLever":65,"Incense Burner":56,"Bag of Preparation":83,"Juzu Bracelet":147,"HeavenlyBonsai":37,"PrismaticShard":27,"Cursed Key":53,"Burning Blood":0,"ClockworkSouvenir":35,"HailfireSword":33,"Nunchaku":134,"Matryoshka":61,"Gambling Chip":23,"Pantograph":27,"RollingBoulder":66,"Red Mask":77,"Chemical X":61,"InkBottle":83,"Red Skull":135,"Paper Frog":57,"Potion Belt":21,"Thread and Needle":56,"infinitespire:Joker Card":42,"infinitespire:FocusingShard":77,"PreservedInsect":83,"Omamori":6,"infinitespire:CheckeredPen":30,"infinitespire:Lucky Rock":87,"Mercury Hourglass":124,"Sandwich":102,"CaptainsWheel":161,"Busted Crown":73,"infinitespire:WardingShard":26,"infinitespire:Satchel":78,"SpikesRelics:DaevaFist":42,"Art of War":44,"GolemAmulet":79,"Membership Card":0,"Toy Ornithopter":70,"infinitespire:Midas Blood":90},{"infinitespire:BottledMercury":388,"Nilry\u0027s Codex":388,"Vajra":611,"Ginger":129,"Boot":332,"Sozu":289,"Blood Vial":461,"Lizard Tail":701,"HornCleat":296,"DollysMirror":215,"Sundial":700,"Strawberry":223,"MealTicket":249,"infinitespire:Golems Mask":296,"Prayer Wheel":549,"Fusion Hammer":34,"Kunai":340,"Toxic Egg 2":0,"LugNut":114,"MerchantsRug":17,"Happy Flower":376,"Dead Branch":0,"Blue Candle":313,"Velvet Choker":365,"Pen Nib":17,"Letter Opener":111,"War Paint":0,"Question Card":439,"Shuriken":36,"infinitespire:Lychee Nut":54,"Bird Faced Urn":48,"Bronze Scales":290,"MutagenicStrength":599,"Molten Egg 2":268,"Pandora\u0027s Box":456,"Mark of Pain":199,"Black Star":592,"infinitespire:PuzzleCube":210,"Unceasing Top":523,"Darkstone Periapt":129,"SnailShell":102,"Regal Pillow":340,"Lantern":611,"Black Blood":75,"BrokenLever":278,"Incense Burner":242,"Bag of Preparation":340,"Juzu Bracelet":650,"HeavenlyBonsai":154,"PrismaticShard":111,"Cursed Key":231,"Burning Blood":0,"ClockworkSouvenir":146,"HailfireSword":139,"Nunchaku":570,"Matryoshka":268,"Gambling Chip":93,"Pantograph":111,"RollingBoulder":281,"Red Mask":313,"Chemical X":268,"InkBottle":340,"Red Skull":575,"Paper Frog":249,"Potion Belt":84,"Thread and Needle":242,"infinitespire:Joker Card":180,"infinitespire:FocusingShard":313,"PreservedInsect":340,"Omamori":21,"infinitespire:CheckeredPen":123,"infinitespire:Lucky Rock":351,"Mercury Hourglass":514,"Sandwich":401,"CaptainsWheel":709,"Busted Crown":304,"infinitespire:WardingShard":107,"infinitespire:Satchel":318,"SpikesRelics:DaevaFist":180,"Art of War":188,"GolemAmulet":321,"Membership Card":0,"Toy Ornithopter":294,"infinitespire:Midas Blood":361}],"Burning Blood":882},"card_choices":[{"not_picked":["Thunderclap","Shrug It Off"],"picked":"Whirlwind","floor":1},{"not_picked":["Clothesline","Disarm"],"picked":"Heavy Blade","floor":3},{"not_picked":["Pommel Strike","Heavy Blade"],"picked":"Armaments","floor":4},{"not_picked":["Anger","Twin Strike","Clash"],"picked":"SKIP","floor":5},{"not_picked":["Warcry","Disarm"],"picked":"Pommel Strike","floor":11},{"not_picked":["Perfected Strike","Ghostly Armor"],"picked":"Flame Barrier","floor":12},{"not_picked":["Dropkick","Body Slam"],"picked":"Searing Blow","floor":14},{"not_picked":["Offering","Demon Form"],"picked":"Limit Break","floor":16},{"not_picked":["Shockwave+1","Ghostly Armor"],"picked":"Rupture+1","floor":18},{"not_picked":["Heavy Blade","Clash"],"picked":"Invigoration","floor":20},{"not_picked":["Havoc","Reckless Charge"],"picked":"Perfected Strike","floor":22},{"not_picked":["Thunderclap","Rage"],"picked":"Armaments+1","floor":24},{"not_picked":["Shrug It Off","Evolve+1"],"picked":"Fire Breathing","floor":25},{"not_picked":["Iron Wave","Sentinel"],"picked":"Rupture+1","floor":29},{"not_picked":["Inflame","Dual Wield"],"picked":"Headbutt+1","floor":30}],"player_experience":2231001,"relics_obtained":[{"floor":9,"key":"Strawberry"},{"floor":11,"key":"Pen Nib"},{"floor":24,"key":"Sundial"},{"floor":26,"key":"Bag of Preparation"},{"floor":29,"key":"CaptainsWheel"}],"event_choices":[{"damage_healed":0,"gold_gain":0,"player_choice":"Grow","damage_taken":0,"max_hp_gain":0,"max_hp_loss":0,"event_name":"Living Wall","floor":7,"gold_loss":0,"cards_upgraded":["Dramatic Entrance"]},{"damage_healed":0,"gold_gain":0,"player_choice":"Ignored","damage_taken":0,"max_hp_gain":0,"max_hp_loss":0,"event_name":"Beggar","floor":19,"gold_loss":0},{"damage_healed":0,"gold_gain":0,"player_choice":"Shed Blood","damage_taken":22,"max_hp_gain":5,"max_hp_loss":0,"event_name":"Forgotten Altar","floor":21,"gold_loss":0},{"damage_healed":0,"gold_gain":0,"player_choice":"Opened","damage_taken":0,"relics_obtained":["Lizard Tail"],"max_hp_gain":0,"max_hp_loss":0,"event_name":"The Mausoleum","floor":28,"gold_loss":0},{"damage_healed":0,"gold_gain":0,"player_choice":"Stopped","damage_taken":9,"max_hp_gain":0,"max_hp_loss":0,"event_name":"Cursed Tome","floor":31,"gold_loss":0}],"is_beta":false,"boss_relics":[{"not_picked":["Runic Cube","Snecko Eye"],"picked":"Cursed Key"}],"items_purged_floors":[27],"is_endless":false,"potions_floor_spawned":[1,3,4,11,18,20,24,29],"killed_by":"Champ","ascension_level":1}}