{"host":"uiaocagxbjlinul0","time":1610772952,"event":{"mods":["100% Spire Juice","Act Like it!","BaseMod","Better Match","Block Reminder","CapriCore","ChefMod","Downfall","GifTheSpireLib","Hallownest","Hermit","Minty Spire (QoL Compilation)","Quick Restart","StSLib","Stuff the Spire","The Animator","The Bug Knight","The Marked","The Runesmith","The Spell Scribe","TheSwordswoman","Wandering Minibosses"],"gold_per_floor":[99,114,214,229,247,261,288,306,306,306,306,316,316,326,338,338,338],"floor_reached":16,"language":"ENG","playtime":647,"items_purged":[],"score":96,"play_id":"1b1eef16-868b-47d4-bfae-629a8ff0249f","local_time":"20210115205552","is_ascension_mode":false,"campfire_choices":[{"data":"bronze:Replicate","floor":1,"key":"SMITH"},{"data":"bronze:DelayedSlice","floor":9,"key":"SMITH"},{"data":"bronze:Overload","floor":13,"key":"SMITH"}],"circlet_count":0,"master_deck":["bronze:Strike","bronze:Strike","bronze:Strike","bronze:Strike","bronze:Defend","bronze:Defend","bronze:Defend","bronze:Defend","bronze:Replicate+1","bronze:Goto","bronze:DelayedSlice+1","bronze:FineTuning","bronze:Branch","bronze:BronzeOrb","bronze:Overload+1","bronze:HardenedForm"],"relics":["bronze:BronzeCore","Boot"],"acts_visited":["Exordium"],"potions_floor_usage":[14,16],"damage_taken":[{"damage":5,"enemies":"Jaw Worm","floor":2,"turns":5},{"damage":0,"enemies":"Cultist","floor":4,"turns":4},{"damage":0,"enemies":"Small Slimes","floor":5,"turns":2},{"damage":0,"enemies":"Red Slaver","floor":6,"turns":4},{"damage":1,"enemies":"2 Fungi Beasts","floor":8,"turns":2},{"damage":0,"enemies":"Exordium Wildlife","floor":12,"turns":1},{"damage":6,"enemies":"Lots of Slimes","floor":14,"turns":3},{"damage":15,"enemies":"2 Fungi Beasts","floor":15,"turns":3},{"damage":55,"enemies":"WA_ARCHETYPE_RETAIN","floor":16,"turns":8}],"seed_played":"7393930372615735608","potions_obtained":[{"floor":4,"key":"SmokeBomb"},{"floor":5,"key":"bronze:BurnAndBuffPotion"},{"floor":12,"key":"AttackPotion"}],"is_trial":false,"path_per_floor":["R","M","?","M","M","M","T","M","R","?","?","M","R","M","M","B"],"character_chosen":"THE_AUTOMATON","items_purchased":[],"campfire_rested":0,"item_purchase_floors":[],"current_hp_per_floor":[77,72,72,72,72,72,72,71,71,71,71,71,71,65,50,0,0],"gold":338,"neow_bonus":"TEN_PERCENT_HP_BONUS","is_daily":false,"chose_seed":false,"campfire_upgraded":3,"win_rate":0.0,"timestamp":1610772952,"path_taken":["R","M","?","?","M","?","T","M","R","?","?","M","R","M","M","BOSS"],"items_purchased_type":[],"build_version":"2020-12-22","purchased_purges":0,"victory":false,"max_hp_per_floor":[77,77,77,77,77,77,77,77,77,77,77,77,77,77,77,77,77],"card_choices":[{"not_picked":["bronze:DelayedGuard","bronze:Boost"],"picked":"bronze:DelayedSlice","floor":2},{"not_picked":["bronze:Philosophize","bronze:Invalidate"],"picked":"bronze:FineTuning","floor":4},{"not_picked":["bronze:DelayedGuard","bronze:Safeguard"],"picked":"bronze:Branch","floor":5},{"not_picked":["bronze:DelayedGuard","bronze:NullPointer"],"picked":"bronze:BronzeOrb","floor":6},{"not_picked":["bronze:DigitalCarnage","bronze:WildBeam","bronze:Invalidate"],"picked":"SKIP","floor":8},{"not_picked":["bronze:BitShift","bronze:DelayedSlice"],"picked":"bronze:Overload","floor":12},{"not_picked":["bronze:DelayedSlice","bronze:CutThrough"],"picked":"bronze:HardenedForm","floor":14},{"not_picked":["bronze:Overheat","bronze:Frontload","bronze:BuggyMess"],"picked":"SKIP","floor":15}],"player_experience":166593,"relics_obtained":[{"floor":7,"key":"Boot"}],"event_choices":[{"damage_healed":0,"gold_gain":0,"player_choice":"Ignored","damage_taken":0,"max_hp_gain":0,"max_hp_loss":0,"event_name":"NoteForYourself","floor":11,"gold_loss":0}],"is_beta":false,"boss_relics":[],"items_purged_floors":[],"is_endless":false,"potions_floor_spawned":[4,5,12],"killed_by":"WA_ARCHETYPE_RETAIN","ascension_level":0}}