{"host":"v54ek091sdz7ha6h","time":1610756317,"event":{"mods":["BaseMod","Better Vampires","Colored Map","Colored Powertips","Custom Start","DeckTracker","Highlight Path","KOR Keyword Fix","Minty Spire (QoL Compilation)","Rare Cards Sparkle","Relic Stats","StSLib","SuperFastMode","everything is the same but u backflip on backflip","slay the spire mod where everything is the same but ironclad has a cowboy hat"],"gold_per_floor":[118,268,21,31,106,106,161,7,7,18,18,34,52,52,52],"floor_reached":14,"language":"KOR","playtime":309,"items_purged":["Doubt","Defend_G"],"score":160,"play_id":"0bfaac33-82b0-47cf-8a18-e63ee3530da5","local_time":"20210116091837","is_ascension_mode":true,"campfire_choices":[{"data":"Crippling Poison","floor":6.0,"key":"SMITH"}],"circlet_count":0,"master_deck":["AscendersBane","Strike_G","Strike_G","Strike_G","Strike_G","Defend_G","Defend_G","Defend_G","Survivor","Neutralize","Crippling Poison+1","Prepared","Tactician","Escape Plan","Calculated Gamble"],"relics":["Ring of the Snake","TheAbacus","Bag of Marbles","Tingsha"],"acts_visited":["Exordium"],"potions_floor_usage":[],"damage_taken":[{"damage":11.0,"enemies":"Small Slimes","floor":1.0,"turns":6.0},{"damage":1.0,"enemies":"2 Louse","floor":4.0,"turns":3.0},{"damage":33.0,"enemies":"3 Sentries","floor":7.0,"turns":14.0},{"damage":0.0,"enemies":"Jaw Worm","floor":10.0,"turns":4.0},{"damage":0.0,"enemies":"Gremlin Gang","floor":12.0,"turns":3.0},{"damage":0.0,"enemies":"Exordium Wildlife","floor":13.0,"turns":3.0},{"damage":3,"enemies":"3 Sentries","floor":14,"turns":2}],"seed_played":"6193678478991626292","potions_obtained":[{"floor":1.0,"key":"Explosive Potion"},{"floor":10.0,"key":"Fire Potion"}],"is_trial":false,"path_per_floor":["M","?","$","M","?","R","?","$","T","M","$","M","M","E"],"character_chosen":"THE_SILENT","items_purchased":["TheAbacus","Energy Potion"],"campfire_rested":0,"item_purchase_floors":[3,8],"current_hp_per_floor":[48,48,48,47,36,36,3,3,3,3,3,3,3,0,0],"gold":52,"neow_bonus":"REMOVE_TWO","is_daily":false,"chose_seed":false,"campfire_upgraded":1,"win_rate":0.0,"timestamp":1610756317,"path_taken":["M","?","$","M","?","R","?","?","T","M","$","M","?","E"],"items_purchased_type":["Relic","Potion"],"build_version":"2020-12-22","purchased_purges":2,"victory":false,"max_hp_per_floor":[60,60,60,60,60,60,60,60,60,60,60,60,60,60,60],"relic_stats":{"TheAbacus":[54],"counters":[7,35],"Tingsha":[33],"obtain_stats":[{"TheAbacus":3,"Tingsha":9,"Bag of Marbles":7,"Ring of the Snake":0},{"TheAbacus":1,"Tingsha":3,"Bag of Marbles":3,"Ring of the Snake":0},{"TheAbacus":6,"Tingsha":23,"Bag of Marbles":23,"Ring of the Snake":0}],"Ring of the Snake":[14]},"card_choices":[{"not_picked":["Acrobatics","Deflect"],"picked":"Crippling Poison","floor":1.0},{"not_picked":["Outmaneuver","Caltrops"],"picked":"Prepared","floor":4.0},{"not_picked":["Prepared","Venomology"],"picked":"Tactician","floor":7.0},{"not_picked":["Concentrate","Expertise","Quick Slash"],"picked":"SKIP","floor":10.0},{"not_picked":["Caltrops","Footwork"],"picked":"Escape Plan","floor":12.0},{"not_picked":["Dodge and Roll","Leg Sweep"],"picked":"Calculated Gamble","floor":13.0}],"player_experience":1446212,"relics_obtained":[{"floor":7.0,"key":"Bag of Marbles"},{"floor":9.0,"key":"Tingsha"}],"event_choices":[{"damage_healed":0.0,"max_hp_gain":0.0,"max_hp_loss":0.0,"gold_gain":150.0,"event_name":"Liars Game","player_choice":"AGREE","floor":2.0,"gold_loss":0.0,"damage_taken":0.0,"cards_obtained":["Doubt"]},{"damage_healed":0.0,"max_hp_gain":0.0,"max_hp_loss":0.0,"gold_gain":75.0,"event_name":"World of Goop","player_choice":"Gather Gold","floor":5.0,"gold_loss":0.0,"damage_taken":11.0},{"damage_healed":0.0,"max_hp_gain":0.0,"max_hp_loss":0.0,"gold_gain":30.0,"event_name":"Dead Adventurer","player_choice":"Searched \u00272\u0027 times","floor":7.0,"gold_loss":0.0,"damage_taken":0.0}],"is_beta":false,"boss_relics":[],"items_purged_floors":[3,8],"is_endless":false,"potions_floor_spawned":[1,10],"killed_by":"3 Sentries","ascension_level":20}}