{"host":"mbj2cbgnaexp1bjw","time":1610786046,"event":{"mods":["BaseMod","DNKmod","Energized Spire","Friendly Minions","Grow up Mod","Highlight Path","Minty Spire (QoL Compilation)","Remove Card Discount Mod","Replay The Spire","Spicy Shops","StSLib","The Servant 0.9.4"],"gold_per_floor":[1011,112,127,146,146,172,172,347,347,391,460,491,553,653,653,803,803,863,902,902,947,390,390,451,494,521,584,636,694,694,694,694,840,840,879,233,261,305,527,136,192,192,192,192,190,190,244,329,329,391],"floor_reached":51,"language":"ZHS","playtime":3680,"items_purged":["Strike_S","Strike_S","Strike_S","Strike_S","Defend_S","Defend_S","Defend_S","Defend_S","TrueSight","FastForward","FastForward","Defy","KidneyShot+1","DualDimension","Moonlight+1","SurpressingFire+1","SilverBlades+1","SurpressingFire+1","Rearm+1","FanOfKnives+1","GearUp+1","Hallucinations"],"score":1445,"play_id":"5ede3beb-b9f6-4596-a14b-2e5706051f2d","local_time":"20210116163406","is_ascension_mode":true,"campfire_choices":[{"data":"Moonlight","floor":15,"key":"SMITH"},{"data":"SilverBlades","floor":23,"key":"SMITH"},{"data":"Collapse","floor":30,"key":"SMITH"},{"data":"Pot Of Greed","floor":32,"key":"SMITH"},{"data":"Pot Of Greed","floor":42,"key":"SMITH"},{"data":"Pot Of Greed","floor":44,"key":"SMITH"},{"data":"ShiftingGears","floor":46,"key":"SMITH"},{"data":"Luminosity","floor":49,"key":"SMITH"}],"circlet_count":0,"master_deck":["Exchange","ShiftingGears+1","Solidify+1","Dilation+1","BottledTime","Collapse+1","Pot Of Greed+1","Pot Of Greed+1","Moondial+1","Luminosity","Luminosity+1","Moondial+1","TimeWarp+1","Pot Of Greed+1","BottledTime"],"relics":["SplendidAttire","NeowsBlessing","PocketWatch","Omamori","ReplayTheSpireMod:Lightbulb","Nunchaku","Ring of Hypnosis","Ring of Searing","Bottled Lightning","Replay:Bandana","Pet Ghost","Replay:Multitool","Blood Vial","ReplayTheSpireMod:CursedCoin","Frozen Eye","Juzu Bracelet","Pen Nib","Replay:Bottled Eggs","Whetstone","Blue Doll","Red Mask","MealTicket","Grinning Jar","Cursed Key","Guide Book","Vajra","War Paint","Broom","Ancient Tea Set","Counterbalance","Thread and Needle","Pear","RomanBracelet"],"acts_visited":["Exordium","TheCity","TheBeyond"],"potions_floor_usage":[],"damage_taken":[{"damage":0.0,"enemies":"Small Slimes","floor":1.0,"turns":1.0},{"damage":0.0,"enemies":"Jaw Worm","floor":3.0,"turns":1.0},{"damage":0.0,"enemies":"2 Louse","floor":4.0,"turns":1.0},{"damage":0,"enemies":"Lagavulin","floor":6,"turns":3},{"damage":0,"enemies":"Exordium Thugs","floor":10,"turns":3},{"damage":0,"enemies":"3 Sentries","floor":11,"turns":4},{"damage":0,"enemies":"Blue Slaver","floor":12,"turns":1},{"damage":0,"enemies":"Lagavulin","floor":13,"turns":2},{"damage":0,"enemies":"The Guardian","floor":16,"turns":4},{"damage":0,"enemies":"3 Byrds","floor":18,"turns":3},{"damage":0,"enemies":"Chosen","floor":19,"turns":1},{"damage":0,"enemies":"Snake Plant","floor":21,"turns":2},{"damage":0,"enemies":"Slavers","floor":24,"turns":3},{"damage":0,"enemies":"Centurion and Healer","floor":25,"turns":1},{"damage":0,"enemies":"Book of Stabbing","floor":27,"turns":2},{"damage":0,"enemies":"Masked Bandits","floor":28,"turns":2},{"damage":0,"enemies":"Slavers","floor":29,"turns":2},{"damage":0,"enemies":"Collector","floor":33,"turns":3},{"damage":0,"enemies":"Orb Walker","floor":35,"turns":2},{"damage":0,"enemies":"3 Shapes","floor":37,"turns":1},{"damage":0,"enemies":"Transient","floor":38,"turns":2},{"damage":0,"enemies":"Giant Head","floor":41,"turns":1},{"damage":0,"enemies":"3 Darklings","floor":47,"turns":1},{"damage":0,"enemies":"2 Orb Walkers","floor":48,"turns":1},{"damage":0,"enemies":"Awakened One","floor":50,"turns":2}],"seed_played":"6891847156260707974","potions_obtained":[{"floor":1.0,"key":"Cursed Concoction"},{"floor":4.0,"key":"PowerPotion"},{"floor":6,"key":"DistilledChaos"},{"floor":11,"key":"Strength Potion"}],"is_trial":false,"path_per_floor":["M","$","M","M","?","E","?","?","T","M","E","M","E","?","R","B",null,"M","M","?","M","$","R","E","M","T","E","?","E","R","?","R","B",null,"M","$","M","M","?","$","E","R","T","R","$","R","M","?","R","B",null],"character_chosen":"THE_SERVANT","items_purchased":["PocketWatch","Omamori","ReplayTheSpireMod:Lightbulb","Nunchaku","Moonlight","Defy","Solidify","SurpressingFire","ReplayTheSpireMod:CursedCoin","Frozen Eye","Juzu Bracelet","Pen Nib","Replay:Bottled Eggs","Guide Book","Vajra","War Paint","Luminosity","Moondial+1","Broom","Ancient Tea Set","Counterbalance"],"campfire_rested":0,"item_purchase_floors":[2,2,2,2,2,2,2,22,22,22,22,22,22,36,36,36,36,36,36,40,40],"current_hp_per_floor":[120,130,140,150,160,170,177,187,197,207,217,227,237,247,257,269,280,290,300,310,320,330,340,350,360,370,380,390,400,410,420,430,440,450,460,470,480,490,500,510,520,530,550,560,570,580,590,600,610,620],"gold":391,"neow_bonus":"THREE_ENEMY_KILL","is_daily":false,"chose_seed":false,"campfire_upgraded":8,"win_rate":0.0,"timestamp":1610786046,"path_taken":["M","$","M","M","?","E","?","?","T","M","E","?","E","?","R","BOSS","M","M","?","M","$","R","E","M","T","E","?","E","R","?","R","BOSS","M","$","M","M","?","$","E","R","T","R","?","R","M","?","R","BOSS"],"items_purchased_type":["Relic","Relic","Relic","Relic","Card","Card","Card","Card","Relic","Relic","Relic","Relic","Relic","Relic","Relic","Relic","Card","Card","Relic","Relic","Relic"],"build_version":"2020-12-22","purchased_purges":22,"victory":true,"max_hp_per_floor":[120,130,140,150,160,170,180,190,200,210,220,230,240,250,260,270,280,290,300,310,320,330,340,350,360,370,380,390,400,410,420,430,440,450,460,470,480,490,500,510,520,530,550,560,570,580,590,600,610,620],"card_choices":[{"not_picked":["TimeTheft","Replace"],"picked":"ShiftingGears","floor":1.0},{"not_picked":["Deadline","MoonPhase"],"picked":"FastForward","floor":3.0},{"not_picked":["Rewind","Gouge"],"picked":"GearUp","floor":4.0},{"not_picked":["Spin","ShatteredReality"],"picked":"FastForward","floor":6},{"not_picked":["Unruled","DoubleEdge","Defy"],"picked":"SKIP","floor":10},{"not_picked":["Defy","Reset"],"picked":"DualDimension","floor":11},{"not_picked":["Manipulate","Alleviate","DoubleEdge"],"picked":"SKIP","floor":12},{"not_picked":["FastForward","Sabotage"],"picked":"SurpressingFire","floor":13},{"not_picked":["Initiator","MurderousAura"],"picked":"TrueSight","floor":16},{"not_picked":["Rewind","Sabotage"],"picked":"SilverBlades","floor":18},{"not_picked":["Potential","Rewind","Unruled+1"],"picked":"SKIP","floor":19},{"not_picked":["Alleviate+1","TimeWarp+1"],"picked":"Dilation","floor":21},{"not_picked":["ShatteredReality","Ricochet+1"],"picked":"BottledTime","floor":24},{"not_picked":["BestPractice+1","Gouge"],"picked":"Rearm","floor":25},{"not_picked":["Snipe","Read","ShiftingGears"],"picked":"SKIP","floor":27},{"not_picked":["Ricochet+1","ForgedInTime"],"picked":"Collapse","floor":28},{"not_picked":["Ricochet","BottledTime"],"picked":"Sunlight","floor":29},{"not_picked":["Foresight+1","Ricochet"],"picked":"Moondial+1","floor":35},{"not_picked":["Unruled","InstantArmor+1"],"picked":"TimeWarp+1","floor":37},{"not_picked":["DoubleEdge","StarChef+1"],"picked":"FanOfKnives+1","floor":38},{"not_picked":["Alleviate+1","Foresight+1","FlawlessForm"],"picked":"SKIP","floor":41},{"not_picked":["SurpressingFire","FastForward"],"picked":"BottledTime","floor":47}],"player_experience":79104,"relics_obtained":[{"floor":5.0,"key":"Ring of Hypnosis"},{"floor":5.0,"key":"Ring of Searing"},{"floor":6,"key":"Bottled Lightning"},{"floor":9,"key":"Pet Ghost"},{"floor":11,"key":"Replay:Multitool"},{"floor":13,"key":"Blood Vial"},{"floor":24,"key":"Whetstone"},{"floor":27,"key":"Blue Doll"},{"floor":28,"key":"Red Mask"},{"floor":29,"key":"MealTicket"},{"floor":41,"key":"Thread and Needle"},{"floor":43,"key":"Pear"},{"floor":48,"key":"RomanBracelet"}],"event_choices":[{"damage_healed":0,"gold_gain":0,"player_choice":"Success","damage_taken":3,"relics_obtained":["Replay:Bandana"],"max_hp_gain":0,"max_hp_loss":0,"event_name":"Scrap Ooze","floor":7,"gold_loss":0},{"damage_healed":0,"gold_gain":175,"player_choice":"AGREE","damage_taken":0,"max_hp_gain":0,"max_hp_loss":0,"event_name":"Liars Game","floor":8,"gold_loss":0,"cards_obtained":["Doubt"]},{"damage_healed":0,"gold_gain":100,"player_choice":"Pray","damage_taken":0,"max_hp_gain":0,"max_hp_loss":0,"event_name":"Golden Shrine","floor":14,"gold_loss":0},{"damage_healed":0,"gold_gain":0,"player_choice":"Ignored","damage_taken":0,"max_hp_gain":0,"max_hp_loss":0,"event_name":"Ghosts","floor":20,"gold_loss":0},{"damage_healed":0,"gold_gain":0,"player_choice":"Fought Bandits","damage_taken":0,"max_hp_gain":0,"max_hp_loss":0,"event_name":"Masked Bandits","floor":28,"gold_loss":0},{"cards_removed":["Sunlight"],"damage_healed":0,"gold_gain":0,"player_choice":"Gave Card","damage_taken":0,"relics_obtained":["Grinning Jar"],"max_hp_gain":0,"max_hp_loss":0,"event_name":"WeMeetAgain","floor":31,"gold_loss":0},{"damage_healed":0,"gold_gain":222,"player_choice":"Wore Mask","damage_taken":0,"max_hp_gain":0,"max_hp_loss":0,"event_name":"Tomb of Lord Red Mask","floor":39,"gold_loss":0},{"damage_healed":0,"gold_gain":0,"player_choice":"Fight","damage_taken":0,"max_hp_gain":0,"max_hp_loss":0,"event_name":"Mysterious Sphere","floor":48,"gold_loss":0}],"is_beta":false,"boss_relics":[{"not_picked":["Replay:Wanted Poster","Philosopher\u0027s Stone"],"picked":"SplendidAttire"},{"not_picked":["energizedSpire:StickyHand","Ring of Chaos"],"picked":"Cursed Key"}],"items_purged_floors":[2,2,2,2,2,2,2,2,22,36,36,40,40,40,40,40,40,40,40,40,40,45],"is_endless":false,"potions_floor_spawned":[1,4,6,11,16,19,21,24,25,33,35,48],"ascension_level":3}}