{"host":"x52zk6e1f2bye2h7","time":1610834134,"event":{"mods":["AchievementEnabler","BaseMod","Highlight Path","Minty Spire (QoL Compilation)","everything is the same but u backflip on backflip"],"gold_per_floor":[114,129,57,69,88,118,118,146,191,222,147,163,163,163,163,261,261,286,361,378,278,478,512,525,558,582,609,609,636,669,324,324,429,479,495,495,518,538,239,273,288,288,288,288,288,288],"floor_reached":45,"language":"ENG","playtime":3035,"items_purged":["Strike_P","Strike_P","Strike_P","Eruption"],"score":591,"play_id":"fe80e60c-4b26-49e7-9991-b406d77aeac9","local_time":"20210116215534","is_ascension_mode":true,"campfire_choices":[{"data":"BattleHymn","floor":7,"key":"SMITH"},{"floor":13,"key":"REST"},{"floor":15,"key":"REST"},{"floor":28,"key":"REST"},{"floor":32,"key":"REST"},{"data":"WindmillStrike","floor":44,"key":"SMITH"}],"circlet_count":0,"master_deck":["Strike_P","Defend_P","Defend_P","Defend_P+1","Defend_P+1","Vigilance","WindmillStrike+1","BattleHymn+1","Crescendo","DeceiveReality+1","CutThroughFate+1"],"relics":["PureWater","Bronze Scales","Mercury Hourglass","Orichalcum","CeramicFish","Nunchaku","Sozu","Omamori","Regal Pillow","Sundial","Lantern","Oddly Smooth Stone","Tiny House","Pen Nib","War Paint","Art of War","Centennial Puzzle"],"acts_visited":["Exordium","TheCity","TheBeyond"],"potions_floor_usage":[16,45,45],"damage_taken":[{"damage":0,"enemies":"Cultist","floor":1,"turns":2},{"damage":0,"enemies":"2 Louse","floor":2,"turns":3},{"damage":2,"enemies":"Small Slimes","floor":4,"turns":5},{"damage":3,"enemies":"Exordium Wildlife","floor":5,"turns":3},{"damage":18,"enemies":"Lagavulin","floor":6,"turns":6},{"damage":22,"enemies":"Gremlin Nob","floor":8,"turns":4},{"damage":13,"enemies":"3 Sentries","floor":10,"turns":5},{"damage":8,"enemies":"Red Slaver","floor":12,"turns":3},{"damage":22,"enemies":"Hexaghost","floor":16,"turns":7},{"damage":2,"enemies":"3 Byrds","floor":18,"turns":3},{"damage":0,"enemies":"Chosen","floor":20,"turns":5},{"damage":16,"enemies":"Book of Stabbing","floor":23,"turns":5},{"damage":0,"enemies":"3 Cultists","floor":24,"turns":4},{"damage":24,"enemies":"Slavers","floor":25,"turns":5},{"damage":9,"enemies":"Book of Stabbing","floor":27,"turns":4},{"damage":9,"enemies":"Shelled Parasite and Fungi","floor":29,"turns":4},{"damage":24,"enemies":"Gremlin Leader","floor":30,"turns":5},{"damage":43,"enemies":"Collector","floor":33,"turns":9},{"damage":16,"enemies":"3 Darklings","floor":35,"turns":5},{"damage":0,"enemies":"Orb Walker","floor":38,"turns":3},{"damage":25,"enemies":"Nemesis","floor":40,"turns":5},{"damage":0,"enemies":"Writhing Mass","floor":41,"turns":5},{"damage":46,"enemies":"Reptomancer","floor":45,"turns":6}],"seed_played":"-3677899001950096786","potions_obtained":[{"floor":4,"key":"Strength Potion"},{"floor":5,"key":"BottledMiracle"},{"floor":6,"key":"DistilledChaos"}],"is_trial":false,"path_per_floor":["M","M","$","M","M","E","R","E","T","E","$","M","R","?","R","B",null,"M","?","M","$","?","E","M","E","T","E","R","M","E","$","R","B",null,"M","?","T","M","$","E","M","?","T","R","E"],"character_chosen":"WATCHER","items_purchased":["BattleHymn","Oddly Smooth Stone","Adaptation","War Paint"],"campfire_rested":4,"item_purchase_floors":[3,31,31,39],"current_hp_per_floor":[79,79,79,77,74,56,56,34,34,21,21,13,36,18,41,19,79,77,70,70,70,70,54,54,30,30,21,59,50,26,26,64,21,84,68,68,68,68,68,43,43,43,43,43,0,0],"gold":288,"neow_bonus":"TEN_PERCENT_HP_BONUS","is_daily":false,"chose_seed":false,"campfire_upgraded":2,"win_rate":0.0,"timestamp":1610834134,"path_taken":["M","?","$","M","M","E","R","E","T","E","$","M","R","?","R","BOSS","M","?","?","$","?","E","?","E","T","E","R","M","E","$","R","BOSS","M","?","?","?","$","E","M","?","T","R","E"],"items_purchased_type":["Card","Relic","Card","Relic"],"build_version":"2020-12-22","purchased_purges":4,"victory":false,"max_hp_per_floor":[79,79,79,79,79,79,79,79,79,79,79,79,79,79,79,79,79,79,79,79,79,79,79,79,79,79,79,79,79,79,79,79,79,84,84,84,84,84,84,84,84,84,84,84,84,84],"card_choices":[{"not_picked":["SashWhip","FlyingSleeves"],"picked":"WindmillStrike","floor":1},{"not_picked":["TalkToTheHand","FollowUp","Collect"],"picked":"SKIP","floor":2},{"not_picked":["Consecrate","EmptyMind","ClearTheMind"],"picked":"SKIP","floor":4},{"not_picked":["JustLucky","EmptyBody"],"picked":"Crescendo","floor":5},{"not_picked":["EmptyFist","Judgement","FlurryOfBlows"],"picked":"SKIP","floor":6},{"not_picked":["Meditate","Weave","CrushJoints"],"picked":"SKIP","floor":8},{"not_picked":["Nirvana","FollowUp","FlurryOfBlows"],"picked":"SKIP","floor":10},{"not_picked":["TalkToTheHand","Prostrate","Scrawl"],"picked":"SKIP","floor":12},{"not_picked":["FollowUp+1","WaveOfTheHand"],"picked":"DeceiveReality","floor":18},{"not_picked":["Adaptation","Prostrate","BattleHymn"],"picked":"SKIP","floor":20},{"not_picked":["BowlingBash","FlurryOfBlows","FlyingSleeves"],"picked":"SKIP","floor":23},{"not_picked":["SignatureMove+1","WheelKick","ReachHeaven"],"picked":"SKIP","floor":24},{"not_picked":["MentalFortress","FollowUp","FearNoEvil"],"picked":"SKIP","floor":25},{"not_picked":["CarveReality","SashWhip","BowlingBash"],"picked":"SKIP","floor":27},{"not_picked":["Collect","Halt+1"],"picked":"CutThroughFate+1","floor":29},{"not_picked":["PathToVictory","Indignation","SashWhip+1"],"picked":"SKIP","floor":30},{"not_picked":["FlurryOfBlows","FlyingSleeves","JustLucky"],"picked":"SKIP","floor":35},{"not_picked":["PathToVictory+1","Indignation","WheelKick"],"picked":"SKIP","floor":38},{"not_picked":["FollowUp+1","Conclude+1","Vault"],"picked":"SKIP","floor":40},{"not_picked":["PathToVictory","EmptyFist+1","FollowUp"],"picked":"SKIP","floor":41}],"player_experience":100244,"relics_obtained":[{"floor":6,"key":"Bronze Scales"},{"floor":8,"key":"Mercury Hourglass"},{"floor":9,"key":"Orichalcum"},{"floor":10,"key":"CeramicFish"},{"floor":23,"key":"Omamori"},{"floor":25,"key":"Regal Pillow"},{"floor":27,"key":"Sundial"},{"floor":30,"key":"Lantern"},{"floor":37,"key":"Pen Nib"},{"floor":40,"key":"Art of War"},{"floor":43,"key":"Centennial Puzzle"}],"event_choices":[{"damage_healed":0,"gold_gain":0,"player_choice":"Success","damage_taken":18,"relics_obtained":["Nunchaku"],"max_hp_gain":0,"max_hp_loss":0,"event_name":"Scrap Ooze","floor":14,"gold_loss":0},{"damage_healed":0,"gold_gain":75,"player_choice":"Touch","damage_taken":7,"max_hp_gain":0,"max_hp_loss":0,"event_name":"FaceTrader","floor":19,"gold_loss":0},{"damage_healed":0,"gold_gain":250,"player_choice":"Bet on Owner","damage_taken":0,"max_hp_gain":0,"max_hp_loss":0,"event_name":"The Joust","floor":22,"gold_loss":50},{"damage_healed":0,"gold_gain":0,"player_choice":"Ignored","damage_taken":0,"max_hp_gain":0,"max_hp_loss":0,"event_name":"Tomb of Lord Red Mask","floor":36,"gold_loss":0},{"cards_removed":["Adaptation"],"damage_healed":0,"gold_gain":0,"player_choice":"Removed Power","damage_taken":0,"max_hp_gain":0,"max_hp_loss":0,"event_name":"Falling","floor":42,"gold_loss":0}],"is_beta":false,"boss_relics":[{"not_picked":["Runic Pyramid","Velvet Choker"],"picked":"Sozu"},{"not_picked":["Philosopher\u0027s Stone","SlaversCollar"],"picked":"Tiny House"}],"items_purged_floors":[11,21,31,39],"is_endless":false,"potions_floor_spawned":[4,5,6,10,20,23,24,29,35,38,40],"killed_by":"Reptomancer","ascension_level":1}}