{"host":"b3acx0fd85ri4t7i","time":1610788148,"event":{"mods":["BaseMod","Colored Powertips","Minty Spire (QoL Compilation)","Quick Restart","Relic Stats","Replay The Spire","StSLib","[功能]功能增强和修复MOD"],"gold_per_floor":[20,20,20,33,3,3,3],"floor_reached":6,"language":"ZHS","playtime":342,"items_purged":["Regret","Vigilance","Eruption+1","Strike_P","Defend_P","Strike_P"],"score":68,"play_id":"69c8cab3-19ef-47ec-9736-a8855611cc17","local_time":"20210116170908","is_ascension_mode":true,"campfire_choices":[],"circlet_count":0,"master_deck":["AscendersBane","Strike_P","Strike_P","Defend_P","Defend_P","Defend_P","Replay:AtTheReady+1","ClearTheMind","Replay:Vibes","Crescendo","Replay:Anticipation","Replay:LoomingThreat"],"relics":["EctoplasmExtend","Question Card"],"acts_visited":["Exordium"],"potions_floor_usage":[],"damage_taken":[{"damage":2,"enemies":"Jaw Worm","floor":1,"turns":4},{"damage":6,"enemies":"2 Louse","floor":4,"turns":5},{"damage":7,"enemies":"Gremlin Nob","floor":6,"turns":3}],"seed_played":"-8114932720159531475","potions_obtained":[{"floor":4,"key":"SpeedPotion"},{"floor":4,"key":"SneckoOil"}],"is_trial":false,"path_per_floor":["M","?","?","M","$","E"],"character_chosen":"WATCHER","items_purchased":[],"campfire_rested":0,"item_purchase_floors":[],"current_hp_per_floor":[59,59,39,33,33,26,26],"gold":3,"neow_bonus":"BOSS_RELIC","is_daily":false,"chose_seed":false,"campfire_upgraded":0,"win_rate":0.0,"timestamp":1610788148,"path_taken":["M","?","?","M","$","E"],"items_purchased_type":[],"build_version":"2020-12-22","purchased_purges":6,"victory":false,"max_hp_per_floor":[68,68,68,68,68,68,68],"relic_stats":{"counters":[3,12],"Question Card":3,"obtain_stats":[{"EctoplasmExtend":0,"PureWater":0,"Question Card":2},{"EctoplasmExtend":0,"PureWater":0,"Question Card":1},{"EctoplasmExtend":0,"PureWater":0,"Question Card":4}]},"card_choices":[{"not_picked":["Crescendo","PathToVictory"],"picked":"Replay:AtTheReady","floor":1},{"not_picked":["Swivel","ThirdEye"],"picked":"ClearTheMind","floor":1},{"not_picked":["JustLucky","Halt"],"picked":"Replay:Vibes","floor":1},{"not_picked":["Protect","Replay:ManipulateFuture","CarveReality"],"picked":"Crescendo","floor":4},{"not_picked":["CrushJoints","Replay:BluntJabs","FlyingSleeves"],"picked":"Replay:Anticipation","floor":4},{"not_picked":["Worship","Perseverance","FlyingSleeves"],"picked":"Replay:LoomingThreat","floor":4}],"player_experience":302695,"relics_obtained":[],"event_choices":[{"damage_healed":0,"gold_gain":0,"player_choice":"Box","damage_taken":0,"relics_obtained":["Question Card"],"max_hp_gain":0,"max_hp_loss":0,"event_name":"Big Fish","floor":2,"gold_loss":0,"cards_obtained":["Regret"]},{"damage_healed":0,"gold_gain":0,"player_choice":"Entered Light","damage_taken":20,"max_hp_gain":0,"max_hp_loss":0,"event_name":"Shining Light","floor":3,"gold_loss":0,"cards_upgraded":["Replay:AtTheReady","Eruption"]}],"is_beta":false,"boss_relics":[],"items_purged_floors":[5,5,5,5,5,5],"is_endless":false,"potions_floor_spawned":[4,4],"killed_by":"Gremlin Nob","ascension_level":20}}