{"host":"jdbhgql29eqg6e2t","time":1610767742,"event":{"mods":["BaseMod","Hermit","Infinite Spire","Minty Spire (QoL Compilation)","Replay The Spire","Shop Mod","StSLib","The Cursed","The Disciple"],"gold_per_floor":[116,126,19,69,19,53,53,53,104,17,17,35,5,28,28,128,228,228,228],"floor_reached":18,"language":"ENG","playtime":1475,"items_purged":[],"score":183,"play_id":"aaf409fe-9db8-4360-997d-03de60876761","local_time":"20210116002902","is_ascension_mode":false,"campfire_choices":[{"data":"OldTimer","floor":8,"key":"SMITH"},{"data":"SecondHand","floor":11,"key":"SMITH"},{"data":"Keepsakes","floor":15,"key":"SMITH"}],"circlet_count":0,"master_deck":["Strike_Br","Strike_Br","Strike_Br","Defend_Br","Defend_Br","Defend_Br","Defend_Br","SecondHand+1","PatternShift","DaylightSavings","LockedAnchor","OldTimer+1","LockedOrichalcum","Echonomics","ReapSow","AlternateTimeline","Keepsakes+1","PrimeTime","Facsimile","LockedFlame"],"relics":["Chronograph","NeowsBlessing","Replay:Wax Seal","HandDrill","Simple Rune","Replay:Rubber Ducky","Tornado?","Pen Nib","BlueBox","Replay:Grab Bag","Cursed Key","Replay:Wanted Poster"],"acts_visited":["Exordium","TheCity"],"potions_floor_usage":[16,16],"damage_taken":[{"damage":0,"enemies":"Cultist","floor":1,"turns":1},{"damage":0,"enemies":"Jaw Worm","floor":2,"turns":1},{"damage":0,"enemies":"Lagavulin","floor":6,"turns":1},{"damage":4,"enemies":"2 Louse","floor":10,"turns":3},{"damage":0,"enemies":"Large Slime","floor":12,"turns":7},{"damage":0,"enemies":"Looter","floor":13,"turns":4},{"damage":47,"enemies":"The Guardian","floor":16,"turns":8},{"damage":0,"enemies":"2 Thieves","floor":18,"turns":1}],"seed_played":"-3533840716952560024","potions_obtained":[{"floor":2,"key":"Dexterity Potion"},{"floor":4,"key":"Regen Potion"},{"floor":6,"key":"HastePotion"}],"is_trial":false,"path_per_floor":["M","M","$","?","?","E","?","R","T","M","R","M","M","T","R","B",null,"M"],"character_chosen":"CHRONO_CLASS","items_purchased":["Replay:Wax Seal","HandDrill"],"campfire_rested":0,"item_purchase_floors":[3,3],"current_hp_per_floor":[65,65,65,49,49,49,49,49,49,45,45,45,45,45,45,10,65,65,65],"gold":228,"neow_bonus":"THREE_ENEMY_KILL","is_daily":false,"chose_seed":false,"campfire_upgraded":3,"win_rate":0.0,"timestamp":1610767742,"path_taken":["M","?","$","?","?","E","?","R","T","M","R","M","M","?","R","BOSS","M"],"items_purchased_type":["Relic","Relic"],"build_version":"2020-12-22","purchased_purges":0,"victory":false,"max_hp_per_floor":[65,65,65,65,65,65,65,65,65,65,65,65,65,65,65,65,65,65,65],"card_choices":[{"not_picked":["LockedAnchor","LockedOrichalcum"],"picked":"DaylightSavings","floor":1},{"not_picked":["Cuckoo","HandsUpB"],"picked":"LockedAnchor","floor":2},{"not_picked":["Break","AlternateTimeline"],"picked":"OldTimer","floor":4},{"not_picked":["Facsimile","Engulf"],"picked":"LockedOrichalcum","floor":4},{"not_picked":["LockedBlood","HandsUpC"],"picked":"Echonomics","floor":6},{"not_picked":["LockedAnchor","Parity"],"picked":"ReapSow","floor":10},{"not_picked":["PrimeTime","DaylightSavings"],"picked":"AlternateTimeline","floor":12},{"not_picked":["HandsUpC","BiteCommand"],"picked":"Keepsakes","floor":13},{"not_picked":["LockedBell","MasterKey"],"picked":"LockedFlame","floor":16}],"player_experience":525444,"relics_obtained":[{"floor":4,"key":"Simple Rune"},{"floor":6,"key":"Replay:Rubber Ducky"},{"floor":9,"key":"Pen Nib"},{"floor":14,"key":"BlueBox"}],"event_choices":[{"cards_removed":["Strike_Br"],"damage_healed":0,"gold_gain":0,"player_choice":"Card Removal","damage_taken":0,"max_hp_gain":0,"max_hp_loss":0,"event_name":"The Cleric","floor":5,"gold_loss":50}],"is_beta":false,"boss_relics":[{"not_picked":["Kintsugi","SacredBark"],"picked":"Replay:Grab Bag"},{"not_picked":["infinitespire:Cupcake","ReplayTheSpireMod:Onyx Gauntlets"],"picked":"Cursed Key"},{"not_picked":["HangingClock","Sozu"],"picked":"Replay:Wanted Poster"},{"not_picked":["Ring of Chaos","Pandora\u0027s Box"],"picked":"Chronograph"}],"items_purged_floors":[],"is_endless":false,"potions_floor_spawned":[2,6],"killed_by":"2 Thieves","ascension_level":0}}