{"host":"7sni158j623xchr2","time":1610783756,"event":{"mods":["BaseMod","Colored Map","Highlight Path","Minty Spire (QoL Compilation)","Permanent Neow","Potion Indicator Mod","Rare Cards Sparkle","Relic Sorter","Relic Stats","StSLib","everything is the same but u backflip on backflip"],"gold_per_floor":[110,124,134,134,209,209,238,238,238,255,255,282,302,315,315,410,410,425,350,365,365,210,210,238,238,238,238,238],"floor_reached":27,"language":"ENG","playtime":785,"items_purged":[],"score":301,"play_id":"ff052e2e-4d7b-42da-a003-22ada1f1fd51","local_time":"20210116015556","is_ascension_mode":true,"campfire_choices":[{"data":"Skewer","floor":6,"key":"SMITH"},{"data":"Blade Dance","floor":8,"key":"SMITH"},{"floor":11,"key":"REST"},{"data":"Neutralize","floor":15,"key":"SMITH"},{"data":"Backstab","floor":23,"key":"SMITH"},{"floor":25,"key":"REST"}],"circlet_count":0,"master_deck":["Strike_G","Strike_G","Strike_G","Strike_G","Defend_G","Defend_G","Defend_G","Defend_G","Defend_G","Survivor","Neutralize+1","PiercingWail","Blade Dance+1","Skewer+1","Deadly Poison+1","Leg Sweep+1","Backstab+1","Corpse Explosion+1","Catalyst+1","Dodge and Roll+1","Parasite"],"relics":["Ring of the Snake","Matryoshka","Regal Pillow","Toxic Egg 2","Strawberry","Cursed Key","Nloth\u0027s Gift","ClockworkSouvenir","Smiling Mask","Oddly Smooth Stone","Torii"],"acts_visited":["Exordium","TheCity"],"potions_floor_usage":[7,12,24,24,27],"damage_taken":[{"damage":1,"enemies":"Small Slimes","floor":1,"turns":4},{"damage":3,"enemies":"Jaw Worm","floor":2,"turns":7},{"damage":0,"enemies":"Cultist","floor":3,"turns":4},{"damage":22,"enemies":"Gremlin Nob","floor":7,"turns":4},{"damage":8,"enemies":"Lots of Slimes","floor":10,"turns":4},{"damage":10,"enemies":"3 Sentries","floor":12,"turns":8},{"damage":0,"enemies":"Looter","floor":13,"turns":3},{"damage":1,"enemies":"Red Slaver","floor":14,"turns":3},{"damage":13,"enemies":"The Guardian","floor":16,"turns":13},{"damage":1,"enemies":"Spheric Guardian","floor":18,"turns":3},{"damage":9,"enemies":"2 Thieves","floor":20,"turns":2},{"damage":7,"enemies":"Slavers","floor":24,"turns":3},{"damage":79,"enemies":"Gremlin Leader","floor":27,"turns":17}],"seed_played":"7488566509163314414","potions_obtained":[{"floor":0,"key":"EssenceOfSteel"},{"floor":0,"key":"Dexterity Potion"},{"floor":0,"key":"GamblersBrew"},{"floor":2,"key":"DistilledChaos"},{"floor":10,"key":"FearPotion"},{"floor":16,"key":"ColorlessPotion"}],"is_trial":false,"path_per_floor":["M","M","M","?","?","R","E","R","T","M","R","E","M","M","R","B",null,"M","?","M","?","$","R","E","R","T","E"],"character_chosen":"THE_SILENT","items_purchased":["ClockworkSouvenir"],"campfire_rested":2,"item_purchase_floors":[22],"current_hp_per_floor":[69,66,66,59,48,48,26,26,26,18,54,51,51,50,50,37,67,66,66,57,57,57,57,50,77,77,0,0],"gold":238,"neow_bonus":"THREE_SMALL_POTIONS","is_daily":false,"chose_seed":false,"campfire_upgraded":4,"win_rate":0.0,"timestamp":1610783756,"path_taken":["M","M","M","?","?","R","E","R","T","M","R","E","M","M","R","BOSS","M","?","M","?","$","R","E","R","T","E"],"items_purchased_type":["Relic"],"build_version":"2020-12-22","purchased_purges":0,"victory":false,"max_hp_per_floor":[70,70,70,70,70,70,70,70,70,70,70,77,77,77,77,77,77,77,77,77,77,77,77,77,77,77,77,77],"relic_stats":{"Regal Pillow":19,"Torii":12,"counters":[13,75],"Nloth\u0027s Gift":1,"Cursed Key":1,"Smiling Mask":0,"obtain_stats":[{"Dream Catcher":7,"Regal Pillow":9,"Matryoshka":4,"Torii":26,"Strawberry":12,"Oddly Smooth Stone":26,"Nloth\u0027s Gift":21,"Toxic Egg 2":9,"Cursed Key":17,"Smiling Mask":24,"Ring of the Snake":0,"ClockworkSouvenir":22},{"Dream Catcher":4,"Regal Pillow":4,"Matryoshka":3,"Torii":12,"Strawberry":6,"Oddly Smooth Stone":12,"Nloth\u0027s Gift":11,"Toxic Egg 2":4,"Cursed Key":9,"Smiling Mask":12,"Ring of the Snake":0,"ClockworkSouvenir":11},{"Dream Catcher":19,"Regal Pillow":19,"Matryoshka":15,"Torii":58,"Strawberry":31,"Oddly Smooth Stone":58,"Nloth\u0027s Gift":55,"Toxic Egg 2":19,"Cursed Key":50,"Smiling Mask":58,"Ring of the Snake":0,"ClockworkSouvenir":55}],"Ring of the Snake":[26]},"card_choices":[{"not_picked":["Concentrate","Slice"],"picked":"PiercingWail","floor":1},{"not_picked":["Prepared","Well Laid Plans"],"picked":"Blade Dance","floor":2},{"not_picked":["Distraction","Prepared"],"picked":"Skewer","floor":3},{"not_picked":["Slice","Outmaneuver","Underhanded Strike"],"picked":"SKIP","floor":7},{"not_picked":["Underhanded Strike","Poisoned Stab"],"picked":"Deadly Poison+1","floor":10},{"not_picked":["Dodge and Roll+1","Quick Slash"],"picked":"Leg Sweep+1","floor":11},{"not_picked":["Heel Hook","Setup+1"],"picked":"Backstab","floor":12},{"not_picked":["Underhanded Strike","Bane","Slice"],"picked":"SKIP","floor":13},{"not_picked":["Finisher","Grand Finale","Concentrate+1"],"picked":"SKIP","floor":14},{"not_picked":["Doppelganger+1","Phantasmal Killer+1"],"picked":"Corpse Explosion+1","floor":16},{"not_picked":["PiercingWail+1","Terror+1"],"picked":"Catalyst+1","floor":18},{"not_picked":["Reflex+1","Dagger Throw","Expertise+1"],"picked":"SKIP","floor":20},{"not_picked":["Bane","Envenom"],"picked":"Dodge and Roll+1","floor":24}],"player_experience":1631440,"relics_obtained":[{"floor":7,"key":"Dream Catcher"},{"floor":9,"key":"Regal Pillow"},{"floor":9,"key":"Toxic Egg 2"},{"floor":12,"key":"Strawberry"},{"floor":24,"key":"Smiling Mask"},{"floor":26,"key":"Oddly Smooth Stone"},{"floor":26,"key":"Torii"}],"event_choices":[{"damage_healed":0,"gold_gain":0,"player_choice":"Success","damage_taken":7,"relics_obtained":["Matryoshka"],"max_hp_gain":0,"max_hp_loss":0,"event_name":"Scrap Ooze","floor":4,"gold_loss":0},{"damage_healed":0,"gold_gain":75,"player_choice":"Gather Gold","damage_taken":11,"max_hp_gain":0,"max_hp_loss":0,"event_name":"World of Goop","floor":5,"gold_loss":0},{"cards_removed":["Strike_G"],"damage_healed":0,"gold_gain":0,"player_choice":"Gave Gold","damage_taken":0,"max_hp_gain":0,"max_hp_loss":0,"event_name":"Beggar","floor":19,"gold_loss":75},{"damage_healed":0,"gold_gain":0,"player_choice":"Traded Relic","damage_taken":0,"relics_obtained":["Nloth\u0027s Gift"],"max_hp_gain":0,"max_hp_loss":0,"event_name":"N\u0027loth","floor":21,"relics_lost":["Dream Catcher"],"gold_loss":0}],"is_beta":false,"boss_relics":[{"not_picked":["HoveringKite","Empty Cage"],"picked":"Cursed Key"}],"items_purged_floors":[],"is_endless":false,"potions_floor_spawned":[2,10,16],"killed_by":"Gremlin Leader","ascension_level":5}}