{"host":"6h0diz2ap0m56grs","time":1610783459,"event":{"mods":["2.2 Compatiblity","BaseMod","Colored Map","Marisa????????","Minty Spire (QoL Compilation)","Quick Restart","Replay The Spire","Shop Mod","StSLib","The Servant 0.9.4"],"gold_per_floor":[114,128,128,146,146,174,200,200,282,307,336,364,22,51,51,149,149,167,167,167,177,177,210,210,237,284,284,315,111,141,153,153,250,250,270,270,270,287,302,332,362,396,396,428,463,475,501,501,501,501],"floor_reached":51,"language":"ENG","playtime":1494,"items_purged":["Revamp","Amnesia"],"score":1640,"play_id":"d9c7a67f-d1ca-4e00-9d5f-0f2c3cf25b95","local_time":"20210116015059","daily_mods":["SealedDeck","Heirloom","Time Dilation","Flight"],"is_ascension_mode":true,"campfire_choices":[{"data":"SilverBlades","floor":8,"key":"SMITH"},{"data":"SilverBlades","floor":15,"key":"SMITH"},{"data":"SilverBlades","floor":27,"key":"SMITH"},{"data":"Luminosity","floor":32,"key":"SMITH"},{"data":"Sunlight","floor":49,"key":"SMITH"}],"circlet_count":0,"master_deck":["Deadline","BottledTime","Defy","DancingSilver","Misdirection","SilverBlades+1","SilverBlades+1","Orbit","InstantArmor","Desolation","Barrier","Contraction+1","DancingSilver+1","Dilation","SilverBlades+1","Ricochet","Luminosity+1","TheWorld","Sunlight+1","GearUp+1","Misdirection+1"],"relics":["Uniform","replay:Trail_Library","FossilizedHelix","Counterbalance","Anchor","Replay:Baseball","Replay:Wax Seal","MerchantsRug","Oddly Smooth Stone","ClockworkSouvenir","Quantum Egg","Cursed Key","Eternal Feather","Blood Vial","Bag of Marbles","War Paint","PreservedInsect","Gremlin Food","Runic Dome","Mummified Hand","Toy Ornithopter","Replay:WaspNest","Dead Branch","Bronze Scales","Strawberry"],"acts_visited":["Exordium","TheCity","TheBeyond"],"potions_floor_usage":[23,50,50,50],"damage_taken":[{"damage":0,"enemies":"Small Slimes","floor":1,"turns":3},{"damage":0,"enemies":"Cultist","floor":2,"turns":2},{"damage":0,"enemies":"2 Louse","floor":4,"turns":1},{"damage":0,"enemies":"Gremlin Nob","floor":6,"turns":3},{"damage":0,"enemies":"Lagavulin","floor":7,"turns":5},{"damage":0,"enemies":"3 Sentries","floor":10,"turns":2},{"damage":0,"enemies":"Lagavulin","floor":11,"turns":4},{"damage":0,"enemies":"3 Sentries","floor":12,"turns":2},{"damage":0,"enemies":"Lagavulin","floor":14,"turns":4},{"damage":0,"enemies":"The Guardian","floor":16,"turns":5},{"damage":0,"enemies":"Spheric Guardian","floor":18,"turns":3},{"damage":0,"enemies":"3 Byrds","floor":21,"turns":2},{"damage":18,"enemies":"Slavers","floor":23,"turns":4},{"damage":0,"enemies":"Gremlin Leader","floor":25,"turns":4},{"damage":11,"enemies":"Slavers","floor":28,"turns":2},{"damage":0,"enemies":"Replay:Snechameleon","floor":30,"turns":5},{"damage":0,"enemies":"Snake Plant","floor":31,"turns":1},{"damage":0,"enemies":"Pondfish","floor":33,"turns":6},{"damage":0,"enemies":"Orb Walker","floor":35,"turns":3},{"damage":0,"enemies":"3 Shapes","floor":39,"turns":2},{"damage":0,"enemies":"Reptomancer","floor":40,"turns":2},{"damage":0,"enemies":"R_Hoarder","floor":41,"turns":5},{"damage":0,"enemies":"Nemesis","floor":42,"turns":5},{"damage":0,"enemies":"Giant Head","floor":44,"turns":4},{"damage":0,"enemies":"R_Hoarder","floor":45,"turns":4},{"damage":0,"enemies":"Sphere and 2 Shapes","floor":46,"turns":3},{"damage":0,"enemies":"Nemesis","floor":47,"turns":3},{"damage":0,"enemies":"Donu and Deca","floor":50,"turns":5}],"seed_played":"6070589549453538265","potions_obtained":[{"floor":2,"key":"AttackPotion"},{"floor":4,"key":"Explosive Potion"},{"floor":6,"key":"DuplicationPotion"},{"floor":14,"key":"Fire Potion"},{"floor":23,"key":"SkillPotion"},{"floor":25,"key":"LiquidMemories"},{"floor":30,"key":"AttackPotion"},{"floor":35,"key":"Dexterity Potion"},{"floor":39,"key":"LifebloodPotion"},{"floor":44,"key":"Milkshake"}],"is_trial":true,"path_per_floor":["M","M","?","M","$","E","E","R","T","E","E","E","$","E","R","B",null,"M","?","?","M","?","E","?","E","T","R","E","$","E","M","R","B",null,"M","?","?","$","M","E","E","E","T","E","E","M","E","T","R","B",null],"character_chosen":"THE_SERVANT","items_purchased":["MerchantsRug","Oddly Smooth Stone","ClockworkSouvenir","PreservedInsect"],"campfire_rested":0,"item_purchase_floors":[13,13,13,29],"current_hp_per_floor":[65,65,65,65,65,65,65,65,65,65,65,65,65,65,65,65,65,65,65,65,65,65,47,47,47,47,56,47,47,49,51,60,62,65,65,65,65,65,65,65,65,65,65,65,65,65,72,72,72,72],"gold":501,"neow_bonus":"","is_daily":false,"chose_seed":false,"campfire_upgraded":5,"win_rate":0.0,"timestamp":1610783459,"path_taken":["M","M","?","?","$","E","E","R","T","E","E","E","$","E","R","BOSS","M","?","?","?","?","E","?","E","T","R","E","$","E","M","R","BOSS","M","?","?","$","M","E","E","E","T","E","E","?","E","?","R","BOSS"],"items_purchased_type":["Relic","Relic","Relic","Relic"],"build_version":"2020-12-22","purchased_purges":2,"victory":true,"max_hp_per_floor":[65,65,65,65,65,65,65,65,65,65,65,65,65,65,65,65,65,65,65,65,65,65,65,65,65,65,65,65,65,65,65,65,65,65,65,65,65,65,65,65,65,65,65,65,65,65,72,72,72,72],"card_choices":[{"not_picked":["Revamp","TimeWarp","Manipulate"],"picked":"SKIP","floor":1},{"not_picked":["TimeWarp","Foresight"],"picked":"Desolation","floor":2},{"not_picked":["Deadline","RealityMarble"],"picked":"Barrier","floor":4},{"not_picked":["BestPractice","FastForward","Luminosity"],"picked":"SKIP","floor":6},{"not_picked":["Advance","FlawlessForm"],"picked":"Contraction","floor":7},{"not_picked":["Sabotage","Read"],"picked":"DancingSilver","floor":10},{"not_picked":["FastForward","Revamp","Defy"],"picked":"SKIP","floor":11},{"not_picked":["FastForward","DualDimension","ShiftingGears"],"picked":"SKIP","floor":12},{"not_picked":["StarChef","TimeWarp","Replace"],"picked":"SKIP","floor":14},{"not_picked":["LightFlow","Duplication"],"picked":"Dilation","floor":16},{"not_picked":["Potential","DoubleEdge+1","Revamp"],"picked":"SKIP","floor":18},{"not_picked":["Advance","DancingSilver","BottledTime+1"],"picked":"SKIP","floor":21},{"not_picked":["FlawlessForm","Unruled"],"picked":"Ricochet","floor":23},{"not_picked":["Alleviate+1","Potential","KillingDoll"],"picked":"SKIP","floor":25},{"not_picked":["FanOfKnives+1","Rewind","ShiftingGears"],"picked":"SKIP","floor":28},{"not_picked":["TimeWarp","Revamp","Solidify"],"picked":"SKIP","floor":30},{"not_picked":["ShatteredReality","ShiftingGears+1","Alleviate"],"picked":"SKIP","floor":31},{"not_picked":["FlawlessForm","LightFlow"],"picked":"TheWorld","floor":33},{"not_picked":["Read","Defy","BottledTime+1"],"picked":"SKIP","floor":35},{"not_picked":["Rearm","Spin","FastForward+1"],"picked":"SKIP","floor":39},{"not_picked":["Alleviate","Snipe+1"],"picked":"Sunlight","floor":40},{"not_picked":["Gouge","Alleviate","TimeWarp"],"picked":"SKIP","floor":41},{"not_picked":["TimeWarp","Revamp","Ricochet"],"picked":"SKIP","floor":42},{"not_picked":["Snipe+1","Spin"],"picked":"GearUp+1","floor":44},{"not_picked":["Alleviate+1","Spin","FastForward+1"],"picked":"SKIP","floor":45},{"not_picked":["Ricochet+1","Barrier+1"],"picked":"Misdirection+1","floor":46},{"not_picked":["DoubleEdge+1","Ricochet+1","FastForward+1"],"picked":"SKIP","floor":47}],"player_experience":192029,"relics_obtained":[{"floor":6,"key":"Counterbalance"},{"floor":7,"key":"Anchor"},{"floor":9,"key":"Meat on the Bone"},{"floor":10,"key":"Mercury Hourglass"},{"floor":11,"key":"Replay:Baseball"},{"floor":12,"key":"Replay:Wax Seal"},{"floor":14,"key":"Quantum Egg"},{"floor":23,"key":"Eternal Feather"},{"floor":25,"key":"Blood Vial"},{"floor":26,"key":"Bag of Marbles"},{"floor":28,"key":"War Paint"},{"floor":30,"key":"Gremlin Food"},{"floor":40,"key":"Mummified Hand"},{"floor":41,"key":"Toy Ornithopter"},{"floor":42,"key":"Replay:WaspNest"},{"floor":44,"key":"Dead Branch"},{"floor":45,"key":"Bronze Scales"},{"floor":47,"key":"Strawberry"}],"event_choices":[{"cards_removed":["Starlight"],"damage_healed":5,"gold_gain":0,"player_choice":"Offered Common","damage_taken":0,"max_hp_gain":0,"max_hp_loss":0,"event_name":"Bonfire Elementals","floor":3,"gold_loss":0},{"cards_removed":["Starlight"],"damage_healed":5,"gold_gain":0,"player_choice":"Offered Special","damage_taken":0,"max_hp_gain":0,"max_hp_loss":0,"event_name":"Bonfire Elementals","floor":3,"gold_loss":0},{"damage_healed":0,"gold_gain":0,"player_choice":"Ignored","damage_taken":0,"max_hp_gain":0,"max_hp_loss":0,"event_name":"Ghosts","floor":19,"gold_loss":0},{"damage_healed":0,"gold_gain":0,"player_choice":"Ignored","damage_taken":0,"max_hp_gain":0,"max_hp_loss":0,"event_name":"Vampires","floor":22,"gold_loss":0},{"damage_healed":0,"gold_gain":0,"player_choice":"Ignored","damage_taken":0,"max_hp_gain":0,"max_hp_loss":0,"event_name":"The Mausoleum","floor":24,"gold_loss":0},{"damage_healed":0,"gold_gain":0,"player_choice":"Ignored","damage_taken":0,"max_hp_gain":0,"max_hp_loss":0,"event_name":"Transmorgrifier","floor":37,"gold_loss":0}],"is_beta":false,"boss_relics":[{"not_picked":["Replay:Ancient Bell","ChewingGum"],"picked":"Cursed Key"},{"not_picked":["Tiny House","Velvet Choker"],"picked":"Runic Dome"}],"items_purged_floors":[13,29],"is_endless":false,"potions_floor_spawned":[2,4,6,11,14,23,25,30,35,39,44,47],"ascension_level":1}}