{"host":"i7jfea87xc8lz16p","time":1610803395,"event":{"mods":["AchievementEnabler","BaseMod","Colored Powertips","Minty Spire (QoL Compilation)","Relic Stats"],"gold_per_floor":[110,110,162,172,19,46,46,46,46,46,79,89,100,113,113,189,189,209,219,219,11,11,11,28,28,28,40,53,71,98,98,98,98,98],"floor_reached":33,"language":"ENG","playtime":1738,"items_purged":["Strike_R","Strike_R"],"score":679,"play_id":"93f4466b-ad9c-43d0-b41a-d5177f757f23","local_time":"20210116142315","is_ascension_mode":true,"campfire_choices":[{"data":"Sever Soul","floor":8,"key":"SMITH"},{"data":"Clothesline","floor":15,"key":"SMITH"},{"data":"Feel No Pain","floor":23,"key":"SMITH"},{"data":"True Grit","floor":25,"key":"SMITH"},{"data":"Whirlwind","floor":32,"key":"SMITH"}],"circlet_count":0,"master_deck":["AscendersBane","Strike_R","Strike_R","Defend_R","Defend_R","Defend_R","Defend_R","Bash+1","Headbutt","Iron Wave","Sever Soul+1","Battle Trance","Burning Pact","Rage","Shrug It Off","Clothesline+1","Feel No Pain+1","Warcry","Ghostly","Ghostly","Ghostly","True Grit+1","True Grit+1","Whirlwind+1","Burning Pact+1","Ghostly"],"relics":["Coffee Dripper","Blood Vial","Charon\u0027s Ashes","PreservedInsect","Orichalcum","Velvet Choker","Bag of Preparation","StrikeDummy"],"acts_visited":["Exordium","TheCity"],"potions_floor_usage":[13,24,33,33,33],"damage_taken":[{"damage":4,"enemies":"Jaw Worm","floor":1,"turns":5},{"damage":0,"enemies":"Cultist","floor":4,"turns":2},{"damage":6,"enemies":"Gremlin Nob","floor":6,"turns":3},{"damage":0,"enemies":"3 Sentries","floor":11,"turns":4},{"damage":0,"enemies":"2 Louse","floor":12,"turns":2},{"damage":6,"enemies":"Exordium Thugs","floor":13,"turns":3},{"damage":3,"enemies":"Red Slaver","floor":14,"turns":2},{"damage":22,"enemies":"The Guardian","floor":16,"turns":11},{"damage":8,"enemies":"3 Byrds","floor":18,"turns":5},{"damage":9,"enemies":"Spheric Guardian","floor":19,"turns":4},{"damage":6,"enemies":"Shelled Parasite and Fungi","floor":24,"turns":5},{"damage":4,"enemies":"Centurion and Healer","floor":27,"turns":7},{"damage":0,"enemies":"Cultist and Chosen","floor":28,"turns":7},{"damage":0,"enemies":"Snake Plant","floor":29,"turns":3},{"damage":0,"enemies":"Book of Stabbing","floor":30,"turns":4},{"damage":51,"enemies":"Automaton","floor":33,"turns":8}],"seed_played":"-3104463170182041935","potions_obtained":[{"floor":12,"key":"Swift Potion"},{"floor":13,"key":"FearPotion"},{"floor":14,"key":"LiquidMemories"},{"floor":24,"key":"Regen Potion"},{"floor":27,"key":"Fire Potion"},{"floor":29,"key":"EntropicBrew"}],"is_trial":false,"path_per_floor":["M","?","T","M","$","E","?","R","T","$","E","M","M","M","R","B",null,"M","M","?","$","?","R","M","R","T","M","M","M","E","?","R","B"],"character_chosen":"IRONCLAD","items_purchased":["Sever Soul","True Grit","Explosive Potion"],"campfire_rested":0,"item_purchase_floors":[5,21,21],"current_hp_per_floor":[64,64,64,66,66,62,62,62,62,62,64,66,62,61,61,41,67,61,54,37,37,37,37,31,31,31,29,31,33,35,35,35,0,0],"gold":98,"neow_bonus":"BOSS_RELIC","is_daily":false,"chose_seed":false,"campfire_upgraded":5,"win_rate":0.0,"timestamp":1610803395,"path_taken":["M","?","?","?","$","E","?","R","T","?","E","?","M","M","R","BOSS","M","M","?","$","?","R","M","R","T","M","?","M","E","?","R","BOSS"],"items_purchased_type":["Card","Card","Potion"],"build_version":"2020-12-22","purchased_purges":2,"victory":false,"max_hp_per_floor":[75,75,75,75,75,75,75,75,75,75,75,75,75,75,75,75,75,75,75,37,37,37,37,37,37,37,37,37,37,37,37,37,37,37],"relic_stats":{"Blood Vial":28,"counters":[16,75],"Charon\u0027s Ashes":[390],"PreservedInsect":73,"Bag of Preparation":[10],"Orichalcum":[42],"obtain_stats":[{"Blood Vial":3,"Velvet Choker":17,"Charon\u0027s Ashes":6,"PreservedInsect":9,"Coffee Dripper":0,"Bag of Preparation":26,"Orichalcum":11,"StrikeDummy":30,"Burning Blood":0},{"Blood Vial":1,"Velvet Choker":8,"Charon\u0027s Ashes":3,"PreservedInsect":3,"Coffee Dripper":0,"Bag of Preparation":11,"Orichalcum":4,"StrikeDummy":15,"Burning Blood":0},{"Blood Vial":5,"Velvet Choker":32,"Charon\u0027s Ashes":10,"PreservedInsect":10,"Coffee Dripper":0,"Bag of Preparation":46,"Orichalcum":14,"StrikeDummy":67,"Burning Blood":0}]},"card_choices":[{"not_picked":["Warcry","Entrench"],"picked":"Headbutt","floor":1},{"not_picked":["Anger","Headbutt"],"picked":"Iron Wave","floor":4},{"not_picked":["Heavy Blade","Sword Boomerang"],"picked":"Battle Trance","floor":6},{"not_picked":["Anger","Blood for Blood"],"picked":"Rage","floor":11},{"not_picked":["Second Wind","Perfected Strike"],"picked":"Shrug It Off","floor":12},{"not_picked":["Spot Weakness","Headbutt"],"picked":"Clothesline","floor":13},{"not_picked":["Clothesline","Wild Strike","Bludgeon"],"picked":"SKIP","floor":14},{"not_picked":["Twin Strike","Shockwave"],"picked":"Feel No Pain","floor":18},{"not_picked":["Clothesline","Pommel Strike"],"picked":"Warcry","floor":19},{"not_picked":["Blood for Blood","Heavy Blade","Armaments"],"picked":"SKIP","floor":24},{"not_picked":["Thunderclap","Wild Strike"],"picked":"True Grit+1","floor":27},{"not_picked":["Warcry","Blood for Blood","Headbutt"],"picked":"SKIP","floor":28},{"not_picked":["Sever Soul","Ghostly Armor"],"picked":"Whirlwind","floor":29},{"not_picked":["Sentinel","Double Tap"],"picked":"Burning Pact+1","floor":30}],"player_experience":1777321,"relics_obtained":[{"floor":3,"key":"Blood Vial"},{"floor":6,"key":"Charon\u0027s Ashes"},{"floor":9,"key":"PreservedInsect"},{"floor":11,"key":"Orichalcum"},{"floor":26,"key":"Bag of Preparation"},{"floor":30,"key":"StrikeDummy"}],"event_choices":[{"damage_healed":0,"gold_gain":0,"player_choice":"Grow","damage_taken":0,"max_hp_gain":0,"max_hp_loss":0,"event_name":"Living Wall","floor":2,"gold_loss":0,"cards_upgraded":["Bash"]},{"damage_healed":0,"gold_gain":0,"cards_transformed":["Strike_R"],"player_choice":"Transformed","damage_taken":0,"max_hp_gain":0,"max_hp_loss":0,"event_name":"Transmorgrifier","floor":7,"gold_loss":0,"cards_obtained":["Burning Pact"]},{"damage_healed":0,"gold_gain":0,"player_choice":"Became a Ghost","damage_taken":0,"max_hp_gain":0,"max_hp_loss":38,"event_name":"Ghosts","floor":20,"gold_loss":0,"cards_obtained":["Ghostly","Ghostly","Ghostly"]},{"damage_healed":0,"gold_gain":0,"player_choice":"Ignored","damage_taken":0,"max_hp_gain":0,"max_hp_loss":0,"event_name":"N\u0027loth","floor":22,"gold_loss":0},{"damage_healed":0,"gold_gain":0,"player_choice":"Copied","damage_taken":0,"max_hp_gain":0,"max_hp_loss":0,"event_name":"Duplicator","floor":31,"gold_loss":0,"cards_obtained":["Ghostly"]}],"is_beta":false,"boss_relics":[{"not_picked":["Tiny House","Mark of Pain"],"picked":"Velvet Choker"}],"items_purged_floors":[5,21],"is_endless":false,"potions_floor_spawned":[12,13,14,24,27,29],"killed_by":"Automaton","ascension_level":20}}