{"host":"290egjt91b2tngam","time":1610785572,"event":{"mods":["BaseMod","Colored Map","Colored Powertips","Hubris","Infinite Spire","Marisa????????","Minty Spire (QoL Compilation)","Replay The Spire","StSLib","The Bug Knight","The Cursed","The Servant 0.9.4"],"gold_per_floor":[117,133,153,153,173,173,204,204,227,252,252,265,292,137,137,241,241,257,257,257,267,240,259,290,307,332,332,332],"floor_reached":27,"language":"ENG","playtime":1817,"items_purged":[],"score":375,"play_id":"dbddda44-25ff-4e19-a371-78941681f828","local_time":"20210116152612","is_ascension_mode":true,"campfire_choices":[{"data":"Forethought","floor":6.0,"key":"SMITH"},{"data":"Dualcast","floor":11.0,"key":"SMITH"},{"floor":15.0,"key":"REST"}],"circlet_count":0,"master_deck":["Strike_B","Strike_B","Strike_B","Strike_B","Defend_B","Defend_B","Defend_B","Defend_B","Zap","Dualcast+1","Forethought+1","Beam Cell","Scrape","Gash","Gash","Echo Form","Glacier","ReplayTheSpireMod:Omega Cannon","Creative AI","Hologram","Rebound","Electrodynamics","Self Repair+1","Gash","Rebound","Rebound+1","Static Discharge","Hologram","Reinforced Body+1"],"relics":["Cracked Core","Ring of Peace","Omamori","Nunchaku","HollowMod:PaleOreRelic","Blue Doll","Orrery","Prayer Wheel","hubris:HollowSoul","Nloth\u0027s Gift","Pocketwatch","Pet Ghost"],"acts_visited":["Exordium","TheCity"],"potions_floor_usage":[24,25],"damage_taken":[{"damage":4.0,"enemies":"infinitespire:Voidling","floor":1.0,"turns":3.0},{"damage":0.0,"enemies":"2 Louse","floor":2.0,"turns":2.0},{"damage":0.0,"enemies":"Cultist","floor":3.0,"turns":3.0},{"damage":0.0,"enemies":"Large Slime","floor":5.0,"turns":5.0},{"damage":0.0,"enemies":"HollowMod:MossKnight","floor":7.0,"turns":11.0},{"damage":13.0,"enemies":"Gremlin Nob","floor":10.0,"turns":4.0},{"damage":6.0,"enemies":"Blue Slaver","floor":12.0,"turns":3.0},{"damage":16.0,"enemies":"Lagavulin","floor":13.0,"turns":7.0},{"damage":60.0,"enemies":"Fading Forest","floor":16.0,"turns":11.0},{"damage":4.0,"enemies":"Chosen","floor":18.0,"turns":4.0},{"damage":23.0,"enemies":"Shell Parasite","floor":21.0,"turns":5.0},{"damage":4,"enemies":"Chosen and Byrds","floor":23,"turns":4},{"damage":13,"enemies":"HollowMod:Nosk","floor":24,"turns":8},{"damage":12,"enemies":"Snake Plant","floor":25,"turns":4},{"damage":0,"enemies":"Nightmare","floor":27,"turns":4}],"seed_played":"6152146798120102064","potions_obtained":[{"floor":2.0,"key":"Strength Potion"},{"floor":3.0,"key":"Block Potion"},{"floor":5.0,"key":"Block Potion"},{"floor":13.0,"key":"Swift Potion"},{"floor":18.0,"key":"Flashbang"},{"floor":24,"key":"ColorlessPotion"}],"is_trial":false,"path_per_floor":["M","M","M","?","M","R","E","?","T","E","R","M","E","$","R_BF","B",null,"M","?","?","M","$","M","E","M","T","NM"],"character_chosen":"DEFECT","items_purchased":["Orrery","Rebound+1"],"campfire_rested":1,"item_purchase_floors":[14,22],"current_hp_per_floor":[64,64,64,64,64,64,64,64,64,51,51,45,29,29,51,13,60,56,56,56,33,33,29,26,24,24,15,15],"gold":332,"neow_bonus":"RANDOM_COLORLESS","is_daily":false,"chose_seed":false,"campfire_upgraded":2,"win_rate":0.0,"timestamp":1610785572,"path_taken":["M","?","?","?","M","R","E","?","T","E","R","?","E","$","R_BF","BOSS","M","?","?","M","$","M","E","M","T","NM"],"items_purchased_type":["Relic","Card"],"build_version":"2020-12-22","purchased_purges":0,"victory":false,"max_hp_per_floor":[75,75,75,75,75,75,75,75,75,75,75,75,75,75,75,75,75,75,75,75,75,75,75,75,75,75,15,15],"card_choices":[{"not_picked":["hubris:Ssssneak","Impatience"],"picked":"Forethought","floor":0.0},{"not_picked":["Steam","Defragment"],"picked":"Beam Cell","floor":1.0},{"not_picked":["ReplayTheSpireMod:Calculation Training","Barrage"],"picked":"Scrape","floor":2.0},{"not_picked":["Storm","FTL"],"picked":"Gash","floor":3.0},{"not_picked":["ReplayTheSpireMod:Calculation Training","Hologram"],"picked":"Gash","floor":5.0},{"not_picked":["Stack","Rebound"],"picked":"Echo Form","floor":7.0},{"not_picked":["Streamline","Cold Snap","Tempest"],"picked":"SKIP","floor":10.0},{"not_picked":["Sweeping Beam","BasicCrystalCard"],"picked":"Glacier","floor":12.0},{"not_picked":["Streamline","Sweeping Beam"],"picked":"ReplayTheSpireMod:Omega Cannon","floor":13.0},{"not_picked":["ReplaySort","Sweeping Beam"],"picked":"Creative AI","floor":14.0},{"not_picked":["Steam","Streamline"],"picked":"Hologram","floor":14.0},{"not_picked":["Loop","Stack"],"picked":"Rebound","floor":14.0},{"not_picked":["Double Energy","hubris:PowerSurge"],"picked":"ReplayTheSpireMod:Fabricate Wheel","floor":14.0},{"not_picked":["Multi-Cast","hubris:SpecializedCircuitry"],"picked":"Electrodynamics","floor":16.0},{"not_picked":["Heatsinks","Leap"],"picked":"Self Repair+1","floor":18.0},{"not_picked":["Go for the Eyes","Coolheaded"],"picked":"Gash","floor":18.0},{"not_picked":["Stack","Compile Driver+1"],"picked":"Rebound","floor":21.0},{"not_picked":["Steam","Crystallizer","Hyperbeam"],"picked":"SKIP","floor":21.0},{"not_picked":["Conserve Battery","Glacier","Stack+1"],"picked":"SKIP","floor":23},{"not_picked":["Doom and Gloom","Capacitor","Streamline"],"picked":"SKIP","floor":23},{"not_picked":["Static Discharge","Biased Cognition","ReplayTheSpireMod:GoodbyeWorld"],"picked":"SKIP","floor":24},{"not_picked":["Biased Cognition","ReplayTheSpireMod:GoodbyeWorld"],"picked":"Static Discharge","floor":24},{"not_picked":["ReplayTheSpireMod:System Scan","Steam+1"],"picked":"Hologram","floor":25},{"not_picked":["Streamline+1","Panic Button"],"picked":"Reinforced Body+1","floor":25}],"player_experience":717121,"relics_obtained":[{"floor":4.0,"key":"ReplayTheSpireMod:Ring of Exchange"},{"floor":4.0,"key":"Ring of Peace"},{"floor":7.0,"key":"Omamori"},{"floor":9.0,"key":"Nunchaku"},{"floor":10.0,"key":"HollowMod:PaleOreRelic"},{"floor":13.0,"key":"Blue Doll"},{"floor":24,"key":"Pocketwatch"},{"floor":26,"key":"Pet Ghost"}],"event_choices":[{"cards_removed":["Languid"],"damage_healed":0.0,"max_hp_gain":0.0,"max_hp_loss":0.0,"gold_gain":0.0,"event_name":"Purifier","player_choice":"Purged","floor":8.0,"gold_loss":0.0,"damage_taken":0.0},{"damage_healed":0.0,"max_hp_gain":0.0,"max_hp_loss":0.0,"gold_gain":0.0,"event_name":"Vampires","player_choice":"Ignored","floor":19.0,"gold_loss":0.0,"damage_taken":0.0},{"damage_healed":0.0,"max_hp_gain":0.0,"max_hp_loss":0.0,"gold_gain":0.0,"event_name":"N\u0027loth","player_choice":"Traded Relic","floor":20.0,"relics_lost":["ReplayTheSpireMod:Ring of Exchange"],"gold_loss":0.0,"damage_taken":0.0,"relics_obtained":["Nloth\u0027s Gift"]}],"is_beta":false,"boss_relics":[{"not_picked":["Ectoplasm","DollysMirror"],"picked":"hubris:HollowSoul"}],"items_purged_floors":[],"is_endless":false,"potions_floor_spawned":[2,3,5,13,18,24],"killed_by":"Nightmare","ascension_level":7}}