{"host":"t6r1isv2bex5ovch","time":1610788044,"event":{"mods":["AchievementEnabler","Act Like it!","Aspiration","BaseMod","Better Altar","Better Note","Better Sensory Stone","Better Skull","Better Third Choice","Better Vampires","Colored Powertips","Displayed Cursed Tome","Minty Spire (QoL Compilation)","StSLib","The Bug Knight","The Jungle"],"gold_per_floor":[113,132,132,57,72,101,112,143,143,143,153,103,3,18,18,121,121,139,89,101,114,114,149,149,180,180,192,67,93,93,26,26,121,121,141,141,158,171,183,215,65,83,154,182,7,19,37,68,68,68,68,68,68,102,102],"floor_reached":56,"language":"ENG","playtime":6034,"items_purged":["HollowMod:QuickDashStart","HollowMod:QuickDashStart","HollowMod:QuickDashStart","HollowMod:FocusHealStart","HollowMod:DashSlash"],"score":1546,"play_id":"acce59e4-d4d5-4ed8-8e7b-d73eb22b1a9f","local_time":"20210116190724","is_ascension_mode":true,"campfire_choices":[{"floor":10,"key":"RECALL"},{"data":"HollowMod:QuirrelsAssistance","floor":15,"key":"SMITH"},{"data":"HollowMod:HuntersJournal","floor":24,"key":"SMITH"},{"data":"HollowMod:CloakDash","floor":30,"key":"SMITH"},{"data":"HollowMod:ElderbugsWisdom","floor":32,"key":"SMITH"},{"data":"HollowMod:PogoStrike","floor":49,"key":"SMITH"},{"data":"HollowMod:MylasSalvation","floor":52,"key":"SMITH"}],"circlet_count":0,"master_deck":["HollowMod:PogoStrike+1","HollowMod:MylasSalvation+1","HollowMod:QuirrelsAssistance+1","HollowMod:HuntersJournal+1","HollowMod:PaleKingsBlessing","HollowMod:PaleKingsBlessing","HollowMod:CloakDash+1","HollowMod:ElderbugsWisdom+1","HollowMod:CloakDash+1","HollowMod:DashSlash+1","HollowMod:QuirrelsAssistance+1","HollowMod:LifebloodCocoon"],"relics":["HollowMod:VesselMask","aspiration:DSix","Nunchaku","HollowMod:PaleOreRelic","aspiration:PoetsPen_weak","Bottled Lightning","Bag of Preparation","Kunai","Empty Cage","Peace Pipe","StoneCalendar","aspiration:Lifesprig","Juzu Bracelet","HollowMod:LifeEnderRelic"],"acts_visited":["Exordium","TheCity","TheBeyond","TheEnding"],"potions_floor_usage":[6,16,21,23,25,33,55,55],"damage_taken":[{"damage":1,"enemies":"Cultist","floor":1,"turns":3},{"damage":0,"enemies":"Small Slimes","floor":2,"turns":4},{"damage":1,"enemies":"2 Louse","floor":5,"turns":2},{"damage":19,"enemies":"Gremlin Nob","floor":6,"turns":5},{"damage":5,"enemies":"2 Fungi Beasts","floor":7,"turns":4},{"damage":39,"enemies":"3 Sentries","floor":8,"turns":10},{"damage":0,"enemies":"Large Slime","floor":11,"turns":3},{"damage":0,"enemies":"Blue Slaver","floor":14,"turns":3},{"damage":27,"enemies":"Hexaghost","floor":16,"turns":11},{"damage":0,"enemies":"Chosen","floor":18,"turns":3},{"damage":4,"enemies":"Shell Parasite","floor":20,"turns":3},{"damage":16,"enemies":"Shelled Parasite and Fungi","floor":21,"turns":3},{"damage":0,"enemies":"Gremlin Leader","floor":23,"turns":3},{"damage":3,"enemies":"Book of Stabbing","floor":25,"turns":3},{"damage":8,"enemies":"Snake Plant","floor":27,"turns":3},{"damage":4,"enemies":"Gremlin Leader","floor":29,"turns":6},{"damage":36,"enemies":"HollowMod:NKGrimm","floor":33,"turns":9},{"damage":16,"enemies":"3 Shapes","floor":35,"turns":1},{"damage":0,"enemies":"Orb Walker","floor":37,"turns":2},{"damage":3,"enemies":"Transient","floor":38,"turns":5},{"damage":0,"enemies":"Spire Growth","floor":39,"turns":2},{"damage":0,"enemies":"Giant Head","floor":40,"turns":2},{"damage":0,"enemies":"Sphere and 2 Shapes","floor":42,"turns":1},{"damage":0,"enemies":"Reptomancer","floor":44,"turns":2},{"damage":0,"enemies":"Jaw Worm Horde","floor":46,"turns":2},{"damage":0,"enemies":"Transient","floor":47,"turns":1},{"damage":0,"enemies":"Giant Head","floor":48,"turns":1},{"damage":0,"enemies":"HollowMod:Radiance","floor":50,"turns":1},{"damage":0,"enemies":"Shield and Spear","floor":54,"turns":1},{"damage":0,"enemies":"The Heart","floor":55,"turns":4}],"seed_played":"-1326293289813833040","potions_obtained":[{"floor":2,"key":"LiquidBronze"},{"floor":8,"key":"DistilledChaos"},{"floor":14,"key":"Ancient Potion"},{"floor":18,"key":"SteroidPotion"},{"floor":20,"key":"Fruit Juice"},{"floor":23,"key":"SkillPotion"},{"floor":25,"key":"Ancient Potion"},{"floor":29,"key":"Dexterity Potion"},{"floor":35,"key":"SpeedPotion"},{"floor":38,"key":"Regen Potion"},{"floor":47,"key":"Block Potion"}],"is_trial":false,"path_per_floor":["M","M","?","$","M","E","M","E","T","R","M","?","$","M","R","B",null,"M","?","M","M","?","E","R","E","T","M","$","E","R","$","R","B",null,"M","?","M","M","M","E","$","M","T","E","$","M","M","E","R","B",null,"R","$","E","B",null],"character_chosen":"THE_BUGKNIGHT","items_purchased":["HollowMod:ElderbugsWisdom"],"campfire_rested":0,"item_purchase_floors":[31],"current_hp_per_floor":[74,75,75,75,75,56,61,32,32,32,38,38,38,44,44,29,75,75,75,75,73,73,80,80,77,77,78,78,80,80,80,80,62,80,64,64,67,79,80,80,80,80,80,80,80,80,80,80,80,80,80,80,80,80,80],"gold":102,"neow_bonus":"DSIX","is_daily":false,"chose_seed":false,"campfire_upgraded":6,"win_rate":0.0,"timestamp":1610788044,"path_taken":["M","?","?","$","M","E","M","E","T","R","M","?","$","M","R","BOSS","M","?","M","M","?","E","R","E","T","M","$","E","R","$","R","BOSS","M","?","M","M","M","E","$","?","T","E","$","?","M","E","R","BOSS","R","$","E","BOSS"],"items_purchased_type":["Card"],"build_version":"2020-12-22","purchased_purges":5,"victory":true,"max_hp_per_floor":[75,75,75,75,75,75,75,75,75,75,75,75,75,75,75,75,75,75,75,75,80,80,80,80,80,80,80,80,80,80,80,80,80,80,80,80,80,80,80,80,80,80,80,80,80,80,80,80,80,80,80,80,80,80,80],"card_choices":[{"not_picked":["HollowMod:TaintedHusks","HollowMod:GoodIntentions"],"picked":"HollowMod:DashSlash","floor":1},{"not_picked":["HollowMod:SharpenedShadows","HollowMod:ShapeofUnn","HollowMod:HowlingWraiths"],"picked":"SKIP","floor":2},{"not_picked":["HollowMod:MothsMistake","HollowMod:ShadowDash","HollowMod:AbyssShriek"],"picked":"SKIP","floor":5},{"not_picked":["HollowMod:FallenFury","HollowMod:SiblingsShadow"],"picked":"HollowMod:QuirrelsAssistance","floor":6},{"not_picked":["HollowMod:ChannelNail","HollowMod:PerfectDash","HollowMod:DoubleDash"],"picked":"SKIP","floor":7},{"not_picked":["HollowMod:SoulSplash","HollowMod:Weaversong"],"picked":"HollowMod:HuntersJournal","floor":8},{"not_picked":["HollowMod:HeavyBlow","HollowMod:HowlingWraiths","HollowMod:VengefulVoid"],"picked":"SKIP","floor":11},{"not_picked":["HollowMod:InfectedCysts","HollowMod:AbyssShriek","HollowMod:CornifersMapStart"],"picked":"SKIP","floor":14},{"not_picked":["HollowMod:MidwifesHunger","HollowMod:Weaversong"],"picked":"HollowMod:PaleKingsBlessing","floor":16},{"not_picked":["HollowMod:SiblingsSouls","HollowMod:SharpenedNail+1","HollowMod:LifebloodCocoon"],"picked":"SKIP","floor":18},{"not_picked":["HollowMod:AbyssShriek","HollowMod:BlackTendrils+1","HollowMod:PerfectDash"],"picked":"SKIP","floor":20},{"not_picked":["HollowMod:VengefulVoid","HollowMod:NewJinnsSoul","HollowMod:SoulStrike"],"picked":"SKIP","floor":21},{"not_picked":["HollowMod:SoulStrike","HollowMod:CrystalDash+1","HollowMod:LifebloodCocoon+1"],"picked":"SKIP","floor":23},{"not_picked":["HollowMod:InfectionAssault+1","HollowMod:HowlingWraiths","HollowMod:DoubleDash"],"picked":"SKIP","floor":25},{"not_picked":["HollowMod:SharpenedNail","HollowMod:NewJinnsSoul"],"picked":"HollowMod:PaleKingsBlessing","floor":27},{"not_picked":["HollowMod:HornetsHelp","HollowMod:WraithStrike"],"picked":"HollowMod:CloakDash","floor":29},{"not_picked":["HollowMod:CornifersMapStart","HollowMod:SiblingsSouls","HollowMod:VengefulSpirit+1"],"picked":"SKIP","floor":35},{"not_picked":["HollowMod:SoulStrike","HollowMod:CornifersMapStart","HollowMod:SoulShaman+1"],"picked":"SKIP","floor":37},{"not_picked":["HollowMod:SiblingsSouls+1","HollowMod:VengefulVoid"],"picked":"HollowMod:CloakDash+1","floor":38},{"not_picked":["HollowMod:NewJinnsSoul","HollowMod:GoodIntentions","HollowMod:HowlingWraiths+1"],"picked":"SKIP","floor":39},{"not_picked":["HollowMod:FastStrike+1","HollowMod:ChannelNail+1"],"picked":"HollowMod:DashSlash+1","floor":40},{"not_picked":["HollowMod:BaldurShell+1","HollowMod:SoulEater","HollowMod:Hiveblood"],"picked":"SKIP","floor":42},{"not_picked":["HollowMod:SoulSplash","HollowMod:DoubleDash","HollowMod:MawleksShell"],"picked":"SKIP","floor":44},{"not_picked":["HollowMod:InfectedCysts+1","HollowMod:BrokenVessel"],"picked":"HollowMod:QuirrelsAssistance+1","floor":46},{"not_picked":["HollowMod:Grubsong","HollowMod:QuirrelsAssistance+1","HollowMod:DashSlash+1"],"picked":"SKIP","floor":47},{"not_picked":["HollowMod:LifebloodCocoon","HollowMod:CornifersMapStart","HollowMod:DashSlash"],"picked":"SKIP","floor":48},{"not_picked":["HollowMod:CloakDash","HollowMod:PureNailStrike"],"picked":"HollowMod:LifebloodCocoon","floor":54}],"player_experience":432100,"relics_obtained":[{"floor":6,"key":"Nunchaku"},{"floor":8,"key":"HollowMod:PaleOreRelic"},{"floor":23,"key":"Bottled Lightning"},{"floor":25,"key":"Bag of Preparation"},{"floor":29,"key":"Kunai"},{"floor":40,"key":"Peace Pipe"},{"floor":43,"key":"StoneCalendar"},{"floor":44,"key":"aspiration:Lifesprig"},{"floor":48,"key":"Juzu Bracelet"},{"floor":54,"key":"HollowMod:LifeEnderRelic"}],"event_choices":[{"cards_removed":["HollowMod:NailStrikeStart"],"damage_healed":0,"gold_gain":0,"player_choice":"Card Removal","damage_taken":0,"max_hp_gain":0,"max_hp_loss":0,"event_name":"The Cleric","floor":12,"gold_loss":50},{"damage_healed":0,"gold_gain":0,"player_choice":"Bet on Murderer","damage_taken":0,"max_hp_gain":0,"max_hp_loss":0,"event_name":"The Joust","floor":19,"gold_loss":50},{"cards_removed":["HollowMod:QuickDashStart"],"damage_healed":0,"gold_gain":0,"player_choice":"Purged","damage_taken":0,"max_hp_gain":0,"max_hp_loss":0,"event_name":"Purifier","floor":22,"gold_loss":0},{"cards_removed":["HollowMod:NailStrikeStart"],"damage_healed":0,"gold_gain":0,"player_choice":"Purged","damage_taken":0,"max_hp_gain":0,"max_hp_loss":0,"event_name":"Purifier","floor":36,"gold_loss":0}],"is_beta":false,"boss_relics":[{"not_picked":["Snecko Eye","HollowMod:KingsSoulRelic"],"picked":"aspiration:PoetsPen_weak"},{"not_picked":["Runic Pyramid","Astrolabe"],"picked":"Empty Cage"}],"items_purged_floors":[4,13,28,41,45],"is_endless":false,"potions_floor_spawned":[2,8,14,18,20,23,25,29,35,38,42,47],"ascension_level":1}}