{"host":"oc9z8cublggqyfxu","time":1610794196,"event":{"mods":["AchievementEnabler","Act Like it!","Aspiration","BaseMod","Colored Map","Colored Powertips","Friendly Minions","Gensokyo","Hallownest","Hermit","Highlight Path","Infinite Spire","KinomotoSakuraMod(木之本樱)","Koishi","Lobotomy","LobotomyExtend","Marisa（F雨　魔理沙）","Minty Spire (QoL Compilation)","Quick Restart","Reimu（博丽灵梦）","Relic Stats","Remilia（蕾米莉亚）","Replay The Spire","RumiaBox-露米娅的神秘盒子","StSLib","The Administrix","The Animator","The Blackbeard","The Bug Knight","The Cursed","The Hierophant","The Mystic","The Runesmith","The Servant 0.9.4","Youmu（魂魄妖梦）","Yuyuko","vexMod","【功能Mod】混沌之环修复补丁","【功能Mod】聪明的最终Boss"],"gold_per_floor":[118,118,118,134,59,59,88,106,106,125,125,135,0,0,0,104,104,117,117,217,217,182,182,182],"floor_reached":23,"language":"ZHS","playtime":2287,"items_purged":["Zap"],"score":222,"play_id":"9dcf58ed-3016-4cdf-8e3d-0faf05a91878","local_time":"20210116184956","is_ascension_mode":true,"campfire_choices":[{"data":"Fusion","floor":6,"key":"SMITH"},{"data":"Dualcast","floor":15,"key":"SMITH"}],"circlet_count":0,"master_deck":["Strike_B","Dualcast+1","ReplaySort","Hallownest:skillLeafShield","Hallownest:skillLeafShield","Fusion+1"],"relics":["Cracked Core","LetterFromLob","Hallownest:DreamNailRelic","Juzu Bracelet","MagicDraw1","Hallownest:BankAccountRelic","aspiration:FutureDiary"],"acts_visited":["Hallownest:Greenpath","TheCity"],"potions_floor_usage":[16,16],"damage_taken":[{"damage":1,"enemies":"Hallownest:monsterHuskWarrior","floor":1,"turns":3},{"damage":0,"enemies":"Hallownest:2_Tiktiks_and_1_Crawlid","floor":4,"turns":3},{"damage":14,"enemies":"Hallownest:eliteVengeflyKing","floor":7,"turns":8},{"damage":10,"enemies":"2_ Uuma","floor":8,"turns":5},{"damage":21,"enemies":"Hallownest:MossCreep_and_Mosskin","floor":10,"turns":6},{"damage":0,"enemies":"Hallownest:monsterAspidMother","floor":12,"turns":7},{"damage":35,"enemies":"Hallownest:BossFalseKnight","floor":16,"turns":6},{"damage":20,"enemies":"Spheric Guardian","floor":18,"turns":3},{"damage":0,"enemies":"Nightmare","floor":23,"turns":2}],"seed_played":"1583353982744649324","potions_obtained":[{"floor":1,"key":"Weak Potion"},{"floor":7,"key":"SpeedPotion"},{"floor":16,"key":"ColorlessPotion"},{"floor":18,"key":"Explosive Potion"}],"is_trial":false,"path_per_floor":["M","?","?","M","$","R","E","M","T","M","?","M","?","?","R","B",null,"M","?","?","?","$","NM"],"character_chosen":"DEFECT","items_purchased":["Capacitor"],"campfire_rested":0,"item_purchase_floors":[5],"current_hp_per_floor":[74,74,74,74,74,74,60,50,50,29,29,29,29,49,49,14,75,55,41,41,41,41,41,41],"gold":182,"neow_bonus":"REMOVE_CARD","is_daily":false,"chose_seed":false,"campfire_upgraded":2,"win_rate":0.0,"timestamp":1610794196,"path_taken":["M","?","?","?","$","R","E","M","T","M","?","M","?","?","R","BOSS","M","?","?","?","?","NM"],"items_purchased_type":["Card"],"build_version":"2020-12-22","purchased_purges":1,"victory":false,"max_hp_per_floor":[75,75,75,75,75,75,75,75,75,75,75,75,75,75,75,75,75,75,80,80,80,80,80,80],"relic_stats":{"counters":[9,43],"Juzu Bracelet":2,"obtain_stats":[{"Hallownest:BankAccountRelic":13,"LetterFromLob":1,"Hallownest:DreamNailRelic":3,"Juzu Bracelet":7,"aspiration:FutureDiary":17,"Cracked Core":0,"MagicDraw1":9},{"Hallownest:BankAccountRelic":6,"LetterFromLob":1,"Hallownest:DreamNailRelic":1,"Juzu Bracelet":3,"aspiration:FutureDiary":7,"Cracked Core":0,"MagicDraw1":4},{"Hallownest:BankAccountRelic":32,"LetterFromLob":3,"Hallownest:DreamNailRelic":3,"Juzu Bracelet":14,"aspiration:FutureDiary":38,"Cracked Core":0,"MagicDraw1":19}]},"card_choices":[{"not_picked":["Ball Lightning","BasicCrystalCard"],"picked":"ReplaySort","floor":1},{"not_picked":["Cold Snap","Compile Driver"],"picked":"Fusion","floor":4},{"not_picked":["Reinforced Body","Conserve Battery","Static Discharge"],"picked":"SKIP","floor":7},{"not_picked":["BasicCrystalCard","Ball Lightning","ReplayTheSpireMod:System Scan"],"picked":"SKIP","floor":8},{"not_picked":["Compile Driver","Gash","Stack"],"picked":"SKIP","floor":10},{"not_picked":["Coolheaded","BasicCrystalCard","Thunder Strike"],"picked":"SKIP","floor":12},{"not_picked":["Panic Button","Reprogram+1","Ball Lightning"],"picked":"SKIP","floor":18}],"player_experience":269202,"relics_obtained":[{"floor":1,"key":"LetterFromLob"},{"floor":7,"key":"Juzu Bracelet"},{"floor":9,"key":"MagicDraw1"}],"event_choices":[{"damage_healed":0,"gold_gain":0,"player_choice":"Shed Blood","damage_taken":19,"max_hp_gain":5,"max_hp_loss":0,"event_name":"Forgotten Altar","floor":19,"gold_loss":0},{"damage_healed":0,"gold_gain":100,"player_choice":"Pray","damage_taken":0,"max_hp_gain":0,"max_hp_loss":0,"event_name":"Golden Shrine","floor":20,"gold_loss":0},{"damage_healed":0,"gold_gain":0,"player_choice":"1 cards matched","damage_taken":0,"max_hp_gain":0,"max_hp_loss":0,"event_name":"Match and Keep!","floor":21,"gold_loss":0,"cards_obtained":["Zap"]}],"is_beta":false,"boss_relics":[{"not_picked":["aspiration:IroncladSkillbook","Replay:Grab Bag"],"picked":"aspiration:FutureDiary"}],"items_purged_floors":[22],"is_endless":false,"potions_floor_spawned":[1,7,16,18],"killed_by":"Nightmare","ascension_level":1}}