{"host":"5l3fd535wdxfzl1g","time":1610796000,"event":{"mods":["2.2 Compatiblity","AchievementEnabler","BaseMod","Better Third Choice","Better Vampires","Colored Powertips","Minty Spire (QoL Compilation)","Quick Restart","Rare Cards Sparkle","Replay The Spire","StSLib","UnlockEverythingMod"],"gold_per_floor":[112,187,187,199,199,226,237,257,257,34,61,78,78,93,93,221,221,221,221],"floor_reached":18,"language":"ZHS","playtime":508,"items_purged":["Replay:Hysterical Blindness"],"score":197,"play_id":"e3ad7e94-1e40-42d9-bd52-3e3ff47e234e","local_time":"20210116192000","is_ascension_mode":false,"campfire_choices":[{"data":"Creative AI","floor":15.0,"key":"SMITH"}],"circlet_count":0,"master_deck":["Defend_B","Defend_B","Defend_B","Zap","Crystallizer","Biased Cognition","Turbo","Consume","Ball Lightning","Defragment","Heatsinks","Creative AI+1","Reboot","Doubt","Decay"],"relics":["Cracked Core","NeowsBlessing","White Beast Statue","Lizard Tail","ReplayTheSpireMod:CursedCoin","Durian","Replay:Kaleidoscope","Golden Idol","Kintsugi"],"acts_visited":["Exordium","TheCity"],"potions_floor_usage":[],"damage_taken":[{"damage":0.0,"enemies":"Jaw Worm","floor":1.0,"turns":1.0},{"damage":0.0,"enemies":"Small Slimes","floor":4.0,"turns":1.0},{"damage":0.0,"enemies":"Lagavulin","floor":6.0,"turns":1.0},{"damage":6.0,"enemies":"Cultist","floor":7.0,"turns":3.0},{"damage":14.0,"enemies":"Blue Slaver","floor":8.0,"turns":3.0},{"damage":18.0,"enemies":"Gremlin Nob","floor":11.0,"turns":4.0},{"damage":5.0,"enemies":"Looter","floor":12.0,"turns":2.0},{"damage":8.0,"enemies":"Red Slaver","floor":14.0,"turns":2.0},{"damage":9.0,"enemies":"Hexaghost","floor":16.0,"turns":6.0},{"damage":33,"enemies":"Shell Parasite","floor":18,"turns":6}],"seed_played":"-2004617153839474893","potions_obtained":[{"floor":1.0,"key":"PotionOfCapacity"},{"floor":7.0,"key":"Block Potion"},{"floor":8.0,"key":"Weak Potion"},{"floor":11.0,"key":"CultistPotion"},{"floor":14.0,"key":"Swift Potion"},{"floor":16.0,"key":"GamblersBrew"}],"is_trial":false,"path_per_floor":["M","?","?","M","?","E","M","M","T","$","E","M","?","M","R","B",null,"M"],"character_chosen":"DEFECT","items_purchased":["ReplayTheSpireMod:CursedCoin","Durian"],"campfire_rested":0,"item_purchase_floors":[10,10],"current_hp_per_floor":[75,64,64,64,64,64,58,44,44,49,31,26,26,18,18,9,74,41,41],"gold":221,"neow_bonus":"THREE_ENEMY_KILL","is_daily":false,"chose_seed":false,"campfire_upgraded":1,"win_rate":0.0,"timestamp":1610796000,"path_taken":["M","?","?","M","?","E","?","M","T","$","E","M","?","M","R","BOSS","M"],"items_purchased_type":["Relic","Relic"],"build_version":"2020-12-22","purchased_purges":1,"victory":false,"max_hp_per_floor":[75,75,75,75,75,75,75,75,75,80,80,80,74,74,74,74,74,74,74],"card_choices":[{"not_picked":["Steam","BasicCrystalCard"],"picked":"Crystallizer","floor":1.0},{"not_picked":["Tempest","BasicCrystalCard"],"picked":"Turbo","floor":4.0},{"not_picked":["Static Discharge","Reinforced Body"],"picked":"BasicCrystalCard","floor":6.0},{"not_picked":["Scrape","ReplayGash"],"picked":"Ball Lightning","floor":7.0},{"not_picked":["ReplayTheSpireMod:GoodbyeWorld","Leap"],"picked":"Defragment","floor":8.0},{"not_picked":["Barrage","ReplayTheSpireMod:System Scan"],"picked":"Heatsinks","floor":11.0},{"not_picked":["Hologram","Darkness"],"picked":"Creative AI","floor":12.0},{"not_picked":["Doom and Gloom","Sunder","Cold Snap"],"picked":"SKIP","floor":14.0},{"not_picked":["Thunder Strike","Mirror Shield"],"picked":"Reboot","floor":16.0}],"player_experience":101126,"relics_obtained":[{"floor":6.0,"key":"White Beast Statue"},{"floor":9.0,"key":"Lizard Tail"},{"floor":11.0,"key":"Replay:Kaleidoscope"}],"event_choices":[{"damage_healed":0.0,"max_hp_gain":0.0,"max_hp_loss":0.0,"gold_gain":75.0,"event_name":"betterThird:BetterGoop","player_choice":"Gold","floor":2.0,"gold_loss":0.0,"damage_taken":11.0},{"damage_healed":0.0,"max_hp_gain":0.0,"max_hp_loss":0.0,"gold_gain":0.0,"cards_transformed":["Strike_B"],"event_name":"Living Wall","player_choice":"Change","floor":3.0,"gold_loss":0.0,"damage_taken":0.0,"cards_obtained":["Biased Cognition"]},{"damage_healed":0.0,"max_hp_gain":0.0,"max_hp_loss":0.0,"gold_gain":0.0,"cards_transformed":["Strike_B"],"event_name":"Transmorgrifier","player_choice":"Transformed","floor":5.0,"gold_loss":0.0,"damage_taken":0.0,"cards_obtained":["Consume"]},{"damage_healed":0.0,"max_hp_gain":0.0,"max_hp_loss":6.0,"gold_gain":0.0,"event_name":"Golden Idol","player_choice":"Lose Max HP","floor":13.0,"gold_loss":0.0,"damage_taken":0.0,"relics_obtained":["Golden Idol"]}],"is_beta":false,"boss_relics":[{"not_picked":["Replay:Bronze Core","Replay:Grab Bag"],"picked":"Kintsugi"}],"items_purged_floors":[10],"is_endless":false,"potions_floor_spawned":[1,7,8,11,12,14,16],"killed_by":"Shell Parasite","ascension_level":0}}