{"host":"19r1ww88x2tc73i0","time":1610780086,"event":{"mods":["BaseMod","BetterRewards","Colored Map","Minty Spire (QoL Compilation)","Relic Stats","StSLib","SuperFastMode","slay the spire mod where everything is the same but ironclad has a cowboy hat"],"gold_per_floor":[112,126,126,126,126,126,150,184,211,211,182,198,222,236,236,334,334,354,188,202,202,40,40,73,73,73,73,112,112,127,127,127,223,223,242,267,267,267,110,110,158,171,196,196,196,227,271,286,286,286,286,286],"floor_reached":51,"language":"ENG","playtime":4070,"items_purged":["Strike_B"],"score":1826,"play_id":"582fe43b-0bf7-4cf6-bbbd-18a4d1b26133","local_time":"25640116135446","is_ascension_mode":true,"campfire_choices":[{"data":"Zap","floor":6.0,"key":"SMITH"},{"floor":10.0,"key":"RECALL"},{"data":"Beam Cell","floor":15.0,"key":"SMITH"},{"data":"Sword Boomerang","floor":23.0,"key":"SMITH"},{"floor":25.0,"key":"REST"},{"data":"Dualcast","floor":27.0,"key":"SMITH"},{"data":"FlyingSleeves","floor":32.0,"key":"SMITH"},{"floor":40.0,"key":"REST"},{"floor":45,"key":"REST"},{"data":"Melter","floor":49,"key":"SMITH"}],"circlet_count":0,"master_deck":["AscendersBane","Defend_B+1","Defend_B+1","Defend_B+1","Defend_B+1","Zap+1","Dualcast+1","Conserve Battery+1","Genetic Algorithm+1","Bandage Up+1","Reinforced Body+1","Beam Cell+1","Leap+1","Sweeping Beam","Chaos+1","Hologram+1","Reboot+1","Electrodynamics","Conserve Battery+1","Shrug It Off+1","Sword Boomerang+1","Scrawl+1","Backflip+1","Uppercut+1","Compile Driver","Quick Slash","Melter+1","FlyingSleeves+1","Malaise+1","Crescendo+1","After Image+1"],"relics":["Cracked Core","Toxic Egg 2","Mango","Medical Kit","Pocketwatch","Lee\u0027s Waffle","Golden Idol","Regal Pillow","Omamori","Empty Cage","PrismaticShard","Orrery","Nunchaku","Kunai","White Beast Statue","Calling Bell","Bag of Preparation","Frozen Egg 2","Torii","Chemical X","Blood Vial","CaptainsWheel","Meat on the Bone"],"acts_visited":["Exordium","TheCity","TheBeyond"],"potions_floor_usage":[50,50],"damage_taken":[{"damage":3.0,"enemies":"2 Louse","floor":1.0,"turns":4.0},{"damage":0.0,"enemies":"Jaw Worm","floor":2.0,"turns":5.0},{"damage":1.0,"enemies":"Cultist","floor":7.0,"turns":4.0},{"damage":0.0,"enemies":"Lagavulin","floor":8.0,"turns":5.0},{"damage":2.0,"enemies":"Lots of Slimes","floor":12.0,"turns":4.0},{"damage":0.0,"enemies":"2 Fungi Beasts","floor":13.0,"turns":5.0},{"damage":0.0,"enemies":"Red Slaver","floor":14.0,"turns":2.0},{"damage":40.0,"enemies":"The Guardian","floor":16.0,"turns":16.0},{"damage":0.0,"enemies":"Chosen","floor":18.0,"turns":7.0},{"damage":6.0,"enemies":"Shell Parasite","floor":20.0,"turns":10.0},{"damage":48.0,"enemies":"Book of Stabbing","floor":24.0,"turns":8.0},{"damage":12.0,"enemies":"Slavers","floor":28.0,"turns":4.0},{"damage":6.0,"enemies":"Shelled Parasite and Fungi","floor":30.0,"turns":5.0},{"damage":62.0,"enemies":"Collector","floor":33.0,"turns":14.0},{"damage":14.0,"enemies":"3 Darklings","floor":35.0,"turns":5.0},{"damage":0.0,"enemies":"3 Shapes","floor":36.0,"turns":3.0},{"damage":0.0,"enemies":"Transient","floor":38.0,"turns":1.0},{"damage":57.0,"enemies":"3 Darklings","floor":42.0,"turns":13.0},{"damage":0,"enemies":"Mind Bloom Boss Battle","floor":46,"turns":11},{"damage":0,"enemies":"Nemesis","floor":47,"turns":13},{"damage":0,"enemies":"Writhing Mass","floor":48,"turns":12},{"damage":63,"enemies":"Awakened One","floor":50,"turns":41},{"damage":38,"enemies":"Donu and Deca","floor":51,"turns":8}],"seed_played":"-8447482075383358249","potions_obtained":[{"floor":1.0,"key":"FearPotion"},{"floor":2.0,"key":"BlessingOfTheForge"},{"floor":14.0,"key":"Explosive Potion"},{"floor":16.0,"key":"Weak Potion"},{"floor":18.0,"key":"GamblersBrew"},{"floor":28.0,"key":"Swift Potion"},{"floor":30.0,"key":"ColorlessPotion"},{"floor":33.0,"key":"SkillPotion"},{"floor":35.0,"key":"SmokeBomb"},{"floor":36.0,"key":"Fruit Juice"},{"floor":42.0,"key":"FocusPotion"},{"floor":46,"key":"ColorlessPotion"},{"floor":47,"key":"SkillPotion"},{"floor":48,"key":"DuplicationPotion"}],"is_trial":false,"path_per_floor":["M","M","?","?","?","R","M","E","T","R","$","M","M","M","R","B",null,"M","$","M","$","$","R","E","R","T","R","E","?","M","?","R","B",null,"M","M","$","M","$","R","T","M","T","$","R","?","E","M","R","B","B"],"character_chosen":"DEFECT","items_purchased":["Toxic Egg 2","Conserve Battery+1","Genetic Algorithm+1","Mango","Medical Kit","Pocketwatch","Lee\u0027s Waffle","Bandage Up+1","Sweeping Beam","PrismaticShard","Orrery","Chemical X"],"campfire_rested":3,"item_purchase_floors":[0,0,0,0,0,0,0,0,11,19,22,39],"current_hp_per_floor":[92,92,83,83,78,78,83,83,83,83,83,83,83,83,83,49,75,81,81,81,81,81,81,39,78,78,78,72,72,72,72,72,16,66,58,58,58,58,58,83,83,32,32,32,73,81,88,88,88,43,13,13],"gold":286,"neow_bonus":"","is_daily":false,"chose_seed":false,"campfire_upgraded":6,"win_rate":0.0,"timestamp":1610780086,"path_taken":["M","M","?","?","?","R","M","E","T","R","$","?","M","M","R","BOSS","M","$","M","?","$","R","E","R","T","R","E","?","M","?","R","BOSS","M","M","$","M","$","R","?","M","T","$","R","?","E","M","R","BOSS","BOSS"],"items_purchased_type":["Relic","Card","Card","Relic","Relic","Relic","Relic","Card","Card","Relic","Relic","Relic"],"build_version":"2020-12-22","purchased_purges":1,"victory":false,"max_hp_per_floor":[92,92,83,83,83,83,83,83,83,83,83,83,83,83,83,83,83,83,83,83,83,83,83,83,83,83,83,83,83,83,83,83,83,83,83,83,83,83,83,83,83,88,88,88,88,88,88,88,88,88,88,88],"relic_stats":{"Lee\u0027s Waffle":56,"Regal Pillow":31,"Torii":12,"counters":[322,1582],"Golden Idol":141,"Bag of Preparation":[62],"Medical Kit":[47],"Blood Vial":6,"Nunchaku":[37],"Kunai":[23],"Chemical X":[19],"obtain_stats":[{"Spirit Poop":45,"Ginger":37,"Whetstone":9,"Bottled Tornado":21,"Boot":9,"Old Coin":48,"FrozenCore":34,"Blood Vial":24,"MealTicket":46,"Fusion Hammer":34,"Kunai":44,"Blue Candle":40,"Eternal Feather":28,"Akabeko":8,"Cables":46,"SlaversCollar":17,"Bird Faced Urn":4,"Pandora\u0027s Box":17,"StrikeDummy":8,"Unceasing Top":0,"Lantern":36,"Regal Pillow":6,"Singing Bowl":0,"Torii":0,"StoneCalendar":0,"Bag of Preparation":29,"Ancient Tea Set":44,"Cursed Key":34,"Smiling Mask":40,"Matryoshka":4,"Shovel":0,"WingedGreaves":0,"Chemical X":38,"Potion Belt":20,"Lee\u0027s Waffle":0,"Inserter":17,"Golden Idol":10,"Thread and Needle":0,"PreservedInsect":26,"Omamori":0,"Frozen Egg 2":0,"MawBank":8,"Nuclear Battery":17,"Ornamental Fan":29,"Orrery":22,"Turnip":0,"Art of War":23,"Bottled Lightning":32,"Toy Ornithopter":22,"Ice Cream":0,"Calipers":31,"Nilry\u0027s Codex":19,"CeramicFish":0,"Vajra":31,"Runic Capacitor":21,"Sozu":17,"Lizard Tail":0,"Centennial Puzzle":40,"Strawberry":23,"Prayer Wheel":0,"Toxic Egg 2":0,"Girya":0,"Happy Flower":0,"Dead Branch":0,"Astrolabe":17,"Oddly Smooth Stone":0,"Letter Opener":9,"War Paint":27,"Question Card":39,"Du-Vu Doll":13,"OrangePellets":39,"Bottled Flame":30,"Shuriken":43,"Bronze Scales":9,"Molten Egg 2":0,"Black Star":17,"Symbiotic Virus":0,"Pocketwatch":0,"Meat on the Bone":47,"Darkstone Periapt":20,"Enchiridion":20,"Mango":0,"Incense Burner":10,"Juzu Bracelet":14,"Empty Cage":17,"PrismaticShard":19,"ClockworkSouvenir":0,"Emotion Chip":26,"Dream Catcher":27,"Nunchaku":27,"Mummified Hand":9,"Gambling Chip":0,"Pantograph":7,"Tiny Chest":12,"Cracked Core":0,"Runic Pyramid":17,"Orichalcum":41,"Odd Mushroom":11,"Medical Kit":0,"White Beast Statue":40,"Mercury Hourglass":26,"Peace Pipe":45,"Calling Bell":34,"Anchor":0,"CaptainsWheel":0,"DataDisk":39,"Coffee Dripper":34,"Bag of Marbles":42,"Membership Card":0,"TungstenRod":43,"FossilizedHelix":0},{"Spirit Poop":105,"Ginger":19,"Whetstone":192,"Bottled Tornado":9,"Boot":229,"Old Coin":24,"FrozenCore":289,"Blood Vial":11,"MealTicket":80,"Fusion Hammer":75,"Kunai":54,"Blue Candle":52,"Eternal Feather":71,"Akabeko":31,"Cables":105,"SlaversCollar":160,"Bird Faced Urn":142,"Pandora\u0027s Box":92,"StrikeDummy":229,"Unceasing Top":57,"Lantern":18,"Regal Pillow":87,"Singing Bowl":57,"Torii":83,"StoneCalendar":0,"Bag of Preparation":14,"Ancient Tea Set":79,"Cursed Key":101,"Smiling Mask":104,"Matryoshka":2,"Shovel":57,"WingedGreaves":0,"Chemical X":51,"Potion Belt":9,"Lee\u0027s Waffle":26,"Inserter":36,"Golden Idol":87,"Thread and Needle":26,"PreservedInsect":42,"Omamori":0,"Frozen Egg 2":0,"MawBank":4,"Nuclear Battery":148,"Ornamental Fan":180,"Orrery":309,"Turnip":108,"Art of War":69,"Bottled Lightning":74,"Toy Ornithopter":241,"Ice Cream":57,"Calipers":47,"Nilry\u0027s Codex":119,"CeramicFish":83,"Vajra":16,"Runic Capacitor":9,"Sozu":66,"Lizard Tail":0,"Centennial Puzzle":21,"Strawberry":41,"Prayer Wheel":233,"Toxic Egg 2":0,"Girya":140,"Happy Flower":0,"Dead Branch":26,"Astrolabe":206,"Oddly Smooth Stone":26,"Letter Opener":113,"War Paint":70,"Question Card":20,"Du-Vu Doll":237,"OrangePellets":103,"Bottled Flame":125,"Shuriken":22,"Bronze Scales":4,"Molten Egg 2":26,"Black Star":239,"Symbiotic Virus":26,"Pocketwatch":26,"Meat on the Bone":319,"Darkstone Periapt":9,"Enchiridion":221,"Mango":0,"Incense Burner":5,"Juzu Bracelet":7,"Empty Cage":307,"PrismaticShard":308,"ClockworkSouvenir":26,"Emotion Chip":11,"Dream Catcher":12,"Nunchaku":43,"Mummified Hand":4,"Gambling Chip":57,"Pantograph":265,"Tiny Chest":33,"Cracked Core":0,"Runic Pyramid":8,"Orichalcum":22,"Odd Mushroom":278,"Medical Kit":57,"White Beast Statue":132,"Mercury Hourglass":70,"Peace Pipe":23,"Calling Bell":313,"Anchor":0,"CaptainsWheel":26,"DataDisk":51,"Coffee Dripper":17,"Bag of Marbles":133,"Membership Card":0,"TungstenRod":53,"FossilizedHelix":57},{"Spirit Poop":498,"Ginger":98,"Whetstone":901,"Bottled Tornado":46,"Boot":1053,"Old Coin":129,"FrozenCore":1314,"Blood Vial":56,"MealTicket":380,"Fusion Hammer":360,"Kunai":264,"Blue Candle":255,"Eternal Feather":339,"Akabeko":169,"Cables":498,"SlaversCollar":740,"Bird Faced Urn":638,"Pandora\u0027s Box":446,"StrikeDummy":1053,"Unceasing Top":287,"Lantern":93,"Regal Pillow":418,"Singing Bowl":287,"Torii":402,"StoneCalendar":0,"Bag of Preparation":69,"Ancient Tea Set":377,"Cursed Key":484,"Smiling Mask":494,"Matryoshka":7,"Shovel":287,"WingedGreaves":0,"Chemical X":250,"Potion Belt":46,"Lee\u0027s Waffle":155,"Inserter":183,"Golden Idol":418,"Thread and Needle":155,"PreservedInsect":210,"Omamori":0,"Frozen Egg 2":0,"MawBank":15,"Nuclear Battery":676,"Ornamental Fan":850,"Orrery":1444,"Turnip":518,"Art of War":330,"Bottled Lightning":349,"Toy Ornithopter":1104,"Ice Cream":287,"Calipers":231,"Nilry\u0027s Codex":549,"CeramicFish":402,"Vajra":80,"Runic Capacitor":46,"Sozu":316,"Lizard Tail":0,"Centennial Puzzle":109,"Strawberry":206,"Prayer Wheel":1068,"Toxic Egg 2":0,"Girya":633,"Happy Flower":0,"Dead Branch":155,"Astrolabe":956,"Oddly Smooth Stone":155,"Letter Opener":530,"War Paint":334,"Question Card":102,"Du-Vu Doll":1083,"OrangePellets":489,"Bottled Flame":571,"Shuriken":116,"Bronze Scales":15,"Molten Egg 2":155,"Black Star":1095,"Symbiotic Virus":155,"Pocketwatch":155,"Meat on the Bone":1521,"Darkstone Periapt":46,"Enchiridion":1026,"Mango":0,"Incense Burner":22,"Juzu Bracelet":32,"Empty Cage":1427,"PrismaticShard":1434,"ClockworkSouvenir":155,"Emotion Chip":56,"Dream Catcher":61,"Nunchaku":214,"Mummified Hand":15,"Gambling Chip":287,"Pantograph":1193,"Tiny Chest":174,"Cracked Core":0,"Runic Pyramid":41,"Orichalcum":116,"Odd Mushroom":1261,"Medical Kit":287,"White Beast Statue":595,"Mercury Hourglass":334,"Peace Pipe":123,"Calling Bell":1475,"Anchor":0,"CaptainsWheel":155,"DataDisk":250,"Coffee Dripper":88,"Bag of Marbles":599,"Membership Card":0,"TungstenRod":259,"FossilizedHelix":287}],"Pocketwatch":[261],"Meat on the Bone":12},"card_choices":[{"not_picked":["Genetic Algorithm+1","Turbo+1"],"picked":"Reinforced Body+1","floor":1.0},{"not_picked":["Reinforced Body+1","Turbo+1","Redo+1"],"picked":"SKIP","floor":2.0},{"not_picked":["Cold Snap","Steam+1"],"picked":"Beam Cell","floor":7.0},{"not_picked":["Blizzard","Loop"],"picked":"Leap+1","floor":8.0},{"not_picked":["Ball Lightning","Beam Cell"],"picked":"Chaos+1","floor":12.0},{"not_picked":["Consume+1","Coolheaded+1"],"picked":"Hologram+1","floor":13.0},{"not_picked":["Ball Lightning","Beam Cell"],"picked":"Reboot+1","floor":14.0},{"not_picked":["Creative AI","Rainbow+1"],"picked":"Electrodynamics","floor":16.0},{"not_picked":["Stack+1","Rebound"],"picked":"Conserve Battery+1","floor":18.0},{"not_picked":["Wallop","PathToVictory+1"],"picked":"Shrug It Off+1","floor":20.0},{"not_picked":["CrushJoints","Multi-Cast+1"],"picked":"Sword Boomerang","floor":22.0},{"not_picked":["Iron Wave","Double Energy+1"],"picked":"Scrawl+1","floor":22.0},{"not_picked":["Heel Hook+1","FlurryOfBlows"],"picked":"Backflip+1","floor":22.0},{"not_picked":["ClearTheMind+1","Shrug It Off+1"],"picked":"Uppercut+1","floor":22.0},{"not_picked":["Sweeping Beam","MasterReality"],"picked":"Compile Driver","floor":22.0},{"not_picked":["Body Slam","Genetic Algorithm+1"],"picked":"Quick Slash","floor":24.0},{"not_picked":["Evolve","DeceiveReality+1"],"picked":"Melter","floor":28.0},{"not_picked":["Defragment","Biased Cognition"],"picked":"FlyingSleeves","floor":30.0},{"not_picked":["Creative AI","Alpha+1"],"picked":"Malaise+1","floor":33.0},{"not_picked":["Skim+1","Redo+1","Darkness+1"],"picked":"SKIP","floor":35.0},{"not_picked":["Turbo+1","Cold Snap"],"picked":"Crescendo+1","floor":36.0},{"not_picked":["Clothesline+1","Wild Strike"],"picked":"After Image+1","floor":42.0},{"not_picked":["Melter","Finisher+1","Die Die Die"],"picked":"SKIP","floor":47},{"not_picked":["Steam+1","Barrage","Dramatic Entrance"],"picked":"SKIP","floor":48}],"player_experience":899591,"relics_obtained":[{"floor":8.0,"key":"Regal Pillow"},{"floor":9.0,"key":"Omamori"},{"floor":24.0,"key":"Nunchaku"},{"floor":26.0,"key":"Kunai"},{"floor":28.0,"key":"White Beast Statue"},{"floor":34.0,"key":"Bag of Preparation"},{"floor":34.0,"key":"Frozen Egg 2"},{"floor":34.0,"key":"Torii"},{"floor":43.0,"key":"Blood Vial"},{"floor":46,"key":"CaptainsWheel"},{"floor":47,"key":"Meat on the Bone"}],"event_choices":[{"damage_healed":0.0,"max_hp_gain":0.0,"max_hp_loss":9.0,"gold_gain":0.0,"event_name":"Golden Idol","player_choice":"Lose Max HP","floor":3.0,"gold_loss":0.0,"damage_taken":0.0,"relics_obtained":["Golden Idol"]},{"damage_healed":0.0,"max_hp_gain":0.0,"max_hp_loss":0.0,"gold_gain":0.0,"event_name":"The Cleric","player_choice":"Leave","floor":4.0,"gold_loss":0.0,"damage_taken":0.0},{"damage_healed":0.0,"max_hp_gain":0.0,"max_hp_loss":0.0,"gold_gain":0.0,"event_name":"The Woman in Blue","player_choice":"Bought 0 Potions","floor":5.0,"gold_loss":0.0,"damage_taken":0.0},{"damage_healed":0.0,"max_hp_gain":0.0,"max_hp_loss":0.0,"gold_gain":0.0,"event_name":"Back to Basics","player_choice":"Simplicity","floor":29.0,"gold_loss":0.0,"damage_taken":0.0,"cards_upgraded":["Strike_B","Defend_B","Defend_B","Defend_B","Defend_B"]},{"cards_removed":["Strike_B"],"damage_healed":0.0,"max_hp_gain":0.0,"max_hp_loss":0.0,"gold_gain":0.0,"event_name":"Wheel of Change","player_choice":"Card Removal","floor":31.0,"gold_loss":0.0,"damage_taken":0.0},{"damage_healed":0,"gold_gain":0,"player_choice":"Fight","damage_taken":0,"max_hp_gain":0,"max_hp_loss":0,"event_name":"MindBloom","floor":46,"gold_loss":0}],"is_beta":false,"boss_relics":[{"not_picked":["Runic Dome","Velvet Choker"],"picked":"Empty Cage"},{"not_picked":["SlaversCollar","Nuclear Battery"],"picked":"Calling Bell"}],"items_purged_floors":[0],"is_endless":false,"potions_floor_spawned":[1,2,14,16,18,28,30,33,35,36,38,42,46,47,48],"killed_by":"Donu and Deca","ascension_level":20}}