{"host":"d7fiu2yjkssjxoz6","time":1610840159,"event":{"mods":["AchievementEnabler","BaseMod","Duelist Mod","GifTheSpireLib","Minty Spire (QoL Compilation)","StSLib"],"gold_per_floor":[142,161,161,176,176,203,203,218,244,262,273,305,16,32,32,131,131,146,246,264,283,293,327,327,338,338,371,371,386,386,114,114,212,212,228,228,60,60,79,79,98,98,121,141,141,70,70,82,82,82,82,82,3,37,37,37],"floor_reached":55,"language":"ENG","playtime":2909,"items_purged":["Pain"],"score":1020,"play_id":"73f329fa-8e8f-46dd-821d-1df4a5c015a9","local_time":"20210116153559","is_ascension_mode":true,"campfire_choices":[{"floor":7.0,"key":"RECALL"},{"data":"theDuelist:CyberShark","floor":15.0,"key":"SMITH"},{"floor":24.0,"key":"REST"},{"floor":30.0,"key":"REST"},{"data":"theDuelist:AegisOceanDragon","floor":32.0,"key":"SMITH"},{"floor":40,"key":"REST"},{"data":"theDuelist:TripodFish","floor":42,"key":"SMITH"},{"floor":45,"key":"REST"},{"data":"theDuelist:HammerShot","floor":47,"key":"SMITH"},{"data":"theDuelist:HammerShot","floor":49,"key":"SMITH"},{"floor":52,"key":"REST"}],"circlet_count":0,"master_deck":["theDuelist:SevenColoredFish","theDuelist:SevenColoredFish","theDuelist:AquaSpirit","theDuelist:CastleWalls","theDuelist:CastleWalls","theDuelist:IslandTurtle","theDuelist:IslandTurtle","theDuelist:RevivalJam","theDuelist:Sparks","theDuelist:Sparks","theDuelist:Hyosube","theDuelist:GraydleEagle","theDuelist:GraydleEagle","theDuelist:IslandTurtle","theDuelist:GamecieltheSeaTurtleKaiju","theDuelist:CyberShark+1","theDuelist:GishkiAvance","theDuelist:TripodFish+1","theDuelist:AbyssSoldier","theDuelist:Fissure","theDuelist:MorayGreed","theDuelist:GishkiAvance","theDuelist:AegisOceanDragon+1","theDuelist:SmashingGround","theDuelist:DewlorenTigerKing+1","theDuelist:CallAtlanteans","theDuelist:HammerShot+1","theDuelist:SmashingGround","theDuelist:HammerShot+1","theDuelist:MorayGreed","theDuelist:SmashingGround+1","Madness","Madness","theDuelist:DepthShark","theDuelist:RageDeepSea","theDuelist:DeltaMagnet","theDuelist:GishkiShadow","theDuelist:RevivalJam","theDuelist:GishkiMarker","theDuelist:ToadallyAwesome","theDuelist:FishRain+1","theDuelist:WaterHazard","theDuelist:DiamondDust+1"],"relics":["theDuelist:MillenniumPuzzle","theDuelist:CardPoolRelic","theDuelist:CardPoolBasicRelic","theDuelist:BoosterPackPoolRelic","theDuelist:CardPoolAddRelic","theDuelist:CardPoolMinusRelic","theDuelist:CardPoolSaveRelic","theDuelist:CardPoolOptionsRelic","Happy Flower","WarpedTongs","Regal Pillow","theDuelist:SummonAnchor","Lantern","theDuelist:MillenniumRing","Runic Pyramid","theDuelist:MillenniumPrayerbook","theDuelist:SolderToken","theDuelist:AquaRelic","theDuelist:DuelistLetterOpener","theDuelist:DuelistLetterOpener","Mark of Pain","Akabeko","Bag of Marbles"],"acts_visited":["Exordium","TheCity","TheBeyond","TheEnding"],"potions_floor_usage":[55,55],"damage_taken":[{"damage":0.0,"enemies":"Cultist","floor":1.0,"turns":3.0},{"damage":0.0,"enemies":"Jaw Worm","floor":2.0,"turns":5.0},{"damage":4.0,"enemies":"2 Louse","floor":4.0,"turns":2.0},{"damage":42.0,"enemies":"Gremlin Nob","floor":6.0,"turns":5.0},{"damage":11.0,"enemies":"Red Slaver","floor":8.0,"turns":5.0},{"damage":0.0,"enemies":"3 Louse","floor":10.0,"turns":4.0},{"damage":0.0,"enemies":"Large Slime","floor":11.0,"turns":6.0},{"damage":0.0,"enemies":"Lagavulin","floor":12.0,"turns":9.0},{"damage":0.0,"enemies":"2 Fungi Beasts","floor":14.0,"turns":3.0},{"damage":0.0,"enemies":"Hexaghost","floor":16.0,"turns":8.0},{"damage":11.0,"enemies":"Spheric Guardian","floor":18.0,"turns":4.0},{"damage":1.0,"enemies":"Chosen","floor":20.0,"turns":4.0},{"damage":19.0,"enemies":"Sentry and Sphere","floor":21.0,"turns":5.0},{"damage":10.0,"enemies":"3 Cultists","floor":22.0,"turns":5.0},{"damage":6.0,"enemies":"Slavers","floor":23.0,"turns":5.0},{"damage":20.0,"enemies":"Snecko","floor":25.0,"turns":4.0},{"damage":0.0,"enemies":"theDuelist:KaibaA2","floor":27.0,"turns":3.0},{"damage":10.0,"enemies":"Snake Plant","floor":29.0,"turns":4.0},{"damage":42.0,"enemies":"Champ","floor":33.0,"turns":6.0},{"damage":32.0,"enemies":"Orb Walker","floor":35.0,"turns":4.0},{"damage":8,"enemies":"3 Darklings","floor":39,"turns":4},{"damage":11,"enemies":"4 Shapes","floor":41,"turns":3},{"damage":13,"enemies":"Maw","floor":44,"turns":4},{"damage":17,"enemies":"Writhing Mass","floor":48,"turns":3},{"damage":15,"enemies":"Time Eater","floor":50,"turns":4},{"damage":57,"enemies":"Shield and Spear","floor":54,"turns":3},{"damage":23,"enemies":"The Heart","floor":55,"turns":2}],"seed_played":"5435346277220216106","potions_obtained":[{"floor":1.0,"key":"Weak Potion"},{"floor":6.0,"key":"Dexterity Potion"},{"floor":12.0,"key":"LiquidMemories"}],"is_trial":false,"path_per_floor":["M","M","?","M","?","E","R","M","T","M","M","E","$","M","R","B",null,"M","?","M","M","M","E","R","M","T","E","?","M","R","?","R","B",null,"M","?","$","?","M","R","M","R","T","M","R","$","R","M","R","B",null,"R","$","E","B"],"character_chosen":"THE_DUELIST","items_purchased":["theDuelist:MillenniumRing","theDuelist:AbyssSoldier","theDuelist:DepthShark","theDuelist:RageDeepSea","theDuelist:ToadallyAwesome","theDuelist:WaterHazard"],"campfire_rested":5,"item_purchase_floors":[13,13,37,37,46,53],"current_hp_per_floor":[80,80,80,76,73,31,31,20,20,20,20,20,20,20,20,20,65,54,54,53,34,24,18,57,37,37,37,31,21,60,60,60,18,65,33,23,23,23,15,54,43,43,43,30,69,69,69,52,52,37,69,80,80,23,0,0],"gold":37,"neow_bonus":"RANDOM_COMMON_RELIC","is_daily":false,"chose_seed":false,"campfire_upgraded":5,"win_rate":0.0,"timestamp":1610840159,"path_taken":["M","?","?","?","?","E","R","M","T","M","M","E","$","M","R","BOSS","M","?","M","?","M","E","R","M","T","E","?","M","R","?","R","BOSS","M","?","$","?","M","R","M","R","T","M","R","?","R","M","R","BOSS","R","$","E","BOSS"],"items_purchased_type":["Relic","Card","Card","Card","Card","Card"],"build_version":"2020-12-22","purchased_purges":1,"victory":false,"max_hp_per_floor":[80,80,80,80,80,80,80,80,80,80,80,80,80,80,80,80,80,80,80,80,80,80,80,80,80,80,80,80,80,80,80,80,80,80,80,80,80,80,80,80,80,80,80,80,80,80,80,80,80,80,80,80,80,80,80,80],"card_choices":[{"not_picked":["theDuelist:SevenColoredFish","theDuelist:EagleShark","theDuelist:GiantTurtle","theDuelist:EvigishkiTetrogre"],"picked":"theDuelist:Hyosube","floor":1.0},{"not_picked":["theDuelist:MermaidKnight","theDuelist:Boneheimer","theDuelist:AbyssWarrior","theDuelist:GiantPairfish"],"picked":"theDuelist:GraydleEagle","floor":2.0},{"not_picked":["theDuelist:GraydleAlligator","theDuelist:AquaSpirit","theDuelist:RageDeepSea","theDuelist:CannonballSpearShellfish"],"picked":"theDuelist:GraydleEagle","floor":4.0},{"not_picked":["theDuelist:DepthShark","theDuelist:AbyssWarrior","theDuelist:RevivalJam","theDuelist:OldWhiteTurtle"],"picked":"theDuelist:IslandTurtle","floor":6.0},{"not_picked":["theDuelist:HighTideGyojin","theDuelist:Monokeros","theDuelist:ToadallyAwesome","theDuelist:AbyssSoldier"],"picked":"theDuelist:GamecieltheSeaTurtleKaiju","floor":8.0},{"not_picked":["theDuelist:WaterHazard","theDuelist:ToadallyAwesome","theDuelist:AegisOceanDragon","theDuelist:Umi"],"picked":"theDuelist:CyberShark","floor":10.0},{"not_picked":["theDuelist:Dorover","theDuelist:GraydleAlligator","theDuelist:OhFish","theDuelist:CannonballSpearShellfish"],"picked":"theDuelist:GishkiAvance","floor":11.0},{"not_picked":["theDuelist:TorrentialReborn","theDuelist:AquaactressArowana"],"picked":"theDuelist:TripodFish","floor":12.0},{"not_picked":["theDuelist:LightningVortex","theDuelist:BattleOx","theDuelist:BlizzardDefender","theDuelist:GishkiMarker"],"picked":"theDuelist:Fissure","floor":14.0},{"not_picked":["theDuelist:SplashCapture","theDuelist:Monokeros","theDuelist:GamecieltheSeaTurtleKaiju","theDuelist:DewlorenTigerKing"],"picked":"theDuelist:MorayGreed","floor":16.0},{"not_picked":["theDuelist:GishkiReliever","theDuelist:GishkiBeast","theDuelist:GishkiZielgigas","theDuelist:GishkiEmilia"],"picked":"theDuelist:GishkiAvance","floor":18.0},{"not_picked":["theDuelist:FishRain","theDuelist:GraydleParasite","theDuelist:TorrentialTribute","theDuelist:SplashCapture"],"picked":"theDuelist:AegisOceanDragon","floor":20.0},{"not_picked":["theDuelist:Fissure","theDuelist:SangaWater","theDuelist:SolemnStrike"],"picked":"theDuelist:SmashingGround","floor":21.0},{"not_picked":["theDuelist:EvigishkiSoulOgre","theDuelist:MermailAbyssalacia"],"picked":"theDuelist:DewlorenTigerKing+1","floor":22.0},{"not_picked":["theDuelist:AbyssWarrior","theDuelist:HydraViper","theDuelist:FishSwaps","theDuelist:GraydleDragon"],"picked":"theDuelist:CallAtlanteans","floor":23.0},{"not_picked":["theDuelist:Salvage","theDuelist:CraniumFish","theDuelist:GraydleImpact","theDuelist:JamBreeding+1"],"picked":"theDuelist:HammerShot","floor":25.0},{"not_picked":["theDuelist:LightningVortex","theDuelist:SangaWater","theDuelist:SolemnStrike"],"picked":"theDuelist:SmashingGround","floor":27.0},{"not_picked":["theDuelist:GishkiMarker","theDuelist:ColdFeet","theDuelist:Ameba","theDuelist:AquamirrorCycle"],"picked":"theDuelist:HammerShot","floor":29.0},{"not_picked":["theDuelist:ColdEnchanter+1","theDuelist:GishkiPsychelone","theDuelist:SeaLordAmulet","theDuelist:SplashCapture"],"picked":"theDuelist:MorayGreed","floor":33.0},{"not_picked":["theDuelist:BlizzardDefender","theDuelist:BigEye","theDuelist:MillenniumShield","theDuelist:GeneralGantal+1"],"picked":"theDuelist:SmashingGround+1","floor":35},{"not_picked":["theDuelist:GemKnightAmethyst+1","theDuelist:WhiteAuraWhale"],"picked":"theDuelist:GishkiShadow","floor":39},{"not_picked":["theDuelist:TripodFish","theDuelist:AquaSpirit+1","theDuelist:DewlorenTigerKing+1","theDuelist:ArmoredStarfish+1"],"picked":"theDuelist:RevivalJam","floor":41},{"not_picked":["theDuelist:FutureFusion","theDuelist:DarkCreator+1","theDuelist:FluteKuriboh+1","theDuelist:GoldenApples"],"picked":"theDuelist:GishkiMarker","floor":44},{"not_picked":["theDuelist:BubbleBringer+1","theDuelist:FishDepthCharge+1","theDuelist:ImperialCustom","theDuelist:OhFish"],"picked":"theDuelist:FishRain+1","floor":48},{"not_picked":["theDuelist:FishKicks+1","theDuelist:BigWaveSmallWave+1","theDuelist:Wetlands+1","theDuelist:ColdWave+1"],"picked":"theDuelist:DiamondDust+1","floor":54}],"player_experience":209189,"relics_obtained":[{"floor":6.0,"key":"theDuelist:SummonAnchor"},{"floor":12.0,"key":"Lantern"},{"floor":23.0,"key":"theDuelist:MillenniumPrayerbook"},{"floor":26.0,"key":"theDuelist:SolderToken"},{"floor":27.0,"key":"theDuelist:AquaRelic"},{"floor":43,"key":"Akabeko"},{"floor":54,"key":"Bag of Marbles"}],"event_choices":[{"damage_healed":0.0,"max_hp_gain":0.0,"max_hp_loss":0.0,"gold_gain":0.0,"event_name":"Accursed Blacksmith","player_choice":"Rummage","floor":3.0,"gold_loss":0.0,"damage_taken":0.0,"relics_obtained":["WarpedTongs"],"cards_obtained":["Pain"]},{"damage_healed":0.0,"max_hp_gain":0.0,"max_hp_loss":0.0,"gold_gain":0.0,"event_name":"Scrap Ooze","player_choice":"Success","floor":5.0,"gold_loss":0.0,"damage_taken":3.0,"relics_obtained":["Regal Pillow"]},{"damage_healed":0.0,"max_hp_gain":0.0,"max_hp_loss":0.0,"gold_gain":100.0,"event_name":"Golden Shrine","player_choice":"Pray","floor":19.0,"gold_loss":0.0,"damage_taken":0.0},{"damage_healed":0.0,"max_hp_gain":0.0,"max_hp_loss":0.0,"gold_gain":0.0,"event_name":"Aknamkanon\u0027s Tomb","player_choice":"Dig - random Duelist relic","duelist":true,"floor":28.0,"gold_loss":0.0,"damage_taken":0.0},{"damage_healed":0.0,"max_hp_gain":0.0,"max_hp_loss":0.0,"gold_gain":0.0,"event_name":"Relic Duplicator","player_choice":"Duplicated Relic - Paladin Scrollcleaver","duelist":true,"floor":31.0,"gold_loss":0.0,"damage_taken":0.0},{"damage_healed":0,"gold_gain":0,"player_choice":"Embrace Madness","damage_taken":10,"max_hp_gain":0,"max_hp_loss":0,"event_name":"Winding Halls","floor":36,"gold_loss":0,"cards_obtained":["Madness","Madness"]},{"damage_healed":0,"gold_gain":0,"player_choice":"Delta Electro","duelist":true,"damage_taken":0,"max_hp_gain":0,"max_hp_loss":0,"event_name":"Egyptian Village","floor":38,"gold_loss":0,"cards_obtained":["Delta Electromagnet Warrior"]}],"is_beta":false,"boss_relics":[{"not_picked":["Inserter","theDuelist:HauntedRelic"],"picked":"Runic Pyramid"},{"not_picked":["Velvet Choker","Tiny House"],"picked":"Mark of Pain"}],"items_purged_floors":[37],"is_endless":false,"potions_floor_spawned":[1,6,12,14,22,25,27,29,39,41],"killed_by":"The Heart","ascension_level":5}}