{"host":"f5y45f7z7ziu0smp","time":1610790957,"event":{"mods":["AchievementEnabler","BaseMod","Marisa£¨Ùöéë¡¡Øª×âÞÞ£©","Minty Spire (QoL Compilation)","SuperFastMode","¡¼?Úª?ø«¡½REMEMod"],"gold_per_floor":[116,49,49,149,168,168,209,228,279,297,320,341,118,149,149,278,278,296,296,296,44,65,65,103,103,103,53,68,86,86,102,102,231,231,252,321,52,52,385,420,444,462,488,515,533,552,95,0,0,0,0,0,0,31,31,31],"floor_reached":55,"language":"KOR","playtime":2348,"items_purged":["Strike_B","Defend_B"],"score":894,"play_id":"967e1d5a-84ed-426f-b10d-6ba3a9cc5d57","local_time":"20210116185557","is_ascension_mode":true,"campfire_choices":[{"data":"Zap","floor":6.0,"key":"SMITH"},{"data":"Dualcast","floor":15.0,"key":"SMITH"},{"data":"Machine Learning","floor":23.0,"key":"SMITH"},{"data":"Storm","floor":25.0,"key":"SMITH"},{"floor":32,"key":"RECALL"},{"data":"Double Energy","floor":49,"key":"SMITH"},{"data":"Defragment","floor":52,"key":"SMITH"}],"circlet_count":0,"master_deck":["Defend_B","Zap+1","Dualcast+1","Biased Cognition","Ball Lightning","BootSequence","Melter","Beam Cell","Cold Snap","Loop","Machine Learning+1","REME_Shoggoth","CurseOfTheBell","Fusion+1","Sunder","Melter","Scrape","Turbo","Storm+1","Defragment+1","Electrodynamics","Necronomicurse","White Noise","Buffer","Chill+1","Darkness+1","Rebound+1","Hologram+1","Streamline+1","Master of Strategy","Double Energy+1","Beam Cell+1","White Noise+1","Ball Lightning","REME_SelfUpgrade","Meteor Strike","Hologram"],"relics":["Cracked Core","REME_ComplimentaryCards","NeowsBlessing","Lantern","Anchor","Ancient Tea Set","Calling Bell","DataDisk","REME_LimitBreaker","CaptainsWheel","Bottled Flame","Thread and Needle","Necronomicon","Astrolabe","Incense Burner","Bird Faced Urn","REME_PuzzleBoxRelic","Centennial Puzzle","Lizard Tail","TungstenRod","Red Mask","Mercury Hourglass"],"acts_visited":["Exordium","TheCity","TheBeyond","TheEnding"],"potions_floor_usage":[31,31,33,33,33,33,40,44,46,50,55],"damage_taken":[{"damage":0.0,"enemies":"2 Louse","floor":1.0,"turns":1.0},{"damage":0.0,"enemies":"Cultist","floor":5.0,"turns":1.0},{"damage":0.0,"enemies":"Lagavulin","floor":7.0,"turns":1.0},{"damage":0.0,"enemies":"Small Slimes","floor":8.0,"turns":2.0},{"damage":0.0,"enemies":"Looter","floor":10.0,"turns":2.0},{"damage":7.0,"enemies":"Gremlin Gang","floor":11.0,"turns":4.0},{"damage":0.0,"enemies":"Large Slime","floor":12.0,"turns":2.0},{"damage":10.0,"enemies":"Gremlin Nob","floor":14.0,"turns":3.0},{"damage":28.0,"enemies":"Hexaghost","floor":16.0,"turns":8.0},{"damage":0.0,"enemies":"Chosen","floor":18.0,"turns":3.0},{"damage":2.0,"enemies":"3 Byrds","floor":22.0,"turns":4.0},{"damage":10.0,"enemies":"Book of Stabbing","floor":24.0,"turns":5.0},{"damage":9.0,"enemies":"3 Cultists","floor":28.0,"turns":4.0},{"damage":5.0,"enemies":"Centurion and Healer","floor":29.0,"turns":4.0},{"damage":0,"enemies":"Snecko","floor":31,"turns":3},{"damage":9,"enemies":"Champ","floor":33,"turns":6},{"damage":0,"enemies":"Orb Walker","floor":35,"turns":3},{"damage":14,"enemies":"2 Orb Walkers","floor":36,"turns":3},{"damage":22,"enemies":"Reptomancer","floor":40,"turns":4},{"damage":18,"enemies":"3 Shapes","floor":42,"turns":4},{"damage":0,"enemies":"Giant Head","floor":44,"turns":6},{"damage":0,"enemies":"Transient","floor":45,"turns":5},{"damage":0,"enemies":"Writhing Mass","floor":46,"turns":4},{"damage":65,"enemies":"Time Eater","floor":50,"turns":10},{"damage":24,"enemies":"Shield and Spear","floor":54,"turns":5},{"damage":120,"enemies":"The Heart","floor":55,"turns":9}],"seed_played":"-6325947025618268399","potions_obtained":[{"floor":8.0,"key":"GamblersBrew"},{"floor":11.0,"key":"AttackPotion"},{"floor":12.0,"key":"FearPotion"},{"floor":24.0,"key":"SpeedPotion"},{"floor":28.0,"key":"EntropicBrew"},{"floor":31,"key":"Fruit Juice"},{"floor":35,"key":"PowerPotion"},{"floor":36,"key":"Ancient Potion"},{"floor":44,"key":"GamblersBrew"},{"floor":54,"key":"BlessingOfTheForge"}],"is_trial":false,"path_per_floor":["M","$","?","?","M","R","E","M","T","M","M","M","$","E","R","B",null,"M","?","?","$","M","R","E","R","T","?","M","M","?","M","R","B",null,"M","?","$","?","?","E","T","M","T","E","M","M","$","?","R","B",null,"R","$","E","B"],"character_chosen":"DEFECT","items_purchased":["BootSequence","Machine Learning","Bottled Flame","Master of Strategy","TungstenRod","Meteor Strike"],"campfire_rested":0,"item_purchase_floors":[2,13,21,37,47,47],"current_hp_per_floor":[75,75,57,57,57,57,57,57,57,57,50,50,50,40,40,12,75,75,75,75,75,73,73,63,63,63,63,54,49,33,38,38,29,80,80,66,66,66,66,44,44,34,34,50,68,78,78,78,78,25,80,80,80,62,0,0],"gold":31,"neow_bonus":"THREE_ENEMY_KILL","is_daily":false,"chose_seed":false,"campfire_upgraded":6,"win_rate":0.0,"timestamp":1610790957,"path_taken":["M","$","?","?","M","R","E","M","T","M","?","?","$","E","R","BOSS","M","?","?","$","M","R","E","R","T","?","?","?","?","M","R","BOSS","M","?","$","?","?","E","?","?","T","E","M","M","$","?","R","BOSS","R","$","E","BOSS"],"items_purchased_type":["Card","Card","Relic","Card","Relic","Card"],"build_version":"2020-12-22","purchased_purges":2,"victory":false,"max_hp_per_floor":[75,75,75,75,75,75,75,75,75,75,75,75,75,75,75,75,75,75,75,75,75,75,75,75,75,75,75,75,75,75,80,80,80,80,80,80,80,80,80,80,80,80,80,80,80,80,80,80,80,80,80,80,80,80,80,80],"card_choices":[{"not_picked":["Reprogram","Streamline"],"picked":"Ball Lightning","floor":1.0},{"not_picked":["Doom and Gloom","Steam"],"picked":"Melter","floor":5.0},{"not_picked":["Stack","Core Surge"],"picked":"Beam Cell","floor":7.0},{"not_picked":["Steam","Rebound"],"picked":"Cold Snap","floor":8.0},{"not_picked":["Stack","Reprogram","Rip and Tear"],"picked":"SKIP","floor":10.0},{"not_picked":["Leap","Compile Driver"],"picked":"Loop","floor":11.0},{"not_picked":["Reinforced Body","BootSequence","Self Repair"],"picked":"SKIP","floor":12.0},{"not_picked":["Redo","Cold Snap"],"picked":"Reboot","floor":14.0},{"not_picked":["All For One","Core Surge"],"picked":"REME_Shoggoth","floor":16.0},{"not_picked":["Steam","Leap"],"picked":"Fusion+1","floor":18.0},{"not_picked":["Streamline","Gash"],"picked":"Turbo","floor":22.0},{"not_picked":["Stack","Conserve Battery"],"picked":"Storm","floor":24.0},{"not_picked":["Conserve Battery+1","Turbo"],"picked":"Defragment","floor":28.0},{"not_picked":["Reprogram","Barrage"],"picked":"Electrodynamics","floor":29.0},{"not_picked":["Sweeping Beam","Blizzard"],"picked":"White Noise","floor":31},{"not_picked":["Machine Learning","REME_Shoggoth"],"picked":"Buffer","floor":33},{"not_picked":["Leap","Undo"],"picked":"Hologram+1","floor":35},{"not_picked":["Compile Driver","Go for the Eyes"],"picked":"Streamline+1","floor":36},{"not_picked":["Redo+1","Blizzard"],"picked":"Double Energy","floor":40},{"not_picked":["Darkness","Auto Shields+1"],"picked":"Beam Cell+1","floor":42},{"not_picked":["Conserve Battery","Streamline"],"picked":"White Noise+1","floor":44},{"not_picked":["Sweeping Beam+1","Self Repair"],"picked":"Ball Lightning","floor":45},{"not_picked":["Consume","Darkness+1"],"picked":"REME_SelfUpgrade","floor":46},{"not_picked":["Gash","Stack+1"],"picked":"Hologram","floor":54}],"player_experience":109385,"relics_obtained":[{"floor":7.0,"key":"Lantern"},{"floor":9.0,"key":"Anchor"},{"floor":14.0,"key":"Ancient Tea Set"},{"floor":17.0,"key":"DataDisk"},{"floor":17.0,"key":"REME_LimitBreaker"},{"floor":17.0,"key":"CaptainsWheel"},{"floor":24.0,"key":"Thread and Needle"},{"floor":30,"key":"Necronomicon"},{"floor":36,"key":"Incense Burner"},{"floor":40,"key":"Bird Faced Urn"},{"floor":41,"key":"REME_PuzzleBoxRelic"},{"floor":43,"key":"Centennial Puzzle"},{"floor":44,"key":"Lizard Tail"},{"floor":54,"key":"Mercury Hourglass"}],"event_choices":[{"damage_healed":0.0,"max_hp_gain":0.0,"max_hp_loss":0.0,"gold_gain":0.0,"event_name":"Golden Idol","player_choice":"Take Damage","floor":3.0,"gold_loss":0.0,"damage_taken":18.0,"relics_obtained":["Golden Idol"]},{"damage_healed":0.0,"max_hp_gain":0.0,"max_hp_loss":0.0,"gold_gain":100.0,"event_name":"Wheel of Change","player_choice":"Gold","floor":4.0,"gold_loss":0.0,"damage_taken":0.0},{"damage_healed":0.0,"max_hp_gain":0.0,"max_hp_loss":0.0,"gold_gain":0.0,"event_name":"The Library","player_choice":"Read","floor":19.0,"gold_loss":0.0,"damage_taken":0.0,"cards_obtained":["Sunder"]},{"damage_healed":0.0,"max_hp_gain":0.0,"max_hp_loss":0.0,"gold_gain":0.0,"cards_transformed":["Strike_B","Defend_B"],"event_name":"Drug Dealer","player_choice":"Became Test Subject","floor":20.0,"gold_loss":0.0,"damage_taken":0.0,"cards_obtained":["Melter","Scrape"]},{"damage_healed":0.0,"max_hp_gain":0.0,"max_hp_loss":0.0,"gold_gain":0.0,"event_name":"The Joust","player_choice":"Bet on Murderer","floor":27.0,"gold_loss":50.0,"damage_taken":0.0},{"damage_healed":0,"gold_gain":0,"player_choice":"Obtained Book","damage_taken":16,"max_hp_gain":0,"max_hp_loss":0,"event_name":"Cursed Tome","floor":30,"gold_loss":0},{"damage_healed":0,"gold_gain":0,"player_choice":"Fight","damage_taken":0,"max_hp_gain":0,"max_hp_loss":0,"event_name":"Mysterious Sphere","floor":36,"gold_loss":0},{"cards_removed":["Reboot"],"damage_healed":0,"gold_gain":0,"player_choice":"Removed Skill","damage_taken":0,"max_hp_gain":0,"max_hp_loss":0,"event_name":"Falling","floor":38,"gold_loss":0},{"damage_healed":0,"gold_gain":333,"player_choice":"Gave Idol","damage_taken":0,"max_hp_gain":0,"max_hp_loss":0,"event_name":"The Moai Head","floor":39,"relics_lost":["Golden Idol"],"gold_loss":0},{"damage_healed":0,"gold_gain":0,"player_choice":"Paid","damage_taken":0,"relics_obtained":["Red Mask"],"max_hp_gain":0,"max_hp_loss":0,"event_name":"Tomb of Lord Red Mask","floor":48,"gold_loss":95}],"is_beta":false,"boss_relics":[{"not_picked":["Cursed Key","Snecko Eye"],"picked":"Calling Bell"},{"not_picked":["Nuclear Battery","Inserter"],"picked":"Astrolabe"}],"items_purged_floors":[13,37],"is_endless":false,"potions_floor_spawned":[8,11,12,24,28,31,35,36,44,54],"killed_by":"The Heart","ascension_level":1}}