{"host":"8fuipfsvjht9cgcs","time":1610765179,"event":{"mods":["AchievementEnabler","BaseMod","Colored Map","Colored Powertips","DeckTracker","Friendly Minions","Kiyohime£¨?ýï£©","Marisa£¨Ùöéë¡¡Øª×âÞÞ£©","Minty Spire (QoL Compilation)","Prisma Mod","Replay The Spire","StSLib","SuperFastMode","The Cursed","The Gatherer"],"gold_per_floor":[109,59,59,59,134,134,11,11,11,36,36,54,64,77,77,172,172,190,206,206,206,55,55,82,98,98,98,98],"floor_reached":27,"language":"KOR","playtime":977,"items_purged":["Sickly","Strike_P"],"score":309,"play_id":"dd99effe-d360-4fe0-b8fc-2910474a5f06","local_time":"20210116154619","is_ascension_mode":true,"campfire_choices":[{"data":"Eruption","floor":6.0,"key":"SMITH"},{"data":"ConjureBlade","floor":8.0,"key":"SMITH"},{"data":"Crescendo","floor":11,"key":"SMITH"},{"floor":15,"key":"REST"},{"data":"Adaptation","floor":23,"key":"SMITH"}],"circlet_count":0,"master_deck":["Strike_P","Strike_P","Defend_P","Defend_P","Defend_P","Defend_P","Eruption+1","Vigilance","ConjureBlade+1","CutThroughFate","Crescendo+1","Adaptation+1","InnerPeace+1","ClearTheMind+1","DevaForm","EmptyMind+1","Fasting2"],"relics":["HolyWater","ReplayTheSpireMod:CursedCoin","Toxic Egg 2","Gremlin Horn","Ring of Peace","Ring of Misfortune","Bag of Preparation","The Courier","Question Card"],"acts_visited":["Exordium","TheCity"],"potions_floor_usage":[14,16,27],"damage_taken":[{"damage":22.0,"enemies":"Small Slimes","floor":1.0,"turns":5.0},{"damage":24,"enemies":"3 Sentries","floor":10,"turns":5},{"damage":3,"enemies":"Jaw Worm","floor":12,"turns":3},{"damage":1,"enemies":"Cultist","floor":13,"turns":3},{"damage":7,"enemies":"2 Fungi Beasts","floor":14,"turns":4},{"damage":20,"enemies":"Hexaghost","floor":16,"turns":8},{"damage":2,"enemies":"Chosen","floor":18,"turns":3},{"damage":34,"enemies":"3 Byrds","floor":19,"turns":5},{"damage":7,"enemies":"Gremlin Leader","floor":24,"turns":3},{"damage":4,"enemies":"Sentry and Sphere","floor":25,"turns":4},{"damage":9,"enemies":"Slavers","floor":27,"turns":3}],"seed_played":"-3364812441643653263","potions_obtained":[{"floor":10,"key":"PowerPotion"},{"floor":14,"key":"Elixir"},{"floor":19,"key":"PowerPotion"}],"is_trial":false,"path_per_floor":["M","?","$","?","$","R","$","R","T","E","R","M","M","M","R","B",null,"M","M","?","?","$","R","E","M","T","E"],"character_chosen":"WATCHER","items_purchased":["ReplayTheSpireMod:CursedCoin","Crescendo","Bag of Preparation"],"campfire_rested":1,"item_purchase_floors":[5,7,22],"current_hp_per_floor":[43,43,43,36,36,36,36,36,36,12,12,9,8,1,22,2,55,53,19,19,19,19,19,12,8,8,0,0],"gold":98,"neow_bonus":"THREE_RARE_CARDS","is_daily":false,"chose_seed":false,"campfire_upgraded":4,"win_rate":0.0,"timestamp":1610765179,"path_taken":["M","?","$","?","?","R","$","R","T","E","R","M","M","M","R","BOSS","M","M","?","?","$","R","E","?","T","E"],"items_purchased_type":["Relic","Card","Relic"],"build_version":"2020-12-22","purchased_purges":2,"victory":false,"max_hp_per_floor":[72,72,72,72,72,72,72,72,72,72,72,72,72,72,72,72,72,72,72,72,72,72,72,72,72,72,72,72],"card_choices":[{"not_picked":["SpiritShield","Alpha"],"picked":"ConjureBlade","floor":0.0},{"not_picked":["Prostrate","EmptyBody"],"picked":"CutThroughFate","floor":1.0},{"not_picked":["Nirvana","BattleHymn","Devotion"],"picked":"SKIP","floor":10},{"not_picked":["EmptyFist","ClearTheMind+1"],"picked":"Adaptation","floor":12},{"not_picked":["Crescendo+1","Sanctity+1"],"picked":"InnerPeace+1","floor":13},{"not_picked":["FlyingSleeves","SignatureMove"],"picked":"ClearTheMind+1","floor":14},{"not_picked":["Devotion","Judgement+1"],"picked":"DevaForm","floor":16},{"not_picked":["CutThroughFate","Conclude","Replay:Battleflow+1"],"picked":"SKIP","floor":18},{"not_picked":["Crescendo+1","BowlingBash+1"],"picked":"EmptyMind+1","floor":19},{"not_picked":["ClearTheMind+1","Perseverance+1"],"picked":"Fasting2","floor":24},{"not_picked":["FlyingSleeves","FlurryOfBlows","Crescendo+1"],"picked":"SKIP","floor":25}],"player_experience":410181,"relics_obtained":[{"floor":9.0,"key":"Toxic Egg 2"},{"floor":10,"key":"Gremlin Horn"},{"floor":20,"key":"Ring of Peace"},{"floor":20,"key":"Ring of Misfortune"},{"floor":24,"key":"The Courier"},{"floor":26,"key":"Question Card"}],"event_choices":[{"cards_removed":["Strike_P"],"damage_healed":0.0,"max_hp_gain":0.0,"max_hp_loss":0.0,"gold_gain":0.0,"event_name":"The Cleric","player_choice":"Card Removal","floor":2.0,"gold_loss":50.0,"damage_taken":0.0},{"cards_removed":["Pain"],"damage_healed":0.0,"max_hp_gain":0.0,"max_hp_loss":0.0,"gold_gain":0.0,"event_name":"Golden Wing","player_choice":"Card Removal","floor":4.0,"gold_loss":0.0,"damage_taken":7.0},{"damage_healed":0,"gold_gain":0,"player_choice":"Ignored","damage_taken":0,"max_hp_gain":0,"max_hp_loss":0,"event_name":"Ghosts","floor":21,"gold_loss":0}],"is_beta":false,"boss_relics":[{"not_picked":["SacredBark","Busted Crown"],"picked":"HolyWater"}],"items_purged_floors":[5,7],"is_endless":false,"potions_floor_spawned":[10,14,19],"killed_by":"Slavers","ascension_level":7}}