{"host":"fghh6uc8siqeqraf","time":1610814869,"event":{"mods":["AchievementEnabler","BaseMod","Colored Powertips","Googly Eyes","Hermit","Jorbs\u0027s Wanderer Trilogy","Lobotomy","Marisa£®ÏF”Í°°ƒß¿Ì…≥£©","Minty Spire (QoL Compilation)","Replay The Spire","Shop Mod","StSLib","The Bug Knight","The Cursed","The Hierophant","The Servant 0.9.4"],"gold_per_floor":[113,123,48,60,80,112,112,171,197,225,225,240,271,221,221,221,221],"floor_reached":16,"language":"ZHS","playtime":1115,"items_purged":["Strike_R"],"score":126,"play_id":"255456c0-7cad-4b78-ac5d-133dd816d5ef","local_time":"20210117003429","is_ascension_mode":true,"campfire_choices":[{"data":"ReplayTheSpireMod:LeadingStrike","floor":7,"key":"SMITH"},{"floor":11,"key":"REST"},{"data":"Warcry","floor":15,"key":"SMITH"}],"circlet_count":0,"master_deck":["Strike_R","Strike_R","Strike_R","Defend_R","Defend_R","Defend_R","Defend_R","Bash","Combust","ReplayTheSpireMod:LeadingStrike+1","Headbutt","Shrug It Off","Clash","Metallicize","Warcry+1","Clothesline","Sentinel"],"relics":["Burning Blood","Ice Cream","Replay:Baseball","Centennial Puzzle","Smiling Mask","PreservedInsect","Mummified Hand"],"acts_visited":["Exordium"],"potions_floor_usage":[8,10,10,12,13],"damage_taken":[{"damage":5,"enemies":"Cultist","floor":1,"turns":4},{"damage":9,"enemies":"Small Slimes","floor":2,"turns":4},{"damage":1,"enemies":"2 Louse","floor":4,"turns":2},{"damage":18,"enemies":"Blue Slaver","floor":5,"turns":4},{"damage":26,"enemies":"Gremlin Nob","floor":6,"turns":4},{"damage":11,"enemies":"Lagavulin","floor":10,"turns":6},{"damage":14,"enemies":"Exordium Thugs","floor":12,"turns":3},{"damage":8,"enemies":"3 Sentries","floor":13,"turns":4},{"damage":32,"enemies":"Hexaghost","floor":16,"turns":10}],"seed_played":"705516011819985682","potions_obtained":[{"floor":4,"key":"Swift Potion"},{"floor":6,"key":"BloodPotion"},{"floor":8,"key":"SkillPotion"},{"floor":8,"key":"Dexterity Potion"},{"floor":10,"key":"SkillPotion"}],"is_trial":false,"path_per_floor":["M","M","$","M","M","E","R","?","T","E","R","M","E","?","R","B"],"character_chosen":"IRONCLAD","items_purchased":[],"campfire_rested":1,"item_purchase_floors":[],"current_hp_per_floor":[72,69,69,72,60,40,40,26,26,21,42,34,32,32,32,0,0],"gold":221,"neow_bonus":"ONE_RARE_RELIC","is_daily":false,"chose_seed":false,"campfire_upgraded":2,"win_rate":0.0,"timestamp":1610814869,"path_taken":["M","M","$","M","?","E","R","?","T","E","R","M","E","?","R","BOSS"],"items_purchased_type":[],"build_version":"2020-12-22","purchased_purges":1,"victory":false,"max_hp_per_floor":[72,72,72,72,72,72,72,72,72,72,72,72,72,72,72,72,72],"card_choices":[{"not_picked":["Clash","Shockwave"],"picked":"Combust","floor":1},{"not_picked":["ReplayTheSpireMod:Strike From Hell","Wild Strike"],"picked":"ReplayTheSpireMod:LeadingStrike","floor":2},{"not_picked":["Heavy Blade","Abandon"],"picked":"Headbutt","floor":4},{"not_picked":["Thunderclap","Body Slam"],"picked":"Shrug It Off","floor":5},{"not_picked":["Carnage","True Grit"],"picked":"Clash","floor":6},{"not_picked":["ReplayReversal","Run Through"],"picked":"Metallicize","floor":8},{"not_picked":["Infernal Blade","Dual Wield"],"picked":"Warcry","floor":10},{"not_picked":["Clash","Defy Death"],"picked":"Clothesline","floor":12},{"not_picked":["Perfected Strike","ReplayTheSpireMod:Strike From Hell"],"picked":"Sentinel","floor":13}],"player_experience":133498,"relics_obtained":[{"floor":6,"key":"Replay:Baseball"},{"floor":8,"key":"Centennial Puzzle"},{"floor":9,"key":"Smiling Mask"},{"floor":10,"key":"PreservedInsect"},{"floor":13,"key":"Mummified Hand"}],"event_choices":[{"cards_removed":["Strike_R"],"damage_healed":0,"gold_gain":0,"player_choice":"Card Removal","damage_taken":0,"max_hp_gain":0,"max_hp_loss":0,"event_name":"The Cleric","floor":14,"gold_loss":50}],"is_beta":false,"boss_relics":[],"items_purged_floors":[3],"is_endless":false,"potions_floor_spawned":[4,6,10],"killed_by":"Hexaghost","ascension_level":1}}