{"host":"yvlk1m4foro8gl4v","time":1610785097,"event":{"mods":["AchievementEnabler","Act Like it!","BaseMod","Minty Spire (QoL Compilation)","Relic Stats","StSLib","The Servant 0.9.4","Uncapped"],"gold_per_floor":[116,191,111,122,145,145,175,175,175,214,214,229,244,214,214,337,337,361,361,380,201,201,201,241,241,241],"floor_reached":25,"language":"ENG","playtime":1255,"items_purged":[],"score":277,"play_id":"f44e7f3d-a421-4e48-8a58-ea94c4f91281","local_time":"20210116081817","is_ascension_mode":true,"campfire_choices":[{"data":"Fasting2","floor":6,"key":"SMITH"},{"floor":11,"key":"REST"},{"data":"MasterReality","floor":15,"key":"SMITH"},{"floor":23,"key":"REST"}],"circlet_count":0,"master_deck":["Strike_P","Defend_P","Defend_P","Defend_P","Defend_P","Eruption","Vigilance","Fasting2+1","CarveReality","FlyingSleeves","Crescendo","MasterReality+1","EmptyFist","Establishment","LessonLearned+1","Perseverance+1","Vault+1","SandsOfTime+1","Tantrum","Mayhem","Writhe"],"relics":["PureWater","NeowsBlessing","Orichalcum","Regal Pillow","Golden Idol","StoneCalendar","Matryoshka","Astrolabe","Prayer Wheel","Pen Nib"],"acts_visited":["Exordium","TheCity"],"potions_floor_usage":[16,24,24],"damage_taken":[{"damage":0,"enemies":"Small Slimes","floor":1,"turns":1},{"damage":0,"enemies":"Jaw Worm","floor":4,"turns":1},{"damage":0,"enemies":"Lagavulin","floor":7,"turns":3},{"damage":22,"enemies":"Gremlin Nob","floor":10,"turns":3},{"damage":1,"enemies":"Cultist","floor":12,"turns":3},{"damage":15,"enemies":"Large Slime","floor":13,"turns":4},{"damage":24,"enemies":"Hexaghost","floor":16,"turns":8},{"damage":16,"enemies":"3 Byrds","floor":18,"turns":7},{"damage":8,"enemies":"Chosen","floor":20,"turns":5},{"damage":73,"enemies":"Slavers","floor":24,"turns":6},{"damage":22,"enemies":"Snake Plant","floor":25,"turns":2}],"seed_played":"3311694702735686192","potions_obtained":[{"floor":4,"key":"Ancient Potion"},{"floor":14,"key":"SkillPotion"},{"floor":14,"key":"Fruit Juice"},{"floor":16,"key":"Regen Potion"}],"is_trial":false,"path_per_floor":["M","?","$","M","T","R","E","?","T","E","R","M","M","?","R","B",null,"M","?","M","$","?","R","E","M"],"character_chosen":"WATCHER","items_purchased":["CarveReality","Mayhem"],"campfire_rested":2,"item_purchase_floors":[3,21],"current_hp_per_floor":[72,61,61,61,61,61,61,61,61,39,67,66,51,51,51,32,72,56,56,48,48,48,72,11,0,0],"gold":241,"neow_bonus":"THREE_ENEMY_KILL","is_daily":false,"chose_seed":false,"campfire_upgraded":2,"win_rate":0.0,"timestamp":1610785097,"path_taken":["M","?","$","M","?","R","E","?","T","E","R","M","M","?","R","BOSS","M","?","M","$","?","R","E","M"],"items_purchased_type":["Card","Card"],"build_version":"2020-12-22","purchased_purges":0,"victory":false,"max_hp_per_floor":[72,72,72,72,72,72,72,67,67,67,67,67,67,67,67,72,72,72,72,72,72,72,72,72,72,72],"relic_stats":{"Regal Pillow":11,"counters":[11,43],"Golden Idol":56,"Astrolabe":["LessonLearned","Perseverance","Vault"],"StoneCalendar":[44],"Prayer Wheel":0,"Pen Nib":[0],"Orichalcum":[84],"obtain_stats":[{"Regal Pillow":7,"Matryoshka":10,"NeowsBlessing":0,"Golden Idol":8,"Astrolabe":17,"StoneCalendar":9,"Prayer Wheel":22,"Pen Nib":24,"PureWater":0,"Orichalcum":5},{"Regal Pillow":3,"Matryoshka":4,"NeowsBlessing":0,"Golden Idol":3,"Astrolabe":7,"StoneCalendar":3,"Prayer Wheel":9,"Pen Nib":10,"PureWater":0,"Orichalcum":2},{"Regal Pillow":5,"Matryoshka":8,"NeowsBlessing":0,"Golden Idol":5,"Astrolabe":23,"StoneCalendar":5,"Prayer Wheel":35,"Pen Nib":41,"PureWater":0,"Orichalcum":2}]},"card_choices":[{"not_picked":["JustLucky","Crescendo"],"picked":"Fasting2","floor":1},{"not_picked":["EmptyBody","SashWhip"],"picked":"FlyingSleeves","floor":4},{"not_picked":["EmptyFist","SashWhip"],"picked":"Crescendo","floor":7},{"not_picked":["SignatureMove","WreathOfFlame","Vengeance"],"picked":"SKIP","floor":10},{"not_picked":["Swivel","FollowUp"],"picked":"MasterReality","floor":12},{"not_picked":["LikeWater","Weave"],"picked":"EmptyFist","floor":13},{"not_picked":["Alpha","SpiritShield"],"picked":"Establishment","floor":16},{"not_picked":["ThirdEye+1","CrushJoints"],"picked":"SandsOfTime+1","floor":18},{"not_picked":["JustLucky+1","FearNoEvil"],"picked":"Tantrum","floor":20},{"not_picked":["FearNoEvil","Tantrum","Omniscience"],"picked":"SKIP","floor":24}],"player_experience":742470,"relics_obtained":[{"floor":5,"key":"Orichalcum"},{"floor":7,"key":"Regal Pillow"},{"floor":9,"key":"StoneCalendar"},{"floor":10,"key":"Matryoshka"},{"floor":24,"key":"Pen Nib"}],"event_choices":[{"damage_healed":0,"gold_gain":75,"player_choice":"Gather Gold","damage_taken":11,"max_hp_gain":0,"max_hp_loss":0,"event_name":"World of Goop","floor":2,"gold_loss":0},{"damage_healed":0,"gold_gain":0,"player_choice":"Lose Max HP","damage_taken":0,"relics_obtained":["Golden Idol"],"max_hp_gain":0,"max_hp_loss":5,"event_name":"Golden Idol","floor":8,"gold_loss":0},{"damage_healed":0,"gold_gain":0,"player_choice":"Bought 2 Potions","damage_taken":0,"max_hp_gain":0,"max_hp_loss":0,"event_name":"The Woman in Blue","floor":14,"gold_loss":0},{"damage_healed":0,"gold_gain":0,"player_choice":"Ignored","damage_taken":0,"max_hp_gain":0,"max_hp_loss":0,"event_name":"Vampires","floor":19,"gold_loss":0},{"damage_healed":0,"gold_gain":0,"player_choice":"Opened","damage_taken":0,"relics_obtained":["Prayer Wheel"],"max_hp_gain":0,"max_hp_loss":0,"event_name":"The Mausoleum","floor":22,"gold_loss":0,"cards_obtained":["Writhe"]}],"is_beta":false,"boss_relics":[{"not_picked":["Empty Cage","Tiny House"],"picked":"Astrolabe"}],"items_purged_floors":[],"is_endless":false,"potions_floor_spawned":[4,16],"killed_by":"Snake Plant","ascension_level":2}}