{"host":"9v3x998ddbx8o276","time":1610757268,"event":{"mods":["AchievementEnabler","BaseMod","Colored Map","Colored Powertips","Highlight Path","Minty Spire (QoL Compilation)","Quick Restart","Rare Cards Sparkle"],"gold_per_floor":[117,267,277,294,52,52,79,134,187,200,221,254,294,319,319,393,393,411,411,428,428,428],"floor_reached":21,"language":"ENG","playtime":744,"items_purged":["Doubt"],"score":398,"play_id":"5af0cc24-586b-463e-8632-09e3c41dfbbf","local_time":"20210116110428","is_ascension_mode":true,"campfire_choices":[{"data":"Barrage","floor":6,"key":"SMITH"},{"floor":15,"key":"REST"}],"circlet_count":0,"master_deck":["AscendersBane","Strike_B","Strike_B","Strike_B","Defend_B","Defend_B","Zap","Dualcast","Ball Lightning","Compile Driver+1","Barrage+1","BootSequence","Leap","Leap","Cold Snap+1","Hologram","Defragment","Creative AI","Rip and Tear","Go for the Eyes","Self Repair","Sweeping Beam","Amplify","Auto Shields","Doom and Gloom"],"relics":["Cracked Core","NeowsBlessing","Orrery","Lantern","StrikeDummy","Dream Catcher","Odd Mushroom","Whetstone","Potion Belt","Empty Cage"],"acts_visited":["Exordium","TheCity"],"potions_floor_usage":[8,12,13,16],"damage_taken":[{"damage":0,"enemies":"Small Slimes","floor":1,"turns":1},{"damage":0,"enemies":"Jaw Worm","floor":3,"turns":1},{"damage":0,"enemies":"2 Louse","floor":4,"turns":1},{"damage":2,"enemies":"Gremlin Nob","floor":7,"turns":3},{"damage":14,"enemies":"3 Sentries","floor":8,"turns":7},{"damage":0,"enemies":"Large Slime","floor":10,"turns":4},{"damage":11,"enemies":"The Mushroom Lair","floor":11,"turns":3},{"damage":10,"enemies":"3 Sentries","floor":12,"turns":4},{"damage":0,"enemies":"Gremlin Gang","floor":13,"turns":2},{"damage":20,"enemies":"Lagavulin","floor":14,"turns":8},{"damage":20,"enemies":"Slime Boss","floor":16,"turns":8},{"damage":32,"enemies":"2 Thieves","floor":18,"turns":4},{"damage":2,"enemies":"Spheric Guardian","floor":20,"turns":4},{"damage":36,"enemies":"3 Cultists","floor":21,"turns":3}],"seed_played":"-3946087719055109454","potions_obtained":[{"floor":3,"key":"Block Potion"},{"floor":4,"key":"Regen Potion"},{"floor":8,"key":"ColorlessPotion"},{"floor":13,"key":"Weak Potion"},{"floor":14,"key":"Strength Potion"}],"is_trial":false,"path_per_floor":["M","?","M","M","$","R","E","?","T","M","?","E","M","E","R","B",null,"M","?","M","M"],"character_chosen":"DEFECT","items_purchased":["Orrery"],"campfire_rested":1,"item_purchase_floors":[5],"current_hp_per_floor":[64,64,64,64,64,64,62,48,48,48,37,39,39,26,47,27,60,28,28,26,0,0],"gold":428,"neow_bonus":"THREE_ENEMY_KILL","is_daily":false,"chose_seed":false,"campfire_upgraded":1,"win_rate":0.0,"timestamp":1610757268,"path_taken":["M","?","M","M","$","R","E","?","T","M","?","E","M","E","R","BOSS","M","?","M","?"],"items_purchased_type":["Relic"],"build_version":"2020-12-22","purchased_purges":1,"victory":false,"max_hp_per_floor":[71,71,71,71,71,71,71,71,71,71,71,71,71,71,71,71,71,71,71,71,71,71],"card_choices":[{"not_picked":["Cold Snap","Steam Power"],"picked":"Ball Lightning","floor":1},{"not_picked":["Gash","Genetic Algorithm"],"picked":"Compile Driver","floor":3},{"not_picked":["Hologram","Storm"],"picked":"Barrage","floor":4},{"not_picked":["Stack","Self Repair"],"picked":"BootSequence","floor":5},{"not_picked":["Rebound","Stack"],"picked":"Leap","floor":5},{"not_picked":["Barrage","Hologram"],"picked":"Leap","floor":5},{"not_picked":["Consume","Streamline"],"picked":"Cold Snap","floor":5},{"not_picked":["Heatsinks","Stack"],"picked":"Hologram","floor":5},{"not_picked":["Conserve Battery","Genetic Algorithm"],"picked":"Defragment","floor":7},{"not_picked":["Stack","Cold Snap"],"picked":"Creative AI","floor":8},{"not_picked":["Chaos","Rebound"],"picked":"Rip and Tear","floor":10},{"not_picked":["Leap","Gash"],"picked":"Go for the Eyes","floor":11},{"not_picked":["Steam Power","All For One"],"picked":"Self Repair","floor":12},{"not_picked":["Rebound","Compile Driver","Steam"],"picked":"SKIP","floor":13},{"not_picked":["Leap","Stack","Gash"],"picked":"SKIP","floor":14},{"not_picked":["Sunder","Chaos"],"picked":"Sweeping Beam","floor":15},{"not_picked":["Buffer","All For One"],"picked":"Amplify","floor":16},{"not_picked":["Coolheaded","Compile Driver"],"picked":"Auto Shields","floor":18},{"not_picked":["Aggregate","Consume"],"picked":"Doom and Gloom","floor":20}],"player_experience":1654870,"relics_obtained":[{"floor":7,"key":"Lantern"},{"floor":8,"key":"StrikeDummy"},{"floor":9,"key":"Dream Catcher"},{"floor":11,"key":"Odd Mushroom"},{"floor":12,"key":"Whetstone"},{"floor":14,"key":"Potion Belt"}],"event_choices":[{"damage_healed":0,"gold_gain":150,"player_choice":"AGREE","damage_taken":0,"max_hp_gain":0,"max_hp_loss":0,"event_name":"Liars Game","floor":2,"gold_loss":0,"cards_obtained":["Doubt"]},{"damage_healed":0,"gold_gain":0,"player_choice":"Searched \u00272\u0027 times","damage_taken":0,"max_hp_gain":0,"max_hp_loss":0,"event_name":"Dead Adventurer","floor":8,"gold_loss":0},{"damage_healed":0,"gold_gain":0,"player_choice":"Fought Mushrooms","damage_taken":0,"max_hp_gain":0,"max_hp_loss":0,"event_name":"Mushrooms","floor":11,"gold_loss":0},{"cards_removed":["Strike_B"],"damage_healed":0,"gold_gain":0,"player_choice":"Offered Basic","damage_taken":0,"max_hp_gain":0,"max_hp_loss":0,"event_name":"Bonfire Elementals","floor":19,"gold_loss":0}],"is_beta":false,"boss_relics":[{"not_picked":["Runic Dome","Tiny House"],"picked":"Empty Cage"}],"items_purged_floors":[5],"is_endless":false,"potions_floor_spawned":[3,4,8,13,14],"killed_by":"3 Cultists","ascension_level":20}}