{"host":"s7l2a3wroivred6i","time":1610767702,"event":{"mods":["AchievementEnabler","Aspiration","BaseMod","Better Altar","Better Match","Better Note","Better Sensory Stone","Better Skull","Better Synergies","Better Third Choice","BetterRewards","Conspire","GifTheSpireLib","Halation","Hubris","Infinite Spire","Marked Mod","Minty Spire (QoL Compilation)","Replay The Spire","Retaliation","StSLib","Stuff the Spire","The Blue Laboratory","The Construct"],"gold_per_floor":[113,188,188,188,202,230,230,249,249,268,268,41,67,203,203,318,318,310,332,340,364,366,366,384,384,384,395,494,514,514,185,185,290,290,301,321,25,25,0,15,15],"floor_reached":40,"language":"ENG","playtime":3531,"items_purged":["construct:DefenseMode"],"score":473,"play_id":"70aa9cf4-0e72-432b-afff-fe3ccdcf2246","local_time":"20210115222822","is_ascension_mode":false,"campfire_choices":[{"data":"construct:ForceCore","floor":7.0,"key":"SMITH"},{"data":"construct:Strike_Gold","floor":11.0,"key":"SMITH"},{"floor":15.0,"key":"REST"},{"data":"construct:Zapper","floor":23.0,"key":"SMITH"},{"data":"construct:Analyze","floor":32.0,"key":"SMITH"}],"circlet_count":0,"master_deck":["construct:Strike_Gold+1","construct:Strike_Gold+1","construct:Strike_Gold+1","construct:Strike_Gold+1","construct:Strike_Gold+1","construct:Defend_Gold+1","construct:Defend_Gold+1","construct:Defend_Gold+1","construct:Defend_Gold+1","construct:Defend_Gold+1","construct:AttackMode+1","construct:Analyze+1","construct:ForceCore+1","construct:ModeShift","construct:CripplingShot","construct:HastyRepair","construct:Zapper+1","construct:ShiftStrike","construct:FlakBarrage","construct:Autoturret","construct:ScopeCore","Bandage Up"],"relics":["construct:Cogwheel","NeowsBlessing","infinitespire:CursedDice","Darkstone Periapt","infinitespire:Midas Blood","hubris:ToyBattleship","Art of War","hubris:TenFootPole","White Beast Statue","Nilry\u0027s Codex","hubris:BottledHeart","hubris:Reverence","Lee\u0027s Waffle","Black Star","Sling","Red Mask"],"acts_visited":[],"potions_floor_usage":[],"damage_taken":[{"damage":0.0,"enemies":"Small Slimes","floor":1.0,"turns":1.0},{"damage":0.0,"enemies":"Jaw Worm","floor":5.0,"turns":1.0},{"damage":0.0,"enemies":"3 Sentries","floor":6.0,"turns":1.0},{"damage":1.0,"enemies":"2 Louse","floor":8.0,"turns":4.0},{"damage":7.0,"enemies":"Looter","floor":10.0,"turns":3.0},{"damage":18.0,"enemies":"3 Louse","floor":13.0,"turns":3.0},{"damage":22.0,"enemies":"Gremlin Nob","floor":14.0,"turns":5.0},{"damage":36.0,"enemies":"The Guardian","floor":16.0,"turns":7.0},{"damage":30.0,"enemies":"2 Thieves","floor":18.0,"turns":4.0},{"damage":24.0,"enemies":"Shell Parasite","floor":19.0,"turns":5.0},{"damage":27.0,"enemies":"Snake Plant","floor":21.0,"turns":5.0},{"damage":0.0,"enemies":"Sentry and Sphere","floor":24.0,"turns":4.0},{"damage":0.0,"enemies":"Cultist and Chosen","floor":27.0,"turns":7.0},{"damage":0.0,"enemies":"3 Cultists","floor":29.0,"turns":5.0},{"damage":0.0,"enemies":"hubris:MusketHawk","floor":33.0,"turns":7.0},{"damage":0.0,"enemies":"3 Shapes","floor":35.0,"turns":5.0},{"damage":0.0,"enemies":"3 Darklings","floor":36.0,"turns":5.0},{"damage":0.0,"enemies":"Jaw Worm Horde","floor":40.0,"turns":6.0}],"seed_played":"-8155292513344484174","potions_obtained":[{"floor":5.0,"key":"EssenceOfSteel"},{"floor":8.0,"key":"SpeedPotion"},{"floor":14.0,"key":"Swift Potion"},{"floor":18.0,"key":"SteroidPotion"},{"floor":19.0,"key":"infinitespire:BlackPotion"},{"floor":21.0,"key":"SteroidPotion"},{"floor":24.0,"key":"Block Potion"},{"floor":27.0,"key":"GamblersBrew"},{"floor":29.0,"key":"GamblersBrew"},{"floor":33.0,"key":"Dexterity Potion"},{"floor":35.0,"key":"Energy Potion"},{"floor":40,"key":"Swift Potion"}],"is_trial":false,"path_per_floor":["M","?","?","T","M","E","R","M","T","M","R","$","M","E","R","B",null,"M","M","?","M","?","R","M","?","T","M","?","M","?","$","R","B",null,"M","M","$","?","?","M"],"character_chosen":"THE_CONSTRUCT_MOD","items_purchased":["Art of War","construct:HastyRepair","Lee\u0027s Waffle","Energy Potion","Sling","construct:ScopeCore","PowerPotion"],"campfire_rested":1,"item_purchase_floors":[12,12,31,31,37,37,37],"current_hp_per_floor":[85,74,71,71,71,71,71,70,70,63,63,63,45,35,59,35,81,51,39,32,17,1,1,1,1,1,1,1,1,1,1,1,1,1,1,1,1,1,1,1,1],"gold":15,"neow_bonus":"THREE_ENEMY_KILL","is_daily":false,"chose_seed":false,"campfire_upgraded":4,"win_rate":0.0,"timestamp":1610767702,"path_taken":["M","?","?","?","M","E","R","M","T","M","R","?","M","E","R","BOSS","M","M","?","M","?","R","M","?","T","M","?","M","?","$","R","BOSS","M","?","$","?","?","M"],"items_purchased_type":["Relic","Card","Relic","Potion","Relic","Card","Potion"],"build_version":"2020-12-22","purchased_purges":1,"victory":false,"max_hp_per_floor":[85,85,85,85,85,85,85,85,85,85,85,85,85,83,83,81,81,81,79,79,77,1,1,1,1,1,1,1,1,1,1,1,1,1,1,1,1,1,1,1,1],"card_choices":[{"not_picked":["construct:SyphonStrike","construct:Reinforce"],"picked":"construct:Analyze","floor":1.0},{"not_picked":["construct:SuppressiveFire","construct:OneWayMirror"],"picked":"construct:ForceCore","floor":5.0},{"not_picked":["construct:Backfire","construct:SyphonStrike"],"picked":"construct:ModeShift","floor":6.0},{"not_picked":["construct:MassProduction","construct:CriticalHit"],"picked":"construct:CripplingShot","floor":8.0},{"not_picked":["construct:Chainstrike","construct:ModeShift","construct:Dampening"],"picked":"SKIP","floor":10.0},{"not_picked":["construct:FierceBash","construct:Backfire"],"picked":"construct:Zapper","floor":13.0},{"not_picked":["construct:Anticipate","construct:Reinforce"],"picked":"construct:ShiftStrike","floor":14.0},{"not_picked":["construct:Analyze","construct:Boost","construct:Overcharge"],"picked":"SKIP","floor":18.0},{"not_picked":["construct:ShiftStrike+1","construct:SyphonStrike+1"],"picked":"construct:FlakBarrage","floor":19.0},{"not_picked":["construct:Failsafe","construct:SyphonStrike","construct:Antimatter+1"],"picked":"SKIP","floor":21.0},{"not_picked":["construct:FocusedBeam","construct:ScrapCannon","construct:Boost"],"picked":"SKIP","floor":24.0},{"not_picked":["construct:FlakBarrage+1","construct:CripplingShot+1"],"picked":"construct:Autoturret","floor":27.0},{"not_picked":["construct:ClusterMines","construct:Autoturret","construct:UnbalancingBlast"],"picked":"SKIP","floor":29.0},{"not_picked":["construct:ShiftStrike","construct:Enhance+1","construct:Analyze"],"picked":"SKIP","floor":35.0},{"not_picked":["construct:ClusterMines+1","construct:Autoturret+1","construct:Tumble+1"],"picked":"SKIP","floor":36.0},{"not_picked":["Flash of Steel","Metamorphosis"],"picked":"Bandage Up","floor":38.0},{"not_picked":["construct:Accumulate+1","construct:HeavyBolt","construct:ReactiveShield+1"],"picked":"SKIP","floor":40}],"player_experience":354709,"relics_obtained":[{"floor":4.0,"key":"Darkstone Periapt"},{"floor":6.0,"key":"infinitespire:Midas Blood"},{"floor":9.0,"key":"hubris:ToyBattleship"},{"floor":14.0,"key":"hubris:TenFootPole"},{"floor":20.0,"key":"Nilry\u0027s Codex"},{"floor":26.0,"key":"hubris:Reverence"}],"event_choices":[{"damage_healed":0.0,"max_hp_gain":0.0,"max_hp_loss":0.0,"gold_gain":75.0,"event_name":"World of Goop","player_choice":"Gather Gold","floor":2.0,"gold_loss":0.0,"damage_taken":11.0},{"damage_healed":0.0,"max_hp_gain":0.0,"max_hp_loss":0.0,"gold_gain":0.0,"event_name":"Scrap Ooze","player_choice":"Success","floor":3.0,"gold_loss":0.0,"damage_taken":3.0,"relics_obtained":["infinitespire:CursedDice"]},{"damage_healed":0.0,"max_hp_gain":0.0,"max_hp_loss":0.0,"gold_gain":0.0,"event_name":"Cursed Tome","player_choice":"Obtained Book","floor":20.0,"gold_loss":0.0,"damage_taken":16.0},{"damage_healed":0.0,"max_hp_gain":0.0,"max_hp_loss":0.0,"gold_gain":0.0,"event_name":"Back to Basics","player_choice":"Simplicity","floor":25.0,"gold_loss":0.0,"damage_taken":0.0,"cards_upgraded":[]},{"damage_healed":0.0,"max_hp_gain":0.0,"max_hp_loss":0.0,"gold_gain":99.0,"event_name":"Nest","player_choice":"Stole From Cult","floor":28.0,"gold_loss":0.0,"damage_taken":0.0},{"damage_healed":0.0,"max_hp_gain":0.0,"max_hp_loss":0.0,"gold_gain":0.0,"event_name":"Upgrade Shrine","player_choice":"Upgraded","floor":30.0,"gold_loss":0.0,"damage_taken":0.0,"cards_upgraded":["construct:AttackMode"]},{"damage_healed":0.0,"max_hp_gain":0.0,"max_hp_loss":0.0,"gold_gain":0.0,"event_name":"SensoryStone","player_choice":"Memory 1","floor":38.0,"gold_loss":0.0,"damage_taken":0.0},{"damage_healed":0.0,"max_hp_gain":0.0,"max_hp_loss":0.0,"gold_gain":0.0,"event_name":"Tomb of Lord Red Mask","player_choice":"Paid","floor":39.0,"gold_loss":25.0,"damage_taken":0.0,"relics_obtained":["Red Mask"]}],"is_beta":false,"boss_relics":[{"not_picked":["Coffee Dripper","Pandora\u0027s Box"],"picked":"White Beast Statue"},{"not_picked":["Tiny House","Empty Cage"],"picked":"Black Star"}],"items_purged_floors":[31],"is_endless":false,"potions_floor_spawned":[5,8,14,18,19,21,24,27,29,33,35,36,40],"killed_by":"Jaw Worm Horde","ascension_level":0}}