{"host":"y193d0agu1dp5x1y","time":1610772645,"event":{"mods":["AchievementEnabler","BaseMod","Googly Eyes","Minty Spire (QoL Compilation)"],"gold_per_floor":[116,136,311,183,197,207,207,241,264,264,281,298,298,332,332,428,428,443,443,461,74,92,105,115,115,115,131,131,201,201,201],"floor_reached":30,"language":"ENG","playtime":1359,"items_purged":["Doubt","Pain"],"score":246,"play_id":"5a9db6a1-4a3f-4bb1-a3cb-26ca48ffb1aa","local_time":"20210115225045","is_ascension_mode":false,"campfire_choices":[{"data":"Melter","floor":7,"key":"SMITH"},{"data":"Hello World","floor":15,"key":"SMITH"}],"circlet_count":0,"master_deck":["Strike_B","Defend_B","Defend_B","Defend_B","Defend_B","Zap+1","Melter+1","Gash","Steam","Beam Cell","Gash","Hello World+1","Hello World","Echo Form","Ball Lightning+1","Electrodynamics+1","Streamline+1","Necronomicurse","Defragment","Steam"],"relics":["Cracked Core","Bronze Scales","Pen Nib","Centennial Puzzle","Astrolabe","Necronomicon","Toy Ornithopter","HornCleat","SsserpentHead"],"acts_visited":["Exordium","TheCity"],"potions_floor_usage":[14,14,16,20,22,22,22,29],"damage_taken":[{"damage":2,"enemies":"Small Slimes","floor":1,"turns":3},{"damage":0,"enemies":"2 Louse","floor":2,"turns":2},{"damage":0,"enemies":"Cultist","floor":5,"turns":3},{"damage":13,"enemies":"3 Louse","floor":6,"turns":4},{"damage":22,"enemies":"3 Sentries","floor":8,"turns":7},{"damage":13,"enemies":"Lots of Slimes","floor":11,"turns":2},{"damage":2,"enemies":"2 Fungi Beasts","floor":12,"turns":3},{"damage":12,"enemies":"Gremlin Nob","floor":14,"turns":3},{"damage":21,"enemies":"The Guardian","floor":16,"turns":8},{"damage":12,"enemies":"Chosen","floor":18,"turns":3},{"damage":14,"enemies":"Shell Parasite","floor":20,"turns":3},{"damage":0,"enemies":"Chosen and Byrds","floor":22,"turns":4},{"damage":12,"enemies":"Snecko","floor":23,"turns":5},{"damage":0,"enemies":"Sentry and Sphere","floor":24,"turns":3},{"damage":28,"enemies":"Snake Plant","floor":27,"turns":2},{"damage":17,"enemies":"Shelled Parasite and Fungi","floor":29,"turns":5},{"damage":10,"enemies":"Chosen and Byrds","floor":30,"turns":1}],"seed_played":"2776814297047340384","potions_obtained":[{"floor":2,"key":"FearPotion"},{"floor":8,"key":"LiquidBronze"},{"floor":11,"key":"DuplicationPotion"},{"floor":16,"key":"ColorlessPotion"},{"floor":20,"key":"SteroidPotion"},{"floor":27,"key":"Regen Potion"}],"is_trial":false,"path_per_floor":["M","M","?","$","M","M","R","E","T","?","M","M","?","E","R","B",null,"M","?","M","$","M","M","M","?","T","M","?","M","M"],"character_chosen":"DEFECT","items_purchased":["Steam","Defragment","Toy Ornithopter","SkillPotion","FocusPotion"],"campfire_rested":0,"item_purchase_floors":[4,21,21,21,21],"current_hp_per_floor":[73,73,73,73,73,60,60,38,38,56,43,41,34,22,22,1,72,60,44,30,30,45,33,33,33,33,5,5,7,0,0],"gold":201,"neow_bonus":"UPGRADE_CARD","is_daily":false,"chose_seed":false,"campfire_upgraded":2,"win_rate":0.0,"timestamp":1610772645,"path_taken":["M","M","?","$","M","M","R","E","T","?","M","M","?","E","R","BOSS","M","?","M","$","M","M","M","?","T","?","?","?","M"],"items_purchased_type":["Card","Card","Relic","Potion","Potion"],"build_version":"2020-12-22","purchased_purges":2,"victory":false,"max_hp_per_floor":[75,75,75,75,75,75,75,75,75,75,75,75,75,75,75,75,72,72,72,72,72,72,72,72,72,72,72,72,72,72,72],"card_choices":[{"not_picked":["Go for the Eyes","Coolheaded"],"picked":"Melter","floor":1},{"not_picked":["Conserve Battery","Undo"],"picked":"Gash","floor":2},{"not_picked":["Cold Snap","Lockon"],"picked":"Beam Cell","floor":5},{"not_picked":["Melter","Coolheaded","Beam Cell"],"picked":"SKIP","floor":6},{"not_picked":["Recycle","Rebound"],"picked":"Gash","floor":8},{"not_picked":["Chaos","Hologram","Rebound"],"picked":"SKIP","floor":11},{"not_picked":["BootSequence","Beam Cell"],"picked":"Hello World","floor":12},{"not_picked":["Genetic Algorithm","Rip and Tear"],"picked":"Hello World","floor":14},{"not_picked":["Hyperbeam","Meteor Strike"],"picked":"Echo Form","floor":16},{"not_picked":["Skim","Capacitor"],"picked":"Streamline+1","floor":18},{"not_picked":["Leap","Ball Lightning","Chill+1"],"picked":"SKIP","floor":20},{"not_picked":["Rebound","Reinforced Body","Cold Snap+1"],"picked":"SKIP","floor":22},{"not_picked":["Streamline","Rip and Tear+1","Auto Shields"],"picked":"SKIP","floor":23},{"not_picked":["Beam Cell","Meteor Strike"],"picked":"Steam","floor":24},{"not_picked":["Compile Driver","Streamline","Barrage"],"picked":"SKIP","floor":27},{"not_picked":["Compile Driver","Force Field","Thunder Strike"],"picked":"SKIP","floor":29}],"player_experience":102058,"relics_obtained":[{"floor":8,"key":"Bronze Scales"},{"floor":9,"key":"Pen Nib"},{"floor":14,"key":"Centennial Puzzle"},{"floor":19,"key":"Necronomicon"},{"floor":26,"key":"HornCleat"}],"event_choices":[{"damage_healed":0,"gold_gain":175,"player_choice":"AGREE","damage_taken":0,"max_hp_gain":0,"max_hp_loss":0,"event_name":"Liars Game","floor":3,"gold_loss":0,"cards_obtained":["Doubt"]},{"damage_healed":18,"gold_gain":0,"player_choice":"Healed and dodged fight","damage_taken":0,"max_hp_gain":0,"max_hp_loss":0,"event_name":"Mushrooms","floor":10,"gold_loss":0,"cards_obtained":["Parasite"]},{"cards_removed":["Strike_B"],"damage_healed":0,"gold_gain":0,"player_choice":"Card Removal","damage_taken":7,"max_hp_gain":0,"max_hp_loss":0,"event_name":"Golden Wing","floor":13,"gold_loss":0},{"damage_healed":0,"gold_gain":0,"player_choice":"Obtained Book","damage_taken":16,"max_hp_gain":0,"max_hp_loss":0,"event_name":"Cursed Tome","floor":19,"gold_loss":0},{"cards_removed":["Dualcast"],"damage_healed":0,"gold_gain":0,"player_choice":"Offered Basic","damage_taken":0,"max_hp_gain":0,"max_hp_loss":0,"event_name":"Bonfire Elementals","floor":25,"gold_loss":0},{"damage_healed":0,"gold_gain":0,"player_choice":"Trade","damage_taken":0,"relics_obtained":["SsserpentHead"],"max_hp_gain":0,"max_hp_loss":0,"event_name":"FaceTrader","floor":28,"gold_loss":0}],"is_beta":false,"boss_relics":[{"not_picked":["Nuclear Battery","SlaversCollar"],"picked":"Astrolabe"}],"items_purged_floors":[4,21],"is_endless":false,"potions_floor_spawned":[2,8,11,16,20,27],"killed_by":"Chosen and Byrds","ascension_level":0}}