{"host":"7rmsgc3rayi00cdt","time":1610825794,"event":{"mods":["BaseMod","Minty Spire (QoL Compilation)"],"gold_per_floor":[110,110,125,136,286,286,286],"floor_reached":6,"language":"ENG","playtime":142,"items_purged":[],"score":67,"play_id":"ae25609e-98ca-4e68-b352-a838d607d68e","local_time":"20210116193634","is_ascension_mode":true,"campfire_choices":[],"circlet_count":0,"master_deck":["AscendersBane","Strike_B","Strike_B","Strike_B","Strike_B","Defend_B","Defend_B","Defend_B","Defend_B","Zap","Dualcast","Writhe","Doom and Gloom","Stack","Static Discharge","Beam Cell","Doubt"],"relics":["Cracked Core","Prayer Wheel","The Courier"],"acts_visited":["Exordium"],"potions_floor_usage":[6],"damage_taken":[{"damage":8,"enemies":"2 Louse","floor":1,"turns":3},{"damage":0,"enemies":"Small Slimes","floor":3,"turns":2},{"damage":14,"enemies":"Jaw Worm","floor":4,"turns":3},{"damage":40,"enemies":"Gremlin Nob","floor":6,"turns":4}],"seed_played":"3758222831315473451","potions_obtained":[{"floor":1,"key":"PotionOfCapacity"},{"floor":3,"key":"BlessingOfTheForge"}],"is_trial":false,"path_per_floor":["M","?","M","M","?","E"],"character_chosen":"DEFECT","items_purchased":[],"campfire_rested":0,"item_purchase_floors":[],"current_hp_per_floor":[56,51,51,37,37,0,0],"gold":286,"neow_bonus":"ONE_RARE_RELIC","is_daily":false,"chose_seed":false,"campfire_upgraded":0,"win_rate":0.0,"timestamp":1610825794,"path_taken":["M","?","M","M","?","E"],"items_purchased_type":[],"build_version":"2020-12-22","purchased_purges":0,"victory":false,"max_hp_per_floor":[71,71,71,71,71,71,71],"card_choices":[{"not_picked":["Cold Snap","Conserve Battery"],"picked":"Doom and Gloom","floor":1},{"not_picked":["Rip and Tear","Sweeping Beam"],"picked":"Stack","floor":1},{"not_picked":["Barrage","BootSequence"],"picked":"Static Discharge","floor":3},{"not_picked":["Coolheaded","Chaos"],"picked":"Beam Cell","floor":3},{"not_picked":["Stack","Chaos","Beam Cell"],"picked":"SKIP","floor":4},{"not_picked":["Melter","Force Field","Beam Cell"],"picked":"SKIP","floor":4}],"player_experience":772021,"relics_obtained":[],"event_choices":[{"damage_healed":0,"gold_gain":0,"player_choice":"Success","damage_taken":5,"relics_obtained":["The Courier"],"max_hp_gain":0,"max_hp_loss":0,"event_name":"Scrap Ooze","floor":2,"gold_loss":0},{"damage_healed":0,"gold_gain":150,"player_choice":"AGREE","damage_taken":0,"max_hp_gain":0,"max_hp_loss":0,"event_name":"Liars Game","floor":5,"gold_loss":0,"cards_obtained":["Doubt"]}],"is_beta":false,"boss_relics":[],"items_purged_floors":[],"is_endless":false,"potions_floor_spawned":[1,3],"killed_by":"Gremlin Nob","ascension_level":17}}