{"host":"xm0tf1maiknh0fp9","time":1610773508,"event":{"mods":["BaseMod","Colored Map","Colored Powertips","Googly Eyes","Minty Spire (QoL Compilation)","Replay The Spire","StSLib"],"gold_per_floor":[16,191,191,191,38,66,66,81,161,86,120,120,140,172,172,269,269,279,378,303,321,221,238,238,264,310,310,29,49,49,63,63,163,163,175,25,45,45,56,56,82,82,150,170,170,170],"floor_reached":45,"language":"ENG","playtime":1631,"items_purged":["Doubt","Strike_G","Strike_G","Survivor"],"score":750,"play_id":"daac097b-48d4-4f6c-bb83-54da0a962882","local_time":"20210116000508","is_ascension_mode":true,"campfire_choices":[{"data":"ReplayTheSpireMod:From All Sides","floor":7,"key":"SMITH"},{"data":"Deflect","floor":12,"key":"SMITH"},{"data":"Fluid Movement","floor":15,"key":"SMITH"},{"data":"Fluid Movement","floor":24,"key":"SMITH"},{"data":"Skewer","floor":30,"key":"SMITH"},{"data":"Glass Knife","floor":32,"key":"PURGE"},{"data":"Venomology","floor":40,"key":"SMITH"},{"data":"Concentrate","floor":42,"key":"SMITH"}],"circlet_count":0,"master_deck":["Defend_G+1","Defend_G+1","Neutralize","ReplayTheSpireMod:From All Sides+1","Adrenaline","Fluid Movement+1","Deflect+1","Fluid Movement+1","Concentrate+1","Venomology+1","Skewer+1","Backflip+1"],"relics":["Ring of the Snake","ReplayTheSpireMod:Ring of Exchange","ReplayTheSpireMod:Ring of Addiction","White Beast Statue","SacredBark","ReplayFunnel","Bronze Scales","Paper Crane","Mercury Hourglass","Pantograph","Empty Cage","Replay:Rubber Ducky","Juzu Bracelet","Sling","Replay:Bottled Flurry","Gremlin Horn"],"acts_visited":["Exordium","TheCity","TheBeyond"],"potions_floor_usage":[6,11,14,16,18,25,25,25,25,29,29,31,33,33,33,35,37,37,37,39,41,44,45,45,45],"damage_taken":[{"damage":4,"enemies":"Jaw Worm","floor":1,"turns":3},{"damage":0,"enemies":"Gremlin Nob","floor":6,"turns":2},{"damage":0,"enemies":"2 Louse","floor":8,"turns":2},{"damage":2,"enemies":"Replay:BlueRogue","floor":11,"turns":4},{"damage":0,"enemies":"Small Slimes","floor":13,"turns":1},{"damage":0,"enemies":"3 Sentries","floor":14,"turns":3},{"damage":1,"enemies":"Slime Boss","floor":16,"turns":8},{"damage":0,"enemies":"Chosen","floor":18,"turns":5},{"damage":0,"enemies":"Spheric Guardian","floor":21,"turns":3},{"damage":0,"enemies":"Snecko","floor":23,"turns":4},{"damage":0,"enemies":"Book of Stabbing","floor":25,"turns":4},{"damage":0,"enemies":"3 Cultists","floor":29,"turns":2},{"damage":0,"enemies":"Shelled Parasite and Fungi","floor":31,"turns":2},{"damage":0,"enemies":"Automaton","floor":33,"turns":9},{"damage":0,"enemies":"3 Darklings","floor":35,"turns":6},{"damage":0,"enemies":"Orb Walker","floor":37,"turns":3},{"damage":8,"enemies":"Spire Growth","floor":39,"turns":4},{"damage":1,"enemies":"Nemesis","floor":41,"turns":5},{"damage":52,"enemies":"4 Shapes","floor":44,"turns":5},{"damage":6,"enemies":"Giant Head","floor":45,"turns":6}],"seed_played":"-8403877442570023365","potions_obtained":[{"floor":1,"key":"SteroidPotion"},{"floor":3,"key":"Doom Potion"},{"floor":3,"key":"Poison Potion"},{"floor":6,"key":"Languid Potion"},{"floor":8,"key":"SkillPotion"},{"floor":11,"key":"Dexterity Potion"},{"floor":13,"key":"DistilledChaos"},{"floor":14,"key":"LiquidBronze"},{"floor":16,"key":"LiquidMemories"},{"floor":18,"key":"Dexterity Potion"},{"floor":21,"key":"Adrenaline Potion"},{"floor":23,"key":"EntropicBrew"},{"floor":25,"key":"Languid Potion"},{"floor":29,"key":"Strength Potion"},{"floor":31,"key":"CunningPotion"},{"floor":33,"key":"Swift Potion"},{"floor":35,"key":"Explosive Potion"},{"floor":37,"key":"Elixir"},{"floor":39,"key":"EssenceOfSteel"}],"is_trial":false,"path_per_floor":["M","?","?","?","$","E","R","M","T","$","E","R","M","E","R","B",null,"M","?","?","M","$","M","R","E","T","?","$","M","R","M","R_BF","B",null,"M","$","M","$","M","R","E","R","T","M","E"],"character_chosen":"THE_SILENT","items_purchased":["ReplayFunnel","Venomology"],"campfire_rested":0,"item_purchase_floors":[5,28],"current_hp_per_floor":[66,66,66,52,52,52,52,52,52,52,50,50,50,50,50,67,68,68,68,68,68,66,66,66,64,64,64,64,62,62,62,62,62,62,62,62,62,62,54,54,53,53,53,1,0,0],"gold":170,"neow_bonus":"TRANSFORM_TWO_CARDS","is_daily":false,"chose_seed":false,"campfire_upgraded":7,"win_rate":0.0,"timestamp":1610773508,"path_taken":["M","?","?","?","$","E","R","M","T","?","E","R","M","E","R","BOSS","M","?","?","M","$","M","R","E","T","?","$","M","R","M","R_BF","BOSS","M","$","M","$","M","R","E","R","T","M","E"],"items_purchased_type":["Relic","Card"],"build_version":"2020-12-22","purchased_purges":4,"victory":false,"max_hp_per_floor":[70,70,70,70,70,70,70,70,70,68,68,68,68,68,68,68,68,68,68,68,68,66,66,66,64,64,64,64,62,62,62,62,62,62,62,62,62,62,62,62,62,62,62,62,62,62],"card_choices":[{"not_picked":["Masterful Stab","Caltrops","Deadly Poison"],"picked":"SKIP","floor":1},{"not_picked":["Blade Dance","Infinite Blades"],"picked":"Adrenaline","floor":6},{"not_picked":["Underhanded Strike","ReplayTheSpireMod:Exploit Weakness"],"picked":"Fluid Movement","floor":8},{"not_picked":["Expertise","Slice"],"picked":"Deflect","floor":11},{"not_picked":["Hidden Blade","Cloak And Dagger","Tactician"],"picked":"SKIP","floor":13},{"not_picked":["Quick Slash","Dodge and Roll"],"picked":"Fluid Movement","floor":14},{"not_picked":["Slice","Endless Agony"],"picked":"Concentrate","floor":18},{"not_picked":["PiercingWail+1","Quick Slash","Sucker Punch+1"],"picked":"SKIP","floor":21},{"not_picked":["Prepared","PiercingWail","Terror"],"picked":"SKIP","floor":23},{"not_picked":["Leg Sweep","Infinite Blades","ReplayTheSpireMod:Tripwire"],"picked":"SKIP","floor":25},{"not_picked":["ReplayTheSpireMod:Scrap Shanks","Crippling Poison"],"picked":"Skewer","floor":29},{"not_picked":["Dagger Spray","Calculated Gamble","Acrobatics"],"picked":"SKIP","floor":31},{"not_picked":["Dagger Throw","Sucker Punch","Acrobatics+1"],"picked":"SKIP","floor":35},{"not_picked":["Underhanded Strike","Bane","Deadly Poison"],"picked":"SKIP","floor":37},{"not_picked":["Cloak And Dagger+1","Slice","Caltrops+1"],"picked":"SKIP","floor":39},{"not_picked":["Storm of Steel","Concentrate+1","Deflect"],"picked":"SKIP","floor":41},{"not_picked":["Predator+1","Leg Sweep+1"],"picked":"Backflip+1","floor":44}],"player_experience":126945,"relics_obtained":[{"floor":3,"key":"ReplayTheSpireMod:Ring of Exchange"},{"floor":3,"key":"ReplayTheSpireMod:Ring of Addiction"},{"floor":3,"key":"White Beast Statue"},{"floor":3,"key":"SacredBark"},{"floor":6,"key":"Bronze Scales"},{"floor":9,"key":"Paper Crane"},{"floor":11,"key":"Mercury Hourglass"},{"floor":14,"key":"Pantograph"},{"floor":25,"key":"Replay:Rubber Ducky"},{"floor":26,"key":"Juzu Bracelet"},{"floor":41,"key":"Replay:Bottled Flurry"},{"floor":43,"key":"Gremlin Horn"}],"event_choices":[{"damage_healed":0,"gold_gain":175,"player_choice":"AGREE","damage_taken":0,"max_hp_gain":0,"max_hp_loss":0,"event_name":"Liars Game","floor":2,"gold_loss":0,"cards_obtained":["Doubt"]},{"damage_healed":0,"gold_gain":0,"player_choice":"Entered Light","damage_taken":14,"max_hp_gain":0,"max_hp_loss":0,"event_name":"Shining Light","floor":4,"gold_loss":0,"cards_upgraded":["Defend_G","Defend_G"]},{"damage_healed":0,"gold_gain":99,"player_choice":"Stole From Cult","damage_taken":0,"max_hp_gain":0,"max_hp_loss":0,"event_name":"Nest","floor":19,"gold_loss":0},{"cards_removed":["Defend_G"],"damage_healed":0,"gold_gain":0,"player_choice":"Gave Gold","damage_taken":0,"max_hp_gain":0,"max_hp_loss":0,"event_name":"Beggar","floor":20,"gold_loss":75},{"cards_removed":["Defend_G"],"damage_healed":0,"gold_gain":0,"player_choice":"Elegance","damage_taken":0,"max_hp_gain":0,"max_hp_loss":0,"event_name":"Back to Basics","floor":27,"gold_loss":0}],"is_beta":false,"boss_relics":[{"not_picked":["Coffee Dripper","Ectoplasm"],"picked":"Empty Cage"},{"not_picked":["WristBlade","Replay:Bronze Core"],"picked":"Sling"}],"items_purged_floors":[10,22,28,36],"is_endless":false,"potions_floor_spawned":[1,6,8,11,13,14,16,18,21,23,25,29,31,33,35,37,39,41,44],"killed_by":"Giant Head","ascension_level":4}}