{"host":"a7ive3y9k7sy3f3w","time":1610817146,"event":{"mods":["2.2 Compatiblity","AchievementEnabler","BaseMod","Colored Map","DeckTracker","Highlight Path","Minty Spire (QoL Compilation)","Random Character Button","Rare Cards Sparkle"],"gold_per_floor":[109,109,119,294,294,294,317,336,363,379,379,4,4,4,4,123,123,116,132,132,150,164,164,180,180,206,220,246,264,264,264,264,387,387,405,468,62,62,83,83,83,83,132,152,212,9,25,25,25,25,25],"floor_reached":50,"language":"POL","playtime":2716,"items_purged":["Doubt"],"score":507,"play_id":"56929ea5-0fbb-42c2-915a-8ccd6b9482cd","local_time":"20210116181226","is_ascension_mode":false,"campfire_choices":[{"floor":6.0,"key":"REST"},{"data":"Cleave","floor":11.0,"key":"SMITH"},{"floor":15.0,"key":"REST"},{"data":"Whirlwind","floor":23,"key":"SMITH"},{"data":"Metallicize","floor":25,"key":"SMITH"},{"data":"Spot Weakness","floor":30,"key":"SMITH"},{"floor":32,"key":"REST"},{"data":"Flex","floor":40,"key":"SMITH"},{"data":"Madness","floor":42,"key":"SMITH"},{"floor":49,"key":"REST"}],"circlet_count":0,"master_deck":["Strike_R+1","Strike_R+1","Strike_R+1","Strike_R+1","Strike_R+1","Defend_R+1","Defend_R+1","Defend_R+1","Bash+1","Uppercut+1","Metallicize+1","Power Through","Spot Weakness+1","Cleave+1","Flex+1","Anger","Whirlwind+1","Seeing Red+1","Inflame","Clothesline","Sentinel+1","Impervious+1","Flex+1","Cleave+1","Dual Wield+1","Madness","Madness+1","Body Slam","Twin Strike","Heavy Blade","Flame Barrier+1"],"relics":["Burning Blood","Golden Idol","Pen Nib","Oddly Smooth Stone","ClockworkSouvenir","Philosopher\u0027s Stone","Happy Flower","Whetstone","Mark of Pain","CaptainsWheel","Pantograph","Strawberry","Bag of Preparation","Magic Flower","War Paint"],"acts_visited":["Exordium","TheCity","TheBeyond"],"potions_floor_usage":[24,29,33,50],"damage_taken":[{"damage":6.0,"enemies":"2 Louse","floor":1.0,"turns":4.0},{"damage":0.0,"enemies":"Cultist","floor":3.0,"turns":3.0},{"damage":0.0,"enemies":"Jaw Worm","floor":7.0,"turns":4.0},{"damage":18.0,"enemies":"Large Slime","floor":8.0,"turns":14.0},{"damage":9.0,"enemies":"Looter","floor":10.0,"turns":4.0},{"damage":9.0,"enemies":"Hexaghost","floor":16.0,"turns":8.0},{"damage":10,"enemies":"2 Thieves","floor":18,"turns":4},{"damage":2,"enemies":"Spheric Guardian","floor":19,"turns":3},{"damage":7,"enemies":"Snecko","floor":21,"turns":5},{"damage":14,"enemies":"3 Cultists","floor":22,"turns":5},{"damage":12,"enemies":"Snake Plant","floor":24,"turns":4},{"damage":1,"enemies":"Sentry and Sphere","floor":27,"turns":4},{"damage":14,"enemies":"3 Cultists","floor":29,"turns":3},{"damage":44,"enemies":"Champ","floor":33,"turns":8},{"damage":4,"enemies":"Orb Walker","floor":35,"turns":4},{"damage":24,"enemies":"Mind Bloom Boss Battle","floor":36,"turns":6},{"damage":6,"enemies":"3 Shapes","floor":39,"turns":3},{"damage":0,"enemies":"Transient","floor":44,"turns":5},{"damage":29,"enemies":"2 Orb Walkers","floor":45,"turns":3},{"damage":14,"enemies":"Spire Growth","floor":47,"turns":5},{"damage":103,"enemies":"Awakened One","floor":50,"turns":8}],"seed_played":"-8581605800699040406","potions_obtained":[{"floor":1.0,"key":"Ancient Potion"},{"floor":3.0,"key":"DistilledChaos"},{"floor":7.0,"key":"DistilledChaos"},{"floor":10.0,"key":"ElixirPotion"},{"floor":18,"key":"CultistPotion"},{"floor":22,"key":"EssenceOfSteel"},{"floor":24,"key":"GamblersBrew"},{"floor":35,"key":"SpeedPotion"},{"floor":44,"key":"SkillPotion"}],"is_trial":false,"path_per_floor":["M","?","M","?","?","R","M","M","T","M","R","$","?","$","R","B",null,"M","M","?","M","M","R","M","R","T","M","T","M","R","?","R","B",null,"M","?","$","?","M","R","?","R","T","M","?","$","M","?","R","B"],"character_chosen":"IRONCLAD","items_purchased":["Oddly Smooth Stone","ClockworkSouvenir","Pantograph","Strawberry","War Paint","Heavy Blade"],"campfire_rested":4,"item_purchase_floors":[12,12,37,37,46,46],"current_hp_per_floor":[88,88,88,88,66,88,88,76,76,73,73,73,78,78,93,90,93,89,93,87,86,78,78,72,72,72,77,77,69,69,69,93,55,93,93,75,82,82,82,82,69,69,69,75,52,52,47,47,77,0,0],"gold":25,"neow_bonus":"TEN_PERCENT_HP_BONUS","is_daily":false,"chose_seed":false,"campfire_upgraded":6,"win_rate":0.0,"timestamp":1610817146,"path_taken":["M","?","?","?","?","R","M","M","T","M","R","$","?","?","R","BOSS","M","M","?","M","M","R","M","R","T","?","?","M","R","?","R","BOSS","M","?","$","?","M","R","?","R","T","?","?","$","M","?","R","BOSS"],"items_purchased_type":["Relic","Relic","Relic","Relic","Relic","Card"],"build_version":"2020-12-22","purchased_purges":1,"victory":false,"max_hp_per_floor":[88,88,88,88,88,88,88,88,88,88,88,88,93,93,93,93,93,93,93,93,93,93,93,93,93,93,93,93,93,93,93,93,93,93,93,93,100,100,100,100,100,100,100,100,100,100,100,100,100,100,100],"card_choices":[{"not_picked":["Power Through","Dual Wield"],"picked":"Uppercut","floor":1.0},{"not_picked":["Sword Boomerang","Pommel Strike"],"picked":"Metallicize","floor":3.0},{"not_picked":["Infernal Blade","Body Slam"],"picked":"Power Through","floor":7.0},{"not_picked":["Body Slam","True Grit"],"picked":"Spot Weakness","floor":8.0},{"not_picked":["Armaments","Havoc"],"picked":"Cleave","floor":10.0},{"not_picked":["Combust+1","Fire Breathing"],"picked":"Flex+1","floor":18},{"not_picked":["Searing Blow","Disarm"],"picked":"Anger","floor":19},{"not_picked":["Second Wind+1","Hemokinesis"],"picked":"Whirlwind","floor":21},{"not_picked":["Cleave","Clash"],"picked":"Seeing Red+1","floor":22},{"not_picked":["True Grit","Clothesline"],"picked":"Inflame","floor":24},{"not_picked":["Fiend Fire","Combust+1"],"picked":"Clothesline","floor":27},{"not_picked":["Shockwave","Anger"],"picked":"Sentinel+1","floor":29},{"not_picked":["Corruption","Double Tap"],"picked":"Impervious","floor":33},{"not_picked":["Wild Strike","Twin Strike"],"picked":"Flex","floor":35},{"not_picked":["Perfected Strike","Clash+1"],"picked":"Cleave+1","floor":36},{"not_picked":["Seeing Red","Twin Strike"],"picked":"Dual Wield","floor":39},{"not_picked":["Infernal Blade+1","Sever Soul+1"],"picked":"Body Slam","floor":44},{"not_picked":["Corruption","Rupture"],"picked":"Twin Strike","floor":45},{"not_picked":["Clash","Twin Strike+1"],"picked":"Flame Barrier+1","floor":47}],"player_experience":42998,"relics_obtained":[{"floor":9.0,"key":"Pen Nib"},{"floor":26,"key":"Happy Flower"},{"floor":28,"key":"Whetstone"},{"floor":36,"key":"CaptainsWheel"},{"floor":43,"key":"Bag of Preparation"},{"floor":45,"key":"Magic Flower"}],"event_choices":[{"damage_healed":0.0,"max_hp_gain":0.0,"max_hp_loss":0.0,"gold_gain":0.0,"event_name":"Upgrade Shrine","player_choice":"Upgraded","floor":2.0,"gold_loss":0.0,"damage_taken":0.0,"cards_upgraded":["Uppercut"]},{"damage_healed":0.0,"max_hp_gain":0.0,"max_hp_loss":0.0,"gold_gain":175.0,"event_name":"Liars Game","player_choice":"AGREE","floor":4.0,"gold_loss":0.0,"damage_taken":0.0,"cards_obtained":["Doubt"]},{"damage_healed":0.0,"max_hp_gain":0.0,"max_hp_loss":0.0,"gold_gain":0.0,"event_name":"Golden Idol","player_choice":"Take Damage","floor":5.0,"gold_loss":0.0,"damage_taken":22.0,"relics_obtained":["Golden Idol"]},{"damage_healed":0.0,"max_hp_gain":5.0,"max_hp_loss":0.0,"gold_gain":0.0,"event_name":"Big Fish","player_choice":"Donut","floor":13.0,"gold_loss":0.0,"damage_taken":0.0},{"damage_healed":0,"gold_gain":0,"player_choice":"","damage_taken":6,"max_hp_gain":0,"max_hp_loss":0,"event_name":"Knowing Skull","floor":20,"potions_obtained":[],"gold_loss":0,"cards_obtained":[]},{"damage_healed":0,"gold_gain":0,"player_choice":"Simplicity","damage_taken":0,"max_hp_gain":0,"max_hp_loss":0,"event_name":"Back to Basics","floor":31,"gold_loss":0,"cards_upgraded":["Strike_R","Strike_R","Strike_R","Strike_R","Defend_R","Defend_R","Defend_R","Defend_R"]},{"damage_healed":0,"gold_gain":0,"player_choice":"Fight","damage_taken":0,"max_hp_gain":0,"max_hp_loss":0,"event_name":"MindBloom","floor":36,"gold_loss":0},{"cards_removed":["Defend_R"],"damage_healed":0,"gold_gain":0,"player_choice":"Removed Skill","damage_taken":0,"max_hp_gain":0,"max_hp_loss":0,"event_name":"Falling","floor":38,"gold_loss":0},{"damage_healed":0,"gold_gain":0,"player_choice":"Embrace Madness","damage_taken":13,"max_hp_gain":0,"max_hp_loss":0,"event_name":"Winding Halls","floor":41,"gold_loss":0,"cards_obtained":["Madness","Madness"]},{"damage_healed":0,"gold_gain":0,"player_choice":"Fight","damage_taken":0,"max_hp_gain":0,"max_hp_loss":0,"event_name":"Mysterious Sphere","floor":45,"gold_loss":0},{"damage_healed":0,"gold_gain":0,"player_choice":"Ignored","damage_taken":0,"max_hp_gain":0,"max_hp_loss":0,"event_name":"SecretPortal","floor":48,"gold_loss":0}],"is_beta":false,"boss_relics":[{"not_picked":["Sozu","Empty Cage"],"picked":"Philosopher\u0027s Stone"},{"not_picked":["Cursed Key","Runic Cube"],"picked":"Mark of Pain"}],"items_purged_floors":[12],"is_endless":false,"potions_floor_spawned":[1,3,7,10,18,22,24,35,44],"killed_by":"Awakened One","ascension_level":0}}