{"host":"bw00wb7p5bw58om7","time":1610801231,"event":{"mods":["Act Like it!","BaseMod","Downfall","Gensokyo","Koishi","KomeijiMod","Luminous","Marisa????????","Minty Spire (QoL Compilation)","Onozuka Komachi Mod","Permanent Neow","Prisma Mod","Reimu??????","Remilia??????","StSLib","The Animator","The Druid","The Exalted","The Jungle","The Mystic","The Problem Sleuth","The Senshi","The Servant 0.9.4","The Wild Card","Wandering Minibosses"],"gold_per_floor":[216,216,235,235,142,142,174,174,255,267,131,131,131,143,143,246,246,266,281,281,281,281],"floor_reached":21,"language":"ENG","playtime":2640,"items_purged":[],"score":185,"play_id":"fbb490c5-52e4-4a1a-9e01-75bd227d6a02","local_time":"20210116124711","is_ascension_mode":true,"campfire_choices":[{"floor":6,"key":"REST"},{"floor":8,"key":"REST"},{"data":"MillisecondPulsars","floor":12,"key":"SMITH"},{"floor":15,"key":"REST"}],"circlet_count":0,"master_deck":["Strike_MRS","Strike_MRS","Strike_MRS","Strike_MRS","Defend_MRS","Defend_MRS","Defend_MRS","Defend_MRS","MasterSpark","UpSweep","6A","Gensokyo:CrescentMoonSlash","6A","MillisecondPulsars+1","DC","AlicesGift","6A","Orbital","OortCloud","Gensokyo:CrescentMoonSlash","DoubleSpark","UltimateShortwave","Singularity","ManaConvection"],"relics":["MiniHakkero","Gensokyo:MarisaPhilosophersStone","Orichalcum","Singing Bowl","DollysMirror","RampagingMagicTools","Gensokyo:UndefinedDarkness"],"acts_visited":["Gensokyo:Gensokyo","Gensokyo:Gensokyoer"],"potions_floor_usage":[7,7],"damage_taken":[{"damage":3,"enemies":"Gensokyo:Gryphon","floor":1,"turns":4},{"damage":0,"enemies":"Gensokyo:3_Fairies","floor":3,"turns":3},{"damage":57,"enemies":"Gensokyo:3_Fairies","floor":4,"turns":5},{"damage":37,"enemies":"Gensokyo:Cirno","floor":7,"turns":6},{"damage":0,"enemies":"Gensokyo:Python","floor":10,"turns":2},{"damage":0,"enemies":"Gensokyo:3_Kodama","floor":14,"turns":1},{"damage":13,"enemies":"Gensokyo:Reimu","floor":16,"turns":5},{"damage":0,"enemies":"Gensokyo:2_Gloops","floor":18,"turns":5},{"damage":23,"enemies":"Gensokyo:CosmicMonolith","floor":19,"turns":4},{"damage":87,"enemies":"Gensokyo:3_Gloops","floor":21,"turns":5}],"seed_played":"6406328770963531106","potions_obtained":[{"floor":1,"key":"EssenceOfSteel"},{"floor":3,"key":"Regen Potion"},{"floor":14,"key":"FairyPotion"},{"floor":16,"key":"ShroomBrew"},{"floor":19,"key":"Weak Potion"}],"is_trial":false,"path_per_floor":["M","?","M","?","$","R","E","R","T","M","COS","R","?","M","R","B",null,"M","M","?","M"],"character_chosen":"MARISA","items_purchased":["AlicesGift","6A"],"campfire_rested":3,"item_purchase_floors":[5,5],"current_hp_per_floor":[72,61,61,4,4,26,5,27,27,27,27,27,27,27,49,36,75,75,52,52,0,0],"gold":281,"neow_bonus":"HUNDRED_GOLD","is_daily":false,"chose_seed":false,"campfire_upgraded":1,"win_rate":0.0,"timestamp":1610801231,"path_taken":["M","?","?","?","$","R","E","R","T","?","COS","R","?","M","R","BOSS","M","M","?","?"],"items_purchased_type":["Card","Card"],"build_version":"2020-12-22","purchased_purges":0,"victory":false,"max_hp_per_floor":[75,75,75,75,75,75,75,75,75,75,75,75,75,75,75,75,75,75,75,75,75,75],"card_choices":[{"not_picked":["MagicChant","DarkSpark"],"picked":"6A","floor":1},{"not_picked":["ShootingEcho","UnstableBomb"],"picked":"6A","floor":3},{"not_picked":["StarBarrage","MachineGunSpark"],"picked":"DC","floor":4},{"not_picked":["AsteroidBelt","LuminesStrike"],"picked":"Orbital","floor":7},{"not_picked":["EventHorizon","GravityBeat"],"picked":"OortCloud","floor":10},{"not_picked":["MachineGunSpark","SuperNova"],"picked":"DoubleSpark","floor":14},{"not_picked":["ManaRampage","MaximisePower"],"picked":"UltimateShortwave","floor":16},{"not_picked":["6A","DarkSpark"],"picked":"Singularity","floor":18},{"not_picked":["ChargeUpSpray","6A"],"picked":"ManaConvection","floor":19}],"player_experience":262721,"relics_obtained":[{"floor":4,"key":"Gensokyo:MarisaPhilosophersStone"},{"floor":7,"key":"Orichalcum"},{"floor":9,"key":"Singing Bowl"}],"event_choices":[],"is_beta":false,"boss_relics":[{"not_picked":["Sozu","Philosopher\u0027s Stone"],"picked":"RampagingMagicTools"}],"items_purged_floors":[],"is_endless":false,"potions_floor_spawned":[1,3,14,16,19],"killed_by":"Gensokyo:3_Gloops","ascension_level":1}}