{"host":"vumwfieg2b2mnrfl","time":1610770292,"event":{"mods":["AchievementEnabler","BaseMod","Minty Spire (QoL Compilation)","Rare Cards Sparkle","Relic Stats"],"gold_per_floor":[118,137,102,117,192,220,220,220,220],"floor_reached":8,"language":"ENG","playtime":340,"items_purged":[],"score":101,"play_id":"48e29462-a1eb-4b40-b29a-68394e5dd84e","local_time":"20210115221132","is_ascension_mode":true,"campfire_choices":[],"circlet_count":0,"master_deck":["AscendersBane","Strike_R","Strike_R","Strike_R","Strike_R","Strike_R","Defend_R","Defend_R","Defend_R","Defend_R","Bash","Reaper","Armaments","Clothesline","Impervious"],"relics":["Burning Blood","Self Forming Clay"],"acts_visited":["Exordium"],"potions_floor_usage":[6],"damage_taken":[{"damage":12,"enemies":"Jaw Worm","floor":1,"turns":5},{"damage":3,"enemies":"2 Louse","floor":2,"turns":4},{"damage":0,"enemies":"Cultist","floor":4,"turns":3},{"damage":40,"enemies":"Gremlin Nob","floor":6,"turns":5},{"damage":55,"enemies":"3 Sentries","floor":8,"turns":16}],"seed_played":"2668250922287581565","potions_obtained":[{"floor":1,"key":"SteroidPotion"}],"is_trial":false,"path_per_floor":["M","M","?","M","?","E","?","E"],"character_chosen":"IRONCLAD","items_purchased":[],"campfire_rested":0,"item_purchase_floors":[],"current_hp_per_floor":[44,53,71,75,64,36,36,0,0],"gold":220,"neow_bonus":"THREE_RARE_CARDS","is_daily":false,"chose_seed":false,"campfire_upgraded":0,"win_rate":0.0,"timestamp":1610770292,"path_taken":["M","M","?","M","?","E","?","E"],"items_purchased_type":[],"build_version":"2020-12-22","purchased_purges":0,"victory":false,"max_hp_per_floor":[75,75,75,75,75,75,75,75,75],"relic_stats":{"counters":[5,33],"Self Forming Clay":[24],"obtain_stats":[{"Self Forming Clay":6,"Burning Blood":0},{"Self Forming Clay":4,"Burning Blood":0},{"Self Forming Clay":17,"Burning Blood":0}],"Burning Blood":22},"card_choices":[{"not_picked":["Berserk","Impervious"],"picked":"Reaper","floor":0},{"not_picked":["Dual Wield","Evolve"],"picked":"Armaments","floor":1},{"not_picked":["Headbutt","Shockwave"],"picked":"Clothesline","floor":2},{"not_picked":["Iron Wave","Sword Boomerang","Pommel Strike"],"picked":"SKIP","floor":4},{"not_picked":["Carnage","Sentinel","Sword Boomerang"],"picked":"SKIP","floor":6}],"player_experience":432263,"relics_obtained":[{"floor":6,"key":"Self Forming Clay"}],"event_choices":[{"damage_healed":18,"gold_gain":0,"player_choice":"Healed","damage_taken":0,"max_hp_gain":0,"max_hp_loss":0,"event_name":"The Cleric","floor":3,"gold_loss":35},{"damage_healed":0,"gold_gain":75,"player_choice":"Gather Gold","damage_taken":11,"max_hp_gain":0,"max_hp_loss":0,"event_name":"World of Goop","floor":5,"gold_loss":0},{"damage_healed":0,"gold_gain":0,"player_choice":"1 cards matched","damage_taken":0,"max_hp_gain":0,"max_hp_loss":0,"event_name":"Match and Keep!","floor":7,"gold_loss":0,"cards_obtained":["Impervious"]}],"is_beta":false,"boss_relics":[],"items_purged_floors":[],"is_endless":false,"potions_floor_spawned":[1],"killed_by":"3 Sentries","ascension_level":16}}