{"host":"ibonnlq6s1c814xj","time":1610794787,"event":{"mods":["BaseMod","BetterRewards","Minty Spire (QoL Compilation)","Quick Restart","Shop Mod","¡¾ÒÅÎï¿¨ÅÆ¡¿REMEMod"],"gold_per_floor":[117,292,242,242,257,283,283,283,283,297,297,316,102,119,119,218,218,230,230,22,22,35,60,75,75,75,16,27,27,24,43,43,140,140,158,173,131,131,131,157,207,207,286,286,286,301,329,343,343,343],"floor_reached":51,"language":"ZHS","playtime":2773,"items_purged":["Strike_G","Strike_G","Strike_G","Strike_G","Decay","Shame"],"score":993,"play_id":"6f3fbc39-9848-4a09-9345-3ed7ea82c4df","local_time":"20210116185947","is_ascension_mode":true,"campfire_choices":[{"data":"Concentrate","floor":7,"key":"SMITH"},{"data":"REME_SpectralBlade","floor":11,"key":"SMITH"},{"data":"Calculated Gamble","floor":15,"key":"SMITH"},{"data":"REME_GreenPollution","floor":29,"key":"SMITH"},{"data":"Tactician","floor":32,"key":"SMITH"},{"data":"Survivor","floor":42,"key":"SMITH"},{"data":"Dagger Throw","floor":45,"key":"SMITH"},{"data":"Dagger Throw","floor":49,"key":"SMITH"}],"circlet_count":0,"master_deck":["Survivor+1","Neutralize","REME_SpectralBlade+1","Concentrate+1","Dodge and Roll+1","Dagger Throw+1","Tactician+1","Dagger Throw+1","Calculated Gamble+1","CurseOfTheBell","Deflect+1","Bandage Up+1","Underhanded Strike","Acrobatics+1","REME_GreenPollution+1","Reflex+1","Dodge and Roll+1","Concentrate+1","Well Laid Plans","Venomology+1","Prepared+1","Madness+1","Madness+1","REME_GreenPollution+1","Reflex+1"],"relics":["Ring of the Snake","REME_ComplimentaryCards","Membership Card","Letter Opener","Tingsha","Enchiridion","Pocketwatch","Ornamental Fan","Bag of Preparation","MerchantsRug","Anchor","Toxic Egg 2","Unceasing Top","Lantern","Snake Skull","Pandora\u0027s Box","Blood Vial","Lizard Tail","REME_LimitBreaker","InkBottle"],"acts_visited":["Exordium","TheCity","TheBeyond"],"potions_floor_usage":[14,16,46,50,50],"damage_taken":[{"damage":0,"enemies":"Small Slimes","floor":1,"turns":3},{"damage":0,"enemies":"Jaw Worm","floor":5,"turns":3},{"damage":10,"enemies":"3 Sentries","floor":6,"turns":8},{"damage":0,"enemies":"2 Louse","floor":10,"turns":1},{"damage":2,"enemies":"Exordium Wildlife","floor":12,"turns":3},{"damage":0,"enemies":"2 Fungi Beasts","floor":14,"turns":1},{"damage":15,"enemies":"The Guardian","floor":16,"turns":5},{"damage":0,"enemies":"Shell Parasite","floor":18,"turns":2},{"damage":0,"enemies":"2 Thieves","floor":22,"turns":3},{"damage":3,"enemies":"Gremlin Leader","floor":23,"turns":4},{"damage":0,"enemies":"Shelled Parasite and Fungi","floor":24,"turns":3},{"damage":0,"enemies":"Centurion and Healer","floor":28,"turns":2},{"damage":0,"enemies":"Snake Plant","floor":31,"turns":2},{"damage":0,"enemies":"Collector","floor":33,"turns":2},{"damage":0,"enemies":"3 Shapes","floor":35,"turns":1},{"damage":0,"enemies":"3 Darklings","floor":36,"turns":2},{"damage":0,"enemies":"Giant Head","floor":40,"turns":4},{"damage":39,"enemies":"Mind Bloom Boss Battle","floor":41,"turns":3},{"damage":0,"enemies":"Transient","floor":46,"turns":5},{"damage":0,"enemies":"Reptomancer","floor":47,"turns":2},{"damage":0,"enemies":"4 Shapes","floor":48,"turns":1},{"damage":11,"enemies":"Time Eater","floor":50,"turns":3}],"seed_played":"-9210205437587997720","potions_obtained":[{"floor":1,"key":"FearPotion"},{"floor":14,"key":"REME_GoldPotion"},{"floor":16,"key":"SteroidPotion"},{"floor":24,"key":"CunningPotion"},{"floor":28,"key":"Swift Potion"},{"floor":40,"key":"SneckoOil"},{"floor":46,"key":"Block Potion"}],"is_trial":false,"path_per_floor":["M","?","?","?","M","E","R","?","T","M","R","M","$","M","R","B",null,"M","?","$","?","M","E","M","?","T","$","M","R","$","M","R","B",null,"M","M","$","?","?","E","?","R","T","?","R","M","E","M","R","B",null],"character_chosen":"THE_SILENT","items_purchased":["Membership Card","Letter Opener","Concentrate","Lee\u0027s Waffle","Bag of Preparation","MerchantsRug","War Paint","Deflect+1","Footwork","Bandage Up+1","Underhanded Strike","REME_GreenPollution","Lantern","Snake Skull","Reflex+1"],"campfire_rested":0,"item_purchase_floors":[0,0,0,0,13,13,20,20,20,20,20,27,30,30,30],"current_hp_per_floor":[77,77,77,84,84,74,74,74,74,74,74,72,72,72,72,57,91,91,91,91,91,91,91,91,91,91,91,91,91,91,91,91,91,91,91,91,91,91,80,86,52,52,52,52,52,60,68,76,76,73],"gold":343,"neow_bonus":"","is_daily":false,"chose_seed":false,"campfire_upgraded":8,"win_rate":0.0,"timestamp":1610794787,"path_taken":["M","?","?","?","M","E","R","?","T","M","R","M","$","M","R","BOSS","M","?","?","?","M","E","?","?","T","?","M","R","$","M","R","BOSS","M","M","$","?","?","E","?","R","T","?","R","M","E","M","R","BOSS"],"items_purchased_type":["Relic","Relic","Card","Relic","Relic","Relic","Relic","Card","Card","Card","Card","Card","Relic","Relic","Card"],"build_version":"2020-12-22","purchased_purges":6,"victory":true,"max_hp_per_floor":[77,77,77,91,91,91,91,91,91,91,91,91,91,91,91,91,91,91,91,91,91,91,91,91,91,91,91,91,91,91,91,91,91,91,91,91,91,91,91,91,91,91,91,91,91,91,91,91,91,91],"card_choices":[{"not_picked":["Infinite Blades","Eviscerate"],"picked":"Dagger Throw","floor":1},{"not_picked":["Flying Knee","Predator"],"picked":"Tactician","floor":5},{"not_picked":["Backstab","Flying Knee"],"picked":"Dagger Throw","floor":6},{"not_picked":["Backflip","Sucker Punch"],"picked":"Acrobatics","floor":10},{"not_picked":["Outmaneuver","Eviscerate","Quick Slash"],"picked":"SKIP","floor":12},{"not_picked":["Deadly Poison","Eviscerate","Backflip"],"picked":"SKIP","floor":14},{"not_picked":["Backflip+1","Finisher","Dagger Throw"],"picked":"SKIP","floor":18},{"not_picked":["Cloak And Dagger+1","Outmaneuver+1"],"picked":"Acrobatics+1","floor":22},{"not_picked":["Acrobatics+1","Dodge and Roll+1","Caltrops+1"],"picked":"SKIP","floor":23},{"not_picked":["Poisoned Stab+1","Deflect+1","Blade Dance+1"],"picked":"SKIP","floor":24},{"not_picked":["Choke","Flying Knee","Finisher+1"],"picked":"SKIP","floor":28},{"not_picked":["Quick Slash","Accuracy","Eviscerate"],"picked":"SKIP","floor":31},{"not_picked":["PiercingWail+1","Outmaneuver+1","All Out Attack"],"picked":"SKIP","floor":35},{"not_picked":["Outmaneuver+1","Deflect+1"],"picked":"Prepared+1","floor":36},{"not_picked":["Underhanded Strike","Deflect+1","Bullet Time+1"],"picked":"SKIP","floor":40},{"not_picked":["Outmaneuver+1","Footwork"],"picked":"REME_GreenPollution+1","floor":46},{"not_picked":["Leg Sweep+1","Poisoned Stab"],"picked":"Reflex+1","floor":47},{"not_picked":["Noxious Fumes","Blade Dance+1","Deflect+1"],"picked":"SKIP","floor":48}],"player_experience":261756,"relics_obtained":[{"floor":6,"key":"Ornamental Fan"},{"floor":9,"key":"Shuriken"},{"floor":17,"key":"Anchor"},{"floor":17,"key":"Toxic Egg 2"},{"floor":17,"key":"Unceasing Top"},{"floor":23,"key":"Paper Crane"},{"floor":26,"key":"Kunai"},{"floor":40,"key":"Blood Vial"},{"floor":41,"key":"Lizard Tail"},{"floor":43,"key":"REME_LimitBreaker"},{"floor":47,"key":"InkBottle"}],"event_choices":[{"damage_healed":0,"gold_gain":175,"player_choice":"AGREE","damage_taken":0,"max_hp_gain":0,"max_hp_loss":0,"event_name":"Liars Game","floor":2,"gold_loss":0,"cards_obtained":["Doubt"]},{"cards_removed":["Doubt"],"damage_healed":0,"gold_gain":0,"player_choice":"Card Removal","damage_taken":0,"max_hp_gain":0,"max_hp_loss":0,"event_name":"The Cleric","floor":3,"gold_loss":50},{"damage_healed":0,"gold_gain":0,"player_choice":"Success","damage_taken":7,"relics_obtained":["Mango"],"max_hp_gain":0,"max_hp_loss":0,"event_name":"Scrap Ooze","floor":4,"gold_loss":0},{"damage_healed":0,"gold_gain":0,"cards_transformed":["Strike_G"],"player_choice":"Change","damage_taken":0,"max_hp_gain":0,"max_hp_loss":0,"event_name":"Living Wall","floor":8,"gold_loss":0,"cards_obtained":["Calculated Gamble"]},{"damage_healed":0,"gold_gain":0,"player_choice":"Ignored","damage_taken":0,"max_hp_gain":0,"max_hp_loss":0,"event_name":"Ghosts","floor":19,"gold_loss":0},{"damage_healed":0,"gold_gain":0,"player_choice":"Stole Relic","damage_taken":0,"relics_obtained":["Dream Catcher"],"max_hp_gain":0,"max_hp_loss":0,"event_name":"Addict","floor":21,"gold_loss":0,"cards_obtained":["Shame"]},{"damage_healed":0,"gold_gain":0,"player_choice":"Cursed","damage_taken":0,"max_hp_gain":0,"max_hp_loss":0,"event_name":"Wheel of Change","floor":25,"gold_loss":0,"cards_obtained":["Decay"]},{"cards_removed":["Acrobatics"],"damage_healed":0,"gold_gain":0,"player_choice":"Removed Skill","damage_taken":0,"max_hp_gain":0,"max_hp_loss":0,"event_name":"Falling","floor":38,"gold_loss":0},{"damage_healed":0,"gold_gain":0,"player_choice":"Embrace Madness","damage_taken":11,"max_hp_gain":0,"max_hp_loss":0,"event_name":"Winding Halls","floor":39,"gold_loss":0,"cards_obtained":["Madness","Madness"]},{"damage_healed":0,"gold_gain":0,"player_choice":"Fight","damage_taken":0,"max_hp_gain":0,"max_hp_loss":0,"event_name":"MindBloom","floor":41,"gold_loss":0},{"cards_removed":["Footwork"],"damage_healed":0,"gold_gain":0,"player_choice":"Purged","damage_taken":0,"max_hp_gain":0,"max_hp_loss":0,"event_name":"Purifier","floor":44,"gold_loss":0}],"is_beta":false,"boss_relics":[{"not_picked":["REME_DemonsWealth","Cursed Key"],"picked":"Calling Bell"},{"not_picked":["Sozu","Runic Pyramid"],"picked":"Pandora\u0027s Box"}],"items_purged_floors":[0,0,13,20,27,37],"is_endless":false,"potions_floor_spawned":[1,14,16,24,28,31,33,36,40,46],"ascension_level":3}}