{"host":"sa7ebub27cgn5wai","time":1610762875,"event":{"mods":["BaseMod","Colored Map","Minty Spire (QoL Compilation)","SuperFastMode"],"gold_per_floor":[114,114,114,125,125,160,160,170,193,193,203,223,236,249,249,346,346,359,169,169,169,138,164,164,164,164],"floor_reached":25,"language":"KOR","playtime":736,"items_purged":[],"score":347,"play_id":"8802f3ea-d28f-465a-a011-775089904a79","local_time":"20210116110755","is_ascension_mode":true,"campfire_choices":[{"data":"Quick Slash","floor":7,"key":"SMITH"},{"data":"Neutralize","floor":10,"key":"SMITH"},{"floor":15,"key":"REST"},{"floor":24,"key":"REST"}],"circlet_count":0,"master_deck":["Strike_G","Strike_G","Strike_G","Strike_G","Strike_G","Defend_G","Defend_G","Defend_G","Defend_G","Defend_G","Survivor","Neutralize+1","PiercingWail","Accuracy+1","Quick Slash+1","Backflip","Accuracy","Dodge and Roll","PiercingWail","Envenom","Cloak And Dagger","Footwork","Blur"],"relics":["Ring of the Snake","NeowsBlessing","Dream Catcher","StoneCalendar","Juzu Bracelet","Sozu","Nunchaku","Vajra"],"acts_visited":["Exordium","TheCity"],"potions_floor_usage":[13,16,25,25],"damage_taken":[{"damage":0,"enemies":"Small Slimes","floor":1,"turns":1},{"damage":0,"enemies":"2 Louse","floor":4,"turns":1},{"damage":0,"enemies":"Gremlin Nob","floor":6,"turns":1},{"damage":2,"enemies":"Cultist","floor":8,"turns":5},{"damage":6,"enemies":"Lots of Slimes","floor":11,"turns":6},{"damage":1,"enemies":"Blue Slaver","floor":12,"turns":4},{"damage":13,"enemies":"Large Slime","floor":13,"turns":7},{"damage":2,"enemies":"2 Fungi Beasts","floor":14,"turns":5},{"damage":33,"enemies":"Slime Boss","floor":16,"turns":7},{"damage":28,"enemies":"3 Byrds","floor":18,"turns":7},{"damage":22,"enemies":"2 Thieves","floor":22,"turns":5},{"damage":1,"enemies":"Book of Stabbing","floor":23,"turns":7},{"damage":36,"enemies":"Slavers","floor":25,"turns":4}],"seed_played":"-2536460061607792410","potions_obtained":[{"floor":4,"key":"FearPotion"},{"floor":6,"key":"SpeedPotion"},{"floor":13,"key":"ColorlessPotion"},{"floor":14,"key":"Explosive Potion"}],"is_trial":false,"path_per_floor":["M","?","?","M","?","E","R","M","T","R","M","M","M","M","R","B",null,"M","$","?","?","M","E","R","E"],"character_chosen":"THE_SILENT","items_purchased":["Nunchaku","Footwork"],"campfire_rested":2,"item_purchase_floors":[19,19],"current_hp_per_floor":[63,56,56,56,56,56,56,54,54,54,48,47,34,32,53,20,58,30,30,30,30,8,7,28,0,0],"gold":164,"neow_bonus":"THREE_ENEMY_KILL","is_daily":false,"chose_seed":false,"campfire_upgraded":2,"win_rate":0.0,"timestamp":1610762875,"path_taken":["M","?","?","M","?","E","R","M","T","R","M","M","M","M","R","BOSS","M","$","?","?","M","E","R","E"],"items_purchased_type":["Relic","Card"],"build_version":"2020-12-22","purchased_purges":0,"victory":false,"max_hp_per_floor":[70,70,70,70,70,70,70,70,70,70,70,70,70,70,70,70,70,70,70,70,70,70,70,70,70,70],"card_choices":[{"not_picked":["Poisoned Stab","Finisher"],"picked":"PiercingWail","floor":1},{"not_picked":["Deflect","Well Laid Plans"],"picked":"Accuracy","floor":4},{"not_picked":["Predator","All Out Attack"],"picked":"Quick Slash","floor":6},{"not_picked":["Eviscerate","Bane"],"picked":"Backflip","floor":8},{"not_picked":["Outmaneuver","Flying Knee"],"picked":"Accuracy","floor":11},{"not_picked":["Catalyst","Bane","Backflip"],"picked":"SKIP","floor":12},{"not_picked":["Bane","Prepared"],"picked":"Dodge and Roll","floor":13},{"not_picked":["Bane","Sucker Punch"],"picked":"PiercingWail","floor":14},{"not_picked":["Burst","Doppelganger"],"picked":"Envenom","floor":16},{"not_picked":["Deflect","Sucker Punch"],"picked":"Cloak And Dagger","floor":18},{"not_picked":["Sucker Punch","Calculated Gamble","Outmaneuver"],"picked":"SKIP","floor":22},{"not_picked":["Deflect","Deadly Poison"],"picked":"Blur","floor":23}],"player_experience":293887,"relics_obtained":[{"floor":6,"key":"StoneCalendar"},{"floor":9,"key":"Juzu Bracelet"},{"floor":23,"key":"Vajra"}],"event_choices":[{"damage_healed":0,"gold_gain":0,"player_choice":"Success","damage_taken":7,"relics_obtained":["Dream Catcher"],"max_hp_gain":0,"max_hp_loss":0,"event_name":"Scrap Ooze","floor":2,"gold_loss":0},{"damage_healed":0,"gold_gain":0,"player_choice":"Ignored","damage_taken":0,"max_hp_gain":0,"max_hp_loss":0,"event_name":"Liars Game","floor":3,"gold_loss":0},{"damage_healed":0,"gold_gain":0,"player_choice":"Grow","damage_taken":0,"max_hp_gain":0,"max_hp_loss":0,"event_name":"Living Wall","floor":5,"gold_loss":0,"cards_upgraded":["Accuracy"]},{"damage_healed":0,"gold_gain":0,"player_choice":"Ignored","damage_taken":0,"max_hp_gain":0,"max_hp_loss":0,"event_name":"Vampires","floor":20,"gold_loss":0},{"damage_healed":0,"gold_gain":0,"player_choice":"Ignored","damage_taken":0,"max_hp_gain":0,"max_hp_loss":0,"event_name":"Ghosts","floor":21,"gold_loss":0}],"is_beta":false,"boss_relics":[{"not_picked":["Coffee Dripper","Tiny House"],"picked":"Sozu"}],"items_purged_floors":[],"is_endless":false,"potions_floor_spawned":[4,6,13,14,23],"killed_by":"Slavers","ascension_level":8}}