{"host":"9l1knhxfturzliqa","time":1610766998,"event":{"mods":["BaseMod","Colored Map","Colored Powertips","DeckTracker","Highlight Path","Keyboard Shortcuts","Minty Spire (QoL Compilation)","Random Character Button"],"gold_per_floor":[117,42,55,70,86,86,96,96,119,146,221,232,262,23,23,96,96,109,127,127,144,144,144],"floor_reached":22,"language":"KOR","playtime":1055,"items_purged":["Decay"],"score":376,"play_id":"9cc498d3-b5cd-478f-a13a-9091df27fc11","local_time":"20210116121638","is_ascension_mode":true,"campfire_choices":[{"data":"A Thousand Cuts","floor":6.0,"key":"SMITH"},{"data":"Flechettes","floor":8.0,"key":"SMITH"},{"floor":15.0,"key":"REST"}],"circlet_count":0,"master_deck":["AscendersBane","Strike_G","Defend_G","Defend_G","Survivor","Neutralize","Flechettes+1","A Thousand Cuts+1","Masterful Stab","Heel Hook","Footwork","Deflect","Dagger Spray","Adrenaline","Reflex","Well Laid Plans","Sadistic Nature","Tactician","Envenom","Bouncing Flask+1","Blade Dance+1","A Thousand Cuts+1","Crippling Poison","Acrobatics+1","Malaise","Dagger Throw","Cloak And Dagger+1"],"relics":["Ring of the Snake","PreservedInsect","Regal Pillow","Vajra","Astrolabe"],"acts_visited":["TheCity"],"potions_floor_usage":[],"damage_taken":[{"damage":5.0,"enemies":"Jaw Worm","floor":1.0,"turns":6.0},{"damage":1.0,"enemies":"Small Slimes","floor":3.0,"turns":5.0},{"damage":0.0,"enemies":"2 Louse","floor":4.0,"turns":3.0},{"damage":0.0,"enemies":"Exordium Wildlife","floor":5.0,"turns":5.0},{"damage":10.0,"enemies":"Exordium Thugs","floor":7.0,"turns":4.0},{"damage":6.0,"enemies":"3 Sentries","floor":10.0,"turns":4.0},{"damage":0.0,"enemies":"Red Slaver","floor":12.0,"turns":2.0},{"damage":7.0,"enemies":"Lagavulin","floor":13.0,"turns":3.0},{"damage":44.0,"enemies":"Hexaghost","floor":16.0,"turns":12.0},{"damage":16.0,"enemies":"Spheric Guardian","floor":18.0,"turns":4.0},{"damage":0.0,"enemies":"Chosen","floor":19.0,"turns":2.0},{"damage":13.0,"enemies":"Centurion and Healer","floor":21.0,"turns":5.0},{"damage":28,"enemies":"Shelled Parasite and Fungi","floor":22,"turns":3}],"seed_played":"8855272046721728370","potions_obtained":[{"floor":1.0,"key":"Poison Potion"},{"floor":4.0,"key":"SneckoOil"},{"floor":5.0,"key":"Poison Potion"},{"floor":13.0,"key":"Block Potion"},{"floor":16.0,"key":"FearPotion"},{"floor":19.0,"key":"EntropicBrew"}],"is_trial":false,"path_per_floor":["M","$","M","M","M","R","M","R","T","E","?","M","E","$","R","B",null,"M","M","?","M","M"],"character_chosen":"THE_SILENT","items_purchased":["Sadistic Nature","Tactician"],"campfire_rested":1,"item_purchase_floors":[14,14],"current_hp_per_floor":[54,54,53,53,53,53,43,43,43,37,26,26,19,19,53,9,52,36,36,36,23,0,0],"gold":144,"neow_bonus":"TRANSFORM_TWO_CARDS","is_daily":false,"chose_seed":false,"campfire_upgraded":2,"win_rate":0.0,"timestamp":1610766998,"path_taken":["M","$","M","M","M","R","M","R","T","E","?","M","E","$","R","BOSS","M","M","?","M","M"],"items_purchased_type":["Card","Card"],"build_version":"2020-12-22","purchased_purges":1,"victory":false,"max_hp_per_floor":[66,66,66,66,66,66,66,66,66,66,66,66,66,66,66,66,66,66,66,66,66,66,66],"card_choices":[{"not_picked":["Backflip","Choke"],"picked":"Masterful Stab","floor":1.0},{"not_picked":["Quick Slash","Catalyst"],"picked":"Heel Hook","floor":3.0},{"not_picked":["Accuracy","Catalyst"],"picked":"Footwork","floor":4.0},{"not_picked":["Quick Slash","Deadly Poison"],"picked":"Deflect","floor":5.0},{"not_picked":["Prepared","Deflect"],"picked":"Dagger Spray","floor":7.0},{"not_picked":["Die Die Die","PiercingWail"],"picked":"Adrenaline","floor":10.0},{"not_picked":["Blade Dance","Acrobatics"],"picked":"Reflex","floor":12.0},{"not_picked":["Poisoned Stab","Prepared"],"picked":"Well Laid Plans","floor":13.0},{"not_picked":["Adrenaline","Doppelganger"],"picked":"Envenom","floor":16.0},{"not_picked":["Acrobatics","Dagger Throw"],"picked":"Crippling Poison","floor":18.0},{"not_picked":["Well Laid Plans","Dodge and Roll"],"picked":"Acrobatics+1","floor":19.0},{"not_picked":["Dodge and Roll+1","Dagger Spray"],"picked":"Cloak And Dagger+1","floor":21.0}],"player_experience":465325,"relics_obtained":[{"floor":9.0,"key":"PreservedInsect"},{"floor":10.0,"key":"Regal Pillow"},{"floor":13.0,"key":"Vajra"}],"event_choices":[{"damage_healed":0.0,"max_hp_gain":0.0,"max_hp_loss":0.0,"gold_gain":75.0,"event_name":"World of Goop","player_choice":"Gather Gold","floor":11.0,"gold_loss":0.0,"damage_taken":11.0},{"damage_healed":0.0,"max_hp_gain":0.0,"max_hp_loss":0.0,"gold_gain":0.0,"cards_transformed":["Defend_G","Strike_G"],"event_name":"Drug Dealer","player_choice":"Became Test Subject","floor":20.0,"gold_loss":0.0,"damage_taken":0.0,"cards_obtained":["Malaise","Dagger Throw"]}],"is_beta":false,"boss_relics":[{"not_picked":["Cursed Key","Runic Pyramid"],"picked":"Astrolabe"}],"items_purged_floors":[2],"is_endless":false,"potions_floor_spawned":[1,4,5,13,16,19],"killed_by":"Shelled Parasite and Fungi","ascension_level":18}}