{"host":"baymyijz6sxaqj5s","time":1610792573,"event":{"mods":["AchievementEnabler","BaseMod","Colored Map","Colored Powertips","DeckTracker","Highlight Path","KOR Keyword Fix","Keyboard Shortcuts","Minty Spire (QoL Compilation)","StSLib","SuperFastMode"],"gold_per_floor":[113,113,128,145,145,145,160,177,204,229,34,45,45,56,56,160,160,175,99,115,40,40,40,57,67,67,67,78,3,3,30,30,128,128,141,155,155,166,182,182,202,102,125,125,143,18,35,48,48,48],"floor_reached":51,"language":"KOR","playtime":1846,"items_purged":["Phantasmal Killer","Grand Finale+1","Parasite"],"score":645,"play_id":"d72bd623-401c-4a9e-b62f-1c68445260d7","local_time":"20210116192253","is_ascension_mode":false,"campfire_choices":[{"data":"Survivor","floor":6,"key":"SMITH"},{"data":"Noxious Fumes","floor":13,"key":"SMITH"},{"data":"Leg Sweep","floor":15,"key":"SMITH"},{"data":"Noxious Fumes","floor":23,"key":"SMITH"},{"floor":27,"key":"REST"},{"data":"Backflip","floor":30,"key":"SMITH"},{"floor":32,"key":"REST"},{"data":"Tactician","floor":40,"key":"SMITH"},{"data":"Deflect","floor":49,"key":"SMITH"}],"circlet_count":0,"master_deck":["Survivor+1","Neutralize","Backflip+1","Noxious Fumes+1","Leg Sweep+1","Poisoned Stab","All Out Attack","After Image","Tactician+1","Burst","Skewer+1","Venomology","Flying Knee","Crippling Poison","Noxious Fumes+1","Blur+1","Catalyst","Deflect+1","Dagger Spray","Adrenaline","Escape Plan+1","Dodge and Roll+1","Acrobatics","Deadly Poison+1"],"relics":["Ring of the Serpent","Tiny Chest","Bag of Marbles","Ancient Tea Set","Toy Ornithopter","Regal Pillow","Pandora\u0027s Box","Snake Skull","Whetstone","Happy Flower"],"acts_visited":["Exordium","TheCity","TheBeyond"],"potions_floor_usage":[8,16,16,16,18,24,33,33,33,35,38,38,39,45,45,48,48,48,50,50],"damage_taken":[{"damage":0,"enemies":"2 Louse","floor":1,"turns":4},{"damage":1,"enemies":"Cultist","floor":3,"turns":4},{"damage":0,"enemies":"Small Slimes","floor":4,"turns":3},{"damage":3,"enemies":"Blue Slaver","floor":7,"turns":6},{"damage":1,"enemies":"2 Fungi Beasts","floor":8,"turns":2},{"damage":0,"enemies":"3 Louse","floor":12,"turns":1},{"damage":0,"enemies":"Looter","floor":14,"turns":2},{"damage":2,"enemies":"Slime Boss","floor":16,"turns":8},{"damage":19,"enemies":"2 Thieves","floor":18,"turns":5},{"damage":6,"enemies":"Chosen","floor":20,"turns":5},{"damage":5,"enemies":"3 Cultists","floor":24,"turns":5},{"damage":18,"enemies":"Snake Plant","floor":25,"turns":6},{"damage":28,"enemies":"Shelled Parasite and Fungi","floor":28,"turns":5},{"damage":17,"enemies":"Automaton","floor":33,"turns":8},{"damage":20,"enemies":"3 Shapes","floor":35,"turns":5},{"damage":4,"enemies":"Orb Walker","floor":36,"turns":5},{"damage":1,"enemies":"Jaw Worm Horde","floor":38,"turns":5},{"damage":1,"enemies":"Sphere and 2 Shapes","floor":39,"turns":5},{"damage":4,"enemies":"Writhing Mass","floor":41,"turns":6},{"damage":6,"enemies":"Maw","floor":45,"turns":8},{"damage":15,"enemies":"3 Darklings","floor":47,"turns":4},{"damage":5,"enemies":"Transient","floor":48,"turns":5},{"damage":35,"enemies":"Time Eater","floor":50,"turns":15}],"seed_played":"3727447143600208789","potions_obtained":[{"floor":1,"key":"Fire Potion"},{"floor":3,"key":"LiquidBronze"},{"floor":4,"key":"CunningPotion"},{"floor":8,"key":"Fire Potion"},{"floor":14,"key":"SneckoOil"},{"floor":18,"key":"ColorlessPotion"},{"floor":24,"key":"EssenceOfSteel"},{"floor":36,"key":"Weak Potion"},{"floor":38,"key":"SteroidPotion"},{"floor":41,"key":"Fire Potion"},{"floor":47,"key":"Explosive Potion"}],"is_trial":false,"path_per_floor":["M","?","M","M","T","R","M","M","T","T","$","M","R","M","R","B",null,"M","$","M","$","?","R","M","M","T","R","M","?","R","T","R","B",null,"M","M","?","M","M","R","M","$","T","?","M","$","M","M","R","B",null],"character_chosen":"THE_SILENT","items_purchased":["Regal Pillow","All Out Attack","Noxious Fumes"],"campfire_rested":2,"item_purchase_floors":[11,11,19],"current_hp_per_floor":[77,77,76,76,76,76,73,72,72,72,72,72,72,72,72,75,77,63,63,57,57,57,57,57,39,39,77,49,49,49,49,77,60,77,57,53,53,62,66,66,62,62,62,62,66,66,51,61,61,36],"gold":48,"neow_bonus":"TEN_PERCENT_HP_BONUS","is_daily":false,"chose_seed":false,"campfire_upgraded":7,"win_rate":0.0,"timestamp":1610792573,"path_taken":["M","?","M","?","?","R","?","M","T","?","$","M","R","M","R","BOSS","M","$","?","$","?","R","M","M","T","R","M","?","R","?","R","BOSS","M","M","?","M","M","R","M","$","T","?","M","$","M","M","R","BOSS"],"items_purchased_type":["Relic","Card","Card"],"build_version":"2020-12-22","purchased_purges":3,"victory":true,"max_hp_per_floor":[77,77,77,77,77,77,77,77,77,77,77,77,77,77,77,77,77,77,77,77,77,77,77,77,77,77,77,77,77,77,77,77,77,77,77,77,77,77,77,77,77,77,77,73,73,70,70,70,70,70],"card_choices":[{"not_picked":["Footwork","Bane"],"picked":"Backflip","floor":1},{"not_picked":["Blade Dance","Sucker Punch"],"picked":"Noxious Fumes","floor":3},{"not_picked":["Dodge and Roll","Blade Dance","Sucker Punch"],"picked":"SKIP","floor":4},{"not_picked":["Cloak And Dagger","Acrobatics"],"picked":"Leg Sweep","floor":7},{"not_picked":["Dagger Spray","Quick Slash"],"picked":"Poisoned Stab","floor":8},{"not_picked":["Well Laid Plans","Bane","Dagger Throw"],"picked":"SKIP","floor":12},{"not_picked":["Leg Sweep","Prepared"],"picked":"After Image","floor":14},{"not_picked":["Heel Hook","Underhanded Strike","Sucker Punch"],"picked":"SKIP","floor":18},{"not_picked":["Bane","Leg Sweep"],"picked":"Blur+1","floor":20},{"not_picked":["Dagger Throw+1","Terror+1"],"picked":"Catalyst","floor":24},{"not_picked":["Slice","Bane+1"],"picked":"Deflect","floor":25},{"not_picked":["Bane","Distraction"],"picked":"Dagger Spray","floor":28},{"not_picked":["Doppelganger","After Image"],"picked":"Adrenaline","floor":33},{"not_picked":["PiercingWail","Backflip+1"],"picked":"Escape Plan+1","floor":35},{"not_picked":["Dagger Throw+1","Terror"],"picked":"Dodge and Roll+1","floor":36},{"not_picked":["Poisoned Stab","Dagger Throw"],"picked":"Acrobatics","floor":38},{"not_picked":["Infinite Blades","Backstab","After Image"],"picked":"SKIP","floor":39},{"not_picked":["Masterful Stab+1","Flying Knee","Terror+1"],"picked":"SKIP","floor":41},{"not_picked":["Leg Sweep+1","Predator","Dodge and Roll"],"picked":"SKIP","floor":45},{"not_picked":["All Out Attack","PiercingWail"],"picked":"Deadly Poison+1","floor":47},{"not_picked":["Burst","Underhanded Strike","Backstab"],"picked":"SKIP","floor":48}],"player_experience":36249,"relics_obtained":[{"floor":5,"key":"Bag of Marbles"},{"floor":9,"key":"Ancient Tea Set"},{"floor":10,"key":"Toy Ornithopter"},{"floor":26,"key":"Snake Skull"},{"floor":31,"key":"Whetstone"},{"floor":43,"key":"Happy Flower"}],"event_choices":[{"damage_healed":0,"gold_gain":0,"player_choice":"Gave Potion","damage_taken":0,"relics_obtained":["Tiny Chest"],"max_hp_gain":0,"max_hp_loss":0,"event_name":"WeMeetAgain","floor":2,"gold_loss":0},{"damage_healed":0,"gold_gain":0,"player_choice":"Ignored","damage_taken":0,"max_hp_gain":0,"max_hp_loss":0,"event_name":"The Mausoleum","floor":22,"gold_loss":0},{"cards_removed":["Cloak And Dagger"],"damage_healed":0,"gold_gain":0,"player_choice":"Gave Gold","damage_taken":0,"max_hp_gain":0,"max_hp_loss":0,"event_name":"Beggar","floor":29,"gold_loss":75},{"cards_removed":["Bane"],"damage_healed":0,"gold_gain":0,"player_choice":"Removed Attack","damage_taken":0,"max_hp_gain":0,"max_hp_loss":0,"event_name":"Falling","floor":37,"gold_loss":0},{"damage_healed":0,"gold_gain":0,"player_choice":"Max HP","damage_taken":0,"max_hp_gain":0,"max_hp_loss":4,"event_name":"Winding Halls","floor":44,"gold_loss":0}],"is_beta":false,"boss_relics":[{"not_picked":["Calling Bell","HoveringKite"],"picked":"Pandora\u0027s Box"},{"not_picked":["SacredBark","Snecko Eye"],"picked":"Ring of the Serpent"}],"items_purged_floors":[21,42,46],"is_endless":false,"potions_floor_spawned":[1,3,4,8,14,18,24,36,38,41,47],"ascension_level":0}}