{"host":"g1nobhbyuiiqkluq","time":1610796438,"event":{"mods":["Act Like it!","Aspiration","BaseMod","Better Match","Better Skull","Block Reminder","Conspire","Halation","Hubris","Minty Spire (QoL Compilation)","Quick Restart","Relic Stats","Replay The Spire","Spicy Shops","Spikes Relics","StSLib","SuperFastMode"],"gold_per_floor":[113,126,126,52,52,52,80,80,80,255,274,293,319,335,335,411,411,424,89,107,125,144,174,174,199,222,222,233,233,233,245,245,245,245],"floor_reached":33,"language":"ENG","playtime":1662,"items_purged":["Steam"],"score":819,"play_id":"12c1ee05-7ad7-4203-855f-bf2e18a7db27","local_time":"20210116032718","daily_mods":["SealedDeck","Binary","Terminal","Uncertain Future"],"is_ascension_mode":true,"campfire_choices":[{"data":"Defragment","floor":6,"key":"SMITH"},{"data":"Heatsinks","floor":8,"key":"SMITH"},{"floor":15,"key":"REST"},{"floor":24,"key":"REST"},{"data":"ReplayTheSpireMod:Faulty Equipment","floor":27,"key":"SMITH"},{"data":"Darkness","floor":32,"key":"SMITH"}],"circlet_count":0,"master_deck":["AscendersBane","Darkness+1","Recycle","Fusion","Heatsinks+1","Loop+1","Gash+1","Skim","Defragment+1","Glacier+1","Loop+1","ReplayTheSpireMod:Calculation Training","ReplayTheSpireMod:Calculation Training+1","Gash","Machine Learning","Loop+1","conspire:Banana+1","BlessedFruit+1","BlessedFruit+1","FIFO Queue","Force Field+1"],"relics":["Cracked Core","Replay:Bottled Eggs","halation:Gekota","halation:PrussianBluePaint","Bag of Marbles","Toxic Egg 2","Cursed Key","HeavenlyBonsai","HornCleat","Juzu Bracelet","aspiration:Lifesprig","Strawberry"],"acts_visited":["Exordium","TheCity"],"potions_floor_usage":[12,16,16,21,23,23],"damage_taken":[{"damage":0,"enemies":"2 Louse","floor":1,"turns":4},{"damage":0,"enemies":"Jaw Worm","floor":2,"turns":3},{"damage":0,"enemies":"Replay:BlueRogue","floor":7,"turns":6},{"damage":3,"enemies":"Small Slimes","floor":11,"turns":4},{"damage":0,"enemies":"Gremlin Gang","floor":12,"turns":1},{"damage":0,"enemies":"Lagavulin","floor":13,"turns":5},{"damage":0,"enemies":"2 Fungi Beasts","floor":14,"turns":5},{"damage":4,"enemies":"The Guardian","floor":16,"turns":8},{"damage":0,"enemies":"conspire:FuzzyDice","floor":18,"turns":7},{"damage":0,"enemies":"Shell Parasite","floor":20,"turns":5},{"damage":8,"enemies":"Centurion and Healer","floor":21,"turns":4},{"damage":53,"enemies":"Cultist and Chosen","floor":22,"turns":8},{"damage":8,"enemies":"conspire:Head Lice","floor":23,"turns":5},{"damage":0,"enemies":"conspire:SneckoGhost","floor":25,"turns":10},{"damage":33,"enemies":"conspire:HollyBat","floor":28,"turns":6},{"damage":0,"enemies":"Snecko","floor":31,"turns":5},{"damage":21,"enemies":"Pondfish","floor":33,"turns":5}],"seed_played":"-8336901749581271188","potions_obtained":[{"floor":11,"key":"AttackPotion"},{"floor":12,"key":"Fire Potion"},{"floor":14,"key":"PowerPotion"},{"floor":20,"key":"EssenceOfDarkness"},{"floor":21,"key":"Milkshake"},{"floor":23,"key":"EntropicBrew"},{"floor":31,"key":"Elixir"}],"is_trial":true,"path_per_floor":["M","M","?","$","$","R","E","R","T","?","M","M","E","M","R","B",null,"M","$","M","M","M","E","R","E","T","R","M","?","?","M","R","B"],"character_chosen":"DEFECT","items_purchased":["Loop","conspire:Banana+1","HeavenlyBonsai"],"campfire_rested":2,"item_purchase_floors":[4,19,19],"current_hp_per_floor":[64,64,64,64,64,64,63,62,61,12,9,9,9,9,25,21,46,46,46,52,50,3,1,22,28,28,28,1,8,8,14,14,0,0],"gold":245,"neow_bonus":"","is_daily":false,"chose_seed":false,"campfire_upgraded":4,"win_rate":0.0,"timestamp":1610796438,"path_taken":["M","M","?","?","$","R","E","R","T","?","M","M","E","M","R","BOSS","M","$","M","?","M","E","R","E","T","R","M","?","?","M","R","BOSS"],"items_purchased_type":["Card","Card","Relic"],"build_version":"2020-12-22","purchased_purges":1,"victory":false,"max_hp_per_floor":[69,68,67,66,65,64,63,62,61,60,59,58,57,56,55,54,53,52,51,56,61,66,71,70,75,74,73,78,84,83,88,87,93,93],"relic_stats":{"counters":[17,89],"Juzu Bracelet":1,"Cursed Key":1,"obtain_stats":[{"aspiration:Lifesprig":26,"HornCleat":23,"halation:Gekota":9,"halation:PrussianBluePaint":10,"Strawberry":29,"Bag of Marbles":10,"Juzu Bracelet":25,"Replay:Bottled Eggs":7,"Toxic Egg 2":13,"HeavenlyBonsai":19,"Cracked Core":0,"Cursed Key":17},{"aspiration:Lifesprig":14,"HornCleat":13,"halation:Gekota":3,"halation:PrussianBluePaint":3,"Strawberry":15,"Bag of Marbles":3,"Juzu Bracelet":14,"Replay:Bottled Eggs":3,"Toxic Egg 2":6,"HeavenlyBonsai":9,"Cracked Core":0,"Cursed Key":8},{"aspiration:Lifesprig":75,"HornCleat":65,"halation:Gekota":13,"halation:PrussianBluePaint":13,"Strawberry":80,"Bag of Marbles":13,"Juzu Bracelet":75,"Replay:Bottled Eggs":13,"Toxic Egg 2":23,"HeavenlyBonsai":43,"Cracked Core":0,"Cursed Key":36}]},"card_choices":[{"not_picked":["Ball Lightning","Heatsinks"],"picked":"SKIP","floor":1},{"not_picked":["Redo"],"picked":"Glacier","floor":2},{"not_picked":["Conserve Battery","Stack"],"picked":"SKIP","floor":7},{"not_picked":["Hologram"],"picked":"ReplayTheSpireMod:Calculation Training","floor":11},{"not_picked":["Beam Cell","Hologram"],"picked":"SKIP","floor":12},{"not_picked":["Storm"],"picked":"ReplayTheSpireMod:Calculation Training+1","floor":13},{"not_picked":["Storm"],"picked":"Gash","floor":14},{"not_picked":["ReplayRNGCard+1"],"picked":"Machine Learning","floor":16},{"not_picked":["Leap+1"],"picked":"Loop","floor":18},{"not_picked":["Rebound","Stack+1"],"picked":"SKIP","floor":20},{"not_picked":["Stack+1","Hologram+1"],"picked":"SKIP","floor":21},{"not_picked":["Rebound","Crystallizer"],"picked":"SKIP","floor":22},{"not_picked":["Ball Lightning"],"picked":"FIFO Queue","floor":23},{"not_picked":["Tempest+1","Rip and Tear"],"picked":"SKIP","floor":25},{"not_picked":["Double Energy+1","Hologram+1"],"picked":"SKIP","floor":28},{"not_picked":["Barrage"],"picked":"Force Field+1","floor":31}],"player_experience":3034160,"relics_obtained":[{"floor":7,"key":"Replay:Bottled Eggs"},{"floor":9,"key":"halation:Gekota"},{"floor":13,"key":"Toxic Egg 2"},{"floor":23,"key":"HornCleat"},{"floor":25,"key":"Juzu Bracelet"},{"floor":26,"key":"aspiration:Lifesprig"}],"event_choices":[{"damage_healed":0,"gold_gain":175,"player_choice":"RE GO GO RE UP ","damage_taken":57,"relics_obtained":["halation:PrussianBluePaint","Bag of Marbles"],"max_hp_gain":0,"max_hp_loss":0,"event_name":"betterSkull:BetterSkull","floor":10,"gold_loss":0,"cards_upgraded":["Glacier"]},{"damage_healed":0,"gold_gain":0,"player_choice":"Gave Potion","damage_taken":0,"relics_obtained":["Strawberry"],"max_hp_gain":0,"max_hp_loss":0,"event_name":"WeMeetAgain","floor":29,"gold_loss":0},{"cards_removed":["BootSequence"],"damage_healed":0,"gold_gain":0,"player_choice":"Purged","damage_taken":0,"max_hp_gain":0,"max_hp_loss":0,"event_name":"Purifier","floor":30,"gold_loss":0}],"is_beta":false,"boss_relics":[{"not_picked":["aspiration:RitualDagger","Replay:Ancient Bell"],"picked":"Cursed Key"}],"items_purged_floors":[19],"is_endless":false,"potions_floor_spawned":[11,12,14,20,21,23,31],"killed_by":"Pondfish","ascension_level":20}}