{"host":"w9yruvs4bqht6bhw","time":1610812266,"event":{"mods":["BaseMod","Colored Powertips","Minty Spire (QoL Compilation)"],"gold_per_floor":[114,124,124,149,149,149,180,193,266,266,22,36,36,49,49,49,49],"floor_reached":16,"language":"ENG","playtime":530,"items_purged":[],"score":148,"play_id":"614ca5cc-82f2-42fc-a76d-14f5b05307cc","local_time":"20210116105106","is_ascension_mode":true,"campfire_choices":[{"floor":6,"key":"REST"},{"floor":15,"key":"REST"}],"circlet_count":0,"master_deck":["Strike_R","Strike_R","Strike_R","Strike_R","Strike_R","Defend_R+1","Defend_R","Defend_R","Defend_R","Bash+1","Headbutt+1","Clothesline","Sword Boomerang","Swift Strike","Shockwave","True Grit"],"relics":["Burning Blood","Golden Idol","Gambling Chip","PreservedInsect"],"acts_visited":["Exordium"],"potions_floor_usage":[8,16],"damage_taken":[{"damage":12,"enemies":"Jaw Worm","floor":1,"turns":3},{"damage":9,"enemies":"2 Louse","floor":2,"turns":3},{"damage":11,"enemies":"Cultist","floor":4,"turns":4},{"damage":60,"enemies":"3 Sentries","floor":7,"turns":10},{"damage":1,"enemies":"2 Fungi Beasts","floor":8,"turns":4},{"damage":0,"enemies":"3 Louse","floor":12,"turns":2},{"damage":16,"enemies":"Large Slime","floor":14,"turns":7},{"damage":47,"enemies":"The Guardian","floor":16,"turns":10}],"seed_played":"-5993609407946398518","potions_obtained":[{"floor":1,"key":"FearPotion"},{"floor":7,"key":"AttackPotion"},{"floor":12,"key":"LiquidMemories"}],"is_trial":false,"path_per_floor":["M","M","?","M","?","R","E","M","T","?","$","M","$","M","R","B"],"character_chosen":"IRONCLAD","items_purchased":["Swift Strike","PreservedInsect"],"campfire_rested":2,"item_purchase_floors":[11,11],"current_hp_per_floor":[74,71,71,66,50,74,20,25,25,25,25,31,31,21,45,0,0],"gold":49,"neow_bonus":"TEN_PERCENT_HP_BONUS","is_daily":false,"chose_seed":false,"campfire_upgraded":0,"win_rate":0.0,"timestamp":1610812266,"path_taken":["M","M","?","M","?","R","E","M","T","?","$","M","$","M","R","BOSS"],"items_purchased_type":["Card","Relic"],"build_version":"2020-12-22","purchased_purges":0,"victory":false,"max_hp_per_floor":[88,88,81,81,81,81,81,81,81,81,81,81,81,81,81,81,81],"card_choices":[{"not_picked":["Entrench","Evolve"],"picked":"Headbutt","floor":1},{"not_picked":["Twin Strike","Headbutt"],"picked":"Clothesline","floor":2},{"not_picked":["Clothesline","Thunderclap"],"picked":"Sword Boomerang","floor":4},{"not_picked":["Anger","Headbutt","Flex"],"picked":"SKIP","floor":7},{"not_picked":["Juggernaut","Dropkick","Cleave"],"picked":"SKIP","floor":8},{"not_picked":["Havoc","Pommel Strike"],"picked":"Shockwave","floor":12},{"not_picked":["Flex","Thunderclap"],"picked":"True Grit","floor":14}],"player_experience":398700,"relics_obtained":[{"floor":7,"key":"Gambling Chip"}],"event_choices":[{"damage_healed":0,"gold_gain":0,"player_choice":"Lose Max HP","damage_taken":0,"relics_obtained":["Golden Idol"],"max_hp_gain":0,"max_hp_loss":7,"event_name":"Golden Idol","floor":3,"gold_loss":0},{"damage_healed":0,"gold_gain":0,"player_choice":"Entered Light","damage_taken":16,"max_hp_gain":0,"max_hp_loss":0,"event_name":"Shining Light","floor":5,"gold_loss":0,"cards_upgraded":["Defend_R","Bash"]},{"damage_healed":0,"gold_gain":0,"player_choice":"Forge","damage_taken":0,"max_hp_gain":0,"max_hp_loss":0,"event_name":"Accursed Blacksmith","floor":10,"gold_loss":0,"cards_upgraded":["Headbutt"]}],"is_beta":false,"boss_relics":[],"items_purged_floors":[],"is_endless":false,"potions_floor_spawned":[1,7,12],"killed_by":"The Guardian","ascension_level":9}}