{"host":"oigynbtg272c19pw","time":1610826984,"event":{"mods":["BaseMod","Colored Map","Minty Spire (QoL Compilation)","Relic Stats","Slay the Relics Exporter","StSLib"],"gold_per_floor":[115,115,27,27,40,75,75,113,113,113,113,137,22,45,45,45,45],"floor_reached":16,"playtime":510,"items_purged":["Strike_B"],"score":216,"play_id":"b6352971-4ffa-47f3-95f9-6e2566b5e853","local_time":"20210116205624","is_ascension_mode":true,"campfire_choices":[{"floor":10,"key":"REST"},{"data":"Streamline","floor":15,"key":"SMITH"}],"circlet_count":0,"master_deck":["AscendersBane","Strike_B","Strike_B","Strike_B","Defend_B","Defend_B","Defend_B","Defend_B","Zap","Dualcast","Cold Snap+1","Auto Shields","Aggregate","Core Surge","Aggregate+1","Steam+1","Reinforced Body+1","Streamline+1"],"relics":["Cracked Core","Pen Nib","Golden Idol","Toxic Egg 2","Juzu Bracelet"],"acts_visited":["Exordium"],"potions_floor_usage":[8,8],"damage_taken":[{"damage":0,"enemies":"2 Louse","floor":1,"turns":2},{"damage":11,"enemies":"Small Slimes","floor":5,"turns":4},{"damage":40,"enemies":"3 Sentries","floor":6,"turns":10},{"damage":6,"enemies":"Lagavulin","floor":8,"turns":7},{"damage":0,"enemies":"Cultist","floor":12,"turns":2},{"damage":1,"enemies":"Blue Slaver","floor":14,"turns":4},{"damage":26,"enemies":"Hexaghost","floor":16,"turns":9}],"seed_played":"9106742263368468421","potions_obtained":[{"floor":1,"key":"PowerPotion"},{"floor":6,"key":"Weak Potion"},{"floor":14,"key":"Explosive Potion"}],"is_trial":false,"path_per_floor":["M","?","$","?","M","E","?","E","T","R","?","M","$","M","R","B"],"character_chosen":"DEFECT","items_purchased":["Auto Shields","Reinforced Body+1"],"campfire_rested":1,"item_purchase_floors":[3,13],"current_hp_per_floor":[64,64,64,64,53,13,13,7,7,26,26,26,26,25,25,0,0],"gold":45,"neow_bonus":"RANDOM_COMMON_RELIC","is_daily":false,"chose_seed":false,"campfire_upgraded":1,"win_rate":0.0,"timestamp":1610826984,"path_taken":["M","?","$","?","M","E","?","E","T","R","?","M","$","M","R","BOSS"],"items_purchased_type":["Card","Card"],"build_version":"2020-12-13","purchased_purges":1,"victory":false,"max_hp_per_floor":[71,64,64,64,64,64,64,64,64,64,64,64,64,64,64,64,64],"relic_stats":{"counters":[7,38],"Golden Idol":28,"Pen Nib":[4],"Juzu Bracelet":0,"obtain_stats":[{"Golden Idol":2,"Pen Nib":0,"Juzu Bracelet":8,"Toxic Egg 2":6,"Cracked Core":0},{"Golden Idol":1,"Pen Nib":0,"Juzu Bracelet":4,"Toxic Egg 2":3,"Cracked Core":0},{"Golden Idol":2,"Pen Nib":0,"Juzu Bracelet":23,"Toxic Egg 2":16,"Cracked Core":0}]},"card_choices":[{"not_picked":["BootSequence","Recycle"],"picked":"Cold Snap","floor":1},{"not_picked":["Steam Power","Force Field"],"picked":"Aggregate","floor":5},{"not_picked":["Turbo+1","Streamline"],"picked":"Core Surge","floor":6},{"not_picked":["Blizzard","Hello World"],"picked":"Aggregate+1","floor":8},{"not_picked":["Compile Driver","Barrage"],"picked":"Steam+1","floor":12},{"not_picked":["Redo+1","Leap+1"],"picked":"Streamline","floor":14}],"player_experience":1418610,"relics_obtained":[{"floor":6,"key":"Toxic Egg 2"},{"floor":8,"key":"Juzu Bracelet"}],"event_choices":[{"damage_healed":0,"gold_gain":0,"player_choice":"Lose Max HP","damage_taken":0,"relics_obtained":["Golden Idol"],"max_hp_gain":0,"max_hp_loss":7,"event_name":"Golden Idol","floor":2,"gold_loss":0},{"damage_healed":0,"gold_gain":0,"player_choice":"Ignored","damage_taken":0,"max_hp_gain":0,"max_hp_loss":0,"event_name":"Liars Game","floor":4,"gold_loss":0},{"damage_healed":0,"gold_gain":0,"player_choice":"Ignored","damage_taken":0,"max_hp_gain":0,"max_hp_loss":0,"event_name":"Shining Light","floor":7,"gold_loss":0},{"damage_healed":0,"gold_gain":0,"player_choice":"Upgraded","damage_taken":0,"max_hp_gain":0,"max_hp_loss":0,"event_name":"Upgrade Shrine","floor":11,"gold_loss":0,"cards_upgraded":["Cold Snap"]}],"is_beta":false,"boss_relics":[],"items_purged_floors":[13],"is_endless":false,"potions_floor_spawned":[1,6,14],"killed_by":"Hexaghost","ascension_level":20}}