{"host":"at64dhdf9kc8hjax","time":1610818025,"event":{"mods":["Act Like it!","BaseMod","Dota2Spire","Friendly Minions","Gensokyo","Highlight Path","Minty Spire (QoL Compilation)","Quick Restart","RumiaBox-露米娅的神秘盒子","Spicy Shops","StSLib","SuperFastMode","【遗物卡牌】REMEMod"],"gold_per_floor":[119,129,142,158,4,4,32,32,110,110,120,120,120,139,139,259,259,280,301,326,349,364,364,364,405,429,444,483,483,519,537,537,537,537],"floor_reached":33,"language":"ZHS","playtime":3028,"items_purged":[],"score":367,"play_id":"0a247986-1c0f-4dc8-a2f6-93de6feb5183","local_time":"20210117012705","is_ascension_mode":true,"campfire_choices":[{"floor":6.0,"key":"RECALL"},{"data":"Armaments","floor":8.0,"key":"SMITH"},{"data":"Inflame","floor":10.0,"key":"SMITH"},{"floor":15.0,"key":"REST"},{"data":"Juggernaut","floor":23.0,"key":"SMITH"},{"floor":29.0,"key":"REST"},{"floor":32,"key":"REST"}],"circlet_count":0,"master_deck":["Strike_R","Strike_R","Strike_R","Strike_R","Strike_R+1","Defend_R","Defend_R","Defend_R","Defend_R","Bash","Immolate","Decay","Inflame","Inflame+1","Dropkick","Armaments+1","Shrug It Off+1","Seeing Red","Juggernaut+1","Sentinel","Iron Wave","Sword Boomerang","Dark Embrace","Berserk","REME_FearOfPain","Fire Breathing+1","Pummel+1"],"relics":["Burning Blood","REME_ComplimentaryCards","Blood Vial","Ice Cream","Golden Idol","REME_ChargedStone","Dota2Spire:BladeMail","Dota2Spire:PhaseBoots","Regal Pillow","Dota2Spire:EchoSabre"],"acts_visited":["Exordium","TheCity"],"potions_floor_usage":[30,30],"damage_taken":[{"damage":13.0,"enemies":"Jaw Worm","floor":1.0,"turns":4.0},{"damage":0.0,"enemies":"Small Slimes","floor":2.0,"turns":3.0},{"damage":0.0,"enemies":"2 Louse","floor":3.0,"turns":1.0},{"damage":7.0,"enemies":"Large Slime","floor":4.0,"turns":6.0},{"damage":33.0,"enemies":"Gremlin Nob","floor":7.0,"turns":5.0},{"damage":17.0,"enemies":"Looter","floor":11.0,"turns":3.0},{"damage":16.0,"enemies":"Red Slaver","floor":14.0,"turns":3.0},{"damage":19.0,"enemies":"Slime Boss","floor":16.0,"turns":7.0},{"damage":17.0,"enemies":"Spheric Guardian","floor":18.0,"turns":4.0},{"damage":9.0,"enemies":"Chosen","floor":19.0,"turns":4.0},{"damage":47.0,"enemies":"Shelled Parasite and Fungi","floor":20.0,"turns":7.0},{"damage":10.0,"enemies":"Snake Plant","floor":21.0,"turns":2.0},{"damage":16.0,"enemies":"Snecko","floor":22.0,"turns":5.0},{"damage":27.0,"enemies":"REME_1_Revenger","floor":25.0,"turns":5.0},{"damage":12.0,"enemies":"3 Cultists","floor":27.0,"turns":5.0},{"damage":18.0,"enemies":"Book of Stabbing","floor":28.0,"turns":5.0},{"damage":22,"enemies":"Gremlin Leader","floor":30,"turns":6},{"damage":32,"enemies":"Sentry and Sphere","floor":31,"turns":4},{"damage":72,"enemies":"Automaton","floor":33,"turns":6}],"seed_played":"-1535661908162377676","potions_obtained":[{"floor":7.0,"key":"Fire Potion"},{"floor":11.0,"key":"Dota2Spire:Clarity"},{"floor":18.0,"key":"Swift Potion"},{"floor":20.0,"key":"Ancient Potion"},{"floor":22.0,"key":"EntropicBrew"},{"floor":25.0,"key":"Dota2Spire:HealingSalve"},{"floor":27.0,"key":"BlessingOfTheForge"}],"is_trial":false,"path_per_floor":["M","M","M","M","$","R","E","R","T","R","M","?","?","M","R","B",null,"M","M","M","M","M","R","?","E","T","M","E","R","E","M","R","B"],"character_chosen":"IRONCLAD","items_purchased":["Blood Vial"],"campfire_rested":3,"item_purchase_floors":[5],"current_hp_per_floor":[89,95,96,95,95,95,69,69,69,69,60,36,17,9,37,26,96,85,84,45,43,35,35,35,16,16,24,14,57,43,19,62,0,0],"gold":537,"neow_bonus":"TWENTY_PERCENT_HP_BONUS","is_daily":false,"chose_seed":false,"campfire_upgraded":3,"win_rate":0.0,"timestamp":1610818025,"path_taken":["M","M","M","M","$","R","E","R","T","R","M","?","?","M","R","BOSS","M","M","M","M","M","R","?","E","T","M","E","R","E","M","R","BOSS"],"items_purchased_type":["Relic"],"build_version":"2020-12-22","purchased_purges":0,"victory":false,"max_hp_per_floor":[96,96,96,96,96,96,96,96,96,96,96,96,96,96,96,96,96,96,96,96,96,96,96,96,96,96,96,96,96,96,96,96,96,96],"card_choices":[{"not_picked":["Carnage","Shrug It Off"],"picked":"Inflame","floor":1.0},{"not_picked":["Heavy Blade","Infernal Blade"],"picked":"Inflame","floor":2.0},{"not_picked":["True Grit","Cleave"],"picked":"Dropkick","floor":3.0},{"not_picked":["Carnage","Cleave","Hemokinesis"],"picked":"SKIP","floor":4.0},{"not_picked":["Perfected Strike","Ghostly Armor"],"picked":"Armaments","floor":7.0},{"not_picked":["Infernal Blade","Body Slam"],"picked":"Shrug It Off","floor":11.0},{"not_picked":["Pommel Strike","Entrench"],"picked":"Seeing Red","floor":14.0},{"not_picked":["Demon Form","Immolate"],"picked":"Juggernaut","floor":16.0},{"not_picked":["Wild Strike+1","True Grit"],"picked":"Sentinel","floor":18.0},{"not_picked":["Headbutt","Armaments","Clothesline"],"picked":"SKIP","floor":19.0},{"not_picked":["Clothesline","Spot Weakness"],"picked":"Iron Wave","floor":20.0},{"not_picked":["Wild Strike","Twin Strike"],"picked":"Sword Boomerang","floor":21.0},{"not_picked":["Clothesline","Searing Blow","Whirlwind"],"picked":"SKIP","floor":22.0},{"not_picked":["Flex","Shrug It Off"],"picked":"Dark Embrace","floor":25.0},{"not_picked":["Dark Embrace","Wild Strike+1"],"picked":"Berserk","floor":27.0},{"not_picked":["Dark Embrace+1","Rage"],"picked":"REME_FearOfPain","floor":28.0},{"not_picked":["Pommel Strike","Wild Strike+1"],"picked":"Fire Breathing+1","floor":30},{"not_picked":["Perfected Strike","Clothesline"],"picked":"Pummel+1","floor":31}],"player_experience":253622,"relics_obtained":[{"floor":7.0,"key":"Ice Cream"},{"floor":25.0,"key":"Dota2Spire:BladeMail"},{"floor":26.0,"key":"Dota2Spire:PhaseBoots"},{"floor":28.0,"key":"Regal Pillow"},{"floor":30,"key":"Dota2Spire:EchoSabre"}],"event_choices":[{"damage_healed":0.0,"max_hp_gain":0.0,"max_hp_loss":0.0,"gold_gain":0.0,"event_name":"Golden Idol","player_choice":"Take Damage","floor":12.0,"gold_loss":0.0,"damage_taken":24.0,"relics_obtained":["Golden Idol"]},{"damage_healed":0.0,"max_hp_gain":0.0,"max_hp_loss":0.0,"gold_gain":0.0,"event_name":"Shining Light","player_choice":"Entered Light","floor":13.0,"gold_loss":0.0,"damage_taken":19.0,"cards_upgraded":["Shrug It Off","Strike_R"]},{"damage_healed":0.0,"max_hp_gain":0.0,"max_hp_loss":0.0,"gold_gain":0.0,"event_name":"Ghosts","player_choice":"Ignored","floor":24.0,"gold_loss":0.0,"damage_taken":0.0}],"is_beta":false,"boss_relics":[{"not_picked":["Velvet Choker","EasyGame_NEW"],"picked":"REME_ChargedStone"}],"items_purged_floors":[],"is_endless":false,"potions_floor_spawned":[7,11,18,20,22,25,27],"killed_by":"Automaton","ascension_level":2}}