{"host":"9tzam4717zt8ei1o","time":1610795503,"event":{"mods":["BaseMod","Colored Map","Keyboard Shortcuts","Minty Spire (QoL Compilation)","Quick Restart","StSLib","SuperFastMode"],"gold_per_floor":[113,79,94,60,70,70,97,97,123,157,157,157,157,168,168,270,270,287,306,306,321,331,331,256,256,325,45,45,58,91,91,91,188,238,252,252,269,269,285,319,319,364,364,376,63,90,107,135,135,135,135,135,10,36,36,36],"floor_reached":55,"language":"KOR","playtime":1174,"items_purged":["Strike_G","Strike_G","Strike_G"],"score":966,"play_id":"97449298-8632-4edc-8707-f68f18ed4b22","local_time":"20210116201143","is_ascension_mode":true,"campfire_choices":[{"data":"Choke","floor":6.0,"key":"SMITH"},{"data":"Neutralize","floor":8.0,"key":"SMITH"},{"data":"Tactician","floor":11.0,"key":"SMITH"},{"data":"Adrenaline","floor":13.0,"key":"SMITH"},{"data":"Heel Hook","floor":15.0,"key":"SMITH"},{"data":"Calculated Gamble","floor":23.0,"key":"SMITH"},{"floor":25.0,"key":"REST"},{"data":"Acrobatics","floor":28.0,"key":"SMITH"},{"data":"Grand Finale","floor":32.0,"key":"SMITH"},{"floor":41.0,"key":"RECALL"},{"floor":49.0,"key":"REST"},{"data":"Heel Hook","floor":52.0,"key":"SMITH"}],"circlet_count":0,"master_deck":["Strike_G+1","Strike_G","Defend_G","Defend_G","Defend_G","Defend_G","Survivor","Neutralize+1","Tactician+1","Heel Hook+1","Choke+1","Dagger Throw","Heel Hook+1","Adrenaline+1","Grand Finale+1","Calculated Gamble+1","Acrobatics+1","Acrobatics+1","Reflex+1","Prepared+1","Blur+1","PiercingWail+1"],"relics":["Ring of the Snake","NeowsBlessing","Orichalcum","Oddly Smooth Stone","Potion Belt","Meat on the Bone","Sozu","PreservedInsect","Eternal Feather","Medical Kit","Shuriken","Tiny House","Juzu Bracelet","Tingsha","Bag of Preparation","The Specimen","Anchor"],"acts_visited":["Exordium","TheCity","TheBeyond","TheEnding"],"potions_floor_usage":[],"damage_taken":[{"damage":0.0,"enemies":"Cultist","floor":1.0,"turns":1.0},{"damage":0.0,"enemies":"2 Louse","floor":3.0,"turns":1.0},{"damage":0.0,"enemies":"Small Slimes","floor":5.0,"turns":1.0},{"damage":13.0,"enemies":"Lagavulin","floor":7.0,"turns":8.0},{"damage":0.0,"enemies":"Gremlin Nob","floor":10.0,"turns":4.0},{"damage":0.0,"enemies":"Blue Slaver","floor":14.0,"turns":1.0},{"damage":47.0,"enemies":"The Guardian","floor":16.0,"turns":18.0},{"damage":13.0,"enemies":"Spheric Guardian","floor":18.0,"turns":4.0},{"damage":0.0,"enemies":"Chosen","floor":19.0,"turns":3.0},{"damage":38.0,"enemies":"Sentry and Sphere","floor":21.0,"turns":6.0},{"damage":9.0,"enemies":"Snecko","floor":22.0,"turns":5.0},{"damage":0.0,"enemies":"Chosen and Byrds","floor":29.0,"turns":1.0},{"damage":0.0,"enemies":"Slavers","floor":30.0,"turns":2.0},{"damage":45.0,"enemies":"Automaton","floor":33.0,"turns":7.0},{"damage":16.0,"enemies":"3 Darklings","floor":35.0,"turns":4.0},{"damage":26.0,"enemies":"3 Shapes","floor":37.0,"turns":5.0},{"damage":0.0,"enemies":"Jaw Worm Horde","floor":39.0,"turns":1.0},{"damage":0.0,"enemies":"Reptomancer","floor":40.0,"turns":1.0},{"damage":0.0,"enemies":"2 Orb Walkers","floor":42.0,"turns":2.0},{"damage":0.0,"enemies":"Writhing Mass","floor":44.0,"turns":1.0},{"damage":4.0,"enemies":"4 Shapes","floor":47.0,"turns":1.0},{"damage":0.0,"enemies":"Nemesis","floor":48.0,"turns":1.0},{"damage":0.0,"enemies":"Donu and Deca","floor":50.0,"turns":4.0},{"damage":35.0,"enemies":"Shield and Spear","floor":54.0,"turns":4.0},{"damage":41,"enemies":"The Heart","floor":55,"turns":3}],"seed_played":"-7927528407642133954","potions_obtained":[{"floor":5.0,"key":"SkillPotion"},{"floor":7.0,"key":"Block Potion"}],"is_trial":false,"path_per_floor":["M","$","M","$","M","R","E","R","T","E","R","T","R","M","R","B",null,"M","M","T","M","M","R","$","R","T","$","R","M","E","$","R","B",null,"M","?","M","?","M","E","R","?","T","M","$","T","M","E","R","B",null,"R","$","E","B"],"character_chosen":"THE_SILENT","items_purchased":["Tactician","Choke","Medical Kit","Acrobatics","Tingsha"],"campfire_rested":2,"item_purchase_floors":[2,4,27,27,45],"current_hp_per_floor":[70,70,70,70,70,70,57,57,57,57,57,57,57,57,57,22,70,57,57,57,31,34,34,34,55,55,55,67,67,67,67,70,37,75,59,59,45,45,45,45,57,57,57,57,57,57,53,53,75,75,75,75,75,40,0,0],"gold":36,"neow_bonus":"THREE_ENEMY_KILL","is_daily":false,"chose_seed":false,"campfire_upgraded":9,"win_rate":0.0,"timestamp":1610795503,"path_taken":["M","$","M","$","?","R","E","R","T","E","R","?","R","M","R","BOSS","M","?","?","M","M","R","$","R","T","?","R","M","E","$","R","BOSS","M","?","M","?","M","E","R","?","T","M","?","?","M","E","R","BOSS","R","$","E","BOSS"],"items_purchased_type":["Card","Card","Relic","Card","Relic"],"build_version":"2020-12-22","purchased_purges":3,"victory":false,"max_hp_per_floor":[70,70,70,70,70,70,70,70,70,70,70,70,70,70,70,70,70,70,70,70,70,70,70,70,70,70,70,70,70,70,70,70,70,75,75,75,75,75,75,75,75,75,75,75,75,75,75,75,75,75,75,75,75,75,75,75],"card_choices":[{"not_picked":["Bane","Dodge and Roll","Leg Sweep"],"picked":"SKIP","floor":1.0},{"not_picked":["Slice","PiercingWail"],"picked":"Heel Hook","floor":3.0},{"not_picked":["Caltrops","Dodge and Roll"],"picked":"Dagger Throw","floor":5.0},{"not_picked":["Burst","Accuracy"],"picked":"Heel Hook","floor":7.0},{"not_picked":["Predator","Endless Agony"],"picked":"Adrenaline","floor":10.0},{"not_picked":["PiercingWail","Dagger Throw","Sucker Punch"],"picked":"SKIP","floor":14.0},{"not_picked":["Die Die Die","Unload"],"picked":"Grand Finale","floor":16.0},{"not_picked":["Setup","Backstab","Crippling Poison+1"],"picked":"SKIP","floor":18.0},{"not_picked":["All Out Attack","PiercingWail","Outmaneuver"],"picked":"SKIP","floor":19.0},{"not_picked":["Choke","Deflect+1"],"picked":"Calculated Gamble","floor":21.0},{"not_picked":["Eviscerate","Venomology"],"picked":"Acrobatics+1","floor":22.0},{"not_picked":["Poisoned Stab","Dodge and Roll","Footwork"],"picked":"SKIP","floor":29.0},{"not_picked":["Dash+1","Die Die Die","Quick Slash"],"picked":"SKIP","floor":30.0},{"not_picked":["Dagger Throw","Bouncing Flask+1","Slice+1"],"picked":"SKIP","floor":35.0},{"not_picked":["Expertise","Deflect","Concentrate"],"picked":"SKIP","floor":37.0},{"not_picked":["Bane","Expertise","Sucker Punch+1"],"picked":"SKIP","floor":39.0},{"not_picked":["Blade Dance","Bouncing Flask+1"],"picked":"Reflex+1","floor":40.0},{"not_picked":["Underhanded Strike","Cloak And Dagger+1"],"picked":"Prepared+1","floor":44.0},{"not_picked":["Backflip","Leg Sweep"],"picked":"Blur+1","floor":47.0},{"not_picked":["Choke","Setup+1","Slice"],"picked":"SKIP","floor":48.0},{"not_picked":["Dagger Throw","Bouncing Flask+1"],"picked":"PiercingWail+1","floor":54.0}],"player_experience":74061,"relics_obtained":[{"floor":7.0,"key":"Orichalcum"},{"floor":9.0,"key":"Oddly Smooth Stone"},{"floor":10.0,"key":"Potion Belt"},{"floor":12.0,"key":"Meat on the Bone"},{"floor":20.0,"key":"PreservedInsect"},{"floor":26.0,"key":"Eternal Feather"},{"floor":30.0,"key":"Shuriken"},{"floor":40.0,"key":"Juzu Bracelet"},{"floor":46.0,"key":"Bag of Preparation"},{"floor":48.0,"key":"The Specimen"},{"floor":54.0,"key":"Anchor"}],"event_choices":[{"cards_removed":["Defend_G"],"damage_healed":0.0,"max_hp_gain":0.0,"max_hp_loss":0.0,"gold_gain":0.0,"event_name":"Falling","player_choice":"Removed Skill","floor":36.0,"gold_loss":0.0,"damage_taken":0.0},{"damage_healed":0.0,"max_hp_gain":0.0,"max_hp_loss":0.0,"gold_gain":0.0,"event_name":"SensoryStone","player_choice":"Memory 1","floor":38.0,"gold_loss":0.0,"damage_taken":0.0},{"damage_healed":0.0,"max_hp_gain":0.0,"max_hp_loss":0.0,"gold_gain":0.0,"event_name":"Mysterious Sphere","player_choice":"Fight","floor":42.0,"gold_loss":0.0,"damage_taken":0.0}],"is_beta":false,"boss_relics":[{"not_picked":["Runic Dome","HoveringKite"],"picked":"Sozu"},{"not_picked":["Snecko Eye","Cursed Key"],"picked":"Tiny House"}],"items_purged_floors":[24,27,53],"is_endless":false,"potions_floor_spawned":[5,7,18,21,22,35,39,44,47,48],"killed_by":"The Heart","ascension_level":2}}