{"host":"bplbr8uekuotory4","time":1610803784,"event":{"mods":["Act Like it!","BaseMod","Custom Start","Gensokyo","GungeonMod","Hermit","KinomotoSakuraMod(木之本樱)","Koishi","Marisa（F雨　魔理沙）","Minty Spire (QoL Compilation)","Prisma Mod","Quick Restart","Reimu（博丽灵梦）","SOS（斯巴达之子）","Spicy Shops","StSLib","TestMod","The Alterego","The Blackbeard","The Cursed","The Marked","The Mystic","The Runesmith","The Saiyan","The Servant 0.9.4","Yuri Mod","[IsaacMod]以撒尖塔","vexMod"],"gold_per_floor":[120,70,70,81,99,99,99,99],"floor_reached":7,"language":"ZHS","playtime":99,"items_purged":[],"score":43,"play_id":"8153e35f-0ce6-4e79-86ac-baf95c71e0ad","local_time":"20210116212944","is_ascension_mode":true,"campfire_choices":[{"data":"Adrenaline","floor":6,"key":"SMITH"}],"circlet_count":0,"master_deck":["alterego_mod:Strike","alterego_mod:Strike","alterego_mod:Strike","alterego_mod:Defend","alterego_mod:Defend","alterego_mod:Defend","alterego_mod:Defend","alterego_mod:Impale","alterego_mod:BigMeatyClaws","alterego_mod:BrynhildrsRune","alterego_mod:Stockings","Regret","Adrenaline+1","alterego_mod:Weigh"],"relics":["alterego_mod:MasochisticConstitution","testmod-TestBox","HushsDoor","Damocles","testmod-PortableAltar","NeowsBlessing","DemoMod:GlassGuonStoneRelic","UnicornStump","testmod-HeartOfDaVinci","Snake Skull","testmod-TurbochargingSystem"],"acts_visited":["Exordium"],"potions_floor_usage":[],"damage_taken":[{"damage":1,"enemies":"Small Slimes","floor":1,"turns":1},{"damage":1,"enemies":"Jaw Worm","floor":4,"turns":1},{"damage":1,"enemies":"2 Louse","floor":5,"turns":2},{"damage":1,"enemies":"Gremlin Nob","floor":7,"turns":2}],"seed_played":"-2948327962161997144","potions_obtained":[{"floor":1,"key":"FearPotion"}],"is_trial":false,"path_per_floor":["M","?","?","M","M","R","E"],"character_chosen":"The_Alterego","items_purchased":[],"campfire_rested":0,"item_purchase_floors":[],"current_hp_per_floor":[69,69,68,67,67,67,65,65],"gold":99,"neow_bonus":"THREE_ENEMY_KILL","is_daily":false,"chose_seed":false,"campfire_upgraded":1,"win_rate":0.0,"timestamp":1610803784,"path_taken":["M","?","?","M","?","R","E"],"items_purchased_type":[],"build_version":"2020-12-22","purchased_purges":0,"victory":false,"max_hp_per_floor":[70,69,68,68,68,67,66,66],"card_choices":[{"not_picked":["alterego_mod:MagicResistance","alterego_mod:Jiggle"],"picked":"alterego_mod:Stockings","floor":1},{"not_picked":["alterego_mod:PerceptionDisorder","alterego_mod:Rip"],"picked":"alterego_mod:Weigh","floor":4},{"not_picked":["alterego_mod:DeftHands","alterego_mod:Skirt","alterego_mod:Smother"],"picked":"SKIP","floor":5}],"player_experience":1212501,"relics_obtained":[{"floor":1,"key":"UnicornStump"},{"floor":4,"key":"Snake Skull"},{"floor":5,"key":"testmod-TurbochargingSystem"}],"event_choices":[{"cards_removed":["alterego_mod:Strike"],"damage_healed":0,"gold_gain":0,"player_choice":"Card Removal","damage_taken":0,"max_hp_gain":0,"max_hp_loss":0,"event_name":"The Cleric","floor":2,"gold_loss":50},{"damage_healed":0,"gold_gain":0,"player_choice":"Box","damage_taken":0,"relics_obtained":["testmod-HeartOfDaVinci"],"max_hp_gain":0,"max_hp_loss":0,"event_name":"Big Fish","floor":3,"gold_loss":0,"cards_obtained":["Regret"]}],"is_beta":false,"boss_relics":[],"items_purged_floors":[],"is_endless":false,"potions_floor_spawned":[1],"killed_by":"Gremlin Nob","ascension_level":1}}