{"host":"bpjv6cqpnmybtr57","time":1610757471,"event":{"mods":["BaseMod","Bestiary","Minty Spire (QoL Compilation)","Relic Stats"],"gold_per_floor":[116,116,116,130,0,25,37,49,49],"floor_reached":8,"language":"ENG","playtime":722,"items_purged":[],"score":105,"play_id":"015f5814-e325-4984-85b4-0155e97f7efd","local_time":"20210115163751","is_ascension_mode":true,"campfire_choices":[{"floor":7,"key":"REST"}],"circlet_count":0,"master_deck":["AscendersBane","Strike_G","Strike_G","Strike_G","Strike_G","Defend_G","Defend_G","Defend_G","Defend_G","Defend_G","Survivor","Neutralize","Predator","Accuracy","Decay","Outmaneuver","Infinite Blades","Blur"],"relics":["SlaversCollar","MawBank"],"acts_visited":["Exordium"],"potions_floor_usage":[6],"damage_taken":[{"damage":7,"enemies":"Small Slimes","floor":1,"turns":4},{"damage":3,"enemies":"Cultist","floor":4,"turns":5},{"damage":41,"enemies":"Lagavulin","floor":6,"turns":9},{"damage":32,"enemies":"3 Sentries","floor":8,"turns":6}],"seed_played":"2968009228942805509","potions_obtained":[{"floor":1,"key":"EssenceOfSteel"}],"is_trial":false,"path_per_floor":["M","?","?","M","$","E","R","E"],"character_chosen":"THE_SILENT","items_purchased":["Infinite Blades","AttackPotion"],"campfire_rested":1,"item_purchase_floors":[5,5],"current_hp_per_floor":[52,52,52,49,49,8,27,0,0],"gold":49,"neow_bonus":"BOSS_RELIC","is_daily":false,"chose_seed":false,"campfire_upgraded":0,"win_rate":0.0,"timestamp":1610757471,"path_taken":["M","?","?","?","$","E","R","E"],"items_purchased_type":["Card","Potion"],"build_version":"2020-12-22","purchased_purges":0,"victory":false,"max_hp_per_floor":[66,66,66,66,66,66,66,66,66],"relic_stats":{"counters":[4,24],"MawBank":24,"obtain_stats":[{"SlaversCollar":0,"MawBank":6,"Ring of the Snake":0},{"SlaversCollar":0,"MawBank":3,"Ring of the Snake":0},{"SlaversCollar":0,"MawBank":18,"Ring of the Snake":0}]},"card_choices":[{"not_picked":["Expertise","Sucker Punch"],"picked":"Predator","floor":1},{"not_picked":["Endless Agony","Acrobatics"],"picked":"Outmaneuver","floor":4},{"not_picked":["Slice","Deflect"],"picked":"Blur","floor":6}],"player_experience":64932,"relics_obtained":[{"floor":6,"key":"MawBank"}],"event_choices":[{"damage_healed":0,"gold_gain":0,"cards_transformed":["Strike_G"],"player_choice":"Change","damage_taken":0,"max_hp_gain":0,"max_hp_loss":0,"event_name":"Living Wall","floor":2,"gold_loss":0,"cards_obtained":["Accuracy"]},{"damage_healed":0,"gold_gain":0,"player_choice":"Cursed","damage_taken":0,"max_hp_gain":0,"max_hp_loss":0,"event_name":"Wheel of Change","floor":3,"gold_loss":0,"cards_obtained":["Decay"]}],"is_beta":false,"boss_relics":[],"items_purged_floors":[],"is_endless":false,"potions_floor_spawned":[1],"killed_by":"3 Sentries","ascension_level":19}}