{"host":"jqln3q8z91cyrmpl","time":1610817859,"event":{"mods":["AchievementEnabler","BaseMod","Colored Map","DeckTracker","Keyboard Shortcuts","Minty Spire (QoL Compilation)","SuperFastMode"],"gold_per_floor":[114,114,127,139,214,214,234,260,260,260,185,185,197,197,197,294,294,314,330,349,43,43,43,78,88,113,113,124,24,24,24,24,127,127,138,238,89,104,121,121,155,175,202,232,232,247,247,280,280,280,280,280,18,46,46],"floor_reached":56,"language":"KOR","playtime":5186,"items_purged":["Strike_G","Writhe","Regret"],"score":1671,"play_id":"b8ea9f8f-6bc6-41eb-aca7-91fd0a58efc0","local_time":"20210117022419","is_ascension_mode":true,"campfire_choices":[{"data":"Quick Slash","floor":6.0,"key":"SMITH"},{"data":"Concentrate","floor":10.0,"key":"SMITH"},{"data":"Neutralize","floor":12.0,"key":"SMITH"},{"floor":15.0,"key":"REST"},{"floor":23.0,"key":"REST"},{"floor":27.0,"key":"REST"},{"data":"Footwork","floor":30.0,"key":"SMITH"},{"floor":32.0,"key":"REST"},{"floor":40.0,"key":"RECALL"},{"data":"Well Laid Plans","floor":47.0,"key":"SMITH"},{"floor":49.0,"key":"REST"},{"data":"Survivor","floor":52,"key":"SMITH"}],"circlet_count":0,"master_deck":["Strike_G","Defend_G","Defend_G","Defend_G","Defend_G+1","Survivor+1","Neutralize+1","Concentrate+1","Quick Slash+1","All Out Attack","Footwork+1","Backflip","Choke+1","Endless Agony+1","Grand Finale+1","Acrobatics+1","Acrobatics+1","Dash+1","Adrenaline+1","Doppelganger+1","Burst+1","Outmaneuver+1","Eviscerate+1","Tactician+1","Well Laid Plans+1","Reflex+1","Doubt","Venomology+1","Flash of Steel+1","Footwork+1"],"relics":["Ring of the Snake","NeowsBlessing","Molten Egg 2","InkBottle","Ancient Tea Set","Cursed Key","Toxic Egg 2","Nilry\u0027s Codex","War Paint","Tiny Chest","Astrolabe","Bird Faced Urn","Smiling Mask","Oddly Smooth Stone","Vajra","Toy Ornithopter"],"acts_visited":["TheBeyond","TheEnding"],"potions_floor_usage":[50,50,50,50,50,50,55,55,55,55],"damage_taken":[{"damage":0.0,"enemies":"2 Louse","floor":1.0,"turns":1.0},{"damage":0.0,"enemies":"Cultist","floor":3.0,"turns":1.0},{"damage":0.0,"enemies":"Small Slimes","floor":4.0,"turns":1.0},{"damage":7.0,"enemies":"Gremlin Gang","floor":7.0,"turns":5.0},{"damage":12.0,"enemies":"3 Sentries","floor":8.0,"turns":11.0},{"damage":4.0,"enemies":"Large Slime","floor":13.0,"turns":7.0},{"damage":18.0,"enemies":"The Guardian","floor":16.0,"turns":17.0},{"damage":14.0,"enemies":"Spheric Guardian","floor":18.0,"turns":4.0},{"damage":6.0,"enemies":"3 Byrds","floor":19.0,"turns":5.0},{"damage":4.0,"enemies":"Centurion and Healer","floor":20.0,"turns":7.0},{"damage":8.0,"enemies":"Gremlin Leader","floor":24.0,"turns":4.0},{"damage":11.0,"enemies":"Snake Plant","floor":25.0,"turns":4.0},{"damage":0.0,"enemies":"Chosen and Byrds","floor":28.0,"turns":3.0},{"damage":2.0,"enemies":"Collector","floor":33.0,"turns":7.0},{"damage":0.0,"enemies":"3 Darklings","floor":35.0,"turns":2.0},{"damage":8.0,"enemies":"3 Shapes","floor":38.0,"turns":2.0},{"damage":0.0,"enemies":"3 Darklings","floor":39.0,"turns":2.0},{"damage":4.0,"enemies":"Reptomancer","floor":41.0,"turns":5.0},{"damage":29.0,"enemies":"Spire Growth","floor":42.0,"turns":4.0},{"damage":12.0,"enemies":"Nemesis","floor":44.0,"turns":7.0},{"damage":0.0,"enemies":"Maw","floor":46.0,"turns":5.0},{"damage":7.0,"enemies":"Giant Head","floor":48.0,"turns":5.0},{"damage":47,"enemies":"Time Eater","floor":50,"turns":11},{"damage":0,"enemies":"Shield and Spear","floor":54,"turns":4},{"damage":67,"enemies":"The Heart","floor":55,"turns":10}],"seed_played":"-3247514889828808161","potions_obtained":[{"floor":1.0,"key":"Weak Potion"},{"floor":3.0,"key":"AttackPotion"},{"floor":7.0,"key":"Ancient Potion"},{"floor":8.0,"key":"Weak Potion"},{"floor":19.0,"key":"Poison Potion"},{"floor":20.0,"key":"SteroidPotion"},{"floor":24.0,"key":"PowerPotion"},{"floor":33.0,"key":"Strength Potion"},{"floor":35.0,"key":"EntropicBrew"},{"floor":39.0,"key":"SkillPotion"},{"floor":41.0,"key":"EntropicBrew"},{"floor":44.0,"key":"Swift Potion"}],"is_trial":false,"path_per_floor":["M","?","M","M","?","R","M","E","T","R","$","R","M","?","R","B",null,"M","M","M","$","?","R","E","M","T","R","M","$","R","?","R","B",null,"M","?","$","M","M","R","E","M","T","E","T","M","R","E","R","B",null,"R","$","E","B",null],"character_chosen":"THE_SILENT","items_purchased":["Toxic Egg 2","Acrobatics+1","Tactician+1","Well Laid Plans","Flash of Steel+1","Energy Potion","DuplicationPotion"],"campfire_rested":5,"item_purchase_floors":[21,21,37,37,53,53,53],"current_hp_per_floor":[63,63,63,63,52,52,45,33,33,33,33,33,29,29,50,32,61,47,41,37,37,21,42,34,23,23,44,44,44,44,44,65,63,68,68,68,68,60,60,60,56,35,35,31,31,37,37,38,59,16,57,57,57,63,21],"gold":46,"neow_bonus":"THREE_ENEMY_KILL","is_daily":false,"chose_seed":false,"campfire_upgraded":6,"win_rate":0.0,"timestamp":1610817859,"path_taken":["M","?","M","?","?","R","M","E","T","R","$","R","M","?","R","BOSS","M","M","?","$","?","R","E","M","T","R","M","$","R","?","R","BOSS","M","?","$","M","?","R","E","M","T","E","?","?","R","E","R","BOSS","R","$","E","BOSS"],"items_purchased_type":["Relic","Card","Card","Card","Card","Potion","Potion"],"build_version":"2020-12-22","purchased_purges":3,"victory":true,"max_hp_per_floor":[70,70,70,70,70,70,70,70,70,70,70,70,70,70,70,70,70,70,70,70,70,70,70,70,70,70,70,70,70,70,70,70,70,70,70,70,70,70,70,70,70,70,70,70,70,70,70,70,70,70,70,70,70,70,70],"card_choices":[{"not_picked":["Bane","Dagger Throw"],"picked":"Concentrate","floor":1.0},{"not_picked":["Flying Knee","Masterful Stab"],"picked":"All Out Attack","floor":3.0},{"not_picked":["Quick Slash","Predator"],"picked":"Footwork","floor":4.0},{"not_picked":["Slice","Quick Slash"],"picked":"Backflip","floor":7.0},{"not_picked":["Outmaneuver","Well Laid Plans"],"picked":"Choke+1","floor":8.0},{"not_picked":["Slice+1","Heel Hook+1"],"picked":"Endless Agony+1","floor":13.0},{"not_picked":["Night Terror","Unload+1"],"picked":"Grand Finale+1","floor":16.0},{"not_picked":["Riddle With Holes+1","Dagger Spray+1","Bouncing Flask+1"],"picked":"SKIP","floor":18.0},{"not_picked":["Deadly Poison","Blade Dance","Poisoned Stab+1"],"picked":"SKIP","floor":19.0},{"not_picked":["Poisoned Stab+1","Riddle With Holes+1"],"picked":"Acrobatics","floor":20.0},{"not_picked":["Concentrate+1","Distraction+1"],"picked":"Dash+1","floor":24.0},{"not_picked":["Acrobatics+1","Bane+1","Crippling Poison+1"],"picked":"SKIP","floor":25.0},{"not_picked":["Poisoned Stab+1","Accuracy","Slice+1"],"picked":"SKIP","floor":28.0},{"not_picked":["Burst+1","After Image"],"picked":"Adrenaline+1","floor":33.0},{"not_picked":["Catalyst+1","Terror+1"],"picked":"Eviscerate+1","floor":35.0},{"not_picked":["Deadly Poison+1","Dagger Spray+1","Deflect+1"],"picked":"SKIP","floor":38.0},{"not_picked":["Flying Knee+1","PiercingWail+1","Footwork"],"picked":"SKIP","floor":39.0},{"not_picked":["Dagger Throw+1","Unload+1","Crippling Poison+1"],"picked":"SKIP","floor":41.0},{"not_picked":["Dash+1","Acrobatics+1"],"picked":"Reflex+1","floor":42.0},{"not_picked":["Dagger Spray+1","Dagger Throw+1","Acrobatics+1"],"picked":"SKIP","floor":44.0},{"not_picked":["Backflip+1","Deadly Poison+1","PiercingWail+1"],"picked":"SKIP","floor":46.0},{"not_picked":["Deflect+1","Acrobatics+1"],"picked":"Venomology+1","floor":48.0},{"not_picked":["Sucker Punch+1","All Out Attack+1"],"picked":"Footwork+1","floor":54}],"player_experience":383257,"relics_obtained":[{"floor":8.0,"key":"Molten Egg 2"},{"floor":9.0,"key":"InkBottle"},{"floor":22.0,"key":"Nilry\u0027s Codex"},{"floor":24.0,"key":"War Paint"},{"floor":26.0,"key":"Tiny Chest"},{"floor":41.0,"key":"Bird Faced Urn"},{"floor":44.0,"key":"Smiling Mask"},{"floor":45.0,"key":"Oddly Smooth Stone"},{"floor":48.0,"key":"Vajra"},{"floor":54,"key":"Toy Ornithopter"}],"event_choices":[{"damage_healed":0.0,"max_hp_gain":0.0,"max_hp_loss":0.0,"gold_gain":0.0,"cards_transformed":["Strike_G"],"event_name":"Transmorgrifier","player_choice":"Transformed","floor":2.0,"gold_loss":0.0,"damage_taken":0.0,"cards_obtained":["Quick Slash"]},{"damage_healed":0.0,"max_hp_gain":0.0,"max_hp_loss":0.0,"gold_gain":75.0,"event_name":"World of Goop","player_choice":"Gather Gold","floor":5.0,"gold_loss":0.0,"damage_taken":11.0},{"damage_healed":0.0,"max_hp_gain":0.0,"max_hp_loss":0.0,"gold_gain":0.0,"event_name":"WeMeetAgain","player_choice":"Gave Potion","floor":14.0,"gold_loss":0.0,"damage_taken":0.0,"relics_obtained":["Ancient Tea Set"]},{"damage_healed":0.0,"max_hp_gain":0.0,"max_hp_loss":0.0,"gold_gain":0.0,"event_name":"Cursed Tome","player_choice":"Obtained Book","floor":22.0,"gold_loss":0.0,"damage_taken":16.0},{"damage_healed":0.0,"max_hp_gain":0.0,"max_hp_loss":0.0,"gold_gain":0.0,"event_name":"Vampires","player_choice":"Ignored","floor":31.0,"gold_loss":0.0,"damage_taken":0.0},{"damage_healed":0.0,"max_hp_gain":0.0,"max_hp_loss":0.0,"gold_gain":100.0,"event_name":"Golden Shrine","player_choice":"Pray","floor":36.0,"gold_loss":0.0,"damage_taken":0.0}],"is_beta":false,"boss_relics":[{"not_picked":["Velvet Choker","Busted Crown"],"picked":"Cursed Key"},{"not_picked":["Black Star","Snecko Eye"],"picked":"Astrolabe"}],"items_purged_floors":[11,29,53],"is_endless":false,"potions_floor_spawned":[1,3,7,8,19,20,24,33,35,39,41,44],"ascension_level":9}}