{"host":"wonp23fsqqcu31ie","time":1610790282,"event":{"mods":["2.2 Compatiblity","AchievementEnabler","Aspiration","BaseMod","Bestiary","Better Altar","Better Match","Better Sensory Stone","Better Skull","Better Third Choice","BetterRewards","Block Reminder","Colored Map","Colored Powertips","Conspire","Curses Come First","DeckTracker","Displayed Cursed Tome","Downfall","Energized Spire","Evolution","Hermit","Highlight Path","Hubris","Infinite Spire","Marisa????????","Minty Spire (QoL Compilation)","Permanent Neow","Prisma Mod","Quick Restart","Rare Cards Sparkle","Relic Stats","Robot Space Explorer","Shade Mod","Shop Mod","StSLib","SuperFastMode","The Animator","The Bug Knight","The Construct","The Cursed","The Disciple","The Dragon Tamer","The Gatherer","The Hierophant","The Marked","The Necromancer","The Poker Player","The Runesmith","The Saiyan","The Servant 0.9.4","TheBandit"],"gold_per_floor":[113,132,152,152,162,188,188,220,247,212,225,258,258,183,183,287,287,303,303,303,303,319,319,336,336,336,50,68,68,102,102,102,102,102,102],"floor_reached":33,"language":"ENG","playtime":844,"items_purged":[],"score":440,"play_id":"539196ba-62d9-48df-829a-f8bf363b8620","local_time":"20210116204442","is_ascension_mode":true,"metric_token":3346,"campfire_choices":[{"floor":7,"key":"REST"},{"data":"PokerPlayerMod:SecretDealer","floor":7,"key":"SMITH"},{"floor":13,"key":"REST"},{"data":"PokerPlayerMod:Diamond1","floor":13,"key":"SMITH"},{"floor":15,"key":"REST"},{"data":"PokerPlayerMod:Club1","floor":15,"key":"SMITH"},{"floor":23,"key":"REST"},{"floor":23,"key":"RECALL"},{"data":"infinitespire:Oblivion","floor":25,"key":"SMITH"},{"floor":29,"key":"REST"},{"data":"PokerPlayerMod:Heart9","floor":29,"key":"SMITH"},{"floor":32,"key":"REST"}],"circlet_count":0,"master_deck":["PokerPlayerMod:Diamond2","PokerPlayerMod:Diamond2","PokerPlayerMod:Diamond3","PokerPlayerMod:Diamond4","PokerPlayerMod:Diamond5","PokerPlayerMod:Spade1","PokerPlayerMod:Spade2","PokerPlayerMod:Spade3","PokerPlayerMod:Spade4","PokerPlayerMod:Club2","PokerPlayerMod:Club2","PokerPlayerMod:Heart2","PokerPlayerMod:ClubsClub","PokerPlayerMod:BadJoker","PokerPlayerMod:Mulligan","PokerPlayerMod:ClubsClub","PokerPlayerMod:Trickery","PokerPlayerMod:CardPrinter","PokerPlayerMod:HotShotCut","PokerPlayerMod:Diamond6","PokerPlayerMod:SecretDealer+1","PokerPlayerMod:Diamond10+","PokerPlayerMod:CloakAndDiamond","PokerPlayerMod:DiamondStrike+1","PokerPlayerMod:Diamond10+","Writhe","infinitespire:Oblivion+1","PokerPlayerMod:Spade6","PokerPlayerMod:Heart10+","PokerPlayerMod:Sharpen","PokerPlayerMod:HeartStrike","PokerPlayerMod:Harden"],"relics":["PokerPlayerMod:DeckCase","EVO:Axolotl","infinitespire:Magic Flask","Toy Ornithopter","Blood Vial","Orichalcum","Busted Crown","Meat on the Bone","Blue Candle","construct:FoamFinger","MerchantsRug","aspiration:Stabinomicon","Bloody Idol"],"acts_visited":["Exordium","TheCity"],"potions_floor_usage":[8,16,33,33],"damage_taken":[{"damage":0,"enemies":"2 Louse","floor":1,"turns":3},{"damage":0,"enemies":"Cultist","floor":2,"turns":2},{"damage":3,"enemies":"Jaw Worm","floor":3,"turns":3},{"damage":14,"enemies":"Gremlin Gang","floor":5,"turns":2},{"damage":31,"enemies":"Lagavulin","floor":6,"turns":5},{"damage":7,"enemies":"Gremlin Nob","floor":8,"turns":4},{"damage":6,"enemies":"Large Slime","floor":11,"turns":3},{"damage":24,"enemies":"Lagavulin","floor":12,"turns":5},{"damage":27,"enemies":"Slime Boss","floor":16,"turns":10},{"damage":12,"enemies":"Chosen","floor":18,"turns":5},{"damage":7,"enemies":"3 Byrds","floor":22,"turns":2},{"damage":24,"enemies":"Cultist and Chosen","floor":24,"turns":5},{"damage":18,"enemies":"Snake Plant","floor":28,"turns":2},{"damage":18,"enemies":"Book of Stabbing","floor":30,"turns":3},{"damage":57,"enemies":"hubris:MusketHawk","floor":33,"turns":6}],"seed_played":"4965800532623955546","potions_obtained":[{"floor":3,"key":"SmokeBomb"},{"floor":5,"key":"BlessingOfTheForge"},{"floor":11,"key":"conspire:TimeTravelPotion"},{"floor":16,"key":"hexamod:SoulburnPotion"},{"floor":28,"key":"Fire Potion"}],"is_trial":false,"path_per_floor":["M","M","M","?","M","E","R","E","T","?","M","E","R","?","R","B",null,"M","?","T","AVR","M","R","M","R","T","$","M","R","E","?","R","B"],"character_chosen":"THE_POKER_PLAYER","items_purchased":["PokerPlayerMod:ClubsClub","MerchantsRug","PokerPlayerMod:Heart9","PokerPlayerMod:Sharpen"],"campfire_rested":6,"item_purchase_floors":[0,27,27,27],"current_hp_per_floor":[48,48,48,48,34,3,18,22,22,35,33,13,28,28,43,42,53,41,41,41,41,38,53,30,30,30,30,26,41,37,10,25,0,0,0],"gold":102,"neow_bonus":"","is_daily":false,"chose_seed":false,"campfire_upgraded":5,"win_rate":0.0,"timestamp":1610790282,"path_taken":["M","M","M","?","?","E","R","E","T","?","M","E","R","?","R","BOSS","M","?","?","AVR","M","R","M","R","T","$","M","R","E","?","R","BOSS"],"items_purchased_type":["Card","Relic","Card","Card"],"build_version":"2020-12-22","purchased_purges":0,"victory":false,"max_hp_per_floor":[53,53,53,53,53,53,53,53,53,53,53,53,53,53,53,53,53,53,53,53,53,53,53,53,53,53,53,53,53,53,53,53,53,53,53],"relic_stats":{"Blood Vial":14,"Busted Crown":20,"counters":[90,380],"Blue Candle":[1],"Bloody Idol":0,"Orichalcum":[126],"obtain_stats":[{"Calipers":10,"Tiny House":17,"construct:FoamFinger":26,"Nilry\u0027s Codex":22,"CeramicFish":26,"infinitespire:Cubic Diamond":2,"aspiration:Stabinomicon":30,"EVO:Axolotl":0,"Ginger":19,"Boot":0,"Sling":36,"Blood Vial":8,"PrismaMod:PrismaRuby":2,"Lizard Tail":25,"HollowMod:PaleOreRelic":6,"Replay:Wax Seal":53,"conspire:Dentures":0,"MerchantsRug":25,"Girya":0,"HollowMod:QueensCombRelic":9,"hubris:DuctTape":6,"Happy Flower":6,"aspiration:Nostalgia":0,"ReplayTheSpireMod:CursedCoin":14,"Blue Candle":24,"ReplayTheSpireMod:Ring of Addiction":42,"Pen Nib":27,"infinitespire:Beetle Shell":6,"Guardian:PocketSentry":9,"Replay:Ancient Bell":34,"aspiration:SeaSaltIceCream":19,"infinitespire:Magic Flask":0,"aspiration:FrozenJewel":25,"Replay:Baseball":34,"ReplayTheSpireMod:Shallot":54,"Bronze Scales":14,"ReplayTheSpireMod:Ring of Collecting":42,"CultistMask":3,"ReplayTheSpireMod:TigerMarble":18,"Black Star":17,"CatCart":45,"Mirror":34,"StrikeDummy":12,"Abe\u0027s Treasure":17,"infinitespire:PuzzleCube":21,"conspire:Flyswatter":19,"hubris:Reverence":12,"Meat on the Bone":19,"aspiration:Lifesprig":14,"Regal Pillow":5,"Blue Doll":23,"Juzu Bracelet":8,"hubris:EmptyBottle":42,"Cursed Key":17,"Smiling Mask":20,"ClockworkSouvenir":53,"PokerPlayerMod:DeckCase":0,"m_ScarletBlood":0,"Replay:Bandana":22,"Nunchaku":0,"hubris:Icosahedron":19,"Ring of Peace":43,"hubris:CuriousFeather":9,"hubris:FunFungus":0,"Red Mask":21,"Chemical X":0,"Ring of Panic":44,"aspiration:ChemicalBlood":43,"Potion Belt":6,"hubris:64BitClover":0,"Guide Book":7,"Thread and Needle":0,"hubris:MedicalManual":2,"aspiration:HummingbirdHeart":31,"infinitespire:CheckeredPen":26,"hubris:Towel":13,"Orichalcum":12,"White Beast Statue":42,"PokerPlayerMod:BottledPoker":25,"Pondfish Scales":11,"Busted Crown":17,"Bloody Idol":31,"PokerPlayerMod:ClubPass":26,"Bottled Lightning":11,"Membership Card":21,"Runesmith:AutoHammer":53,"hexamod:BolsterEngine":44,"Toy Ornithopter":0,"hubris:Potato":34,"TungstenRod":40,"ReplayTheSpireMod:ShopPack":25},{"Calipers":17,"Tiny House":21,"construct:FoamFinger":87,"Nilry\u0027s Codex":61,"CeramicFish":9,"infinitespire:Cubic Diamond":53,"aspiration:Stabinomicon":89,"EVO:Axolotl":0,"Ginger":36,"Boot":27,"Sling":43,"Blood Vial":81,"PrismaMod:PrismaRuby":53,"Lizard Tail":26,"HollowMod:PaleOreRelic":15,"Replay:Wax Seal":50,"conspire:Dentures":52,"MerchantsRug":26,"Girya":52,"HollowMod:QueensCombRelic":67,"hubris:DuctTape":4,"Happy Flower":31,"aspiration:Nostalgia":0,"ReplayTheSpireMod:CursedCoin":5,"Blue Candle":9,"ReplayTheSpireMod:Ring of Addiction":47,"Pen Nib":9,"infinitespire:Beetle Shell":67,"Guardian:PocketSentry":4,"Replay:Ancient Bell":42,"aspiration:SeaSaltIceCream":36,"infinitespire:Magic Flask":75,"aspiration:FrozenJewel":26,"Replay:Baseball":42,"ReplayTheSpireMod:Shallot":51,"Bronze Scales":5,"ReplayTheSpireMod:Ring of Collecting":47,"CultistMask":53,"ReplayTheSpireMod:TigerMarble":22,"Black Star":58,"CatCart":48,"Mirror":42,"StrikeDummy":57,"Abe\u0027s Treasure":35,"infinitespire:PuzzleCube":85,"conspire:Flyswatter":59,"hubris:Reverence":69,"Meat on the Bone":85,"aspiration:Lifesprig":5,"Regal Pillow":30,"Blue Doll":26,"Juzu Bracelet":4,"hubris:EmptyBottle":47,"Cursed Key":6,"Smiling Mask":23,"ClockworkSouvenir":50,"PokerPlayerMod:DeckCase":0,"m_ScarletBlood":0,"Replay:Bandana":8,"Nunchaku":52,"hubris:Icosahedron":7,"Ring of Peace":47,"hubris:CuriousFeather":55,"hubris:FunFungus":62,"Red Mask":61,"Chemical X":52,"Ring of Panic":47,"aspiration:ChemicalBlood":47,"Potion Belt":80,"hubris:64BitClover":12,"Guide Book":31,"Thread and Needle":52,"hubris:MedicalManual":1,"aspiration:HummingbirdHeart":41,"infinitespire:CheckeredPen":38,"hubris:Towel":33,"Orichalcum":83,"White Beast Statue":47,"PokerPlayerMod:BottledPoker":38,"Pondfish Scales":18,"Busted Crown":71,"Bloody Idol":89,"PokerPlayerMod:ClubPass":26,"Bottled Lightning":32,"Membership Card":37,"Runesmith:AutoHammer":50,"hexamod:BolsterEngine":47,"Toy Ornithopter":27,"hubris:Potato":42,"TungstenRod":47,"ReplayTheSpireMod:ShopPack":38},{"Calipers":61,"Tiny House":80,"construct:FoamFinger":369,"Nilry\u0027s Codex":272,"CeramicFish":32,"infinitespire:Cubic Diamond":221,"aspiration:Stabinomicon":374,"EVO:Axolotl":0,"Ginger":139,"Boot":107,"Sling":169,"Blood Vial":339,"PrismaMod:PrismaRuby":221,"Lizard Tail":98,"HollowMod:PaleOreRelic":51,"Replay:Wax Seal":203,"conspire:Dentures":218,"MerchantsRug":98,"Girya":218,"HollowMod:QueensCombRelic":287,"hubris:DuctTape":12,"Happy Flower":123,"aspiration:Nostalgia":0,"ReplayTheSpireMod:CursedCoin":13,"Blue Candle":32,"ReplayTheSpireMod:Ring of Addiction":182,"Pen Nib":32,"infinitespire:Beetle Shell":287,"Guardian:PocketSentry":12,"Replay:Ancient Bell":167,"aspiration:SeaSaltIceCream":139,"infinitespire:Magic Flask":320,"aspiration:FrozenJewel":98,"Replay:Baseball":167,"ReplayTheSpireMod:Shallot":209,"Bronze Scales":13,"ReplayTheSpireMod:Ring of Collecting":182,"CultistMask":221,"ReplayTheSpireMod:TigerMarble":84,"Black Star":256,"CatCart":187,"Mirror":167,"StrikeDummy":247,"Abe\u0027s Treasure":136,"infinitespire:PuzzleCube":362,"conspire:Flyswatter":261,"hubris:Reverence":293,"Meat on the Bone":362,"aspiration:Lifesprig":13,"Regal Pillow":119,"Blue Doll":98,"Juzu Bracelet":12,"hubris:EmptyBottle":182,"Cursed Key":20,"Smiling Mask":89,"ClockworkSouvenir":203,"PokerPlayerMod:DeckCase":0,"m_ScarletBlood":0,"Replay:Bandana":28,"Nunchaku":218,"hubris:Icosahedron":24,"Ring of Peace":182,"hubris:CuriousFeather":229,"hubris:FunFungus":275,"Red Mask":272,"Chemical X":218,"Ring of Panic":182,"aspiration:ChemicalBlood":182,"Potion Belt":335,"hubris:64BitClover":40,"Guide Book":123,"Thread and Needle":218,"hubris:MedicalManual":3,"aspiration:HummingbirdHeart":161,"infinitespire:CheckeredPen":149,"hubris:Towel":130,"Orichalcum":347,"White Beast Statue":182,"PokerPlayerMod:BottledPoker":149,"Pondfish Scales":66,"Busted Crown":303,"Bloody Idol":374,"PokerPlayerMod:ClubPass":98,"Bottled Lightning":128,"Membership Card":143,"Runesmith:AutoHammer":203,"hexamod:BolsterEngine":182,"Toy Ornithopter":107,"hubris:Potato":167,"TungstenRod":182,"ReplayTheSpireMod:ShopPack":149}],"Toy Ornithopter":20,"Meat on the Bone":12},"card_choices":[{"not_picked":["PokerPlayerMod:CardBurn","PokerPlayerMod:Configure"],"picked":"PokerPlayerMod:Trickery","floor":1},{"not_picked":["PokerPlayerMod:Diamond2","PokerPlayerMod:Diamond3"],"picked":"PokerPlayerMod:CardPrinter","floor":2},{"not_picked":["PokerPlayerMod:Sharpen","PokerPlayerMod:CardPrinter"],"picked":"PokerPlayerMod:HotShotCut","floor":3},{"not_picked":["PokerPlayerMod:Diamond3","PokerPlayerMod:Spade4"],"picked":"PokerPlayerMod:Diamond6","floor":5},{"not_picked":["PokerPlayerMod:Raise","PokerPlayerMod:Spade4"],"picked":"PokerPlayerMod:SecretDealer","floor":6},{"not_picked":["PokerPlayerMod:Duplicate","PokerPlayerMod:PoorCopy"],"picked":"PokerPlayerMod:Diamond10+","floor":8},{"not_picked":["PokerPlayerMod:Club2","PokerPlayerMod:Diamond2","PokerPlayerMod:Spade2"],"picked":"SKIP","floor":11},{"not_picked":["PokerPlayerMod:ClubsClub","PokerPlayerMod:Club5"],"picked":"PokerPlayerMod:CloakAndDiamond","floor":12},{"not_picked":["PokerPlayerMod:Fold+1","PokerPlayerMod:CardBurn+1"],"picked":"PokerPlayerMod:DiamondStrike+1","floor":14},{"not_picked":["PokerPlayerMod:TheDieIsCast","PokerPlayerMod:Heart9"],"picked":"PokerPlayerMod:Diamond10+","floor":16},{"not_picked":["PokerPlayerMod:Spade2"],"picked":"SKIP","floor":18},{"not_picked":["PokerPlayerMod:Fold"],"picked":"SKIP","floor":22},{"not_picked":[],"picked":"PokerPlayerMod:Spade6","floor":24},{"not_picked":[],"picked":"PokerPlayerMod:HeartStrike","floor":28},{"not_picked":[],"picked":"PokerPlayerMod:Harden","floor":30}],"player_experience":539413,"relics_obtained":[{"floor":6,"key":"Potion Belt"},{"floor":8,"key":"Blood Vial"},{"floor":12,"key":"Orichalcum"},{"floor":20,"key":"Blue Candle"},{"floor":26,"key":"construct:FoamFinger"},{"floor":30,"key":"aspiration:Stabinomicon"}],"event_choices":[{"damage_healed":0,"gold_gain":0,"player_choice":"Gave Potion","damage_taken":0,"relics_obtained":["Toy Ornithopter"],"max_hp_gain":0,"max_hp_loss":0,"event_name":"WeMeetAgain","floor":4,"gold_loss":0},{"damage_healed":13,"gold_gain":0,"player_choice":"Healed","damage_taken":0,"max_hp_gain":0,"max_hp_loss":0,"event_name":"The Cleric","floor":10,"gold_loss":35},{"damage_healed":0,"gold_gain":0,"player_choice":"2","damage_taken":0,"max_hp_gain":0,"max_hp_loss":0,"event_name":"betterMatch:BetterMatch","floor":14,"gold_loss":0,"cards_obtained":["betterMatch:CommonCard"]},{"damage_healed":0,"gold_gain":0,"player_choice":"Opened","damage_taken":0,"relics_obtained":["Meat on the Bone"],"max_hp_gain":0,"max_hp_loss":0,"event_name":"The Mausoleum","floor":19,"gold_loss":0,"cards_obtained":["Writhe"]},{"damage_healed":0,"gold_gain":0,"player_choice":" Idol ","damage_taken":27,"relics_obtained":["Bloody Idol"],"max_hp_gain":37,"max_hp_loss":10,"event_name":"betterAltar:BetterAltar","floor":31,"potions_obtained":[],"relics_lost":[],"gold_loss":0}],"is_beta":false,"boss_relics":[{"not_picked":["conspire:RoyalGoblet","aspiration:SilentSkillbook"],"picked":"Busted Crown"}],"items_purged_floors":[],"is_endless":false,"potions_floor_spawned":[3,5,11,16,28],"killed_by":"hubris:MusketHawk","ascension_level":3}}