{"host":"jl3raagrljzztomj","time":1610762526,"event":{"mods":["Aspiration","BaseMod","Better Third Choice","BetterRewards","Colored Map","Colored Powertips","Custom Start","Hermit","Highlight Path","Marked Mod","Minty Spire (QoL Compilation)","Permanent Neow","Relic Stats","StSLib","SuperFastMode","The Runesmith"],"gold_per_floor":[119,294,126,144,144,144,157,157,193,193,193,193,34,50,50,155,155,170,20,33,33,45,45,61,61,84,117,133,8,8,8,8,8,8],"floor_reached":33,"language":"ENG","playtime":1126,"items_purged":["Strike_B","Defend_B","Strike_B"],"score":253,"play_id":"464611f4-847e-4649-a413-639f133d1f3a","local_time":"20210115200206","is_ascension_mode":false,"campfire_choices":[{"data":"Rainbow","floor":6.0,"key":"SMITH"},{"data":"Zap","floor":8.0,"key":"SMITH"},{"data":"Rainbow","floor":11.0,"key":"SMITH"},{"data":"Capacitor","floor":15.0,"key":"SMITH"},{"data":"Chaos","floor":23,"key":"SMITH"},{"floor":25,"key":"REST"},{"floor":32,"key":"REST"}],"circlet_count":0,"master_deck":["Strike_B+1","Strike_B+1","Defend_B","Defend_B","Defend_B","Zap+1","Dualcast+1","Rainbow+1","Compile Driver","Compile Driver+1","Rainbow+1","Capacitor+1","Conserve Battery","Capacitor","Chaos+1","Conserve Battery","Chaos+1","aspiration:Polymerization","Conserve Battery","Barrage"],"relics":["Cracked Core","Runic Capacitor","Whetstone","aspiration:MobileForge","MealTicket","PreservedInsect"],"acts_visited":["Exordium","TheCity"],"potions_floor_usage":[20,20,27,30],"damage_taken":[{"damage":0.0,"enemies":"2 Louse","floor":1.0,"turns":2.0},{"damage":0.0,"enemies":"Cultist","floor":4.0,"turns":3.0},{"damage":5.0,"enemies":"Small Slimes","floor":7.0,"turns":3.0},{"damage":0.0,"enemies":"2 Fungi Beasts","floor":9.0,"turns":6.0},{"damage":12.0,"enemies":"2 Fungi Beasts","floor":14.0,"turns":4.0},{"damage":20.0,"enemies":"Hexaghost","floor":16.0,"turns":8.0},{"damage":0,"enemies":"Spheric Guardian","floor":18,"turns":3},{"damage":10,"enemies":"Shell Parasite","floor":20,"turns":4},{"damage":13,"enemies":"Centurion and Healer","floor":22,"turns":6},{"damage":19,"enemies":"Snake Plant","floor":24,"turns":4},{"damage":34,"enemies":"Slavers","floor":27,"turns":6},{"damage":19,"enemies":"Sentry and Sphere","floor":28,"turns":7},{"damage":16,"enemies":"Colosseum Slavers","floor":30,"turns":5},{"damage":27,"enemies":"Automaton","floor":33,"turns":8}],"seed_played":"1835815743150874667","potions_obtained":[{"floor":7.0,"key":"Fire Potion"},{"floor":14.0,"key":"blueLaboratory:TrueEctoplasm"},{"floor":24,"key":"Energy Potion"},{"floor":27,"key":"SteroidPotion"}],"is_trial":false,"path_per_floor":["M","?","$","M","?","R","M","R","MIM","?","R","?","$","M","R","B",null,"M","$","M","?","M","R","M","R","T","E","M","$","?","?","R","B"],"character_chosen":"DEFECT","items_purchased":["Compile Driver","Runic Capacitor","Capacitor","Conserve Battery","Conserve Battery"],"campfire_rested":2,"item_purchase_floors":[3,3,13,13,19],"current_hp_per_floor":[75,75,75,75,75,75,70,70,70,75,75,60,60,48,48,28,75,75,75,65,65,52,52,33,55,55,21,2,17,1,1,23,0,0],"gold":8,"neow_bonus":"ONE_RANDOM_RARE_CARD","is_daily":false,"chose_seed":false,"campfire_upgraded":5,"win_rate":0.0,"timestamp":1610762526,"path_taken":["M","?","$","M","?","R","?","R","MIM","?","R","?","?","M","R","BOSS","M","$","M","?","M","R","M","R","T","E","M","$","?","?","R","BOSS"],"items_purchased_type":["Card","Relic","Card","Card","Card"],"build_version":"2020-12-22","purchased_purges":3,"victory":false,"max_hp_per_floor":[75,75,75,75,75,75,75,75,75,75,75,75,75,75,75,75,75,75,75,75,75,75,75,75,75,75,75,75,75,75,75,75,75,75],"relic_stats":{"counters":[14,69],"MealTicket":15,"PreservedInsect":0,"Whetstone":["Strike_B","Compile Driver"],"obtain_stats":[{"aspiration:MobileForge":17,"MealTicket":26,"PreservedInsect":27,"Runic Capacitor":3,"Whetstone":9,"Cracked Core":0},{"aspiration:MobileForge":6,"MealTicket":10,"PreservedInsect":11,"Runic Capacitor":1,"Whetstone":4,"Cracked Core":0},{"aspiration:MobileForge":26,"MealTicket":43,"PreservedInsect":49,"Runic Capacitor":2,"Whetstone":14,"Cracked Core":0}]},"card_choices":[{"not_picked":["Leap","Stack","Coolheaded"],"picked":"SKIP","floor":1.0},{"not_picked":["Sweeping Beam","Go for the Eyes"],"picked":"Compile Driver","floor":4.0},{"not_picked":["Coolheaded","Undo","Sweeping Beam"],"picked":"SKIP","floor":7.0},{"not_picked":["Ball Lightning","Beam Cell"],"picked":"Rainbow","floor":9.0},{"not_picked":["Go for the Eyes","Recycle"],"picked":"Capacitor","floor":14.0},{"not_picked":["Barrage","Gash+1"],"picked":"Chaos","floor":18},{"not_picked":["Redo","Capacitor","Static Discharge"],"picked":"SKIP","floor":20},{"not_picked":["Steam","Coolheaded+1"],"picked":"aspiration:Polymerization","floor":22},{"not_picked":["Hologram","Stack"],"picked":"Conserve Battery","floor":24},{"not_picked":["Leap","Steam","Auto Shields"],"picked":"SKIP","floor":27},{"not_picked":["Aggregate+1","Redo+1"],"picked":"Barrage","floor":28}],"player_experience":965525,"relics_obtained":[{"floor":9.0,"key":"Whetstone"},{"floor":26,"key":"MealTicket"},{"floor":27,"key":"PreservedInsect"}],"event_choices":[{"damage_healed":0.0,"max_hp_gain":0.0,"max_hp_loss":0.0,"gold_gain":175.0,"event_name":"betterThird:BetterSerpent","player_choice":"AGREE","floor":2.0,"gold_loss":0.0,"damage_taken":119.0},{"cards_removed":["Doubt"],"damage_healed":0.0,"max_hp_gain":0.0,"max_hp_loss":0.0,"gold_gain":0.0,"event_name":"Fountain of Cleansing","player_choice":"Removed Curses","floor":5.0,"gold_loss":0.0,"damage_taken":0.0},{"damage_healed":75.0,"max_hp_gain":0.0,"max_hp_loss":75.0,"gold_gain":0.0,"event_name":"betterThird:BetterShining","player_choice":"Upgrade","floor":12.0,"gold_loss":0.0,"damage_taken":15.0,"cards_upgraded":["Dualcast","Strike_B"]},{"damage_healed":0,"gold_gain":0,"player_choice":"Read","damage_taken":0,"max_hp_gain":0,"max_hp_loss":0,"event_name":"The Library","floor":21,"gold_loss":0,"cards_obtained":["Chaos"]},{"damage_healed":0,"gold_gain":0,"player_choice":"Fight","damage_taken":0,"max_hp_gain":0,"max_hp_loss":0,"event_name":"Colosseum","floor":30,"gold_loss":0},{"damage_healed":0,"gold_gain":0,"player_choice":"Fled From Nobs","damage_taken":0,"max_hp_gain":0,"max_hp_loss":0,"event_name":"Colosseum","floor":30,"gold_loss":0},{"damage_healed":0,"gold_gain":0,"player_choice":"Upgraded","damage_taken":0,"max_hp_gain":0,"max_hp_loss":0,"event_name":"Upgrade Shrine","floor":31,"gold_loss":0,"cards_upgraded":["Chaos"]}],"is_beta":false,"boss_relics":[{"not_picked":["aspiration:SecretTechniqueScroll","Runic Dome"],"picked":"aspiration:MobileForge"}],"items_purged_floors":[13,19,29],"is_endless":false,"potions_floor_spawned":[7,14,24,27],"killed_by":"Automaton","ascension_level":0}}