{"host":"cagarqi0rrp923hr","time":1610831460,"event":{"mods":["100% Spire Juice","BaseMod","Colored Map","Colored Powertips","Dark Map","Highlight Path","Minty Spire (QoL Compilation)","StSLib"],"gold_per_floor":[116,126,126,126,126,142,142,35,58,81,81,96,96,96],"floor_reached":13,"language":"ENG","playtime":650,"items_purged":[],"score":77,"play_id":"e27a874a-efce-45a9-baf5-07fbc0da7d48","local_time":"20210116161100","is_ascension_mode":false,"campfire_choices":[{"data":"Moonworks:DevilHand","floor":7,"key":"SMITH"}],"circlet_count":0,"master_deck":["Moonworks:Strike","Moonworks:Strike","Moonworks:Strike","Moonworks:Defend","Moonworks:Defend","Moonworks:Defend","Moonworks:Defend","Moonworks:Ambush","Moonworks:LongDistanceShot","Moonworks:EvilSpyWorkPreparation","Moonworks:DevilHand+1","Moonworks:LulusLuckyEgg","Moonworks:LulusLuckyEgg","Moonworks:MiracleWalker"],"relics":["Moonworks:BrokenBomb","Moonworks:Homemark","NeowsBlessing","Golden Idol","Potion Belt"],"acts_visited":["Exordium"],"potions_floor_usage":[13,13],"damage_taken":[{"damage":0,"enemies":"Small Slimes","floor":1,"turns":1},{"damage":0,"enemies":"Jaw Worm","floor":2,"turns":1},{"damage":0,"enemies":"Cultist","floor":6,"turns":1},{"damage":15,"enemies":"Gremlin Gang","floor":8,"turns":4},{"damage":4,"enemies":"Lots of Slimes","floor":10,"turns":3},{"damage":8,"enemies":"Large Slime","floor":12,"turns":6},{"damage":999,"enemies":"Gremlin Nob","floor":13,"turns":2}],"seed_played":"289453848038216241","potions_obtained":[{"floor":1,"key":"EssenceOfSteel"},{"floor":8,"key":"AttackPotion"},{"floor":12,"key":"AttackPotion"}],"is_trial":false,"path_per_floor":["M","M","?","?","?","M","R","M","T","M","$","M","E"],"character_chosen":"THE_STARBREAKER","items_purchased":[],"campfire_rested":0,"item_purchase_floors":[],"current_hp_per_floor":[60,60,56,49,49,49,49,34,34,30,30,22,0,0],"gold":96,"neow_bonus":"THREE_ENEMY_KILL","is_daily":false,"chose_seed":false,"campfire_upgraded":1,"win_rate":0.0,"timestamp":1610831460,"path_taken":["M","M","?","?","?","M","R","M","T","M","$","M","E"],"items_purchased_type":[],"build_version":"2020-12-22","purchased_purges":0,"victory":false,"max_hp_per_floor":[60,60,56,56,56,56,56,56,56,56,56,56,56,56],"card_choices":[{"not_picked":["Moonworks:MiracleWalker","Moonworks:DeployBits","Moonworks:CompletionReward"],"picked":"SKIP","floor":1},{"not_picked":["Moonworks:IntelligenceOfficer","Moonworks:DeployBits"],"picked":"Moonworks:EvilSpyWorkPreparation","floor":2},{"not_picked":["Moonworks:Assault","Moonworks:LuckyCharm"],"picked":"Moonworks:DevilHand","floor":6},{"not_picked":["Moonworks:SakisCookie","Moonworks:StiffCrystal"],"picked":"Moonworks:LulusLuckyEgg","floor":8},{"not_picked":["Moonworks:Assault","Moonworks:ImOnFire"],"picked":"Moonworks:LulusLuckyEgg","floor":10},{"not_picked":["Moonworks:AngelHand","Moonworks:IndiscriminateFireSupport"],"picked":"Moonworks:MiracleWalker","floor":12}],"player_experience":19585,"relics_obtained":[{"floor":9,"key":"Potion Belt"}],"event_choices":[{"damage_healed":0,"gold_gain":0,"player_choice":"Lose Max HP","damage_taken":0,"relics_obtained":["Golden Idol"],"max_hp_gain":0,"max_hp_loss":4,"event_name":"Golden Idol","floor":3,"gold_loss":0},{"cards_removed":["Moonworks:Strike"],"damage_healed":0,"gold_gain":0,"player_choice":"Card Removal","damage_taken":7,"max_hp_gain":0,"max_hp_loss":0,"event_name":"Golden Wing","floor":4,"gold_loss":0},{"damage_healed":0,"gold_gain":0,"player_choice":"Leave","damage_taken":0,"max_hp_gain":0,"max_hp_loss":0,"event_name":"The Cleric","floor":5,"gold_loss":0}],"is_beta":false,"boss_relics":[],"items_purged_floors":[],"is_endless":false,"potions_floor_spawned":[1,8,12],"killed_by":"Gremlin Nob","ascension_level":0}}