{"host":"4axoa1rfjgnprp9l","time":1610787066,"event":{"mods":["2.2 Compatiblity","AchievementEnabler","BaseMod","Colored Map","DeckTracker","Highlight Path","Minty Spire (QoL Compilation)","Permanent Neow","StSLib","SuperFastMode"],"gold_per_floor":[20,32,109,119,136,162,162,180,180,180,198,198,198,237,237,237,237],"floor_reached":16,"language":"KOR","playtime":481,"items_purged":[],"score":224,"play_id":"26addb58-9475-4363-a5ab-e9e77726647b","local_time":"20210116175106","is_ascension_mode":true,"campfire_choices":[{"data":"Dagger Spray","floor":7.0,"key":"SMITH"},{"data":"Predator","floor":10.0,"key":"SMITH"},{"data":"Blade Dance","floor":12.0,"key":"SMITH"},{"data":"Cloak And Dagger","floor":15.0,"key":"SMITH"}],"circlet_count":0,"master_deck":["AscendersBane","Strike_G","Strike_G","Strike_G","Strike_G","Strike_G","Defend_G","Defend_G","Defend_G","Defend_G","Defend_G","Survivor","Neutralize","Dagger Spray+1","Predator+1","Backstab","Cloak And Dagger+1","Reflex","Blade Dance+1"],"relics":["Ring of the Snake","Ginger","Eternal Feather","Singing Bowl","Golden Idol","Dream Catcher"],"acts_visited":["Exordium"],"potions_floor_usage":[],"damage_taken":[{"damage":2.0,"enemies":"Cultist","floor":1.0,"turns":5.0},{"damage":1.0,"enemies":"2 Louse","floor":2.0,"turns":4.0},{"damage":0.0,"enemies":"Small Slimes","floor":4.0,"turns":4.0},{"damage":2.0,"enemies":"Exordium Wildlife","floor":5.0,"turns":3.0},{"damage":22.0,"enemies":"3 Sentries","floor":6.0,"turns":11.0},{"damage":3.0,"enemies":"Blue Slaver","floor":8.0,"turns":3.0},{"damage":5.0,"enemies":"Large Slime","floor":11.0,"turns":4.0},{"damage":29.0,"enemies":"Lagavulin","floor":14.0,"turns":6.0},{"damage":43,"enemies":"Hexaghost","floor":16,"turns":8}],"seed_played":"2230430367162851675","potions_obtained":[{"floor":2.0,"key":"SneckoOil"},{"floor":6.0,"key":"Fruit Juice"},{"floor":11.0,"key":"LiquidBronze"}],"is_trial":false,"path_per_floor":["M","M","?","M","M","E","R","M","T","R","M","R","?","E","R","B"],"character_chosen":"THE_SILENT","items_purchased":[],"campfire_rested":0,"item_purchase_floors":[],"current_hp_per_floor":[57,56,56,56,54,37,46,43,43,52,47,56,56,29,38,0,0],"gold":237,"neow_bonus":"ONE_RARE_RELIC","is_daily":false,"chose_seed":false,"campfire_upgraded":4,"win_rate":0.0,"timestamp":1610787066,"path_taken":["M","?","?","M","M","E","R","M","T","R","M","R","?","E","R","BOSS"],"items_purchased_type":[],"build_version":"2020-12-22","purchased_purges":0,"victory":false,"max_hp_per_floor":[66,66,66,66,66,71,71,71,71,71,71,71,64,66,66,66,66],"card_choices":[{"not_picked":["Sucker Punch","Bane"],"picked":"Dagger Spray","floor":1.0},{"not_picked":["Setup","Acrobatics"],"picked":"Predator","floor":2.0},{"not_picked":["Underhanded Strike","Deadly Poison"],"picked":"Backstab","floor":4.0},{"not_picked":["Setup","Underhanded Strike"],"picked":"Cloak And Dagger","floor":5.0},{"not_picked":["Blur","Unload"],"picked":"Reflex","floor":6.0},{"not_picked":["Cloak And Dagger","Slice","Deadly Poison"],"picked":"SKIP","floor":8.0},{"not_picked":["Dodge and Roll","Deadly Poison"],"picked":"Blade Dance","floor":11.0},{"not_picked":["Outmaneuver","Bane","Dagger Spray"],"picked":"Singing Bowl","floor":14.0}],"player_experience":859176,"relics_obtained":[{"floor":6.0,"key":"Eternal Feather"},{"floor":9.0,"key":"Singing Bowl"},{"floor":14.0,"key":"Dream Catcher"}],"event_choices":[{"damage_healed":0.0,"max_hp_gain":0.0,"max_hp_loss":0.0,"gold_gain":77.0,"event_name":"Golden Wing","player_choice":"Gained Gold","floor":3.0,"gold_loss":0.0,"damage_taken":0.0},{"damage_healed":0.0,"max_hp_gain":0.0,"max_hp_loss":7.0,"gold_gain":0.0,"event_name":"Golden Idol","player_choice":"Lose Max HP","floor":13.0,"gold_loss":0.0,"damage_taken":0.0,"relics_obtained":["Golden Idol"]}],"is_beta":false,"boss_relics":[],"items_purged_floors":[],"is_endless":false,"potions_floor_spawned":[2,6,11],"killed_by":"Hexaghost","ascension_level":20}}