{"host":"yn1175etg9ni8l0q","time":1610823494,"event":{"mods":["AchievementEnabler","BaseMod","Colored Map","Colored Powertips","DeckTracker","Minty Spire (QoL Compilation)","Rare Cards Sparkle","Relic Stats","SuperFastMode","everything is the same but u backflip on backflip"],"gold_per_floor":[112,128,147,147,161,161,176,190,268,285,285,285,314,333,333,430,430,447,447,447,447,372,399,399,411,434,359,432,447,459,474,474,571,571,591,441,491,503,2,2,2,2,28,28,39,67,0,10,10,10,10,10,10,37,37],"floor_reached":56,"language":"KOR","playtime":2041,"items_purged":["Strike_G+1","Dash","Defend_G+1"],"score":1449,"play_id":"2d82d369-6f80-45de-912d-8be95d18aaba","local_time":"20210117035814","is_ascension_mode":false,"campfire_choices":[{"data":"Neutralize","floor":6,"key":"SMITH"},{"data":"Bouncing Flask","floor":11,"key":"SMITH"},{"floor":15,"key":"REST"},{"data":"Burst","floor":24,"key":"SMITH"},{"data":"Footwork","floor":32,"key":"SMITH"},{"data":"Acrobatics","floor":40,"key":"SMITH"},{"floor":49,"key":"RECALL"},{"data":"Deadly Poison","floor":52,"key":"SMITH"}],"circlet_count":0,"master_deck":["Defend_G+1","Defend_G+1","Defend_G+1","Survivor","Cloak And Dagger","Acrobatics+1","Deadly Poison+1","Burst+1","Escape Plan","Bouncing Flask+1","PiercingWail","Deflect","Adrenaline+1","Calculated Gamble+1","Corpse Explosion+1","Reflex+1","Catalyst+1","Footwork+1","Tactician+1","Backflip+1","Crippling Poison+1","Thinking Ahead+1","Malaise+1"],"relics":["Ring of the Snake","Shuriken","Toxic Egg 2","Gambling Chip","Blood Vial","Centennial Puzzle","Sozu","Unceasing Top","Snake Skull","Medical Kit","Omamori","MealTicket","Red Mask","Mango"],"acts_visited":["Exordium","TheCity","TheBeyond","TheEnding"],"potions_floor_usage":[55,55,55],"damage_taken":[{"damage":0,"enemies":"Small Slimes","floor":1,"turns":5},{"damage":0,"enemies":"2 Louse","floor":2,"turns":3},{"damage":0,"enemies":"Cultist","floor":3,"turns":4},{"damage":1,"enemies":"Large Slime","floor":5,"turns":6},{"damage":4,"enemies":"3 Louse","floor":7,"turns":5},{"damage":1,"enemies":"2 Fungi Beasts","floor":8,"turns":4},{"damage":1,"enemies":"Looter","floor":10,"turns":4},{"damage":2,"enemies":"Lagavulin","floor":13,"turns":4},{"damage":0,"enemies":"Gremlin Gang","floor":14,"turns":4},{"damage":11,"enemies":"Slime Boss","floor":16,"turns":8},{"damage":0,"enemies":"Chosen","floor":18,"turns":3},{"damage":4,"enemies":"Book of Stabbing","floor":23,"turns":5},{"damage":0,"enemies":"Shell Parasite","floor":25,"turns":3},{"damage":0,"enemies":"Snake Plant","floor":29,"turns":3},{"damage":0,"enemies":"Centurion and Healer","floor":30,"turns":2},{"damage":0,"enemies":"Cultist and Chosen","floor":31,"turns":1},{"damage":0,"enemies":"Automaton","floor":33,"turns":4},{"damage":0,"enemies":"3 Darklings","floor":35,"turns":1},{"damage":0,"enemies":"Mind Bloom Boss Battle","floor":37,"turns":3},{"damage":0,"enemies":"3 Shapes","floor":38,"turns":1},{"damage":0,"enemies":"Spire Growth","floor":45,"turns":2},{"damage":10,"enemies":"Reptomancer","floor":46,"turns":3},{"damage":0,"enemies":"Transient","floor":48,"turns":5},{"damage":0,"enemies":"Donu and Deca","floor":50,"turns":5},{"damage":0,"enemies":"Shield and Spear","floor":54,"turns":2},{"damage":43,"enemies":"The Heart","floor":55,"turns":3}],"seed_played":"6051758821602062661","potions_obtained":[{"floor":2,"key":"Dexterity Potion"},{"floor":8,"key":"Dexterity Potion"},{"floor":10,"key":"DuplicationPotion"},{"floor":14,"key":"CultistPotion"},{"floor":23,"key":"Poison Potion"}],"is_trial":false,"path_per_floor":["M","M","M","?","M","R","M","M","T","M","R","?","E","M","R","B",null,"M","?","?","?","?","E","R","M","T","$","T","M","M","M","R","B",null,"M","$","?","M","$","R","?","?","T","?","M","E","?","M","R","B",null,"R","$","E","B",null],"character_chosen":"THE_SILENT","items_purchased":["Backflip+1","Snake Skull","Medical Kit","Crippling Poison+1"],"campfire_rested":1,"item_purchase_floors":[36,39,39,39],"current_hp_per_floor":[49,49,49,42,41,41,37,36,36,35,35,28,26,26,47,36,70,70,70,57,57,57,53,53,55,55,55,55,57,59,61,61,63,75,75,75,75,75,75,75,65,65,65,65,67,59,59,61,61,63,71,71,71,85,42],"gold":37,"neow_bonus":"TRANSFORM_TWO_CARDS","is_daily":false,"chose_seed":false,"campfire_upgraded":6,"win_rate":0.0,"timestamp":1610823494,"path_taken":["M","M","M","?","M","R","M","M","T","M","R","?","E","M","R","BOSS","M","?","?","?","?","E","R","M","T","$","?","M","M","M","R","BOSS","M","?","?","M","$","R","?","?","T","?","M","E","?","M","R","BOSS","R","$","E","BOSS"],"items_purchased_type":["Card","Relic","Relic","Card"],"build_version":"2020-12-22","purchased_purges":3,"victory":true,"max_hp_per_floor":[70,70,70,70,70,70,70,70,70,70,70,70,70,70,70,70,70,70,70,75,75,75,75,75,75,75,75,75,75,75,75,75,75,75,75,75,75,75,75,75,75,71,71,71,71,71,71,71,71,71,71,71,71,85,85],"relic_stats":{"Blood Vial":18,"Sozu":0,"Centennial Puzzle":[6],"counters":[26,93],"Shuriken":[3],"Gambling Chip":[75],"MealTicket":0,"Snake Skull":[94],"Medical Kit":[10],"obtain_stats":[{"Mango":54,"Snake Skull":39,"Omamori":43,"Medical Kit":39,"Blood Vial":23,"Sozu":34,"Centennial Puzzle":26,"Shuriken":9,"Gambling Chip":13,"MealTicket":46,"Red Mask":47,"Toxic Egg 2":12,"Unceasing Top":37,"Ring of the Snake":0},{"Mango":25,"Snake Skull":20,"Omamori":20,"Medical Kit":20,"Blood Vial":12,"Sozu":17,"Centennial Puzzle":13,"Shuriken":6,"Gambling Chip":8,"MealTicket":22,"Red Mask":22,"Toxic Egg 2":7,"Unceasing Top":19,"Ring of the Snake":0},{"Mango":90,"Snake Skull":73,"Omamori":73,"Medical Kit":73,"Blood Vial":55,"Sozu":68,"Centennial Puzzle":58,"Shuriken":27,"Gambling Chip":35,"MealTicket":78,"Red Mask":78,"Toxic Egg 2":31,"Unceasing Top":72,"Ring of the Snake":0}],"Unceasing Top":[8],"Ring of the Snake":[52]},"card_choices":[{"not_picked":["Backflip","Outmaneuver"],"picked":"Acrobatics","floor":1},{"not_picked":["Noxious Fumes","Backflip"],"picked":"Deadly Poison","floor":2},{"not_picked":["Deadly Poison","Poisoned Stab"],"picked":"Burst","floor":3},{"not_picked":["Deflect","Sucker Punch"],"picked":"Escape Plan","floor":5},{"not_picked":["Underhanded Strike","Dodge and Roll"],"picked":"Bouncing Flask","floor":7},{"not_picked":["Dagger Spray","Slice"],"picked":"PiercingWail","floor":8},{"not_picked":["Infinite Blades","Noxious Fumes"],"picked":"Deflect","floor":10},{"not_picked":["Slice","Prepared+1"],"picked":"Adrenaline+1","floor":13},{"not_picked":["Outmaneuver+1","Underhanded Strike"],"picked":"Calculated Gamble+1","floor":14},{"not_picked":["Burst+1","Bullet Time+1"],"picked":"Corpse Explosion+1","floor":16},{"not_picked":["Poisoned Stab","Slice","Dagger Throw"],"picked":"SKIP","floor":18},{"not_picked":["A Thousand Cuts","Outmaneuver+1","Distraction+1"],"picked":"SKIP","floor":23},{"not_picked":["Choke","Prepared+1","All Out Attack+1"],"picked":"SKIP","floor":25},{"not_picked":["Dagger Throw","Cloak And Dagger+1"],"picked":"Catalyst+1","floor":29},{"not_picked":["Dash","Quick Slash+1"],"picked":"Footwork","floor":30},{"not_picked":["Bane","Cloak And Dagger+1"],"picked":"Tactician+1","floor":31},{"not_picked":["Poisoned Stab","Concentrate+1","Setup+1"],"picked":"SKIP","floor":35},{"not_picked":["Blade Dance+1","Infinite Blades","Escape Plan+1"],"picked":"SKIP","floor":38},{"not_picked":["Panacea+1","Dramatic Entrance"],"picked":"Thinking Ahead+1","floor":41},{"not_picked":["Outmaneuver+1","Deadly Poison+1","Calculated Gamble+1"],"picked":"SKIP","floor":45},{"not_picked":["Eviscerate","Cloak And Dagger+1","Acrobatics+1"],"picked":"SKIP","floor":46},{"not_picked":["Quick Slash+1","Finisher+1","Blade Dance+1"],"picked":"SKIP","floor":48},{"not_picked":["Distraction+1","Outmaneuver+1"],"picked":"Malaise+1","floor":54}],"player_experience":334688,"relics_obtained":[{"floor":9,"key":"Shuriken"},{"floor":13,"key":"Gambling Chip"},{"floor":23,"key":"Blood Vial"},{"floor":26,"key":"Centennial Puzzle"},{"floor":37,"key":"Unceasing Top"},{"floor":43,"key":"Omamori"},{"floor":46,"key":"MealTicket"},{"floor":54,"key":"Mango"}],"event_choices":[{"cards_removed":["Strike_G"],"damage_healed":0,"gold_gain":0,"player_choice":"Card Removal","damage_taken":7,"max_hp_gain":0,"max_hp_loss":0,"event_name":"Golden Wing","floor":4,"gold_loss":0},{"damage_healed":0,"gold_gain":0,"player_choice":"Success","damage_taken":7,"relics_obtained":["Toxic Egg 2"],"max_hp_gain":0,"max_hp_loss":0,"event_name":"Scrap Ooze","floor":12,"gold_loss":0},{"damage_healed":0,"gold_gain":0,"player_choice":"Simplicity","damage_taken":0,"max_hp_gain":0,"max_hp_loss":0,"event_name":"Back to Basics","floor":19,"gold_loss":0,"cards_upgraded":["Strike_G","Strike_G","Strike_G","Defend_G","Defend_G","Defend_G","Defend_G"]},{"damage_healed":0,"gold_gain":0,"player_choice":"Shed Blood","damage_taken":18,"max_hp_gain":5,"max_hp_loss":0,"event_name":"Forgotten Altar","floor":20,"gold_loss":0},{"damage_healed":0,"gold_gain":0,"cards_transformed":["Envenom","Strike_G"],"player_choice":"Became Test Subject","damage_taken":0,"max_hp_gain":0,"max_hp_loss":0,"event_name":"Drug Dealer","floor":21,"gold_loss":0,"cards_obtained":["Reflex","Dash"]},{"cards_removed":["Strike_G"],"damage_healed":0,"gold_gain":0,"player_choice":"Gave Gold","damage_taken":0,"max_hp_gain":0,"max_hp_loss":0,"event_name":"Beggar","floor":22,"gold_loss":75},{"damage_healed":0,"gold_gain":0,"player_choice":"Fight","damage_taken":0,"max_hp_gain":0,"max_hp_loss":0,"event_name":"MindBloom","floor":37,"gold_loss":0},{"damage_healed":0,"gold_gain":0,"player_choice":"Memory 3","damage_taken":10,"max_hp_gain":0,"max_hp_loss":0,"event_name":"SensoryStone","floor":41,"gold_loss":0},{"damage_healed":0,"gold_gain":0,"player_choice":"Max HP","damage_taken":0,"max_hp_gain":0,"max_hp_loss":4,"event_name":"Winding Halls","floor":42,"gold_loss":0},{"cards_removed":["Neutralize"],"damage_healed":0,"gold_gain":0,"player_choice":"Removed Attack","damage_taken":0,"max_hp_gain":0,"max_hp_loss":0,"event_name":"Falling","floor":44,"gold_loss":0},{"damage_healed":0,"gold_gain":0,"player_choice":"Paid","damage_taken":0,"relics_obtained":["Red Mask"],"max_hp_gain":0,"max_hp_loss":0,"event_name":"Tomb of Lord Red Mask","floor":47,"gold_loss":67}],"is_beta":false,"boss_relics":[{"not_picked":["Runic Dome","Philosopher\u0027s Stone","Ectoplasm"]},{"not_picked":["Cursed Key","Fusion Hammer"],"picked":"Sozu"}],"items_purged_floors":[27,36,39],"is_endless":false,"potions_floor_spawned":[2,8,10,13,14,16,23,29,35,48],"ascension_level":0}}