{"host":"suz71vtxgenuxsxs","time":1610792937,"event":{"mods":["2.2 Compatiblity","AchievementEnabler","BaseMod","Colored Map","Hermit","Minty Spire (QoL Compilation)","Rare Cards Sparkle","StSLib","SuperFastMode","everything is the same but u backflip on backflip"],"gold_per_floor":[363,383,226,226,240,240,276,276,276,290,290,290,309,327,327,450,450,473,473,492,271,289,289,289,164,164,178,196,211,211,252,252,373,373,394,414,41,65,65,65,101,121,173,188,209,34,48,81,81,81],"floor_reached":51,"language":"KOR","playtime":2417,"items_purged":["Strike_G","Strike_G","Strike_G","Strike_G","Defend_G"],"score":1150,"play_id":"f2051ea7-163d-4c16-8945-0922a7f5d4bf","local_time":"20210116192857","is_ascension_mode":true,"campfire_choices":[{"data":"Footwork","floor":6.0,"key":"SMITH"},{"floor":12.0,"key":"REST"},{"data":"Blade Dance","floor":15.0,"key":"SMITH"},{"data":"After Image","floor":23.0,"key":"SMITH"},{"data":"Footwork","floor":32.0,"key":"SMITH"},{"floor":40.0,"key":"REST"},{"floor":49.0,"key":"REST"}],"circlet_count":0,"master_deck":["Defend_G","Defend_G+1","Defend_G","Survivor","Neutralize","Footwork+1","Blade Dance+1","Infinite Blades","Backflip","Blade Dance","After Image+1","Footwork+1","Blade Dance+1","Acrobatics","Acrobatics","PiercingWail+1","Blade Dance","After Image+1","Blade Dance","Adrenaline","Outmaneuver+1","Prepared+1","Cloak And Dagger+1","Dodge and Roll+1","Finisher+1","Finisher+1","After Image"],"relics":["Ring of the Serpent","Golden Idol","Akabeko","Shuriken","Blue Candle","WristBlade","Ancient Tea Set","Tough Bandages","Pen Nib","HornCleat","War Paint","Lizard Tail"],"acts_visited":["Exordium","TheCity","TheBeyond"],"potions_floor_usage":[50],"damage_taken":[{"damage":0.0,"enemies":"2 Louse","floor":1.0,"turns":3.0},{"damage":0.0,"enemies":"Small Slimes","floor":2.0,"turns":4.0},{"damage":2.0,"enemies":"Jaw Worm","floor":5.0,"turns":3.0},{"damage":10.0,"enemies":"3 Sentries","floor":7.0,"turns":11.0},{"damage":0.0,"enemies":"2 Fungi Beasts","floor":10.0,"turns":4.0},{"damage":0.0,"enemies":"Exordium Thugs","floor":13.0,"turns":4.0},{"damage":6.0,"enemies":"Looter","floor":14.0,"turns":2.0},{"damage":0.0,"enemies":"Slime Boss","floor":16.0,"turns":7.0},{"damage":0.0,"enemies":"Spheric Guardian","floor":18.0,"turns":1.0},{"damage":14.0,"enemies":"2 Thieves","floor":20.0,"turns":3.0},{"damage":0.0,"enemies":"Snecko","floor":22.0,"turns":4.0},{"damage":3.0,"enemies":"Centurion and Healer","floor":27.0,"turns":5.0},{"damage":4.0,"enemies":"Snake Plant","floor":28.0,"turns":4.0},{"damage":0.0,"enemies":"Snecko","floor":29.0,"turns":5.0},{"damage":0.0,"enemies":"Gremlin Leader","floor":31.0,"turns":2.0},{"damage":13.0,"enemies":"Collector","floor":33.0,"turns":8.0},{"damage":19.0,"enemies":"3 Darklings","floor":35.0,"turns":5.0},{"damage":10.0,"enemies":"3 Shapes","floor":36.0,"turns":4.0},{"damage":2.0,"enemies":"Spire Growth","floor":38.0,"turns":3.0},{"damage":0.0,"enemies":"Reptomancer","floor":41.0,"turns":4.0},{"damage":0.0,"enemies":"3 Darklings","floor":42.0,"turns":4.0},{"damage":7.0,"enemies":"Jaw Worm Horde","floor":44.0,"turns":3.0},{"damage":0.0,"enemies":"Sphere and 2 Shapes","floor":45.0,"turns":3.0},{"damage":0.0,"enemies":"Maw","floor":47.0,"turns":5.0},{"damage":0.0,"enemies":"Giant Head","floor":48.0,"turns":5.0},{"damage":8,"enemies":"Time Eater","floor":50,"turns":9}],"seed_played":"-9051411306179384898","potions_obtained":[{"floor":1.0,"key":"Dexterity Potion"},{"floor":13.0,"key":"SpeedPotion"},{"floor":14.0,"key":"Explosive Potion"},{"floor":18.0,"key":"BlessingOfTheForge"},{"floor":22.0,"key":"EntropicBrew"},{"floor":28.0,"key":"LiquidMemories"},{"floor":31.0,"key":"GamblersBrew"},{"floor":33.0,"key":"SpeedPotion"},{"floor":35.0,"key":"CunningPotion"},{"floor":41.0,"key":"LiquidBronze"},{"floor":45.0,"key":"SmokeBomb"},{"floor":47.0,"key":"BlessingOfTheForge"}],"is_trial":false,"path_per_floor":["M","M","$","?","M","R","E","?","T","M","?","R","M","M","R","B",null,"M","?","M","$","M","R","?","$","T","M","M","M","?","E","R","B",null,"M","M","$","M","?","R","E","M","T","M","M","$","M","E","R","B",null],"character_chosen":"THE_SILENT","items_purchased":["Infinite Blades","Footwork","Blade Dance","Pen Nib","CunningPotion"],"campfire_rested":3,"item_purchase_floors":[3,21,21,37,37],"current_hp_per_floor":[63,63,63,58,56,56,46,34,34,34,27,44,44,38,38,38,53,53,53,39,39,39,39,39,39,39,36,32,32,32,32,32,19,48,29,19,19,17,17,34,34,34,34,27,27,27,27,27,44,36],"gold":81,"neow_bonus":"TWO_FIFTY_GOLD","is_daily":false,"chose_seed":false,"campfire_upgraded":4,"win_rate":0.0,"timestamp":1610792937,"path_taken":["M","M","$","?","M","R","E","?","T","M","?","R","M","M","R","BOSS","M","?","M","$","M","R","?","$","T","?","M","M","?","E","R","BOSS","M","M","$","M","?","R","E","?","T","M","M","$","M","E","R","BOSS"],"items_purchased_type":["Card","Card","Card","Relic","Potion"],"build_version":"2020-12-22","purchased_purges":5,"victory":true,"max_hp_per_floor":[63,63,63,58,58,58,58,58,58,58,58,58,58,58,58,58,58,58,58,58,58,58,58,58,58,58,58,58,58,58,58,58,58,58,58,58,58,58,58,58,58,58,58,58,58,58,58,58,58,58],"card_choices":[{"not_picked":["Blade Dance","Quick Slash"],"picked":"Footwork","floor":1.0},{"not_picked":["Sucker Punch","Acrobatics"],"picked":"Blade Dance","floor":2.0},{"not_picked":["Flying Knee","Prepared"],"picked":"Grand Finale","floor":5.0},{"not_picked":["Quick Slash","Concentrate","Flying Knee"],"picked":"SKIP","floor":7.0},{"not_picked":["Sucker Punch","Acrobatics"],"picked":"Backflip","floor":10.0},{"not_picked":["Skewer","Underhanded Strike"],"picked":"Blade Dance","floor":13.0},{"not_picked":["Doppelganger","Flying Knee","Outmaneuver"],"picked":"SKIP","floor":14.0},{"not_picked":["Bullet Time","Unload"],"picked":"After Image","floor":16.0},{"not_picked":["Poisoned Stab","Flying Knee","Bane+1"],"picked":"SKIP","floor":18.0},{"not_picked":["Sucker Punch","Riddle With Holes+1","Dagger Throw"],"picked":"SKIP","floor":20.0},{"not_picked":["Unload","Predator"],"picked":"Acrobatics","floor":22.0},{"not_picked":["Quick Slash","Dagger Throw","Dagger Spray+1"],"picked":"SKIP","floor":27.0},{"not_picked":["Sucker Punch","Masterful Stab"],"picked":"PiercingWail+1","floor":28.0},{"not_picked":["Poisoned Stab","Dagger Spray"],"picked":"Blade Dance","floor":29.0},{"not_picked":["Flying Knee","Backflip"],"picked":"Blade Dance","floor":31.0},{"not_picked":["Unload","Doppelganger"],"picked":"Adrenaline","floor":33.0},{"not_picked":["Dagger Spray","Poisoned Stab"],"picked":"Outmaneuver+1","floor":35.0},{"not_picked":["Crippling Poison","Well Laid Plans"],"picked":"Prepared+1","floor":36.0},{"not_picked":["Slice","Distraction","Blur"],"picked":"SKIP","floor":38.0},{"not_picked":["Unload","Quick Slash"],"picked":"Cloak And Dagger+1","floor":41.0},{"not_picked":["Setup","Blur"],"picked":"Dodge and Roll+1","floor":42.0},{"not_picked":["Flying Knee+1","Slice"],"picked":"Finisher+1","floor":44.0},{"not_picked":["Quick Slash+1","Riddle With Holes+1"],"picked":"Finisher+1","floor":45.0},{"not_picked":["Distraction+1","Masterful Stab","Cloak And Dagger"],"picked":"SKIP","floor":47.0},{"not_picked":["Bouncing Flask+1","Outmaneuver+1"],"picked":"After Image","floor":48.0}],"player_experience":353355,"relics_obtained":[{"floor":7.0,"key":"Akabeko"},{"floor":9.0,"key":"Blue Candle"},{"floor":26.0,"key":"Ancient Tea Set"},{"floor":31.0,"key":"Tough Bandages"},{"floor":41.0,"key":"HornCleat"},{"floor":43.0,"key":"War Paint"},{"floor":48.0,"key":"Lizard Tail"}],"event_choices":[{"damage_healed":0.0,"max_hp_gain":0.0,"max_hp_loss":5.0,"gold_gain":0.0,"event_name":"Golden Idol","player_choice":"Lose Max HP","floor":4.0,"gold_loss":0.0,"damage_taken":0.0,"relics_obtained":["Golden Idol"]},{"damage_healed":0.0,"max_hp_gain":0.0,"max_hp_loss":0.0,"gold_gain":0.0,"event_name":"Scrap Ooze","player_choice":"Success","floor":8.0,"gold_loss":0.0,"damage_taken":12.0,"relics_obtained":["Shuriken"]},{"cards_removed":["Grand Finale"],"damage_healed":0.0,"max_hp_gain":0.0,"max_hp_loss":0.0,"gold_gain":0.0,"event_name":"Golden Wing","player_choice":"Card Removal","floor":11.0,"gold_loss":0.0,"damage_taken":7.0},{"damage_healed":0.0,"max_hp_gain":0.0,"max_hp_loss":0.0,"gold_gain":0.0,"event_name":"Ghosts","player_choice":"Ignored","floor":19.0,"gold_loss":0.0,"damage_taken":0.0},{"damage_healed":0.0,"max_hp_gain":0.0,"max_hp_loss":0.0,"gold_gain":0.0,"cards_transformed":["Strike_G"],"event_name":"Transmorgrifier","player_choice":"Transformed","floor":24.0,"gold_loss":0.0,"damage_taken":0.0,"cards_obtained":["Acrobatics"]},{"damage_healed":0.0,"max_hp_gain":0.0,"max_hp_loss":0.0,"gold_gain":0.0,"event_name":"Duplicator","player_choice":"Copied","floor":30.0,"gold_loss":0.0,"damage_taken":0.0,"cards_obtained":["After Image"]},{"cards_removed":["Defend_G"],"damage_healed":0.0,"max_hp_gain":0.0,"max_hp_loss":0.0,"gold_gain":0.0,"event_name":"Purifier","player_choice":"Purged","floor":39.0,"gold_loss":0.0,"damage_taken":0.0}],"is_beta":false,"boss_relics":[{"not_picked":["Fusion Hammer","Coffee Dripper"],"picked":"WristBlade"},{"not_picked":["Runic Pyramid","Runic Dome"],"picked":"Ring of the Serpent"}],"items_purged_floors":[3,21,25,37,46],"is_endless":false,"potions_floor_spawned":[1,13,14,18,22,28,31,33,35,41,45,47],"ascension_level":6}}