{"host":"8ps3pfk2b2drr3ex","time":1610824763,"event":{"mods":["2.2 Compatiblity","AchievementEnabler","Act Like it!","BaseMod","Bestiary","Better Match","BetterRewards","Colored Map","Colored Powertips","Conspire","Downfall","Evolution","GifTheSpireLib","Gold Saver","Hallownest","Hubris","Minty Spire (QoL Compilation)","Permanent Neow","Relic Filter","Shop Mod","StSLib","Stuff the Spire","The Animator"],"gold_per_floor":[895,907,921,921,311,340,389,443,504,530,573,600,700,204,233,338,338,338,356,369,381,381,381,457,484,484,484,512,523,523,557,572,572,572,572],"floor_reached":33,"language":"ENG","playtime":7516,"items_purged":["champ:Defend","champ:Defend"],"score":387,"play_id":"5d32c3d0-1f2d-469c-a491-22e4ae8aef4c","local_time":"20210116141923","is_ascension_mode":true,"campfire_choices":[{"data":"champ:Taunt","floor":1.0,"key":"SMITH"},{"data":"Madness","floor":18.0,"key":"SMITH"},{"data":"Madness","floor":23,"key":"SMITH"},{"data":"champ:HoldFirm","floor":26,"key":"SMITH"},{"data":"champ:IronFortress","floor":30,"key":"SMITH"}],"circlet_count":1,"master_deck":["champ:Strike","champ:Strike","champ:Strike","champ:Strike","champ:Defend","champ:Defend","champ:Execute","champ:Taunt+1","expansioncontent:GuardianWhirl+1","champ:BringItOn+1","champ:StanceDance","champ:FlashCut","champ:TornadoPunch","champ:IronFortress+1","Madness+1","champ:Haymaker","Madness+1","champ:VampiricStrike+1","champ:ViciousMockery","champ:Circumvent","champ:Circumvent","champ:HoldFirm+1","champ:PreciseThrust+1","champ:Shatter+1","Pain","champ:SkillfulDodge+1","champ:AdrenalArmor+1","champ:LastStand"],"relics":["champ:ChampionCrown","EVO:Axolotl","Circlet","Tiny Chest","Strange Spoon","MealTicket","Akabeko","hubris:TinFlute","SlaversCollar","WarpedTongs","Question Card","Mummified Hand","StuffTheSpire:Barrel","Oddly Smooth Stone"],"acts_visited":["Exordium","TheCity"],"potions_floor_usage":[33,33],"damage_taken":[{"damage":0.0,"enemies":"2 Louse","floor":2.0,"turns":1.0},{"damage":5.0,"enemies":"Cultist","floor":3.0,"turns":4.0},{"damage":5.0,"enemies":"downfall:FleeingMerchant","floor":5.0,"turns":4.0},{"damage":8.0,"enemies":"conspire:RoseBush","floor":6.0,"turns":2.0},{"damage":11.0,"enemies":"Gremlin Gang","floor":8.0,"turns":4.0},{"damage":3.0,"enemies":"3 Sentries","floor":9.0,"turns":4.0},{"damage":1.0,"enemies":"Blue Slaver","floor":10.0,"turns":3.0},{"damage":42.0,"enemies":"Replay:BlueRogue","floor":11.0,"turns":5.0},{"damage":3.0,"enemies":"Red Slaver","floor":12.0,"turns":3.0},{"damage":0.0,"enemies":"downfall:FleeingMerchant","floor":14.0,"turns":4.0},{"damage":14.0,"enemies":"Large Slime","floor":15.0,"turns":3.0},{"damage":31.0,"enemies":"downfall:Watcher","floor":16.0,"turns":10.0},{"damage":16.0,"enemies":"Shell Parasite","floor":19.0,"turns":7.0},{"damage":1,"enemies":"conspire:FuzzyDice","floor":20,"turns":5},{"damage":25,"enemies":"conspire:HollyBat","floor":21,"turns":8},{"damage":11,"enemies":"conspire:SneckoGhost","floor":25,"turns":6},{"damage":9,"enemies":"conspire:Head Lice","floor":28,"turns":9},{"damage":14,"enemies":"Snake Plant","floor":29,"turns":4},{"damage":14,"enemies":"Slavers","floor":31,"turns":5},{"damage":5,"enemies":"Centurion and Healer","floor":32,"turns":7},{"damage":36,"enemies":"SI_MIRROR_ARCHETYPE","floor":33,"turns":6}],"seed_played":"-7142942155491285480","potions_obtained":[{"floor":3.0,"key":"BlessingOfTheForge"},{"floor":6.0,"key":"Adrenaline Potion"},{"floor":16.0,"key":"champ:CounterPotion"}],"is_trial":false,"path_per_floor":["R","M","M","?","$","M","T","M","E","M","E","M","?","$","M","B",null,"R","M","M","M","?","R","T","E","R","T","E","M","R","E","M","B"],"character_chosen":"THE_CHAMP","items_purchased":["Replay:Bandana","Tiny Chest","champ:TechniquePotion","Strange Spoon","champ:VampiricStrike","champ:ViciousMockery","Guide Book","champ:Circumvent"],"campfire_rested":0,"item_purchase_floors":[5,5,5,5,14,14,14,14],"current_hp_per_floor":[90,90,90,90,90,87,87,76,73,72,40,37,37,52,48,54,90,90,74,73,68,68,68,68,57,57,57,53,39,39,35,30,0,0,0],"gold":572,"neow_bonus":"RANDOM_COLORLESS","is_daily":false,"chose_seed":false,"campfire_upgraded":5,"win_rate":0.0,"timestamp":1610824763,"path_taken":["R","M","M","?","$","?","T","M","E","M","E","M","?","$","M","BOSS","R","M","M","M","?","R","T","E","R","?","E","M","R","E","M","BOSS"],"items_purchased_type":["Undefined","Relic","Potion","Relic","Card","Card","Undefined","Card"],"build_version":"2020-12-22","purchased_purges":2,"victory":false,"max_hp_per_floor":[90,90,90,90,90,90,90,90,90,90,90,90,90,90,90,90,90,90,90,90,90,90,90,90,90,90,90,90,90,90,90,90,90,90,90],"card_choices":[{"not_picked":["hubris:Ssssneak","StuffTheSpire:PlasmaPunch"],"picked":"expansioncontent:GuardianWhirl","floor":0.0},{"not_picked":["champ:CrookedStrike","champ:GladiatorsShout"],"picked":"champ:BringItOn","floor":2.0},{"not_picked":["champ:BerserkerStyle","champ:Circumvent","champ:LastStand"],"picked":"SKIP","floor":3.0},{"not_picked":["champ:EndlessRage","champ:CrookedStrike"],"picked":"champ:StanceDance","floor":5.0},{"not_picked":["champ:Backstep","champ:RecklessLeap"],"picked":"champ:FlashCut","floor":6.0},{"not_picked":["champ:PerfectedStrike","champ:FlashCut"],"picked":"champ:TornadoPunch","floor":8.0},{"not_picked":["champ:FocusedDefense","champ:StanceDance"],"picked":"champ:IronFortress","floor":9.0},{"not_picked":["champ:Lariat","champ:RecklessLeap","champ:DeathBlow"],"picked":"SKIP","floor":10.0},{"not_picked":["champ:GladiatorsShout","champ:Circumvent"],"picked":"champ:Control","floor":11.0},{"not_picked":["champ:BringItOn","champ:BladeFlurry"],"picked":"champ:Haymaker","floor":12.0},{"not_picked":["champ:TornadoPunch","champ:FlashCut"],"picked":"champ:Aggression","floor":14.0},{"not_picked":["champ:GladiatorsShout","champ:RapidStrikes","champ:PerfectedStrike"],"picked":"SKIP","floor":15.0},{"not_picked":["champ:SwordThrow","champ:PerfectForm"],"picked":"champ:HoldFirm","floor":16.0},{"not_picked":["champ:Parry","champ:FaceSlap","champ:CrownThrow"],"picked":"SKIP","floor":19},{"not_picked":["champ:FancyFootwork","champ:Circumvent+1"],"picked":"champ:PreciseThrust+1","floor":20},{"not_picked":["champ:PerfectedStrike","champ:DeathBlow"],"picked":"champ:Shatter+1","floor":21},{"not_picked":["champ:DancingMaster","champ:PreemptiveStrike+1","champ:Haymaker","champ:DefensiveShout"],"picked":"SKIP","floor":25},{"not_picked":["champ:ShieldSlam","champ:Lariat","champ:RecklessLeap"],"picked":"champ:SkillfulDodge+1","floor":28},{"not_picked":["champ:FlashCut","champ:Haymaker","champ:RapidStrikes"],"picked":"champ:AdrenalArmor+1","floor":29},{"not_picked":["champ:ShieldSlam","champ:CrookedStrike+1","champ:EnGarde","champ:BladeFlurry+1"],"picked":"SKIP","floor":31},{"not_picked":["champ:Backstep","champ:DeathBlow+1","champ:BringItOn"],"picked":"champ:LastStand","floor":32}],"player_experience":1077472,"relics_obtained":[{"floor":7.0,"key":"MealTicket"},{"floor":9.0,"key":"Akabeko"},{"floor":11.0,"key":"hubris:TinFlute"},{"floor":24,"key":"Question Card"},{"floor":25,"key":"Circlet"},{"floor":27,"key":"Mummified Hand"},{"floor":28,"key":"StuffTheSpire:Barrel"},{"floor":31,"key":"Oddly Smooth Stone"}],"event_choices":[{"damage_healed":0.0,"max_hp_gain":0.0,"max_hp_loss":0.0,"gold_gain":0.0,"event_name":"Upgrade Shrine","player_choice":"Upgraded","floor":4.0,"gold_loss":0.0,"damage_taken":0.0,"cards_upgraded":["champ:BringItOn"]},{"damage_healed":0,"gold_gain":0,"player_choice":"Rummage","damage_taken":0,"relics_obtained":["WarpedTongs"],"max_hp_gain":0,"max_hp_loss":0,"event_name":"Accursed Blacksmith","floor":22,"gold_loss":0,"cards_obtained":["Pain"]}],"is_beta":false,"boss_relics":[{"not_picked":["Runic Pyramid","Circlet"],"picked":"SlaversCollar"}],"items_purged_floors":[5,14],"is_endless":false,"potions_floor_spawned":[3,6,9,12,16,19,20,25,29],"killed_by":"SI_MIRROR_ARCHETYPE","ascension_level":1}}