{"host":"1zjc08c6hob33401","time":1610823879,"event":{"mods":["AchievementEnabler","Act Like it!","Aspiration","BaseMod","Downfall","Energized Spire","Evolution","Gensokyo","GifTheSpireLib","Hubris","Infinite Spire","Jedi Mod","Minty Spire (QoL Compilation)","Pale of the Ancients","Quick Restart","Retaliation","Shop Mod","StS++","StSLib","Stuff the Spire","The Blue Laboratory","Wandering Minibosses","vexMod"],"gold_per_floor":[114,34,34,48,48,48,76,95,95,111,111,122,122,149,149,246,246,261,273,291,291,291,291,37,37,37,37,56,91,91,121,121,121,121],"floor_reached":33,"language":"RUS","playtime":1938,"items_purged":["Accuracy+1"],"score":375,"play_id":"cc4e4ae5-cc28-4df5-b97c-cd726e039ac3","local_time":"20210116210439","is_ascension_mode":true,"campfire_choices":[{"data":"jedi:pocketpoison","floor":6.0,"key":"SMITH"},{"data":"StSpp:NonchalentStrike","floor":11.0,"key":"SMITH"},{"data":"Terror","floor":13.0,"key":"SMITH"},{"data":"jedi:pocketpoison","floor":15.0,"key":"SMITH"},{"floor":23,"key":"REST"},{"data":"Adrenaline","floor":25,"key":"SMITH"},{"data":"jedi:pocketpoison","floor":27,"key":"SMITH"},{"data":"Adrenaline","floor":32,"key":"SMITH"}],"circlet_count":0,"master_deck":["Strike_G","Strike_G","Strike_G","Strike_G","Defend_G","Defend_G+1","Defend_G","Survivor","Neutralize","Backstab+1","jedi:pocketpoison+1","Terror+1","Flechettes","StSpp:NonchalentStrike+1","Leg Sweep+1","jedi:pocketpoison+1","Adrenaline+1","hubris:SlightOfHand+1","Malaise+1","jedi:pocketpoison+1","Backstab+1","StSpp:StrikeFirst+1","Backflip+1","Adrenaline+1","Sucker Punch+1"],"relics":["Ring of the Snake","EVO:Axolotl","Gensokyo:Mercy","Eternal Feather","Sundial","Blue Candle","Astrolabe","StuffTheSpire:Nightcore","Bottled Lightning","War Paint","Tingsha","Regal Pillow"],"acts_visited":["Gensokyo:Gensokyo","Gensokyo:Gensokyoer"],"potions_floor_usage":[29,31],"damage_taken":[{"damage":6.0,"enemies":"Gensokyo:3_Fairies","floor":1.0,"turns":6.0},{"damage":0.0,"enemies":"Gensokyo:Python","floor":4.0,"turns":3.0},{"damage":49.0,"enemies":"Gensokyo:Aya","floor":7.0,"turns":7.0},{"damage":0.0,"enemies":"Gensokyo:Gryphon","floor":8.0,"turns":2.0},{"damage":0.0,"enemies":"Gensokyo:VengefulSpirit","floor":10.0,"turns":2.0},{"damage":0.0,"enemies":"Gensokyo:LivingMonolith","floor":12.0,"turns":2.0},{"damage":6.0,"enemies":"Gensokyo:Mamizou","floor":14.0,"turns":8.0},{"damage":6.0,"enemies":"Gensokyo:Yukari","floor":16.0,"turns":12.0},{"damage":13.0,"enemies":"Gensokyo:AngelMirror","floor":18.0,"turns":5.0},{"damage":5.0,"enemies":"Gensokyo:Chomper","floor":19.0,"turns":4.0},{"damage":35.0,"enemies":"Gensokyo:Slime_Group","floor":20.0,"turns":5.0},{"damage":4,"enemies":"Gensokyo:Mirror_and_Dog","floor":28,"turns":5},{"damage":9,"enemies":"Gensokyo:Tenshi","floor":29,"turns":4},{"damage":6,"enemies":"Gensokyo:Reisen","floor":31,"turns":4},{"damage":86,"enemies":"Gensokyo:Eternal_Rivals","floor":33,"turns":6}],"seed_played":"6094943392529899515","potions_obtained":[{"floor":1.0,"key":"blueLaboratory:FruitPunch"},{"floor":8.0,"key":"Strength Potion"},{"floor":12.0,"key":"LiquidMemories"},{"floor":14.0,"key":"blueLaboratory:HorrorPotion"},{"floor":16.0,"key":"LiquidBronze"},{"floor":18.0,"key":"AttackPotion"},{"floor":28,"key":"ColorlessPotion"}],"is_trial":false,"path_per_floor":["M","$","?","M","?","R","E","M","T","M","R","M","R","E","R","B",null,"M","M","M","?","AVR","R","$","R","T","R","M","E","?","E","R","B"],"character_chosen":"THE_SILENT","items_purchased":["Backstab","Bottled Lightning"],"campfire_rested":1,"item_purchase_floors":[2,24],"current_hp_per_floor":[64,64,64,64,64,64,17,17,17,17,26,26,35,29,38,32,67,54,49,14,14,14,49,49,61,61,73,69,66,66,60,75,0,0],"gold":121,"neow_bonus":"TEN_PERCENT_HP_BONUS","is_daily":false,"chose_seed":false,"campfire_upgraded":7,"win_rate":0.0,"timestamp":1610823879,"path_taken":["M","$","?","M","?","R","E","M","T","M","R","M","R","E","R","BOSS","M","M","?","?","AVR","R","$","R","T","R","?","E","?","E","R","BOSS"],"items_purchased_type":["Card","Relic"],"build_version":"2020-12-22","purchased_purges":1,"victory":false,"max_hp_per_floor":[77,77,77,77,77,77,79,79,79,79,79,79,79,79,79,79,79,79,79,79,79,79,79,79,79,79,79,79,79,79,79,79,79,79],"card_choices":[{"not_picked":["Sucker Punch","Underhanded Strike"],"picked":"Skewer","floor":1.0},{"not_picked":["Blade Dance","PiercingWail"],"picked":"jedi:pocketpoison","floor":4.0},{"not_picked":["Catalyst","StSpp:Throw"],"picked":"Terror","floor":7.0},{"not_picked":["StuffTheSpire:Incursion","StSpp:PoisonousPunch"],"picked":"Flechettes","floor":8.0},{"not_picked":["Slice","jedi:collectorvenom"],"picked":"StSpp:NonchalentStrike","floor":10.0},{"not_picked":["Deadly Poison","Quick Slash"],"picked":"Leg Sweep","floor":12.0},{"not_picked":["Underhanded Strike","StuffTheSpire:ClusterCrunch"],"picked":"jedi:pocketpoison","floor":14.0},{"not_picked":["StSpp:Landslide","Venomology"],"picked":"Adrenaline","floor":16.0},{"not_picked":["StSpp:TimeParadox","Acrobatics+1"],"picked":"jedi:pocketpoison","floor":18.0},{"not_picked":["StuffTheSpire:Python","StuffTheSpire:BrimstoneBlast+1"],"picked":"Backstab+1","floor":19.0},{"not_picked":["Acrobatics","Outmaneuver"],"picked":"StSpp:StrikeFirst+1","floor":20.0},{"not_picked":["StSpp:SpareBlade","Well Laid Plans"],"picked":"Backflip+1","floor":28},{"not_picked":["StuffTheSpire:BumpUp","Sucker Punch"],"picked":"Adrenaline","floor":29},{"not_picked":["Dagger Throw","StuffTheSpire:Incursion+1"],"picked":"Sucker Punch+1","floor":31}],"player_experience":579677,"relics_obtained":[{"floor":7.0,"key":"Eternal Feather"},{"floor":9.0,"key":"Sundial"},{"floor":14.0,"key":"Blue Candle"},{"floor":26,"key":"War Paint"},{"floor":29,"key":"Tingsha"},{"floor":31,"key":"Regal Pillow"}],"event_choices":[],"is_beta":false,"boss_relics":[{"not_picked":["Philosopher\u0027s Stone","hubris:BlackHole"],"picked":"Astrolabe"}],"items_purged_floors":[22],"is_endless":false,"potions_floor_spawned":[1,8,12,14,16,18,28],"killed_by":"Gensokyo:Eternal_Rivals","ascension_level":7}}