{"host":"oehe2dxjvdgux73m","time":1610787449,"event":{"mods":["AchievementEnabler","BaseMod","Colored Map","Colored Powertips","DeckTracker","Keyboard Shortcuts","Minty Spire (QoL Compilation)","Permanent Neow","Quick Restart","StSLib","SuperFastMode"],"gold_per_floor":[114,114,114,133,147,147,160,160,160,192,192,207,237,288,288,365,365,384,384,384],"floor_reached":19,"language":"KOR","playtime":1590,"items_purged":[],"score":319,"play_id":"a5eb0f0f-026e-4c88-86de-36d7ce170d98","local_time":"20210116175729","is_ascension_mode":true,"campfire_choices":[{"data":"Noxious Fumes","floor":6.0,"key":"SMITH"},{"data":"Infinite Blades","floor":8.0,"key":"SMITH"},{"data":"Neutralize","floor":11.0,"key":"SMITH"},{"data":"Accuracy","floor":15.0,"key":"SMITH"}],"circlet_count":0,"master_deck":["AscendersBane","Strike_G","Strike_G","Defend_G+1","Defend_G","Defend_G","Defend_G","Survivor","Neutralize+1","Adrenaline","Accuracy+1","Backflip+1","Slice","Noxious Fumes+1","Infinite Blades+1","Blur","PiercingWail","After Image","Choke+1","A Thousand Cuts+1","Setup+1","Cloak And Dagger"],"relics":["Ring of the Snake","War Paint","Eternal Feather","Girya","Tiny Chest","Astrolabe"],"acts_visited":["Exordium","TheCity"],"potions_floor_usage":[19,19],"damage_taken":[{"damage":10.0,"enemies":"Jaw Worm","floor":1.0,"turns":6.0},{"damage":0.0,"enemies":"2 Louse","floor":4.0,"turns":4.0},{"damage":0.0,"enemies":"Cultist","floor":5.0,"turns":4.0},{"damage":3.0,"enemies":"Red Slaver","floor":7.0,"turns":5.0},{"damage":16.0,"enemies":"3 Sentries","floor":10.0,"turns":7.0},{"damage":0.0,"enemies":"Looter","floor":12.0,"turns":3.0},{"damage":12.0,"enemies":"Lagavulin","floor":13.0,"turns":6.0},{"damage":20.0,"enemies":"Hexaghost","floor":16.0,"turns":10.0},{"damage":26.0,"enemies":"3 Byrds","floor":18.0,"turns":4.0},{"damage":28,"enemies":"Masked Bandits","floor":19,"turns":4}],"seed_played":"3597353405662198349","potions_obtained":[{"floor":1.0,"key":"Fruit Juice"},{"floor":7.0,"key":"Ancient Potion"},{"floor":13.0,"key":"PowerPotion"},{"floor":18.0,"key":"BlessingOfTheForge"}],"is_trial":false,"path_per_floor":["M","?","?","M","M","R","M","R","T","E","R","M","E","T","R","B",null,"M","?"],"character_chosen":"THE_SILENT","items_purchased":[],"campfire_rested":0,"item_purchase_floors":[],"current_hp_per_floor":[54,54,54,54,54,54,51,51,51,35,44,44,32,32,44,24,55,29,1,1],"gold":384,"neow_bonus":"THREE_RARE_CARDS","is_daily":false,"chose_seed":false,"campfire_upgraded":4,"win_rate":0.0,"timestamp":1610787449,"path_taken":["M","?","?","M","M","R","M","R","T","E","R","M","E","?","R","BOSS","M","?"],"items_purchased_type":[],"build_version":"2020-12-22","purchased_purges":0,"victory":false,"max_hp_per_floor":[65,65,65,65,65,65,65,65,65,65,65,65,65,65,65,65,65,65,65,65],"card_choices":[{"not_picked":["Corpse Explosion","Tools of the Trade"],"picked":"Adrenaline","floor":0.0},{"not_picked":["Reflex","Tactician"],"picked":"Accuracy","floor":1.0},{"not_picked":["Poisoned Stab","Flying Knee"],"picked":"Slice","floor":4.0},{"not_picked":["Quick Slash","Calculated Gamble"],"picked":"Noxious Fumes","floor":5.0},{"not_picked":["Underhanded Strike","Poisoned Stab"],"picked":"Infinite Blades","floor":7.0},{"not_picked":["Infinite Blades","Reflex"],"picked":"Blur","floor":12.0},{"not_picked":["Prepared","Choke"],"picked":"PiercingWail","floor":13.0},{"not_picked":["Die Die Die","Grand Finale"],"picked":"After Image","floor":16.0},{"not_picked":["PiercingWail","Slice"],"picked":"Cloak And Dagger","floor":18.0}],"player_experience":222011,"relics_obtained":[{"floor":9.0,"key":"War Paint"},{"floor":10.0,"key":"Eternal Feather"},{"floor":13.0,"key":"Girya"},{"floor":14.0,"key":"Tiny Chest"}],"event_choices":[{"damage_healed":0.0,"max_hp_gain":0.0,"max_hp_loss":0.0,"gold_gain":0.0,"event_name":"Liars Game","player_choice":"Ignored","floor":2.0,"gold_loss":0.0,"damage_taken":0.0},{"damage_healed":0.0,"max_hp_gain":0.0,"max_hp_loss":0.0,"gold_gain":0.0,"cards_transformed":["Strike_G"],"event_name":"Living Wall","player_choice":"Change","floor":3.0,"gold_loss":0.0,"damage_taken":0.0,"cards_obtained":["Backflip"]},{"damage_healed":0,"gold_gain":0,"player_choice":"Fought Bandits","damage_taken":0,"max_hp_gain":0,"max_hp_loss":0,"event_name":"Masked Bandits","floor":19,"gold_loss":0}],"is_beta":false,"boss_relics":[{"not_picked":["Runic Dome","Runic Pyramid"],"picked":"Astrolabe"}],"items_purged_floors":[],"is_endless":false,"potions_floor_spawned":[1,7,13,18],"killed_by":"Masked Bandits","ascension_level":16}}