{"host":"b7j598ve05halrwk","time":1610759111,"event":{"mods":["2.2 Compatiblity","BaseMod","Block Reminder","DeckTracker","Minty Spire (QoL Compilation)","Relic Stats","Slay the Relics Exporter","StSLib","ojb\u0027s Better Paths Mod","ojb\u0027s Info Mod"],"gold_per_floor":[117,129,129,149,167,198,198,229,229,229,248,248,218,253,253,327,327,338,358,374,384,234,234,247,247,247],"floor_reached":25,"language":"ENG","playtime":1974,"items_purged":["Strike_B"],"score":450,"play_id":"9eb77799-ce58-4ee1-a298-3476672afbcf","local_time":"20210115200511","is_ascension_mode":true,"campfire_choices":[{"data":"Streamline","floor":7.0,"key":"SMITH"},{"floor":10.0,"key":"REST"},{"data":"Go for the Eyes","floor":12.0,"key":"SMITH"},{"data":"Conserve Battery","floor":15.0,"key":"SMITH"},{"data":"Chaos","floor":23.0,"key":"SMITH"}],"circlet_count":0,"master_deck":["AscendersBane","Strike_B","Strike_B","Strike_B","Defend_B+1","Defend_B","Defend_B","Defend_B","Zap+1","Dualcast","Go for the Eyes+1","Cold Snap","Beam Cell","Streamline+1","Capacitor+1","Conserve Battery+1","Genetic Algorithm","Chill","Buffer+1","Chaos+1","Undo","Hologram+1","Chill","Static Discharge+1","Sweeping Beam"],"relics":["Cracked Core","Bag of Preparation","Frozen Egg 2","Anchor","Matryoshka","War Paint","Mummified Hand","Du-Vu Doll","Sozu"],"acts_visited":["Exordium","TheCity"],"potions_floor_usage":[],"damage_taken":[{"damage":0.0,"enemies":"Cultist","floor":1.0,"turns":3.0},{"damage":0.0,"enemies":"Small Slimes","floor":2.0,"turns":3.0},{"damage":0.0,"enemies":"Jaw Worm","floor":4.0,"turns":3.0},{"damage":0.0,"enemies":"Large Slime","floor":5.0,"turns":3.0},{"damage":31.0,"enemies":"Gremlin Nob","floor":6.0,"turns":4.0},{"damage":24.0,"enemies":"Lagavulin","floor":8.0,"turns":6.0},{"damage":0.0,"enemies":"Lots of Slimes","floor":11.0,"turns":4.0},{"damage":28.0,"enemies":"3 Sentries","floor":14.0,"turns":6.0},{"damage":4.0,"enemies":"Hexaghost","floor":16.0,"turns":9.0},{"damage":1.0,"enemies":"2 Thieves","floor":18.0,"turns":4.0},{"damage":0.0,"enemies":"Spheric Guardian","floor":19.0,"turns":4.0},{"damage":10.0,"enemies":"Snecko","floor":20.0,"turns":6.0},{"damage":5.0,"enemies":"3 Cultists","floor":21.0,"turns":7.0},{"damage":0.0,"enemies":"Centurion and Healer","floor":24.0,"turns":8.0},{"damage":46,"enemies":"Gremlin Leader","floor":25,"turns":6}],"seed_played":"-4903297818704275434","potions_obtained":[{"floor":4.0,"key":"Explosive Potion"},{"floor":8.0,"key":"EntropicBrew"},{"floor":13.0,"key":"Fruit Juice"},{"floor":13.0,"key":"Weak Potion"}],"is_trial":false,"path_per_floor":["M","M","T","M","M","E","R","E","T","R","M","R","?","E","R","B",null,"M","M","M","M","$","R","M","E"],"character_chosen":"DEFECT","items_purchased":["Static Discharge+1"],"campfire_rested":1,"item_purchase_floors":[22],"current_hp_per_floor":[64,64,64,64,64,33,33,9,9,30,30,30,35,7,7,3,58,57,57,47,42,42,42,42,0,0],"gold":247,"neow_bonus":"RANDOM_COMMON_RELIC","is_daily":false,"chose_seed":false,"campfire_upgraded":4,"win_rate":0.0,"timestamp":1610759111,"path_taken":["M","M","?","?","M","E","R","E","T","R","M","R","?","E","R","BOSS","M","?","M","?","$","R","M","E"],"items_purchased_type":["Card"],"build_version":"2020-12-22","purchased_purges":1,"victory":false,"max_hp_per_floor":[71,71,71,71,71,71,71,71,71,71,71,71,76,76,76,76,76,76,76,76,76,76,76,76,76,76],"relic_stats":{"Sozu":3,"counters":[15,76],"Mummified Hand":[16],"Bag of Preparation":[30],"War Paint":["Zap","Defend_B"],"obtain_stats":[{"Du-Vu Doll":14,"Sozu":17,"Anchor":6,"Matryoshka":8,"Mummified Hand":9,"Bag of Preparation":0,"Frozen Egg 2":3,"War Paint":9,"Cracked Core":0},{"Du-Vu Doll":8,"Sozu":9,"Anchor":5,"Matryoshka":6,"Mummified Hand":6,"Bag of Preparation":0,"Frozen Egg 2":2,"War Paint":6,"Cracked Core":0},{"Du-Vu Doll":32,"Sozu":41,"Anchor":16,"Matryoshka":22,"Mummified Hand":22,"Bag of Preparation":0,"Frozen Egg 2":6,"War Paint":22,"Cracked Core":0}]},"card_choices":[{"not_picked":["Steam","Turbo"],"picked":"Go for the Eyes","floor":1.0},{"not_picked":["Go for the Eyes","BootSequence"],"picked":"Cold Snap","floor":2.0},{"not_picked":["Streamline","Storm+1"],"picked":"Beam Cell","floor":4.0},{"not_picked":["White Noise","Gash"],"picked":"Streamline","floor":5.0},{"not_picked":["Beam Cell","Steam"],"picked":"Capacitor+1","floor":6.0},{"not_picked":["Aggregate","Creative AI+1"],"picked":"Conserve Battery","floor":8.0},{"not_picked":["Sunder","White Noise"],"picked":"Genetic Algorithm","floor":11.0},{"not_picked":["Undo","FTL"],"picked":"Chill","floor":14.0},{"not_picked":["Hyperbeam","Machine Learning+1"],"picked":"Buffer+1","floor":16.0},{"not_picked":["Compile Driver","Turbo+1"],"picked":"Chaos","floor":18.0},{"not_picked":["Beam Cell","Cold Snap"],"picked":"Undo","floor":19.0},{"not_picked":["Rebound","Turbo"],"picked":"Hologram+1","floor":20.0},{"not_picked":["Force Field","Compile Driver"],"picked":"Chill","floor":21.0},{"not_picked":["Blizzard","Ball Lightning+1"],"picked":"Sweeping Beam","floor":24.0}],"player_experience":978538,"relics_obtained":[{"floor":3.0,"key":"Frozen Egg 2"},{"floor":6.0,"key":"Anchor"},{"floor":8.0,"key":"Matryoshka"},{"floor":9.0,"key":"War Paint"},{"floor":9.0,"key":"Mummified Hand"},{"floor":14.0,"key":"Du-Vu Doll"}],"event_choices":[{"damage_healed":0.0,"max_hp_gain":0.0,"max_hp_loss":0.0,"gold_gain":0.0,"event_name":"The Woman in Blue","player_choice":"Bought 2 Potions","floor":13.0,"gold_loss":0.0,"damage_taken":0.0}],"is_beta":false,"boss_relics":[{"not_picked":["Empty Cage","Busted Crown"],"picked":"Sozu"}],"items_purged_floors":[22],"is_endless":false,"potions_floor_spawned":[4,8,14,18,20,24],"killed_by":"Gremlin Leader","ascension_level":20}}