{"host":"paldcvh53cshz2ra","time":1610823217,"event":{"mods":["BaseMod","Downfall","Marisa????????","Minty Spire (QoL Compilation)","Quick Restart","Robot Space Explorer","StSLib","The Bug Knight","The Cursed","The Forsaken","The Servant 0.9.4","The Wild Card"],"gold_per_floor":[99,99,99,50,50,99,99,99,118,136,136,153,153,182,201,299,299,299,2,19,30,45,57,57,57,57,68,68,87,99,113,128,224,224,224,239,250,267,267,282,282,282,316,316,331,16,16,29,46,46,46,46],"floor_reached":50,"language":"ENG","playtime":6127,"items_purged":[],"score":580,"play_id":"f26e39e3-f32b-4ba9-bba6-769299559fd9","local_time":"20210116195337","is_ascension_mode":false,"campfire_choices":[{"data":"Slimebound:CorrosiveSpit","floor":1.0,"key":"SMITH"},{"data":"Slimebound:Schlurp","floor":11.0,"key":"SMITH"},{"data":"Slimebound:LevelUp","floor":13.0,"key":"SMITH"},{"data":"Slimebound:MassFeed","floor":18.0,"key":"SMITH"},{"floor":25.0,"key":"REST"},{"data":"Slimebound:OozeBath","floor":28.0,"key":"SMITH"},{"data":"Slimebound:Teamwork","floor":35.0,"key":"SMITH"},{"floor":42.0,"key":"REST"},{"floor":44.0,"key":"REST"},{"floor":47,"key":"REST"}],"circlet_count":0,"master_deck":["Slimebound:Strike_Slimebound","Slimebound:Strike_Slimebound","Slimebound:Strike_Slimebound","Slimebound:Tackle","Slimebound:Defend_Slimebound","Slimebound:Defend_Slimebound","Slimebound:Defend_Slimebound","Slimebound:Defend_Slimebound","Slimebound:Split","Slimebound:CorrosiveSpit+1","Slimebound:Schlurp+1","Slimebound:SplitBruiser","Slimebound:Prepare","theWildCard:Alice","Slimebound:SlimeSpikes","Slimebound:HauntingLick","Slimebound:DisruptingSlam","Slimebound:LevelUp+1","Slimebound:GoopTackle","Slimebound:LeechingTouch","Slimebound:MassFeed+1","Slimebound:Repurpose","Slimebound:LeechingTouch+1","Slimebound:SamplingLick","Slimebound:ForwardTackle+1","Slimebound:LivingWall","Slimebound:ForwardTackle+1","Slimebound:Split","Slimebound:OozeBath+1","Slimebound:Schlurp+1","Slimebound:SlimeBarrage+1","Slimebound:Repurpose","Slimebound:GrowthPunch+1","Slimebound:Teamwork+1","Slimebound:ItLooksTasty+1","Slimebound:Schlurp","Slimebound:Nibble+1","Slimebound:MegaLick+1","Slimebound:Schlurp+1","Slimebound:SlimeSpikes+1","Slimebound:ComboTackle+1","Panache","Slimebound:LevelUp","Slimebound:HauntingLick","Slimebound:Chomp+1","Parasite","Slimebound:LeadByExample+1","Slimebound:ComboTackle+1"],"relics":["Slimebound:AbsorbEndCombat","downfall:HeartsMalice","Slimebound:AggressiveSlimeRelic","Lizard Tail","theForsaken:Gavel","Runic Pyramid","Membership Card","Molten Egg 2","Bottled Lightning","theForsaken:PaleLantern","Meat on the Bone","Strawberry","Shuriken"],"acts_visited":["Exordium","TheCity","TheBeyond"],"potions_floor_usage":[50],"damage_taken":[{"damage":0.0,"enemies":"2 Louse","floor":2.0,"turns":1.0},{"damage":0.0,"enemies":"downfall:FleeingMerchant","floor":4.0,"turns":1.0},{"damage":0.0,"enemies":"Jaw Worm","floor":8.0,"turns":1.0},{"damage":0.0,"enemies":"Cultist","floor":9.0,"turns":3.0},{"damage":0.0,"enemies":"Lots of Slimes","floor":10.0,"turns":3.0},{"damage":2.0,"enemies":"3 Louse","floor":12.0,"turns":3.0},{"damage":2.0,"enemies":"Lagavulin","floor":14.0,"turns":4.0},{"damage":15.0,"enemies":"Exordium Thugs","floor":15.0,"turns":3.0},{"damage":30.0,"enemies":"DF_ARCHETYPE_STREAMLINE","floor":16.0,"turns":7.0},{"damage":0.0,"enemies":"downfall:FleeingMerchant","floor":19.0,"turns":4.0},{"damage":1.0,"enemies":"Chosen","floor":20.0,"turns":4.0},{"damage":24.0,"enemies":"Snake Plant","floor":21.0,"turns":4.0},{"damage":5.0,"enemies":"Snecko","floor":22.0,"turns":4.0},{"damage":18.0,"enemies":"Shelled Parasite and Fungi","floor":23.0,"turns":3.0},{"damage":20.0,"enemies":"Snake Plant","floor":27.0,"turns":3.0},{"damage":16.0,"enemies":"3 Cultists","floor":29.0,"turns":4.0},{"damage":14.0,"enemies":"Centurion and Healer","floor":30.0,"turns":4.0},{"damage":0.0,"enemies":"Cultist and Chosen","floor":31.0,"turns":3.0},{"damage":24.0,"enemies":"Snake Plant","floor":32.0,"turns":4.0},{"damage":49.0,"enemies":"WA_ARCHETYPE_CALM","floor":33.0,"turns":9.0},{"damage":0.0,"enemies":"3 Shapes","floor":36.0,"turns":3.0},{"damage":26.0,"enemies":"3 Darklings","floor":37.0,"turns":5.0},{"damage":52.0,"enemies":"Maw","floor":38.0,"turns":7.0},{"damage":18.0,"enemies":"Transient","floor":40.0,"turns":5.0},{"damage":26.0,"enemies":"HollowMod:StalkingDevout","floor":43.0,"turns":6.0},{"damage":28,"enemies":"Jaw Worm Horde","floor":45,"turns":3},{"damage":8,"enemies":"downfall:FleeingMerchant","floor":46,"turns":4},{"damage":6,"enemies":"Writhing Mass","floor":48,"turns":5},{"damage":29,"enemies":"3 Darklings","floor":49,"turns":4},{"damage":74,"enemies":"SI_POISON_ARCHETYPE","floor":50,"turns":4}],"seed_played":"183357745361847241","potions_obtained":[{"floor":9.0,"key":"Swift Potion"},{"floor":12.0,"key":"Fire Potion"},{"floor":14.0,"key":"Energy Potion"},{"floor":15.0,"key":"Ancient Potion"},{"floor":20.0,"key":"Explosive Potion"},{"floor":22.0,"key":"FearPotion"},{"floor":23.0,"key":"Swift Potion"},{"floor":32.0,"key":"hexamod:SoulburnPotion"},{"floor":33.0,"key":"CultistPotion"},{"floor":40.0,"key":"BlessingOfTheForge"},{"floor":43.0,"key":"Guardian:BlockOnCardUsePotion"},{"floor":48,"key":"SpeedPotion"}],"is_trial":false,"path_per_floor":["R","M","?","$","?","T","T","M","M","M","R","M","R","E","M","B",null,"R","$","M","M","M","M","T","R","?","M","R","M","M","M","M","B",null,"R","M","M","M","?","M","T","R","E","R","M","$","R","M","M","B"],"character_chosen":"SLIMEBOUND","items_purchased":["Slimebound:Prepare","Membership Card","Molten Egg 2","Shuriken","Panache","Slimebound:LevelUp","Slimebound:HauntingLick","Slimebound:Chomp+1"],"campfire_rested":4,"item_purchase_floors":[4,19,19,46,46,46,46,46],"current_hp_per_floor":[65,65,65,65,65,65,65,65,65,65,65,64,64,64,51,25,65,65,65,69,46,43,35,35,58,58,43,43,42,34,41,17,29,105,105,105,83,35,35,19,19,50,50,83,58,65,98,94,67,0,0,0],"gold":46,"neow_bonus":"THREE_ENEMY_KILL","is_daily":false,"chose_seed":false,"campfire_upgraded":6,"win_rate":0.0,"timestamp":1610823217,"path_taken":["R","M","?","$","?","?","T","?","M","M","R","M","R","E","M","BOSS","R","?","M","M","M","M","T","R","?","?","R","M","M","M","M","BOSS","R","M","M","M","?","M","T","R","E","R","M","?","R","M","M","BOSS"],"items_purchased_type":["Card","Relic","Relic","Relic","Card","Card","Card","Card"],"build_version":"2020-12-22","purchased_purges":0,"victory":false,"max_hp_per_floor":[65,65,65,65,65,65,65,65,65,65,65,65,65,65,65,65,65,65,65,69,69,69,77,77,77,77,81,81,93,97,101,101,105,105,105,105,105,105,105,105,105,105,112,112,112,112,112,112,112,112,112,112],"card_choices":[{"not_picked":["Slimebound:SlimeSpikes","Slimebound:ItLooksTasty"],"picked":"Slimebound:Schlurp","floor":2.0},{"not_picked":["Slimebound:Replication","Slimebound:ViciousTackle"],"picked":"Slimebound:SplitBruiser","floor":4.0},{"not_picked":["Slimebound:RejuvenatingLick","Slimebound:LeechEnergy"],"picked":"Slimebound:SlimeSpikes","floor":8.0},{"not_picked":["Slimebound:Schlurp","Slimebound:FlameTackle"],"picked":"Slimebound:HauntingLick","floor":9.0},{"not_picked":["Slimebound:SamplingLick","Slimebound:SpikyOuterGoop"],"picked":"Slimebound:DisruptingSlam","floor":10.0},{"not_picked":["Slimebound:ProtectTheBoss","Slimebound:GrowthPunch"],"picked":"Slimebound:LevelUp","floor":12.0},{"not_picked":["Slimebound:RollThrough","Slimebound:BestDefense"],"picked":"Slimebound:GoopTackle","floor":14.0},{"not_picked":["Slimebound:SplitAcid","Slimebound:SplitBruiser"],"picked":"Slimebound:LeechingTouch","floor":15.0},{"not_picked":["Slimebound:Teamwork","Slimebound:OneTwoCombo"],"picked":"Slimebound:MassFeed","floor":16.0},{"not_picked":["Slimebound:PressTheAttack","Slimebound:GoopSpray"],"picked":"Slimebound:Repurpose","floor":19.0},{"not_picked":["Slimebound:Dissolve","Slimebound:Grow"],"picked":"Slimebound:LeechingTouch+1","floor":20.0},{"not_picked":["Slimebound:SplitMire","Slimebound:GoopTackle+1"],"picked":"Slimebound:SamplingLick","floor":21.0},{"not_picked":["Slimebound:BestDefense","Slimebound:SplitBruiser"],"picked":"Slimebound:ForwardTackle+1","floor":22.0},{"not_picked":["Slimebound:SlimeSpikes","Slimebound:ComboTackle+1"],"picked":"Slimebound:LivingWall","floor":23.0},{"not_picked":["Slimebound:BestDefense","Slimebound:PressTheAttack+1"],"picked":"Slimebound:OozeBath","floor":27.0},{"not_picked":["Slimebound:BestDefense","Slimebound:Gluttony"],"picked":"Slimebound:Schlurp+1","floor":29.0},{"not_picked":["Slimebound:Chomp+1","Slimebound:Gluttony"],"picked":"Slimebound:SlimeBarrage+1","floor":30.0},{"not_picked":["Slimebound:Schlurp","Slimebound:GoopSpray+1"],"picked":"Slimebound:Repurpose","floor":31.0},{"not_picked":["Slimebound:SplitMire","Slimebound:MegaLick"],"picked":"Slimebound:GrowthPunch+1","floor":32.0},{"not_picked":["Slimebound:MassRepurpose","Slimebound:DouseInSlime"],"picked":"Slimebound:Teamwork","floor":33.0},{"not_picked":["Slimebound:DisruptingSlam+1","Slimebound:LeechingTouch+1"],"picked":"Slimebound:ItLooksTasty+1","floor":36.0},{"not_picked":["Slimebound:SlimeSpikes","Slimebound:SplitMire+1"],"picked":"Slimebound:Schlurp","floor":37.0},{"not_picked":["Slimebound:SplitMire","Slimebound:ComboTackle+1"],"picked":"Slimebound:Nibble+1","floor":38.0},{"not_picked":["Slimebound:GoopSpray","Slimebound:GrowthPunch+1"],"picked":"Slimebound:MegaLick+1","floor":40.0},{"not_picked":["Slimebound:GoopTackle+1","Slimebound:LeadByExample+1"],"picked":"Slimebound:Schlurp+1","floor":43.0},{"not_picked":["Slimebound:SplitBruiser+1","Slimebound:SplitMire"],"picked":"Slimebound:SlimeSpikes+1","floor":45},{"not_picked":["Slimebound:SplitMire","Slimebound:Dissolve"],"picked":"Slimebound:ComboTackle+1","floor":46},{"not_picked":["Slimebound:Schlurp+1","Slimebound:ComboTackle+1"],"picked":"Slimebound:LeadByExample+1","floor":48},{"not_picked":["Slimebound:MinionMaster","Slimebound:ViciousTackle+1"],"picked":"Slimebound:ComboTackle+1","floor":49}],"player_experience":2050565,"relics_obtained":[{"floor":6.0,"key":"Slimebound:AggressiveSlimeRelic"},{"floor":7.0,"key":"Lizard Tail"},{"floor":14.0,"key":"theForsaken:Gavel"},{"floor":24.0,"key":"Bottled Lightning"},{"floor":41.0,"key":"Meat on the Bone"},{"floor":43.0,"key":"Strawberry"}],"event_choices":[],"is_beta":false,"boss_relics":[{"not_picked":["Cursed Key","Philosopher\u0027s Stone"],"picked":"Runic Pyramid"},{"not_picked":["Calling Bell","SlaversCollar"],"picked":"theForsaken:PaleLantern"}],"items_purged_floors":[],"is_endless":false,"potions_floor_spawned":[9,12,14,15,20,22,23,32,33,40,43,48],"killed_by":"SI_POISON_ARCHETYPE","ascension_level":0}}