{"host":"d3fm6keu3sh33msm","time":1610822133,"event":{"mods":["AchievementEnabler","BaseMod","Best Route Mod","Bestiary","Better Note","Better Third Choice","Block Reminder","Colored Map","Colored Powertips","Dark Map","DeckTracker","Displayed Cursed Tome","Filter the Spire","Highlight Path","Minty Spire (QoL Compilation)","Quick Restart","Random Character Button","Rare Cards Sparkle","Relic Stats","Slay-I","Spicy Shops","StSLib"],"gold_per_floor":[114,81,31,31,31,46,46,61,61,61,61],"floor_reached":10,"language":"ENG","playtime":973,"items_purged":[],"score":56,"play_id":"63f8f8a8-47b1-47a0-b4e4-26684f5efc61","local_time":"20210116183533","is_ascension_mode":false,"campfire_choices":[{"data":"Survivor","floor":7.0,"key":"SMITH"}],"circlet_count":0,"master_deck":["Strike_G","Strike_G","Strike_G","Strike_G","Defend_G","Defend_G","Defend_G","Defend_G","Defend_G","Survivor+1","Neutralize","Deflect","Regret","Dagger Throw","Cloak And Dagger"],"relics":["Ring of the Snake","Matryoshka","Eternal Feather","InkBottle"],"acts_visited":["Exordium"],"potions_floor_usage":[10],"damage_taken":[{"damage":0.0,"enemies":"Cultist","floor":1.0,"turns":5.0},{"damage":2.0,"enemies":"2 Louse","floor":6.0,"turns":5.0},{"damage":0,"enemies":"Small Slimes","floor":8,"turns":4},{"damage":72,"enemies":"Lagavulin","floor":10,"turns":17}],"seed_played":"5183637537684278460","potions_obtained":[{"floor":6.0,"key":"PowerPotion"}],"is_trial":false,"path_per_floor":["M","?","?","?","$","M","R","M","T","E"],"character_chosen":"THE_SILENT","items_purchased":[],"campfire_rested":0,"item_purchase_floors":[],"current_hp_per_floor":[70,70,70,70,70,68,68,68,68,0,0],"gold":61,"neow_bonus":"","is_daily":true,"chose_seed":false,"campfire_upgraded":1,"win_rate":0.0,"timestamp":1610822133,"path_taken":["M","?","?","?","?","?","R","M","T","E"],"items_purchased_type":[],"build_version":"2020-12-22","purchased_purges":0,"victory":false,"max_hp_per_floor":[70,70,70,70,70,70,70,70,70,70,70],"relic_stats":{"counters":[4,31],"Eternal Feather":0,"obtain_stats":[{"Matryoshka":4,"Eternal Feather":9,"InkBottle":9,"Ring of the Snake":0},{"Matryoshka":1,"Eternal Feather":3,"InkBottle":3,"Ring of the Snake":0},{"Matryoshka":5,"Eternal Feather":14,"InkBottle":14,"Ring of the Snake":0}],"InkBottle":[7],"Ring of the Snake":[8]},"card_choices":[{"not_picked":["Quick Slash","Underhanded Strike"],"picked":"Deflect","floor":1.0},{"not_picked":["Prepared","Poisoned Stab"],"picked":"Dagger Throw","floor":6.0},{"not_picked":["Concentrate","Skewer"],"picked":"Cloak And Dagger","floor":8}],"player_experience":168886,"relics_obtained":[{"floor":9,"key":"Eternal Feather"},{"floor":9,"key":"InkBottle"}],"event_choices":[{"damage_healed":0.0,"max_hp_gain":0.0,"max_hp_loss":0.0,"gold_gain":0.0,"event_name":"betterThird:BetterGoop","player_choice":"Left","floor":2.0,"gold_loss":33.0,"damage_taken":0.0},{"cards_removed":["Strike_G"],"damage_healed":0.0,"max_hp_gain":0.0,"max_hp_loss":0.0,"gold_gain":0.0,"event_name":"The Cleric","player_choice":"Card Removal","floor":3.0,"gold_loss":50.0,"damage_taken":0.0},{"damage_healed":0.0,"max_hp_gain":0.0,"max_hp_loss":0.0,"gold_gain":0.0,"event_name":"Big Fish","player_choice":"Box","floor":4.0,"gold_loss":0.0,"damage_taken":0.0,"relics_obtained":["Matryoshka"],"cards_obtained":["Regret"]}],"is_beta":false,"boss_relics":[],"items_purged_floors":[],"is_endless":false,"potions_floor_spawned":[6],"killed_by":"Lagavulin","ascension_level":0}}