{"host":"xp5rvh2jwe2ejyfm","time":1610838961,"event":{"mods":["BaseMod","Hermit","Minty Spire (QoL Compilation)","Replay The Spire","StSLib","The Construct","The Disciple","The Necromancer","The Runesmith"],"gold_per_floor":[113,129,109,28,55,55,85,85,85,85,99,112,125,125,125,222,222,236,7,7,7,32,32,32],"floor_reached":23,"language":"ENG","playtime":729,"items_purged":[],"score":264,"play_id":"bc3756fe-7722-42d5-98e1-a80b13221f08","local_time":"20210116181601","is_ascension_mode":false,"campfire_choices":[{"data":"hermit:Determination","floor":6,"key":"SMITH"},{"data":"hermit:Covet","floor":8,"key":"SMITH"},{"data":"hermit:Deadeye","floor":10,"key":"SMITH"},{"floor":15,"key":"REST"}],"circlet_count":0,"master_deck":["hermit:Strike_Hermit","hermit:Strike_Hermit","hermit:Strike_Hermit","hermit:Strike_Hermit","hermit:Defend_Hermit","hermit:Defend_Hermit+1","hermit:Defend_Hermit","hermit:Defend_Hermit","hermit:Snapshot","hermit:Covet+1","hermit:TrackingShot","hermit:CalledShot","hermit:Determination+1","Pot Of Greed","Pot Of Greed","hermit:Deadeye+1","hermit:Desperado","hermit:LoneWolf+1","hermit:Combo","hermit:FatalDesire","hermit:SprayPray","hermit:BigShot","hermit:RoundhouseKick"],"relics":["hermit:Momento","NeowsBlessing","Grinning Jar","Gremlin Horn","Sling","Nilry\u0027s Codex"],"acts_visited":["Exordium","TheCity"],"potions_floor_usage":[16,16,22,22,23],"damage_taken":[{"damage":0,"enemies":"Small Slimes","floor":1,"turns":1},{"damage":0,"enemies":"Cultist","floor":2,"turns":1},{"damage":0,"enemies":"Lagavulin","floor":7,"turns":1},{"damage":6,"enemies":"Jaw Worm","floor":11,"turns":3},{"damage":10,"enemies":"Looter","floor":12,"turns":3},{"damage":9,"enemies":"2 Fungi Beasts","floor":13,"turns":3},{"damage":0,"enemies":"Slime Boss","floor":16,"turns":6},{"damage":30,"enemies":"Spheric Guardian","floor":18,"turns":4},{"damage":9,"enemies":"3 Byrds","floor":22,"turns":6},{"damage":0,"enemies":"Shelled Parasite and Fungi","floor":23,"turns":1}],"seed_played":"-1855147332508472798","potions_obtained":[{"floor":2,"key":"Strength Potion"},{"floor":3,"key":"CultistPotion"},{"floor":12,"key":"LiquidMemories"},{"floor":16,"key":"CultistPotion"},{"floor":18,"key":"Languid Potion"}],"is_trial":false,"path_per_floor":["M","M","?","$","T","R","E","R","T","R","M","M","M","?","R","B",null,"M","$","?","?","M","M"],"character_chosen":"HERMIT","items_purchased":["hermit:Determination","Sling","hermit:BigShot"],"campfire_rested":1,"item_purchase_floors":[4,19,19],"current_hp_per_floor":[75,75,75,75,75,75,75,75,75,75,69,59,50,35,57,57,75,45,45,31,15,6,6,6],"gold":32,"neow_bonus":"THREE_ENEMY_KILL","is_daily":false,"chose_seed":false,"campfire_upgraded":3,"win_rate":0.0,"timestamp":1610838961,"path_taken":["M","M","?","?","?","R","E","R","T","R","M","M","M","?","R","BOSS","M","$","?","?","M","M"],"items_purchased_type":["Card","Relic","Card"],"build_version":"2020-12-22","purchased_purges":0,"victory":false,"max_hp_per_floor":[75,75,75,75,75,75,75,75,75,75,75,75,75,75,75,75,75,75,75,80,80,80,80,80],"card_choices":[{"not_picked":["hermit:GoldenBullet","hermit:Malice"],"picked":"hermit:TrackingShot","floor":1},{"not_picked":["hermit:Coalescence","hermit:Manifest"],"picked":"hermit:CalledShot","floor":2},{"not_picked":["hermit:GhostlyPresence","hermit:HighNoon"],"picked":"hermit:Deadeye","floor":7},{"not_picked":["hermit:Coalescence","hermit:Misfire"],"picked":"hermit:Desperado","floor":11},{"not_picked":["hermit:WideOpen","hermit:Desperado"],"picked":"hermit:LoneWolf","floor":12},{"not_picked":["hermit:TrackingShot","hermit:Manifest"],"picked":"hermit:Combo","floor":13},{"not_picked":["hermit:Reprieve","hermit:DeadOrAlive"],"picked":"hermit:FatalDesire","floor":16},{"not_picked":["hermit:Manifest+1","hermit:CursedWeapon"],"picked":"hermit:SprayPray","floor":18},{"not_picked":["hermit:BodyArmor","hermit:HighCaliber"],"picked":"hermit:RoundhouseKick","floor":22}],"player_experience":201700,"relics_obtained":[{"floor":7,"key":"Grinning Jar"},{"floor":9,"key":"Gremlin Horn"},{"floor":21,"key":"Nilry\u0027s Codex"}],"event_choices":[{"damage_healed":0,"gold_gain":0,"player_choice":"Bought 1 Potion","damage_taken":0,"max_hp_gain":0,"max_hp_loss":0,"event_name":"The Woman in Blue","floor":3,"gold_loss":0},{"damage_healed":0,"gold_gain":0,"player_choice":"Entered Light","damage_taken":15,"max_hp_gain":0,"max_hp_loss":0,"event_name":"Shining Light","floor":14,"gold_loss":0,"cards_upgraded":["hermit:LoneWolf","hermit:Defend_Hermit"]},{"damage_healed":0,"gold_gain":0,"player_choice":"Shed Blood","damage_taken":19,"max_hp_gain":5,"max_hp_loss":0,"event_name":"Forgotten Altar","floor":20,"gold_loss":0},{"damage_healed":0,"gold_gain":0,"player_choice":"Obtained Book","damage_taken":16,"max_hp_gain":0,"max_hp_loss":0,"event_name":"Cursed Tome","floor":21,"gold_loss":0}],"is_beta":false,"boss_relics":[{"not_picked":["Replay:Drink Me","hermit:DentedPlate","Velvet Choker"]}],"items_purged_floors":[],"is_endless":false,"potions_floor_spawned":[2,12,13,16,18],"killed_by":"Shelled Parasite and Fungi","ascension_level":0}}