{"host":"pgqkv8mh62pnrbci","time":1610769788,"event":{"mods":["2.2 Compatiblity","AchievementEnabler","BaseMod","Custom Start","DeckTracker","Minty Spire (QoL Compilation)","Railgun Mod","StSLib","SuperFastMode","¡¼?Úª?ø«¡½REMEMod"],"gold_per_floor":[110,124,124,139,152,185,204,204,228,228,253,272,332,350,350,350,350],"floor_reached":16,"language":"KOR","playtime":567,"items_purged":[],"score":151,"play_id":"6d4d7c1c-4ceb-4b59-b116-7629f078775a","local_time":"20210116130308","is_ascension_mode":true,"campfire_choices":[{"data":"Corruption","floor":8.0,"key":"SMITH"},{"data":"TheRailgun:Positive_Field","floor":15,"key":"SMITH"}],"circlet_count":0,"master_deck":["TheRailgun:Strike","TheRailgun:Strike","TheRailgun:Strike","TheRailgun:Strike","TheRailgun:Defend+1","TheRailgun:Defend","TheRailgun:Defend","TheRailgun:Defend","TheRailgun:Discharge+1","TheRailgun:Static","TheRailgun:Zip","Corruption+1","TheRailgun:Hypercharge","TheRailgun:Lightning_Speed","Regret","TheRailgun:Coin_Flip","TheRailgun:Positive_Field+1","TheRailgun:Gekotamania","TheRailgun:Iron_Dust_Field","TheRailgun:Iron_Dust_Shield","TheRailgun:Sister_Noise","TheRailgun:Zip"],"relics":["TheRailgun:CoinRelic","REME_ComplimentaryCards","Du-Vu Doll","Meat on the Bone","War Paint","Lantern","SsserpentHead","Happy Flower"],"acts_visited":["Exordium"],"potions_floor_usage":[13,13],"damage_taken":[{"damage":0.0,"enemies":"Jaw Worm","floor":1.0,"turns":3.0},{"damage":3.0,"enemies":"2 Louse","floor":2.0,"turns":2.0},{"damage":0.0,"enemies":"Cultist","floor":4.0,"turns":3.0},{"damage":0.0,"enemies":"3 Louse","floor":5.0,"turns":1.0},{"damage":24.0,"enemies":"3 Sentries","floor":6.0,"turns":5.0},{"damage":24.0,"enemies":"Large Slime","floor":7.0,"turns":5.0},{"damage":11.0,"enemies":"Gremlin Nob","floor":11.0,"turns":3.0},{"damage":4.0,"enemies":"Exordium Wildlife","floor":12.0,"turns":3.0},{"damage":18,"enemies":"Gremlin Gang","floor":13,"turns":3},{"damage":2,"enemies":"Looter","floor":14,"turns":3},{"damage":31,"enemies":"The Guardian","floor":16,"turns":5}],"seed_played":"4581605765214188801","potions_obtained":[{"floor":1.0,"key":"Explosive Potion"},{"floor":6.0,"key":"Swift Potion"},{"floor":7.0,"key":"LiquidBronze"},{"floor":11.0,"key":"FearPotion"},{"floor":12.0,"key":"CultistPotion"}],"is_trial":false,"path_per_floor":["M","M","?","M","M","E","M","R","T","?","E","M","M","M","R","B"],"character_chosen":"THE_DEFAULT","items_purchased":[],"campfire_rested":0,"item_purchase_floors":[],"current_hp_per_floor":[45,42,42,42,42,30,18,18,18,18,19,27,21,31,31,0,0],"gold":350,"neow_bonus":"ONE_RARE_RELIC","is_daily":false,"chose_seed":false,"campfire_upgraded":2,"win_rate":0.0,"timestamp":1610769788,"path_taken":["M","M","?","M","M","E","M","R","T","?","E","M","?","M","R","BOSS"],"items_purchased_type":[],"build_version":"2020-12-22","purchased_purges":0,"victory":false,"max_hp_per_floor":[70,70,70,70,70,70,70,70,70,70,70,70,70,70,70,70,70],"card_choices":[{"not_picked":["TheRailgun:Iron_Dust_Sword","TheRailgun:Iron_Dust_Shield"],"picked":"TheRailgun:Hypercharge","floor":1.0},{"not_picked":["TheRailgun:Taser","TheRailgun:Sister_Network"],"picked":"TheRailgun:Lightning_Speed","floor":2.0},{"not_picked":["TheRailgun:Teleporter","TheRailgun:Crack"],"picked":"TheRailgun:Coin_Flip","floor":4.0},{"not_picked":["TheRailgun:Magnetic_Movement","TheRailgun:Discharge"],"picked":"TheRailgun:Positive_Field","floor":5.0},{"not_picked":["TheRailgun:Stun_Shock","TheRailgun:Thunderbolt","TheRailgun:Heroinism"],"picked":"SKIP","floor":6.0},{"not_picked":["TheRailgun:Lightningbolt","TheRailgun:Biribiri"],"picked":"TheRailgun:Gekotamania","floor":7.0},{"not_picked":["TheRailgun:Magnetic_Movement","TheRailgun:Static"],"picked":"TheRailgun:Iron_Dust_Field","floor":11.0},{"not_picked":["TheRailgun:Scatter_Railgun","TheRailgun:Crackle"],"picked":"TheRailgun:Iron_Dust_Shield","floor":12.0},{"not_picked":["TheRailgun:Stun_Shock","TheRailgun:Iron_Dust_Sword"],"picked":"TheRailgun:Sister_Noise","floor":13},{"not_picked":["TheRailgun:Aerial_Shot","TheRailgun:Teleporter"],"picked":"TheRailgun:Zip","floor":14}],"player_experience":656344,"relics_obtained":[{"floor":6.0,"key":"War Paint"},{"floor":9.0,"key":"Lantern"},{"floor":11.0,"key":"Happy Flower"}],"event_choices":[{"damage_healed":0.0,"max_hp_gain":0.0,"max_hp_loss":0.0,"gold_gain":0.0,"event_name":"Big Fish","player_choice":"Box","floor":3.0,"gold_loss":0.0,"damage_taken":0.0,"relics_obtained":["Meat on the Bone"],"cards_obtained":["Regret"]},{"damage_healed":0.0,"max_hp_gain":0.0,"max_hp_loss":0.0,"gold_gain":0.0,"event_name":"FaceTrader","player_choice":"Trade","floor":10.0,"gold_loss":0.0,"damage_taken":0.0,"relics_obtained":["SsserpentHead"]}],"is_beta":false,"boss_relics":[],"items_purged_floors":[],"is_endless":false,"potions_floor_spawned":[1,6,7,11,12],"killed_by":"The Guardian","ascension_level":6}}