{"host":"d8hh7rr4yzitjeuj","time":1610771524,"event":{"mods":["2.2 Compatiblity","AchievementEnabler","Act Like it!","BaseMod","Colored Map","Colored Powertips","Highlight Path","Keyboard Shortcuts","Minty Spire (QoL Compilation)","Permanent Neow","Quick Restart","StSLib","SuperFastMode"],"gold_per_floor":[110,130,142,161,161,161,186,186,186,201,219,252,264,290,290,290,290],"floor_reached":16,"language":"KOR","playtime":492,"items_purged":[],"score":248,"play_id":"b573e67c-e3f6-4e67-9502-1dac0c8eb1cb","local_time":"20210116133204","is_ascension_mode":true,"campfire_choices":[{"floor":6.0,"key":"REST"},{"data":"Sweeping Beam","floor":15.0,"key":"SMITH"}],"circlet_count":0,"master_deck":["AscendersBane","Strike_B","Strike_B","Strike_B","Strike_B","Defend_B","Defend_B","Defend_B","Defend_B","Zap","Dualcast","Mind Blast","Ball Lightning","Ball Lightning","Hologram","Leap","Self Repair","Streamline","Cold Snap","Sweeping Beam+1","Tempest","White Noise"],"relics":["Cracked Core","Toy Ornithopter","Gambling Chip","InkBottle","The Courier","Torii"],"acts_visited":["Exordium"],"potions_floor_usage":[16,16],"damage_taken":[{"damage":5.0,"enemies":"Small Slimes","floor":1.0,"turns":4.0},{"damage":4.0,"enemies":"Jaw Worm","floor":2.0,"turns":3.0},{"damage":0.0,"enemies":"Cultist","floor":3.0,"turns":3.0},{"damage":20.0,"enemies":"Large Slime","floor":4.0,"turns":5.0},{"damage":40.0,"enemies":"Lagavulin","floor":7.0,"turns":5.0},{"damage":8.0,"enemies":"Blue Slaver","floor":10.0,"turns":3.0},{"damage":4.0,"enemies":"Red Slaver","floor":11.0,"turns":3.0},{"damage":8.0,"enemies":"Gremlin Nob","floor":12.0,"turns":3.0},{"damage":1.0,"enemies":"Exordium Thugs","floor":13.0,"turns":3.0},{"damage":9.0,"enemies":"3 Sentries","floor":14.0,"turns":6.0},{"damage":55,"enemies":"Slime Boss","floor":16,"turns":7}],"seed_played":"-855123789674984026","potions_obtained":[{"floor":2.0,"key":"Swift Potion"},{"floor":4.0,"key":"CultistPotion"},{"floor":11.0,"key":"SteroidPotion"},{"floor":12.0,"key":"CultistPotion"},{"floor":13.0,"key":"ColorlessPotion"},{"floor":14.0,"key":"BlessingOfTheForge"}],"is_trial":false,"path_per_floor":["M","M","M","M","?","R","E","?","T","M","M","E","M","E","R","B"],"character_chosen":"DEFECT","items_purchased":[],"campfire_rested":1,"item_purchase_floors":[],"current_hp_per_floor":[59,55,55,35,17,38,3,26,26,25,28,37,36,39,39,0,0],"gold":290,"neow_bonus":"RANDOM_COLORLESS","is_daily":false,"chose_seed":false,"campfire_upgraded":1,"win_rate":0.0,"timestamp":1610771524,"path_taken":["M","M","M","M","?","R","E","?","T","M","M","E","M","E","R","BOSS"],"items_purchased_type":[],"build_version":"2020-12-22","purchased_purges":0,"victory":false,"max_hp_per_floor":[71,71,71,71,71,71,71,71,71,71,71,71,71,71,71,71,71],"card_choices":[{"not_picked":["Impatience","Bandage Up"],"picked":"Mind Blast","floor":0.0},{"not_picked":["Conserve Battery","Hologram"],"picked":"Ball Lightning","floor":1.0},{"not_picked":["Steam Power","Steam"],"picked":"Ball Lightning","floor":2.0},{"not_picked":["Double Energy","Redo"],"picked":"Hologram","floor":3.0},{"not_picked":["Stack","Aggregate"],"picked":"Leap","floor":4.0},{"not_picked":["Turbo","Thunder Strike"],"picked":"Self Repair","floor":7.0},{"not_picked":["Ball Lightning","Compile Driver"],"picked":"Streamline","floor":10.0},{"not_picked":["Self Repair","Streamline"],"picked":"Cold Snap","floor":11.0},{"not_picked":["Leap","Fusion"],"picked":"Sweeping Beam","floor":12.0},{"not_picked":["Coolheaded","Conserve Battery"],"picked":"Tempest","floor":13.0},{"not_picked":["Recycle","Streamline"],"picked":"White Noise","floor":14.0}],"player_experience":1435880,"relics_obtained":[{"floor":7.0,"key":"Gambling Chip"},{"floor":9.0,"key":"InkBottle"},{"floor":12.0,"key":"The Courier"},{"floor":14.0,"key":"Torii"}],"event_choices":[{"damage_healed":0.0,"max_hp_gain":0.0,"max_hp_loss":0.0,"gold_gain":0.0,"event_name":"Scrap Ooze","player_choice":"Success","floor":5.0,"gold_loss":0.0,"damage_taken":18.0,"relics_obtained":["Toy Ornithopter"]},{"damage_healed":23.0,"max_hp_gain":0.0,"max_hp_loss":0.0,"gold_gain":0.0,"event_name":"Big Fish","player_choice":"Banana","floor":8.0,"gold_loss":0.0,"damage_taken":0.0}],"is_beta":false,"boss_relics":[],"items_purged_floors":[],"is_endless":false,"potions_floor_spawned":[2,4,11,12,13,14],"killed_by":"Slime Boss","ascension_level":20}}