{"host":"cjhtzh7tp54jdfyv","time":1610828417,"event":{"mods":["AchievementEnabler","BaseMod","Colored Map","Colored Powertips","Curses Come First","DeckTracker","Filter the Spire","Minty Spire (QoL Compilation)","RNG Fix","Relic Sorter","Relic Stats","StSLib","UnlockEverythingMod","ojb\u0027s Better Paths Mod","ojb\u0027s Info Mod"],"gold_per_floor":[118,118,129,143,163,163,192,192,192,192,212,225,264,277,277,367,367,382,395,408,323,323,323,357,374,374,405,405,435,454,466,466,542,542,552,572,572,572,582,612,625,642,724,734,761,771,316,362,362,362,362,362],"floor_reached":51,"language":"ENG","playtime":5355,"items_purged":["Strike_G"],"score":1745,"play_id":"ae686afe-6261-454c-ba68-917789a2dd43","local_time":"20210116152017","is_ascension_mode":true,"campfire_choices":[{"data":"Dash","floor":6.0,"key":"SMITH"},{"data":"Blade Dance","floor":8.0,"key":"SMITH"},{"data":"Tactician","floor":15,"key":"SMITH"},{"data":"Burst","floor":23,"key":"SMITH"},{"data":"Blade Dance","floor":28,"key":"SMITH"},{"data":"Tactician","floor":32,"key":"SMITH"},{"floor":49,"key":"RECALL"}],"circlet_count":0,"master_deck":["AscendersBane","Strike_G","Strike_G","Strike_G","Defend_G+1","Defend_G+1","Defend_G","Defend_G","Defend_G","Survivor","Neutralize","Escape Plan","Blade Dance+1","Dash+1","Dagger Throw","Finisher","Blade Dance+1","Tactician+1","Tools of the Trade","Finisher","Burst+1","Acrobatics+1","Leg Sweep","Corpse Explosion","Tactician+1","Footwork+1","Backflip","Envenom","Dagger Throw+1","Dagger Throw+1","Madness","Madness","Terror+1","Blur","Backflip+1","Reflex","PiercingWail+1","Tactician+1","Well Laid Plans+1"],"relics":["Ring of the Snake","MealTicket","Bag of Marbles","Ninja Scroll","Bloody Idol","War Paint","Coffee Dripper","FossilizedHelix","Pantograph","Vajra","Bag of Preparation","StrikeDummy","Fusion Hammer","Mummified Hand","Sundial","OrangePellets","Potion Belt","Prayer Wheel"],"acts_visited":["Exordium","TheCity","TheBeyond"],"potions_floor_usage":[18,33,33,50,50,50],"damage_taken":[{"damage":0.0,"enemies":"2 Louse","floor":1.0,"turns":2.0},{"damage":0.0,"enemies":"Small Slimes","floor":3.0,"turns":5.0},{"damage":1.0,"enemies":"Cultist","floor":4.0,"turns":3.0},{"damage":1.0,"enemies":"Lots of Slimes","floor":5.0,"turns":6.0},{"damage":15.0,"enemies":"3 Sentries","floor":7.0,"turns":7.0},{"damage":0.0,"enemies":"Large Slime","floor":11.0,"turns":2.0},{"damage":0.0,"enemies":"Blue Slaver","floor":12.0,"turns":1.0},{"damage":0.0,"enemies":"Gremlin Nob","floor":13.0,"turns":2.0},{"damage":0,"enemies":"2 Fungi Beasts","floor":14,"turns":1},{"damage":3,"enemies":"The Guardian","floor":16,"turns":12},{"damage":0,"enemies":"2 Thieves","floor":18,"turns":1},{"damage":3,"enemies":"3 Byrds","floor":19,"turns":4},{"damage":1,"enemies":"Centurion and Healer","floor":20,"turns":3},{"damage":5,"enemies":"Slavers","floor":24,"turns":7},{"damage":13,"enemies":"Sentry and Sphere","floor":25,"turns":7},{"damage":18,"enemies":"Gremlin Leader","floor":27,"turns":2},{"damage":0,"enemies":"Slavers","floor":29,"turns":4},{"damage":6,"enemies":"Snake Plant","floor":30,"turns":3},{"damage":0,"enemies":"Centurion and Healer","floor":31,"turns":5},{"damage":3,"enemies":"Champ","floor":33,"turns":8},{"damage":2,"enemies":"Orb Walker","floor":35,"turns":3},{"damage":0,"enemies":"3 Darklings","floor":36,"turns":4},{"damage":5,"enemies":"Writhing Mass","floor":39,"turns":6},{"damage":0,"enemies":"Nemesis","floor":40,"turns":5},{"damage":1,"enemies":"4 Shapes","floor":41,"turns":5},{"damage":0,"enemies":"Sphere and 2 Shapes","floor":42,"turns":3},{"damage":0,"enemies":"Transient","floor":44,"turns":6},{"damage":0,"enemies":"Giant Head","floor":45,"turns":5},{"damage":6,"enemies":"Writhing Mass","floor":46,"turns":2},{"damage":0,"enemies":"2 Orb Walkers","floor":48,"turns":4},{"damage":45,"enemies":"Time Eater","floor":50,"turns":10},{"damage":51,"enemies":"Donu and Deca","floor":51,"turns":6}],"seed_played":"-6798160310682670392","potions_obtained":[{"floor":5.0,"key":"CunningPotion"},{"floor":7.0,"key":"BlessingOfTheForge"},{"floor":13,"key":"SmokeBomb"},{"floor":16,"key":"Fruit Juice"},{"floor":18,"key":"LiquidBronze"},{"floor":19,"key":"EssenceOfSteel"},{"floor":29,"key":"LiquidMemories"},{"floor":30,"key":"Dexterity Potion"},{"floor":33,"key":"Weak Potion"},{"floor":36,"key":"Block Potion"},{"floor":41,"key":"GamblersBrew"},{"floor":46,"key":"CunningPotion"}],"is_trial":false,"path_per_floor":["M","?","M","M","M","R","E","R","T","?","M","M","E","M","R","B",null,"M","M","M","?","?","R","E","M","T","E","R","E","M","M","R","B",null,"M","M","?","?","M","E","M","M","T","M","E","M","$","?","R","B","B"],"character_chosen":"THE_SILENT","items_purchased":["OrangePellets","Potion Belt","Weak Potion"],"campfire_rested":0,"item_purchase_floors":[47,47,47],"current_hp_per_floor":[59,59,59,58,57,57,42,42,42,42,42,42,42,42,42,39,55,60,57,56,56,56,56,56,48,48,35,35,40,39,44,44,65,65,65,65,53,53,53,58,62,65,65,65,65,64,65,65,65,20,0,0],"gold":362,"neow_bonus":"RANDOM_COMMON_RELIC","is_daily":false,"chose_seed":false,"campfire_upgraded":6,"win_rate":0.0,"timestamp":1610828417,"path_taken":["M","?","M","M","M","R","E","R","T","?","M","M","E","M","R","BOSS","M","?","M","?","?","R","E","M","T","E","R","E","M","?","R","BOSS","M","M","?","?","M","E","M","M","T","M","E","M","$","?","R","BOSS","BOSS"],"items_purchased_type":["Relic","Relic","Potion"],"build_version":"2020-12-22","purchased_purges":1,"victory":false,"max_hp_per_floor":[66,66,66,66,66,66,66,66,66,60,60,60,60,60,60,60,60,65,65,65,65,65,65,65,65,65,65,65,65,65,65,65,65,65,65,65,65,65,65,65,65,65,65,65,65,65,65,65,65,65,65,65],"relic_stats":{"OrangePellets":[0],"counters":[32,144],"Mummified Hand":[23],"Sundial":[2],"Bloody Idol":58,"Pantograph":46,"MealTicket":1,"Prayer Wheel":0,"Bag of Preparation":[0],"War Paint":["Defend_G","Defend_G"],"obtain_stats":[{"Potion Belt":47,"Golden Idol":10,"Vajra":26,"Bag of Preparation":27,"War Paint":13,"OrangePellets":47,"Ninja Scroll":9,"Mummified Hand":40,"Sundial":45,"Bloody Idol":22,"Pantograph":24,"MealTicket":0,"Prayer Wheel":48,"Fusion Hammer":34,"Bag of Marbles":7,"Coffee Dripper":17,"StrikeDummy":29,"FossilizedHelix":21,"Ring of the Snake":0},{"Potion Belt":29,"Golden Idol":5,"Vajra":15,"Bag of Preparation":16,"War Paint":8,"OrangePellets":29,"Ninja Scroll":5,"Mummified Hand":24,"Sundial":28,"Bloody Idol":13,"Pantograph":14,"MealTicket":0,"Prayer Wheel":30,"Fusion Hammer":20,"Bag of Marbles":5,"Coffee Dripper":10,"StrikeDummy":17,"FossilizedHelix":13,"Ring of the Snake":0},{"Potion Belt":124,"Golden Idol":23,"Vajra":63,"Bag of Preparation":65,"War Paint":28,"OrangePellets":124,"Ninja Scroll":23,"Mummified Hand":103,"Sundial":122,"Bloody Idol":49,"Pantograph":56,"MealTicket":0,"Prayer Wheel":128,"Fusion Hammer":85,"Bag of Marbles":23,"Coffee Dripper":41,"StrikeDummy":69,"FossilizedHelix":49,"Ring of the Snake":0}],"Ring of the Snake":[64]},"card_choices":[{"not_picked":["Tactician","Accuracy","Heel Hook"],"picked":"SKIP","floor":1.0},{"not_picked":["Endless Agony","Flying Knee"],"picked":"Blade Dance","floor":3.0},{"not_picked":["Flying Knee","Backflip"],"picked":"Dash","floor":4.0},{"not_picked":["Deflect","Blade Dance"],"picked":"Dagger Throw","floor":5.0},{"not_picked":["Catalyst","Infinite Blades"],"picked":"Finisher","floor":7.0},{"not_picked":["Noxious Fumes","Endless Agony"],"picked":"Blade Dance","floor":11.0},{"not_picked":["Backflip","Cloak And Dagger"],"picked":"Tactician","floor":12.0},{"not_picked":["A Thousand Cuts","Acrobatics"],"picked":"Tools of the Trade","floor":13},{"not_picked":["PiercingWail","Flying Knee"],"picked":"Finisher","floor":14},{"not_picked":["Bullet Time","Unload"],"picked":"Burst","floor":16},{"not_picked":["Dagger Spray","Cloak And Dagger","Quick Slash"],"picked":"SKIP","floor":18},{"not_picked":["Flying Knee","Choke"],"picked":"Acrobatics","floor":19},{"not_picked":["Quick Slash","Slice"],"picked":"Leg Sweep","floor":20},{"not_picked":["Choke","Endless Agony","Poisoned Stab"],"picked":"SKIP","floor":24},{"not_picked":["Quick Slash","Dash","All Out Attack"],"picked":"SKIP","floor":25},{"not_picked":["Backstab","Quick Slash"],"picked":"Corpse Explosion","floor":27},{"not_picked":["Flying Knee","Poisoned Stab"],"picked":"Tactician","floor":29},{"not_picked":["Dodge and Roll","Outmaneuver"],"picked":"Footwork+1","floor":30},{"not_picked":["PiercingWail","Cloak And Dagger"],"picked":"Backflip","floor":31},{"not_picked":["Corpse Explosion","Grand Finale"],"picked":"Envenom","floor":33},{"not_picked":["Setup","Deflect"],"picked":"Dagger Throw+1","floor":35},{"not_picked":["Flying Knee","Deflect"],"picked":"Dagger Throw+1","floor":36},{"not_picked":["Underhanded Strike","Dodge and Roll"],"picked":"Terror+1","floor":39},{"not_picked":["Quick Slash","Bouncing Flask"],"picked":"Blur","floor":40},{"not_picked":["Quick Slash","Corpse Explosion"],"picked":"Backflip+1","floor":41},{"not_picked":["Underhanded Strike+1","Catalyst"],"picked":"Reflex","floor":42},{"not_picked":["Bane","Backflip"],"picked":"PiercingWail+1","floor":44},{"not_picked":["Grand Finale","Quick Slash"],"picked":"Tactician+1","floor":45},{"not_picked":["Quick Slash+1","Outmaneuver","Bane+1"],"picked":"SKIP","floor":46},{"not_picked":["Deflect","Backstab"],"picked":"Well Laid Plans+1","floor":48}],"player_experience":4392946,"relics_obtained":[{"floor":7.0,"key":"Bag of Marbles"},{"floor":9.0,"key":"Ninja Scroll"},{"floor":13,"key":"War Paint"},{"floor":24,"key":"Pantograph"},{"floor":26,"key":"Vajra"},{"floor":27,"key":"Bag of Preparation"},{"floor":29,"key":"StrikeDummy"},{"floor":40,"key":"Mummified Hand"},{"floor":45,"key":"Sundial"},{"floor":48,"key":"Prayer Wheel"}],"event_choices":[{"damage_healed":0.0,"max_hp_gain":0.0,"max_hp_loss":0.0,"gold_gain":0.0,"cards_transformed":["Strike_G"],"event_name":"Transmorgrifier","player_choice":"Transformed","floor":2.0,"gold_loss":0.0,"damage_taken":0.0,"cards_obtained":["Escape Plan"]},{"damage_healed":0.0,"max_hp_gain":0.0,"max_hp_loss":6.0,"gold_gain":0.0,"event_name":"Golden Idol","player_choice":"Lose Max HP","floor":10.0,"gold_loss":0.0,"damage_taken":0.0,"relics_obtained":["Golden Idol"]},{"damage_healed":0,"gold_gain":0,"player_choice":"Obtained Relic","damage_taken":0,"relics_obtained":["FossilizedHelix"],"max_hp_gain":0,"max_hp_loss":0,"event_name":"Addict","floor":21,"gold_loss":85},{"damage_healed":0,"gold_gain":0,"player_choice":"Gave Idol","damage_taken":0,"relics_obtained":["Bloody Idol"],"max_hp_gain":0,"max_hp_loss":0,"event_name":"Forgotten Altar","floor":22,"relics_lost":["Golden Idol"],"gold_loss":0},{"damage_healed":0,"gold_gain":0,"player_choice":"Embrace Madness","damage_taken":12,"max_hp_gain":0,"max_hp_loss":0,"event_name":"Winding Halls","floor":37,"gold_loss":0,"cards_obtained":["Madness","Madness"]},{"damage_healed":0,"gold_gain":0,"player_choice":"Upgraded","damage_taken":0,"max_hp_gain":0,"max_hp_loss":0,"event_name":"Upgrade Shrine","floor":38,"gold_loss":0,"cards_upgraded":["Acrobatics"]},{"damage_healed":0,"gold_gain":0,"player_choice":"Fight","damage_taken":0,"max_hp_gain":0,"max_hp_loss":0,"event_name":"Mysterious Sphere","floor":48,"gold_loss":0}],"is_beta":false,"boss_relics":[{"not_picked":["Empty Cage","Ectoplasm"],"picked":"Coffee Dripper"},{"not_picked":["Pandora\u0027s Box","Philosopher\u0027s Stone"],"picked":"Fusion Hammer"}],"items_purged_floors":[47],"is_endless":false,"potions_floor_spawned":[5,7,13,16,18,19,29,30,31,33,36,40,41,46],"killed_by":"Donu and Deca","ascension_level":20}}