{"host":"8u7tvcybuv0u72fd","time":1610776738,"event":{"mods":["BaseMod","BetterRewards","Colored Map","Colored Powertips","Minty Spire (QoL Compilation)","Quick Restart","Shop Mod"],"gold_per_floor":[113,133,143,143,143,143,143,164,164,164,200,225,190,215,215,344,344,369,369,369,381,392,317,317,337,337,337,347,347,372,372,372,473,473,492,542,592,592,345,345,372,386,386,413,413,426,426,32,32,32,32,32,59,90,90],"floor_reached":56,"language":"ENG","playtime":2692,"items_purged":[],"score":1623,"play_id":"a8122e59-b5ce-4d5f-a42e-893477716ded","local_time":"20210116005858","is_ascension_mode":false,"campfire_choices":[{"data":"Bash","floor":6.0,"key":"SMITH"},{"data":"Seeing Red","floor":10.0,"key":"SMITH"},{"data":"Shrug It Off","floor":15.0,"key":"SMITH"},{"data":"Body Slam","floor":24.0,"key":"SMITH"},{"data":"Bludgeon","floor":27.0,"key":"SMITH"},{"data":"Flame Barrier","floor":29.0,"key":"SMITH"},{"data":"Headbutt","floor":32.0,"key":"SMITH"},{"data":"Double Tap","floor":40,"key":"SMITH"},{"data":"Rage","floor":47,"key":"SMITH"},{"floor":49,"key":"RECALL"},{"data":"Inflame","floor":52,"key":"SMITH"}],"circlet_count":0,"master_deck":["Strike_R+1","Strike_R+1","Strike_R+1","Defend_R+1","Defend_R+1","Defend_R+1","Defend_R+1","Bash+1","Seeing Red+1","Cleave+1","Flame Barrier+1","Shrug It Off+1","Bludgeon+1","Headbutt+1","Body Slam+1","Flex+1","Double Tap+1","Iron Wave+1","Flash of Steel","Rage+1","Inflame+1"],"relics":["Burning Blood","Ginger","Charon\u0027s Ashes","Bloody Idol","Paper Frog","Mercury Hourglass","Coffee Dripper","Art of War","Runic Pyramid","Thread and Needle","Magic Flower","MerchantsRug","Lizard Tail","HandDrill","HornCleat","Unceasing Top"],"acts_visited":["TheCity","TheBeyond","TheEnding"],"potions_floor_usage":[37,37,54,55,55,55],"damage_taken":[{"damage":0.0,"enemies":"2 Louse","floor":1.0,"turns":2.0},{"damage":5.0,"enemies":"Small Slimes","floor":2.0,"turns":4.0},{"damage":6.0,"enemies":"Jaw Worm","floor":3.0,"turns":3.0},{"damage":5.0,"enemies":"Looter","floor":8.0,"turns":3.0},{"damage":30.0,"enemies":"Lagavulin","floor":11.0,"turns":7.0},{"damage":5.0,"enemies":"Large Slime","floor":12.0,"turns":5.0},{"damage":0.0,"enemies":"Lots of Slimes","floor":14.0,"turns":1.0},{"damage":47.0,"enemies":"Hexaghost","floor":16.0,"turns":10.0},{"damage":0.0,"enemies":"3 Byrds","floor":18.0,"turns":3.0},{"damage":13.0,"enemies":"Shell Parasite","floor":21.0,"turns":4.0},{"damage":15.0,"enemies":"Centurion and Healer","floor":22.0,"turns":6.0},{"damage":18.0,"enemies":"Snecko","floor":25.0,"turns":5.0},{"damage":12.0,"enemies":"Sentry and Sphere","floor":28.0,"turns":4.0},{"damage":0.0,"enemies":"Gremlin Leader","floor":30.0,"turns":3.0},{"damage":69.0,"enemies":"Automaton","floor":33.0,"turns":8.0},{"damage":8,"enemies":"3 Shapes","floor":35,"turns":3},{"damage":0,"enemies":"Mind Bloom Boss Battle","floor":36,"turns":5},{"damage":22,"enemies":"2 Orb Walkers","floor":37,"turns":3},{"damage":0,"enemies":"Reptomancer","floor":41,"turns":4},{"damage":1,"enemies":"Orb Walker","floor":42,"turns":3},{"damage":8,"enemies":"Giant Head","floor":44,"turns":7},{"damage":17,"enemies":"Writhing Mass","floor":46,"turns":3},{"damage":59,"enemies":"Awakened One","floor":50,"turns":9},{"damage":6,"enemies":"Shield and Spear","floor":54,"turns":4},{"damage":154,"enemies":"The Heart","floor":55,"turns":9}],"seed_played":"5135143537371854845","potions_obtained":[{"floor":11.0,"key":"HeartOfIron"},{"floor":12.0,"key":"GamblersBrew"},{"floor":16.0,"key":"Strength Potion"},{"floor":21.0,"key":"BlessingOfTheForge"},{"floor":22.0,"key":"LiquidBronze"},{"floor":28.0,"key":"SmokeBomb"},{"floor":35,"key":"Ancient Potion"},{"floor":36,"key":"Weak Potion"},{"floor":54,"key":"ElixirPotion"}],"is_trial":false,"path_per_floor":["M","M","M","?","?","R","?","M","T","R","E","M","?","M","R","B",null,"M","?","?","M","M","?","R","M","T","R","M","R","E","?","R","B",null,"M","?","?","?","$","R","E","M","T","E","?","M","R","$","R","B",null,"R","$","E","B",null],"character_chosen":"IRONCLAD","items_purchased":["Ginger","Pear","Seeing Red","Fire Potion","AttackPotion","MerchantsRug","HandDrill","HornCleat","CultistPotion"],"campfire_rested":0,"item_purchase_floors":[0,0,0,39,39,39,48,48,53],"current_hp_per_floor":[61,62,62,44,44,44,44,45,45,45,21,22,42,48,48,7,83,83,83,83,81,77,77,77,70,70,70,69,69,80,80,80,22,83,83,83,72,72,72,72,83,83,83,83,83,80,80,83,83,33,83,83,83,83,10],"gold":90,"neow_bonus":"","is_daily":false,"chose_seed":false,"campfire_upgraded":10,"win_rate":0.0,"timestamp":1610776738,"path_taken":["M","M","M","?","?","R","?","?","T","R","E","M","?","M","R","BOSS","M","?","?","M","?","?","R","M","T","R","M","R","E","?","R","BOSS","M","?","?","?","$","R","E","M","T","E","?","M","R","$","R","BOSS","R","$","E","BOSS"],"items_purchased_type":["Relic","Relic","Card","Potion","Potion","Relic","Relic","Relic","Potion"],"build_version":"2020-12-22","purchased_purges":0,"victory":true,"max_hp_per_floor":[90,90,90,90,83,83,83,83,83,83,83,83,83,83,83,83,83,83,83,83,83,83,83,83,83,83,83,83,83,83,83,83,83,83,83,83,83,83,83,83,83,83,83,83,83,83,83,83,83,83,83,83,83,83,83],"card_choices":[{"not_picked":["True Grit","Sword Boomerang","Power Through"],"picked":"SKIP","floor":1.0},{"not_picked":["Burning Pact","Armaments"],"picked":"Cleave","floor":2.0},{"not_picked":["Havoc","Anger","Rage"],"picked":"SKIP","floor":3.0},{"not_picked":["Warcry","Perfected Strike","Twin Strike"],"picked":"SKIP","floor":8.0},{"not_picked":["Sword Boomerang","Headbutt"],"picked":"Flame Barrier","floor":11.0},{"not_picked":["Clothesline","Clash"],"picked":"Shrug It Off","floor":12.0},{"not_picked":["Iron Wave","Dark Embrace","Reckless Charge"],"picked":"SKIP","floor":14.0},{"not_picked":["Impervious","Fiend Fire"],"picked":"Bludgeon","floor":16.0},{"not_picked":["Battle Trance","Power Through"],"picked":"Headbutt","floor":18.0},{"not_picked":["Wild Strike","Shockwave"],"picked":"Body Slam","floor":21.0},{"not_picked":["Warcry+1","Iron Wave","Perfected Strike"],"picked":"SKIP","floor":22.0},{"not_picked":["Warcry+1","Iron Wave","Perfected Strike"],"picked":"SKIP","floor":22.0},{"not_picked":["Hemokinesis","Flame Barrier","Dark Embrace"],"picked":"SKIP","floor":25.0},{"not_picked":["Pommel Strike","Body Slam"],"picked":"Flex+1","floor":28.0},{"not_picked":["Sword Boomerang+1","Havoc","Spot Weakness"],"picked":"SKIP","floor":30.0},{"not_picked":["Bludgeon","Exhume"],"picked":"Double Tap","floor":33.0},{"not_picked":["Body Slam+1","Wild Strike","Combust"],"picked":"SKIP","floor":35},{"not_picked":["Body Slam+1","Wild Strike","Combust"],"picked":"SKIP","floor":35},{"not_picked":["Wild Strike+1","True Grit+1"],"picked":"Iron Wave+1","floor":36},{"not_picked":["PanicButton","Transmutation"],"picked":"Flash of Steel","floor":38},{"not_picked":["Spot Weakness","Pommel Strike"],"picked":"Rage","floor":41},{"not_picked":["Cleave","Shrug It Off+1","Iron Wave+1"],"picked":"SKIP","floor":42},{"not_picked":["Body Slam","Warcry"],"picked":"Inflame","floor":44},{"not_picked":["Rampage","Clothesline","Body Slam+1"],"picked":"SKIP","floor":46},{"not_picked":["Dual Wield","Cleave+1","Searing Blow"],"picked":"SKIP","floor":54}],"player_experience":1332681,"relics_obtained":[{"floor":9.0,"key":"Paper Frog"},{"floor":11.0,"key":"Mercury Hourglass"},{"floor":26.0,"key":"Gremlin Horn"},{"floor":30.0,"key":"Art of War"},{"floor":36,"key":"Thread and Needle"},{"floor":37,"key":"Magic Flower"},{"floor":41,"key":"MealTicket"},{"floor":44,"key":"Lizard Tail"},{"floor":54,"key":"Unceasing Top"}],"event_choices":[{"damage_healed":0.0,"max_hp_gain":0.0,"max_hp_loss":0.0,"gold_gain":0.0,"event_name":"Shining Light","player_choice":"Entered Light","floor":4.0,"gold_loss":0.0,"damage_taken":18.0,"cards_upgraded":["Strike_R","Strike_R"]},{"damage_healed":0.0,"max_hp_gain":0.0,"max_hp_loss":7.0,"gold_gain":0.0,"event_name":"Golden Idol","player_choice":"Lose Max HP","floor":5.0,"gold_loss":0.0,"damage_taken":0.0,"relics_obtained":["Golden Idol"]},{"damage_healed":0.0,"max_hp_gain":0.0,"max_hp_loss":0.0,"gold_gain":0.0,"event_name":"Living Wall","player_choice":"Grow","floor":7.0,"gold_loss":0.0,"damage_taken":0.0,"cards_upgraded":["Cleave"]},{"damage_healed":20.0,"max_hp_gain":0.0,"max_hp_loss":0.0,"gold_gain":0.0,"event_name":"The Cleric","player_choice":"Healed","floor":13.0,"gold_loss":35.0,"damage_taken":0.0},{"damage_healed":0.0,"max_hp_gain":0.0,"max_hp_loss":0.0,"gold_gain":0.0,"event_name":"Forgotten Altar","player_choice":"Gave Idol","floor":19.0,"relics_lost":["Golden Idol"],"gold_loss":0.0,"damage_taken":0.0,"relics_obtained":["Bloody Idol"]},{"damage_healed":0.0,"max_hp_gain":0.0,"max_hp_loss":0.0,"gold_gain":0.0,"event_name":"Duplicator","player_choice":"Ignored","floor":20.0,"gold_loss":0.0,"damage_taken":0.0},{"cards_removed":["Strike_R"],"damage_healed":0.0,"max_hp_gain":0.0,"max_hp_loss":0.0,"gold_gain":0.0,"event_name":"Beggar","player_choice":"Gave Gold","floor":23.0,"gold_loss":75.0,"damage_taken":0.0},{"damage_healed":0.0,"max_hp_gain":0.0,"max_hp_loss":0.0,"gold_gain":0.0,"event_name":"Back to Basics","player_choice":"Simplicity","floor":31.0,"gold_loss":0.0,"damage_taken":0.0,"cards_upgraded":["Strike_R","Strike_R","Defend_R","Defend_R","Defend_R","Defend_R"]},{"damage_healed":0,"gold_gain":0,"player_choice":"Fight","damage_taken":0,"max_hp_gain":0,"max_hp_loss":0,"event_name":"MindBloom","floor":36,"gold_loss":0},{"damage_healed":0,"gold_gain":0,"player_choice":"Fight","damage_taken":0,"max_hp_gain":0,"max_hp_loss":0,"event_name":"Mysterious Sphere","floor":37,"gold_loss":0},{"damage_healed":0,"gold_gain":0,"player_choice":"Memory 1","damage_taken":0,"max_hp_gain":0,"max_hp_loss":0,"event_name":"SensoryStone","floor":38,"gold_loss":0},{"cards_removed":["Strike_R"],"damage_healed":0,"gold_gain":0,"player_choice":"Removed Attack","damage_taken":0,"max_hp_gain":0,"max_hp_loss":0,"event_name":"Falling","floor":45,"gold_loss":0}],"is_beta":false,"boss_relics":[{"not_picked":["Ectoplasm","Tiny House"],"picked":"Coffee Dripper"},{"not_picked":["Black Star","Cursed Key"],"picked":"Runic Pyramid"}],"items_purged_floors":[],"is_endless":false,"potions_floor_spawned":[11,12,16,21,22,28,35,36,54],"ascension_level":0}}