{"host":"xz7n3qy1zq36rzpg","time":1610807442,"event":{"mods":["BaseMod","Colored Map","Colored Powertips","Highlight Path","Minty Spire (QoL Compilation)","Quick Restart","Shop Mod"],"gold_per_floor":[117,117,129,148,148,174,186,186,186,186,211,211,211,211,211,314,314,303,303,315,230,250,0,31,31,31,50,50,80,94,110,110,110,110],"floor_reached":33,"language":"ENG","playtime":1594,"items_purged":["Decay"],"score":339,"play_id":"e1d7a061-4e01-4b1c-a7c6-dc356ffb9228","local_time":"20210116153042","is_ascension_mode":true,"campfire_choices":[{"data":"Blur","floor":8,"key":"SMITH"},{"data":"Neutralize","floor":10,"key":"SMITH"},{"data":"Backstab","floor":12,"key":"SMITH"},{"floor":13,"key":"REST"},{"data":"Sucker Punch","floor":15,"key":"SMITH"},{"floor":32,"key":"REST"}],"circlet_count":0,"master_deck":["Strike_G","Strike_G","Strike_G","Strike_G","Defend_G","Defend_G","Defend_G","Defend_G","Defend_G","Survivor","Neutralize+1","Dagger Throw","Predator","Sucker Punch+1","Crippling Poison","Catalyst","Blur+1","Backstab+1","Phantasmal Killer","Heel Hook","Endless Agony+1","Terror","Caltrops","Unload","Riddle With Holes+1","Eviscerate+1","Deflect+1","Poisoned Stab"],"relics":["Cursed Key","Turnip","WingedGreaves","Mango","WristBlade","Gambling Chip","Unceasing Top","Boot","Ornamental Fan","Meat on the Bone"],"acts_visited":["Exordium","TheCity"],"potions_floor_usage":[20,24,24,29,29,30,33],"damage_taken":[{"damage":0,"enemies":"2 Louse","floor":1,"turns":3},{"damage":0,"enemies":"Cultist","floor":3,"turns":3},{"damage":7,"enemies":"Small Slimes","floor":4,"turns":2},{"damage":24,"enemies":"3 Sentries","floor":6,"turns":9},{"damage":4,"enemies":"Blue Slaver","floor":7,"turns":3},{"damage":28,"enemies":"Gremlin Nob","floor":11,"turns":5},{"damage":36,"enemies":"The Guardian","floor":16,"turns":12},{"damage":12,"enemies":"2 Thieves","floor":18,"turns":4},{"damage":0,"enemies":"3 Byrds","floor":20,"turns":5},{"damage":2,"enemies":"3 Cultists","floor":22,"turns":6},{"damage":25,"enemies":"Book of Stabbing","floor":24,"turns":4},{"damage":0,"enemies":"Snake Plant","floor":27,"turns":3},{"damage":3,"enemies":"Gremlin Leader","floor":29,"turns":6},{"damage":9,"enemies":"Sentry and Sphere","floor":30,"turns":4},{"damage":16,"enemies":"Shelled Parasite and Fungi","floor":31,"turns":3},{"damage":70,"enemies":"Champ","floor":33,"turns":12}],"seed_played":"-338792382831769430","potions_obtained":[{"floor":6,"key":"DuplicationPotion"},{"floor":22,"key":"Energy Potion"},{"floor":24,"key":"Poison Potion"},{"floor":27,"key":"Block Potion"},{"floor":31,"key":"Weak Potion"}],"is_trial":false,"path_per_floor":["M","?","M","M","?","E","M","R","T","R","E","R","R","?","R","B",null,"M","?","M","?","M","$","E","?","T","M","?","E","M","M","R","B"],"character_chosen":"THE_SILENT","items_purchased":["Caltrops","AttackPotion","Poison Potion"],"campfire_rested":2,"item_purchase_floors":[23,23,23],"current_hp_per_floor":[70,70,70,63,70,46,42,42,42,42,28,28,53,46,46,10,84,72,72,72,72,70,70,45,45,45,45,45,42,45,41,66,0,0],"gold":110,"neow_bonus":"BOSS_RELIC","is_daily":false,"chose_seed":false,"campfire_upgraded":4,"win_rate":0.0,"timestamp":1610807442,"path_taken":["M","?","M","M","?","E","?","R","T","R","E","R","R","?","R","BOSS","M","?","M","?","M","$","E","?","T","?","?","E","?","M","R","BOSS"],"items_purchased_type":["Card","Potion","Potion"],"build_version":"2020-12-22","purchased_purges":1,"victory":false,"max_hp_per_floor":[70,70,70,70,70,70,70,70,70,70,84,84,84,84,84,84,84,84,84,84,84,84,84,84,84,84,84,84,84,84,84,84,84,84],"card_choices":[{"not_picked":["Backflip","Quick Slash"],"picked":"Dagger Throw","floor":1},{"not_picked":["Acrobatics","Finisher"],"picked":"Sucker Punch","floor":3},{"not_picked":["Calculated Gamble","Unload"],"picked":"Crippling Poison","floor":4},{"not_picked":["Sucker Punch","Skewer"],"picked":"Catalyst","floor":6},{"not_picked":["Bane","Flying Knee"],"picked":"Blur","floor":7},{"not_picked":["Calculated Gamble","Deflect"],"picked":"Backstab","floor":11},{"not_picked":["Die Die Die","Malaise"],"picked":"Phantasmal Killer","floor":16},{"not_picked":["Outmaneuver","Deadly Poison"],"picked":"Heel Hook","floor":18},{"not_picked":["Prepared+1","Choke"],"picked":"Endless Agony+1","floor":20},{"not_picked":["Concentrate","Accuracy+1"],"picked":"Terror","floor":22},{"not_picked":["Slice","Prepared"],"picked":"Unload","floor":24},{"not_picked":["Blur+1","Predator"],"picked":"Riddle With Holes+1","floor":27},{"not_picked":["Calculated Gamble","Prepared"],"picked":"Eviscerate+1","floor":29},{"not_picked":["Outmaneuver","Backflip"],"picked":"Deflect+1","floor":30},{"not_picked":["Accuracy+1","Escape Plan"],"picked":"Poisoned Stab","floor":31}],"player_experience":321502,"relics_obtained":[{"floor":6,"key":"Turnip"},{"floor":9,"key":"WingedGreaves"},{"floor":11,"key":"Mango"},{"floor":24,"key":"Unceasing Top"},{"floor":26,"key":"Ornamental Fan"},{"floor":29,"key":"Meat on the Bone"}],"event_choices":[{"damage_healed":0,"gold_gain":0,"cards_transformed":["Strike_G"],"player_choice":"Change","damage_taken":0,"max_hp_gain":0,"max_hp_loss":0,"event_name":"Living Wall","floor":2,"gold_loss":0,"cards_obtained":["Predator"]},{"damage_healed":7,"gold_gain":0,"player_choice":"Full Heal","damage_taken":0,"max_hp_gain":0,"max_hp_loss":0,"event_name":"Wheel of Change","floor":5,"gold_loss":0},{"cards_removed":["Decay"],"damage_healed":0,"gold_gain":0,"player_choice":"Card Removal","damage_taken":7,"max_hp_gain":0,"max_hp_loss":0,"event_name":"Golden Wing","floor":14,"gold_loss":0},{"damage_healed":0,"gold_gain":0,"player_choice":"Smashed Altar","damage_taken":0,"max_hp_gain":0,"max_hp_loss":0,"event_name":"Forgotten Altar","floor":19,"gold_loss":0,"cards_obtained":["Decay"]},{"damage_healed":0,"gold_gain":0,"player_choice":"Obtained Relic","damage_taken":0,"relics_obtained":["Gambling Chip"],"max_hp_gain":0,"max_hp_loss":0,"event_name":"Addict","floor":21,"gold_loss":85},{"damage_healed":0,"gold_gain":0,"player_choice":"Opened","damage_taken":0,"relics_obtained":["Boot"],"max_hp_gain":0,"max_hp_loss":0,"event_name":"The Mausoleum","floor":25,"gold_loss":0},{"cards_removed":["Pain"],"damage_healed":0,"gold_gain":0,"player_choice":"Purged","damage_taken":0,"max_hp_gain":0,"max_hp_loss":0,"event_name":"Purifier","floor":28,"gold_loss":0}],"is_beta":false,"boss_relics":[{"not_picked":["Runic Dome","Coffee Dripper"],"picked":"WristBlade"}],"items_purged_floors":[23],"is_endless":false,"potions_floor_spawned":[6,22,24,27,31],"killed_by":"Champ","ascension_level":3}}