{"host":"FirstDane","time":1610769254,"event":{"mods":["BaseMod","Bestiary","Highlight Path","Minty Spire (QoL Compilation)","Relic Stats","Slay the Relics Exporter"],"gold_per_floor":[112,127,145,161,177,177,27,53,53,53,80,97,97,128,128,205,205,217,217,236,73,73,73,93,104,104,104,29,29,59,70,70,142,142,160,160,185,232,232,232,260,275,302,315,315,343,343,356,356,356,356],"floor_reached":50,"language":"ENG","playtime":4451,"items_purged":["Defend_B"],"score":1080,"play_id":"11e8501a-cba0-4aa3-80ba-8f523fe14803","local_time":"20210115215414","is_ascension_mode":true,"campfire_choices":[{"data":"Zap","floor":6,"key":"SMITH"},{"data":"Beam Cell","floor":10,"key":"SMITH"},{"data":"Reprogram","floor":13,"key":"SMITH"},{"floor":15,"key":"REST"},{"data":"Scrape","floor":23,"key":"SMITH"},{"floor":27,"key":"REST"},{"floor":29,"key":"REST"},{"data":"Hologram","floor":32,"key":"SMITH"},{"floor":40,"key":"REST"},{"data":"Seek","floor":45,"key":"SMITH"},{"floor":47,"key":"RECALL"},{"floor":49,"key":"REST"}],"circlet_count":0,"master_deck":["AscendersBane","Zap+1","Gash","Steam+1","Hologram+1","Coolheaded","Auto Shields","Beam Cell+1","Compile Driver","Electrodynamics","Hologram","Reprogram+1","Gash","Reboot","Scrape+1","Melter","Go for the Eyes","Sweeping Beam+1","Scrape+1","Rebound+1","FTL","Reboot+1","Conserve Battery+1","Seek+1","Hologram+1"],"relics":["Cracked Core","Strawberry","White Beast Statue","Ice Cream","Shuriken","Pandora\u0027s Box","PreservedInsect","Meat on the Bone","Ancient Tea Set","Empty Cage","Shovel","Lizard Tail","War Paint","Gremlin Horn"],"acts_visited":["Exordium","TheCity","TheBeyond"],"potions_floor_usage":[4,8,8,14,14,16,18,24,25,30,31,33,38,38,41,44],"damage_taken":[{"damage":2,"enemies":"Cultist","floor":1,"turns":4},{"damage":2,"enemies":"2 Louse","floor":2,"turns":3},{"damage":3,"enemies":"Jaw Worm","floor":3,"turns":4},{"damage":1,"enemies":"3 Louse","floor":4,"turns":3},{"damage":1,"enemies":"2 Fungi Beasts","floor":5,"turns":4},{"damage":24,"enemies":"Gremlin Nob","floor":8,"turns":4},{"damage":10,"enemies":"3 Sentries","floor":11,"turns":5},{"damage":5,"enemies":"Gremlin Gang","floor":12,"turns":3},{"damage":27,"enemies":"Gremlin Nob","floor":14,"turns":4},{"damage":4,"enemies":"Hexaghost","floor":16,"turns":9},{"damage":14,"enemies":"Shell Parasite","floor":18,"turns":4},{"damage":9,"enemies":"3 Byrds","floor":20,"turns":3},{"damage":16,"enemies":"Centurion and Healer","floor":24,"turns":3},{"damage":18,"enemies":"Snake Plant","floor":25,"turns":3},{"damage":13,"enemies":"Book of Stabbing","floor":30,"turns":3},{"damage":0,"enemies":"3 Cultists","floor":31,"turns":2},{"damage":23,"enemies":"Collector","floor":33,"turns":6},{"damage":21,"enemies":"3 Darklings","floor":35,"turns":4},{"damage":0,"enemies":"Mind Bloom Boss Battle","floor":37,"turns":3},{"damage":38,"enemies":"2 Orb Walkers","floor":38,"turns":4},{"damage":50,"enemies":"Nemesis","floor":41,"turns":5},{"damage":4,"enemies":"Orb Walker","floor":42,"turns":2},{"damage":9,"enemies":"4 Shapes","floor":44,"turns":5},{"damage":8,"enemies":"Giant Head","floor":46,"turns":4},{"damage":0,"enemies":"3 Darklings","floor":48,"turns":2},{"damage":83,"enemies":"Donu and Deca","floor":50,"turns":6}],"seed_played":"3860138951012973081","potions_obtained":[{"floor":2,"key":"SpeedPotion"},{"floor":3,"key":"Fruit Juice"},{"floor":4,"key":"SteroidPotion"},{"floor":8,"key":"FocusPotion"},{"floor":11,"key":"SmokeBomb"},{"floor":12,"key":"Strength Potion"},{"floor":14,"key":"DuplicationPotion"},{"floor":16,"key":"EssenceOfSteel"},{"floor":18,"key":"PowerPotion"},{"floor":20,"key":"FearPotion"},{"floor":24,"key":"FearPotion"},{"floor":25,"key":"AttackPotion"},{"floor":30,"key":"Fruit Juice"},{"floor":31,"key":"BlessingOfTheForge"},{"floor":33,"key":"SneckoOil"},{"floor":35,"key":"ColorlessPotion"},{"floor":38,"key":"Fire Potion"},{"floor":41,"key":"Fire Potion"},{"floor":42,"key":"Explosive Potion"},{"floor":44,"key":"FearPotion"},{"floor":46,"key":"BlessingOfTheForge"}],"is_trial":false,"path_per_floor":["M","M","M","M","M","R","$","E","T","R","E","M","R","E","R","B",null,"M","?","M","$","?","R","M","M","T","R","?","R","E","M","R","B",null,"M","?","?","?","?","R","E","M","T","M","R","E","R","M","R","B"],"character_chosen":"DEFECT","items_purchased":["Beam Cell","Compile Driver","PreservedInsect"],"campfire_rested":5,"item_purchase_floors":[7,7,21],"current_hp_per_floor":[62,60,57,61,60,60,60,43,43,43,33,28,28,1,23,19,62,48,48,39,39,39,39,23,5,5,27,27,49,48,53,53,42,71,50,50,50,24,24,48,52,48,48,51,51,43,43,43,67,0,0],"gold":356,"neow_bonus":"REMOVE_TWO","is_daily":false,"chose_seed":false,"campfire_upgraded":6,"win_rate":0.0,"timestamp":1610769254,"path_taken":["M","M","M","?","M","R","$","E","T","R","E","M","R","E","R","BOSS","M","?","M","$","?","R","M","M","T","R","?","R","E","M","R","BOSS","M","?","?","?","?","R","E","M","T","M","R","E","R","M","R","BOSS"],"items_purchased_type":["Card","Card","Relic"],"build_version":"2020-12-18","purchased_purges":1,"victory":false,"max_hp_per_floor":[64,64,64,69,69,69,69,76,76,76,76,76,76,76,76,76,76,76,76,76,76,76,76,76,76,76,76,76,76,76,81,81,81,81,81,81,81,81,81,81,81,81,81,81,81,81,81,81,81,81,81],"relic_stats":{"Lizard Tail":40,"Shovel":0,"Gremlin Horn":[2,2],"counters":[26,102],"Shuriken":[57],"Pandora\u0027s Box":["Tempest","Meteor Strike","Redo","Scrape","Melter"],"PreservedInsect":236,"War Paint":["Reboot","Steam"],"obtain_stats":[{"Ice Cream":11,"Gremlin Horn":46,"PreservedInsect":21,"War Paint":41,"Ancient Tea Set":30,"Empty Cage":34,"White Beast Statue":9,"Lizard Tail":38,"Shovel":37,"Shuriken":14,"Strawberry":8,"Pandora\u0027s Box":17,"Cracked Core":0,"Meat on the Bone":26},{"Ice Cream":7,"Gremlin Horn":24,"PreservedInsect":12,"War Paint":21,"Ancient Tea Set":15,"Empty Cage":17,"White Beast Statue":6,"Lizard Tail":20,"Shovel":19,"Shuriken":9,"Strawberry":6,"Pandora\u0027s Box":10,"Cracked Core":0,"Meat on the Bone":14},{"Ice Cream":27,"Gremlin Horn":94,"PreservedInsect":50,"War Paint":83,"Ancient Tea Set":59,"Empty Cage":67,"White Beast Statue":22,"Lizard Tail":78,"Shovel":74,"Shuriken":34,"Strawberry":22,"Pandora\u0027s Box":43,"Cracked Core":0,"Meat on the Bone":56}],"Meat on the Bone":60},"card_choices":[{"not_picked":["Ball Lightning","Defragment"],"picked":"Gash","floor":1},{"not_picked":["Loop","Compile Driver"],"picked":"Steam","floor":2},{"not_picked":["Conserve Battery","Genetic Algorithm"],"picked":"Hologram","floor":3},{"not_picked":["Redo","Loop"],"picked":"Coolheaded","floor":4},{"not_picked":["Leap","Stack"],"picked":"Auto Shields","floor":5},{"not_picked":["Coolheaded","Hologram"],"picked":"Electrodynamics","floor":8},{"not_picked":["Rebound","Darkness"],"picked":"Hologram","floor":11},{"not_picked":["Capacitor","Barrage"],"picked":"Reprogram","floor":12},{"not_picked":["Sweeping Beam","Go for the Eyes"],"picked":"Gash","floor":14},{"not_picked":["Echo Form","Biased Cognition"],"picked":"Reboot","floor":16},{"not_picked":["Barrage","Hologram+1"],"picked":"Go for the Eyes","floor":18},{"not_picked":["Compile Driver","Hologram"],"picked":"Sweeping Beam+1","floor":20},{"not_picked":["Capacitor","Amplify"],"picked":"Rebound+1","floor":24},{"not_picked":["Leap","Conserve Battery","Compile Driver"],"picked":"SKIP","floor":25},{"not_picked":["Rip and Tear","Leap"],"picked":"FTL","floor":30},{"not_picked":["Compile Driver","Tempest","Glacier"],"picked":"SKIP","floor":31},{"not_picked":["Rainbow","Biased Cognition"],"picked":"Reboot","floor":33},{"not_picked":["Rebound+1","Hello World","Tempest"],"picked":"SKIP","floor":35},{"not_picked":["Streamline+1","Beam Cell+1"],"picked":"Conserve Battery+1","floor":38},{"not_picked":["Compile Driver","Cold Snap","Chaos"],"picked":"SKIP","floor":41},{"not_picked":["Rip and Tear","Compile Driver+1","Redo"],"picked":"SKIP","floor":42},{"not_picked":["Redo+1","Defragment"],"picked":"Seek","floor":44},{"not_picked":["Rainbow","White Noise"],"picked":"Hologram+1","floor":46},{"not_picked":["Steam Power","Force Field","Consume"],"picked":"SKIP","floor":48}],"player_experience":3920953,"relics_obtained":[{"floor":8,"key":"Strawberry"},{"floor":9,"key":"White Beast Statue"},{"floor":11,"key":"Ice Cream"},{"floor":14,"key":"Shuriken"},{"floor":26,"key":"Meat on the Bone"},{"floor":30,"key":"Ancient Tea Set"},{"floor":37,"key":"Shovel"},{"floor":38,"key":"Lizard Tail"},{"floor":41,"key":"War Paint"},{"floor":46,"key":"Gremlin Horn"}],"event_choices":[{"cards_removed":["Meteor Strike"],"damage_healed":0,"gold_gain":0,"player_choice":"Elegance","damage_taken":0,"max_hp_gain":0,"max_hp_loss":0,"event_name":"Back to Basics","floor":19,"gold_loss":0},{"damage_healed":0,"gold_gain":0,"player_choice":"Read","damage_taken":0,"max_hp_gain":0,"max_hp_loss":0,"event_name":"The Library","floor":22,"gold_loss":0,"cards_obtained":["Scrape"]},{"cards_removed":["Tempest"],"damage_healed":0,"gold_gain":0,"player_choice":"Gave Gold","damage_taken":0,"max_hp_gain":0,"max_hp_loss":0,"event_name":"Beggar","floor":28,"gold_loss":75},{"damage_healed":0,"gold_gain":0,"player_choice":"Ignored","damage_taken":0,"max_hp_gain":0,"max_hp_loss":0,"event_name":"Tomb of Lord Red Mask","floor":36,"gold_loss":0},{"damage_healed":0,"gold_gain":0,"player_choice":"Fight","damage_taken":0,"max_hp_gain":0,"max_hp_loss":0,"event_name":"MindBloom","floor":37,"gold_loss":0},{"damage_healed":0,"gold_gain":0,"player_choice":"Fight","damage_taken":0,"max_hp_gain":0,"max_hp_loss":0,"event_name":"Mysterious Sphere","floor":38,"gold_loss":0},{"damage_healed":0,"gold_gain":0,"player_choice":"Upgraded","damage_taken":0,"max_hp_gain":0,"max_hp_loss":0,"event_name":"Upgrade Shrine","floor":39,"gold_loss":0,"cards_upgraded":["Scrape"]}],"is_beta":true,"boss_relics":[{"not_picked":["FrozenCore","Busted Crown"],"picked":"Pandora\u0027s Box"},{"not_picked":["Philosopher\u0027s Stone","Black Star"],"picked":"Empty Cage"}],"items_purged_floors":[7],"is_endless":false,"potions_floor_spawned":[2,3,4,8,11,12,14,16,18,20,24,25,30,31,33,35,37,38,41,42,44,46,48],"killed_by":"Donu and Deca","ascension_level":20}}