{"host":"sav7uxregyirlf69","time":1610810815,"event":{"mods":["AchievementEnabler","BaseMod","Colored Map","DeckTracker","Keyboard Shortcuts","Minty Spire (QoL Compilation)","READ ME - Guardian Mod","StSLib","SuperFastMode"],"gold_per_floor":[111,186,186,186,186,226,226,239,307,67,110,126,126,151,151,240,240,258,277,291,291,316,316,351,54,135,135,148,169,169,169,169],"floor_reached":31,"language":"KOR","playtime":701,"items_purged":["Force Field","Gash"],"score":530,"play_id":"0aefeb3c-01df-4bd4-a544-21808e23694f","local_time":"20210117002655","is_ascension_mode":true,"campfire_choices":[{"floor":7,"key":"REST"},{"data":"Reprogram","floor":13,"key":"SMITH"},{"data":"Steam Power","floor":15,"key":"SMITH"},{"floor":23,"key":"REST"},{"floor":27,"key":"REST"}],"circlet_count":0,"master_deck":["AscendersBane","Dualcast","Hyperbeam+1","Multi-Cast","Reprogram+1","Gash","Leap","Core Surge","Stack","Steam Power+1","Reinforced Body","Beam Cell","Turbo","Self Repair","Skim","Steam","Meteor Strike","Loop","Hologram","Auto Shields","Steam"],"relics":["Pandora\u0027s Box","Bloody Idol","Blood Vial","Orrery","Boot","Nuclear Battery","Regal Pillow","Membership Card","Anchor","Gremlin Horn"],"acts_visited":["Exordium","TheCity"],"potions_floor_usage":[16,22,24,29],"damage_taken":[{"damage":2,"enemies":"Cultist","floor":1,"turns":3},{"damage":26,"enemies":"Lagavulin","floor":6,"turns":4},{"damage":2,"enemies":"Jaw Worm","floor":8,"turns":3},{"damage":3,"enemies":"3 Sentries","floor":11,"turns":4},{"damage":0,"enemies":"2 Louse","floor":12,"turns":1},{"damage":6,"enemies":"2 Fungi Beasts","floor":14,"turns":3},{"damage":29,"enemies":"Slime Boss","floor":16,"turns":8},{"damage":0,"enemies":"Spheric Guardian","floor":18,"turns":4},{"damage":0,"enemies":"Chosen","floor":19,"turns":5},{"damage":28,"enemies":"Snecko","floor":20,"turns":4},{"damage":35,"enemies":"Sentry and Sphere","floor":22,"turns":11},{"damage":11,"enemies":"Gremlin Leader","floor":24,"turns":8},{"damage":32,"enemies":"Chosen and Byrds","floor":28,"turns":9},{"damage":14,"enemies":"Snake Plant","floor":29,"turns":3},{"damage":10,"enemies":"Book of Stabbing","floor":31,"turns":4}],"seed_played":"-2970755482863350456","potions_obtained":[{"floor":6,"key":"Fire Potion"},{"floor":8,"key":"ColorlessPotion"},{"floor":11,"key":"FearPotion"},{"floor":19,"key":"Swift Potion"},{"floor":24,"key":"AttackPotion"},{"floor":29,"key":"Ancient Potion"}],"is_trial":false,"path_per_floor":["M","?","?","?","?","E","R","M","T","$","E","M","R","M","R","B",null,"M","M","M","?","M","R","E","$","T","R","M","M","?","E"],"character_chosen":"DEFECT","items_purchased":["Orrery","Membership Card","Anchor"],"campfire_rested":3,"item_purchase_floors":[10,25,25],"current_hp_per_floor":[62,51,51,44,44,18,37,37,37,37,36,38,38,41,41,21,53,62,64,43,43,17,36,34,34,34,64,39,27,27,19,19],"gold":169,"neow_bonus":"BOSS_RELIC","is_daily":false,"chose_seed":false,"campfire_upgraded":2,"win_rate":0.0,"timestamp":1610810815,"path_taken":["M","?","?","?","?","E","R","M","T","?","E","M","R","M","R","BOSS","M","?","M","?","M","R","E","$","T","R","M","M","?","E"],"items_purchased_type":["Relic","Relic","Relic"],"build_version":"2020-12-22","purchased_purges":2,"victory":false,"max_hp_per_floor":[71,71,71,71,64,64,64,64,64,64,64,64,64,64,64,64,64,64,64,64,64,64,64,64,64,64,64,64,64,64,64,64],"card_choices":[{"not_picked":["Barrage","Heatsinks"],"picked":"Steam Power","floor":1},{"not_picked":["Sweeping Beam","Loop"],"picked":"Reinforced Body","floor":6},{"not_picked":["Gash","Streamline"],"picked":"Beam Cell","floor":8},{"not_picked":["Gash","Streamline"],"picked":"Turbo","floor":10},{"not_picked":["Go for the Eyes","Sweeping Beam"],"picked":"Gash","floor":10},{"not_picked":["Cold Snap","Heatsinks"],"picked":"Self Repair","floor":10},{"not_picked":["Compile Driver","Steam Power"],"picked":"Skim","floor":10},{"not_picked":["Leap","Beam Cell","Stack"],"picked":"SKIP","floor":11},{"not_picked":["Reprogram","Stack"],"picked":"Steam","floor":12},{"not_picked":["Fusion","Leap","Aggregate"],"picked":"SKIP","floor":14},{"not_picked":["Hyperbeam","Reboot"],"picked":"Meteor Strike","floor":16},{"not_picked":["Auto Shields","Aggregate"],"picked":"Loop","floor":18},{"not_picked":["Hologram","Gash","Barrage+1"],"picked":"SKIP","floor":19},{"not_picked":["Gash","Barrage+1"],"picked":"Hologram","floor":19},{"not_picked":["Compile Driver","Coolheaded"],"picked":"Auto Shields","floor":20},{"not_picked":["Stack","Sweeping Beam","Conserve Battery"],"picked":"SKIP","floor":22},{"not_picked":["Chill","Storm","Defragment"],"picked":"SKIP","floor":24},{"not_picked":["Ball Lightning","Go for the Eyes","Turbo"],"picked":"SKIP","floor":28},{"not_picked":["Darkness","Ball Lightning","Barrage"],"picked":"SKIP","floor":29}],"player_experience":1296426,"relics_obtained":[{"floor":6,"key":"Blood Vial"},{"floor":11,"key":"Boot"},{"floor":24,"key":"Regal Pillow"},{"floor":26,"key":"Gremlin Horn"}],"event_choices":[{"damage_healed":0,"gold_gain":75,"player_choice":"Gather Gold","damage_taken":11,"max_hp_gain":0,"max_hp_loss":0,"event_name":"World of Goop","floor":2,"gold_loss":0},{"damage_healed":0,"gold_gain":0,"player_choice":"Grow","damage_taken":0,"max_hp_gain":0,"max_hp_loss":0,"event_name":"Living Wall","floor":3,"gold_loss":0,"cards_upgraded":["Hyperbeam"]},{"cards_removed":["Zap"],"damage_healed":0,"gold_gain":0,"player_choice":"Card Removal","damage_taken":7,"max_hp_gain":0,"max_hp_loss":0,"event_name":"Golden Wing","floor":4,"gold_loss":0},{"damage_healed":0,"gold_gain":0,"player_choice":"Lose Max HP","damage_taken":0,"relics_obtained":["Golden Idol"],"max_hp_gain":0,"max_hp_loss":7,"event_name":"Golden Idol","floor":5,"gold_loss":0},{"damage_healed":0,"gold_gain":0,"player_choice":"Read","damage_taken":0,"max_hp_gain":0,"max_hp_loss":0,"event_name":"The Library","floor":21,"gold_loss":0,"cards_obtained":["Steam"]},{"damage_healed":0,"gold_gain":0,"player_choice":"Gave Idol","damage_taken":0,"relics_obtained":["Bloody Idol"],"max_hp_gain":0,"max_hp_loss":0,"event_name":"Forgotten Altar","floor":30,"relics_lost":["Golden Idol"],"gold_loss":0}],"is_beta":false,"boss_relics":[{"not_picked":["Velvet Choker","Inserter"],"picked":"Nuclear Battery"}],"items_purged_floors":[10,25],"is_endless":false,"potions_floor_spawned":[6,8,11,14,19,20,24,29],"killed_by":"Book of Stabbing","ascension_level":20}}