{"host":"dtvgc7uk609653br","time":1610759241,"event":{"mods":["BaseMod","Minty Spire (QoL Compilation)","Shade Mod","StSLib","The Druid"],"gold_per_floor":[116,116,41,58,69,69,104,104,104,124,156,167,167,178,178,274,274,214,214,214,214,214,214,214,214,214,214,214,114,114,0,0,0,0,0,0,0,0,0,0,0,0,0,0,0,0,0,0,0,0],"floor_reached":51,"language":"ENG","playtime":1760,"items_purged":["theDruid:Strike_O","theDruid:Strike_O"],"score":717,"play_id":"ba1fedf8-0e61-4217-9d59-01674d62665b","local_time":"20210115200721","is_ascension_mode":false,"campfire_choices":[{"data":"theDruid:BlessedStrike","floor":6,"key":"SMITH"},{"floor":13,"key":"REST"},{"floor":15,"key":"REST"},{"floor":23,"key":"REST"},{"floor":25,"key":"REST"},{"floor":32,"key":"REST"},{"floor":40,"key":"REST"},{"floor":49,"key":"REST"}],"circlet_count":0,"master_deck":["theDruid:Strike_O","theDruid:Defend_O","theDruid:Defend_O","theDruid:Defend_O","theDruid:Defend_O","theDruid:BriarArmor","theDruid:WildSlash","theDruid:ApexPredator","theDruid:Gore","theDruid:BlessedStrike+1","theDruid:PrimalStrength","theDruid:Restoration+1","theDruid:FuriousSlash+1","theDruid:FuriousSlash+1","theDruid:Resupply","theDruid:SurvivalCache","Writhe","theDruid:Restoration+1"],"relics":["theDruid:CrownOfTheWilds","Molten Egg 2","FaceOfCleric","theDruid:BoarsTusk","Ectoplasm","Nloth\u0027s Gift","Lantern","Oddly Smooth Stone","Philosopher\u0027s Stone","Juzu Bracelet"],"acts_visited":["Exordium","TheCity","TheBeyond"],"potions_floor_usage":[16,16,16,33,33,41,50,50],"damage_taken":[{"damage":2,"enemies":"2 Louse","floor":1,"turns":3},{"damage":0,"enemies":"Small Slimes","floor":4,"turns":3},{"damage":6,"enemies":"Cultist","floor":5,"turns":3},{"damage":18,"enemies":"Lagavulin","floor":7,"turns":5},{"damage":9,"enemies":"2 Fungi Beasts","floor":10,"turns":3},{"damage":27,"enemies":"Gremlin Nob","floor":11,"turns":4},{"damage":0,"enemies":"Red Slaver","floor":12,"turns":5},{"damage":6,"enemies":"3 Louse","floor":14,"turns":3},{"damage":10,"enemies":"Slime Boss","floor":16,"turns":7},{"damage":24,"enemies":"2 Thieves","floor":18,"turns":3},{"damage":13,"enemies":"Shell Parasite","floor":20,"turns":4},{"damage":14,"enemies":"Centurion and Healer","floor":21,"turns":4},{"damage":19,"enemies":"Snake Plant","floor":24,"turns":3},{"damage":4,"enemies":"3 Cultists","floor":27,"turns":5},{"damage":15,"enemies":"Snecko","floor":28,"turns":4},{"damage":23,"enemies":"Automaton","floor":33,"turns":6},{"damage":9,"enemies":"3 Darklings","floor":35,"turns":5},{"damage":16,"enemies":"3 Shapes","floor":36,"turns":3},{"damage":11,"enemies":"Sphere and 2 Shapes","floor":38,"turns":3},{"damage":17,"enemies":"3 Darklings","floor":39,"turns":5},{"damage":14,"enemies":"Spire Growth","floor":41,"turns":5},{"damage":26,"enemies":"Transient","floor":42,"turns":5},{"damage":12,"enemies":"3 Darklings","floor":44,"turns":3},{"damage":0,"enemies":"Writhing Mass","floor":47,"turns":4},{"damage":20,"enemies":"Jaw Worm Horde","floor":48,"turns":3},{"damage":39,"enemies":"Awakened One","floor":50,"turns":7}],"seed_played":"-510320489056784377","potions_obtained":[{"floor":1,"key":"AttackPotion"},{"floor":4,"key":"LiquidMemories"},{"floor":10,"key":"EntropicBrew"},{"floor":21,"key":"DuplicationPotion"},{"floor":33,"key":"FairyPotion"},{"floor":39,"key":"Block Potion"},{"floor":47,"key":"Swift Potion"}],"is_trial":false,"path_per_floor":["M","?","$","M","M","R","E","?","T","M","E","M","R","M","R","B",null,"M","?","M","M","?","R","M","R","T","M","M","$","T","?","R","B",null,"M","M","?","M","M","R","M","M","T","M","?","?","M","M","R","B",null],"character_chosen":"DRUID","items_purchased":[],"campfire_rested":7,"item_purchase_floors":[],"current_hp_per_floor":[66,66,66,66,60,60,42,42,42,34,8,9,30,25,46,37,73,50,50,38,25,25,47,29,52,52,49,35,35,35,35,58,36,80,72,57,57,47,31,56,43,18,18,7,29,29,30,11,37,27],"gold":0,"neow_bonus":"THREE_RARE_CARDS","is_daily":false,"chose_seed":false,"campfire_upgraded":1,"win_rate":0.0,"timestamp":1610759241,"path_taken":["M","?","$","M","M","R","E","?","T","M","E","M","R","?","R","BOSS","M","?","M","?","?","R","M","R","T","M","M","$","?","?","R","BOSS","M","M","?","?","M","R","M","M","T","M","?","?","M","M","R","BOSS"],"items_purchased_type":[],"build_version":"2020-12-22","purchased_purges":2,"victory":true,"max_hp_per_floor":[68,68,68,68,68,68,68,68,68,69,70,71,71,72,72,73,73,74,74,75,76,76,76,77,77,77,78,79,79,79,79,79,80,80,81,82,82,83,84,84,85,86,86,87,87,87,88,89,89,90],"card_choices":[{"not_picked":["theDruid:HailofThorns","theDruid:TwinStars"],"picked":"theDruid:ApexPredator","floor":0},{"not_picked":["theDruid:Starburst","theDruid:Swipe"],"picked":"theDruid:Gore","floor":1},{"not_picked":["theDruid:Swipe","theDruid:Slingshot"],"picked":"theDruid:BlessedStrike","floor":4},{"not_picked":["theDruid:FaerieFire","theDruid:BrambleLash","theDruid:Thornburst"],"picked":"SKIP","floor":5},{"not_picked":["theDruid:ViralBites+1","theDruid:Recoil","theDruid:IronClaw+1"],"picked":"SKIP","floor":7},{"not_picked":["theDruid:RockSlide+1","theDruid:BlessedStrike+1","theDruid:BagofTricks"],"picked":"SKIP","floor":10},{"not_picked":["theDruid:Recoil","theDruid:ExposingSlash+1","theDruid:Scavenge"],"picked":"SKIP","floor":11},{"not_picked":["theDruid:ForestGuard","theDruid:FeralPlants"],"picked":"theDruid:PrimalStrength","floor":12},{"not_picked":["theDruid:FelineGrace","theDruid:PlagueClaw+1","theDruid:InsectSwarm+1"],"picked":"SKIP","floor":14},{"not_picked":["theDruid:HailofThorns+1","theDruid:SpiritCall"],"picked":"theDruid:Restoration","floor":16},{"not_picked":["theDruid:PlagueClaw+1","theDruid:Fortitude"],"picked":"theDruid:FuriousSlash+1","floor":18},{"not_picked":["theDruid:Pathfinder+1","theDruid:ForestsSoul+1"],"picked":"theDruid:FuriousSlash+1","floor":20},{"not_picked":["theDruid:Fortitude","theDruid:ExposingSlash+1"],"picked":"theDruid:Resupply","floor":21},{"not_picked":["theDruid:BristlingBulwark","theDruid:SurvivalInstincts","theDruid:PlagueClaw+1"],"picked":"SKIP","floor":24},{"not_picked":["theDruid:SpiritCall","theDruid:FuriousSlash+1","theDruid:TakeShelter"],"picked":"SKIP","floor":27},{"not_picked":["theDruid:Fortitude","theDruid:Gore+1","theDruid:Guidance"],"picked":"SKIP","floor":28},{"not_picked":["theDruid:Restoration","theDruid:SerratedFlesh"],"picked":"theDruid:SurvivalCache","floor":33},{"not_picked":["theDruid:TakeShelter+1","theDruid:Guidance","theDruid:ExposingSlash+1"],"picked":"SKIP","floor":35},{"not_picked":["theDruid:AstralShield","theDruid:Starburst+1","theDruid:Starfall+1"],"picked":"SKIP","floor":36},{"not_picked":["theDruid:Slingshot+1","theDruid:BristlingBulwark","theDruid:IronClaw+1"],"picked":"SKIP","floor":38},{"not_picked":["theDruid:Guidance","theDruid:BrambleLash+1","theDruid:FelineGrace+1"],"picked":"SKIP","floor":39},{"not_picked":["theDruid:BristlingBulwark+1","theDruid:Starfall+1","theDruid:ForestGuard+1"],"picked":"SKIP","floor":41},{"not_picked":["theDruid:Slingshot+1","theDruid:FuriousSlash+1","theDruid:Gore+1"],"picked":"SKIP","floor":42},{"not_picked":["theDruid:Guidance+1","theDruid:Slingshot+1","theDruid:ApexPredator"],"picked":"SKIP","floor":44},{"not_picked":["theDruid:Gore+1","theDruid:Impale+1","theDruid:PlagueClaw+1"],"picked":"SKIP","floor":47},{"not_picked":["theDruid:BlessedStrike+1","theDruid:Resupply+1","theDruid:ThornStrike+1"],"picked":"SKIP","floor":48}],"player_experience":530165,"relics_obtained":[{"floor":7,"key":"Molten Egg 2"},{"floor":9,"key":"theDruid:BoarsTusk"},{"floor":11,"key":"Centennial Puzzle"},{"floor":26,"key":"Lantern"},{"floor":30,"key":"Oddly Smooth Stone"},{"floor":43,"key":"Juzu Bracelet"}],"event_choices":[{"damage_healed":0,"gold_gain":0,"player_choice":"Ignored","damage_taken":0,"max_hp_gain":0,"max_hp_loss":0,"event_name":"Liars Game","floor":2,"gold_loss":0},{"damage_healed":0,"gold_gain":0,"player_choice":"Trade","damage_taken":0,"relics_obtained":["FaceOfCleric"],"max_hp_gain":0,"max_hp_loss":0,"event_name":"FaceTrader","floor":8,"gold_loss":0},{"cards_removed":["theDruid:Strike_O"],"damage_healed":0,"gold_gain":0,"player_choice":"Offered Basic","damage_taken":0,"max_hp_gain":0,"max_hp_loss":0,"event_name":"Bonfire Elementals","floor":19,"gold_loss":0},{"damage_healed":0,"gold_gain":0,"player_choice":"Traded Relic","damage_taken":0,"relics_obtained":["Nloth\u0027s Gift"],"max_hp_gain":0,"max_hp_loss":0,"event_name":"N\u0027loth","floor":22,"relics_lost":["Centennial Puzzle"],"gold_loss":0},{"damage_healed":0,"gold_gain":0,"player_choice":"Paid Fearfully","damage_taken":0,"max_hp_gain":0,"max_hp_loss":0,"event_name":"Masked Bandits","floor":31,"gold_loss":114},{"damage_healed":0,"gold_gain":0,"player_choice":"Upgraded","damage_taken":0,"max_hp_gain":0,"max_hp_loss":0,"event_name":"Upgrade Shrine","floor":37,"gold_loss":0,"cards_upgraded":["theDruid:Restoration"]},{"damage_healed":22,"gold_gain":0,"player_choice":"Writhe","damage_taken":0,"max_hp_gain":0,"max_hp_loss":0,"event_name":"Winding Halls","floor":45,"gold_loss":0,"cards_obtained":["Writhe"]},{"damage_healed":0,"gold_gain":0,"player_choice":"Copied","damage_taken":0,"max_hp_gain":0,"max_hp_loss":0,"event_name":"Duplicator","floor":46,"gold_loss":0,"cards_obtained":["theDruid:Restoration"]}],"is_beta":false,"boss_relics":[{"not_picked":["Runic Pyramid","Tiny House"],"picked":"Ectoplasm"},{"not_picked":["Velvet Choker","Snecko Eye"],"picked":"Philosopher\u0027s Stone"}],"items_purged_floors":[3,29],"is_endless":false,"potions_floor_spawned":[1,4,10,14,21,24,27,33,39,47,48],"ascension_level":0}}