{"host":"vrsxkkch9ccrec7k","time":1610776390,"event":{"mods":["Act Like it!","BaseMod","Bestiary","Better Sensory Stone","Better Third Choice","Better Vampires","Downfall","Minty Spire (QoL Compilation)","Permanent Neow","Relic Stats","Spicy Shops","StSLib"],"gold_per_floor":[99,116,130,146,207,357,357,374,393,26,40,73,73,73,93,93,93],"floor_reached":16,"language":"ENG","playtime":1462,"items_purged":["Normality"],"score":104,"play_id":"749f70f9-82fe-4daf-a0d4-f02874d2b7d3","local_time":"20210116005310","is_ascension_mode":false,"campfire_choices":[{"data":"bronze:Goto","floor":1,"key":"SMITH"}],"circlet_count":0,"master_deck":["bronze:Strike","bronze:Strike","bronze:Strike","bronze:Strike","bronze:Defend","bronze:Defend","bronze:Defend","bronze:Defend","bronze:Replicate","bronze:Goto+1","bronze:WildBeam","bronze:BitShift","bronze:Virus","bronze:Deprecate","downfall:Icky","bronze:Flail","bronze:MaxOutput","bronze:Shell","bronze:ThunderWave"],"relics":["bronze:BronzeCore","Bag of Preparation","Shuriken","Question Card","Bronze Scales","Boot","Strawberry","downfall:BrokenWingStatue"],"acts_visited":["Exordium"],"potions_floor_usage":[5,12,15,15,16],"damage_taken":[{"damage":1,"enemies":"Jaw Worm","floor":2,"turns":3},{"damage":0,"enemies":"2 Louse","floor":3,"turns":2},{"damage":5,"enemies":"Small Slimes","floor":4,"turns":3},{"damage":28,"enemies":"Lagavulin Event","floor":5,"turns":7},{"damage":5,"enemies":"Gremlin Gang","floor":8,"turns":4},{"damage":0,"enemies":"3 Louse","floor":9,"turns":3},{"damage":0,"enemies":"downfall:FleeingMerchant","floor":10,"turns":4},{"damage":0,"enemies":"Large Slime","floor":11,"turns":2},{"damage":4,"enemies":"3 Sentries","floor":12,"turns":3},{"damage":0,"enemies":"Gremlin Gang","floor":15,"turns":1},{"damage":39,"enemies":"IC_STATUS_ARCHETYPE","floor":16,"turns":4}],"seed_played":"-8337120449541505017","potions_obtained":[{"floor":3,"key":"Dexterity Potion"},{"floor":8,"key":"Energy Potion"},{"floor":9,"key":"PowerPotion"},{"floor":12,"key":"DistilledChaos"},{"floor":14,"key":"Regen Potion"},{"floor":14,"key":"SteroidPotion"}],"is_trial":false,"path_per_floor":["R","M","M","M","?","?","T","M","M","$","M","E","?","?","M","B"],"character_chosen":"THE_AUTOMATON","items_purchased":["bronze:MaxOutput","Bronze Scales","Boot"],"campfire_rested":0,"item_purchase_floors":[10,10,10],"current_hp_per_floor":[70,69,69,64,36,36,36,31,31,31,31,34,34,34,34,0,0],"gold":93,"neow_bonus":"RANDOM_COMMON_RELIC","is_daily":false,"chose_seed":false,"campfire_upgraded":1,"win_rate":0.0,"timestamp":1610776390,"path_taken":["R","M","M","M","?","?","T","M","M","$","M","E","?","?","M","BOSS"],"items_purchased_type":["Card","Relic","Relic"],"build_version":"2020-12-22","purchased_purges":1,"victory":false,"max_hp_per_floor":[70,70,70,70,70,70,70,70,70,70,70,77,77,77,77,77,77],"relic_stats":{"counters":[11,36],"Shuriken":[20],"Bronze Scales":[18],"Bag of Preparation":[22],"Question Card":6,"Boot":[80],"obtain_stats":[{"bronze:BronzeCore":0,"downfall:BrokenWingStatue":13,"Shuriken":5,"Bronze Scales":10,"Strawberry":12,"Bag of Preparation":0,"Question Card":7,"Boot":10},{"bronze:BronzeCore":0,"downfall:BrokenWingStatue":9,"Shuriken":4,"Bronze Scales":7,"Strawberry":9,"Bag of Preparation":0,"Question Card":4,"Boot":7},{"bronze:BronzeCore":0,"downfall:BrokenWingStatue":31,"Shuriken":15,"Bronze Scales":26,"Strawberry":31,"Bag of Preparation":0,"Question Card":15,"Boot":26}]},"card_choices":[{"not_picked":["bronze:BitShift","bronze:ForceShield"],"picked":"bronze:WildBeam","floor":2},{"not_picked":["bronze:ForceShield","bronze:WildBeam"],"picked":"bronze:BitShift","floor":3},{"not_picked":["bronze:Allocate","bronze:Overload"],"picked":"bronze:Virus","floor":4},{"not_picked":["bronze:Frontload","bronze:DarkDash"],"picked":"bronze:Deprecate","floor":5},{"not_picked":["bronze:Allocate","bronze:BuggyMess","bronze:Frontload"],"picked":"bronze:Flail","floor":8},{"not_picked":["bronze:FineTuning","bronze:Deprecate","bronze:Turbo","bronze:DelayedGuard"],"picked":"SKIP","floor":9},{"not_picked":["bronze:WhirlingStrike","bronze:SpaghettiCode","bronze:Branch","bronze:FineTuning"],"picked":"SKIP","floor":10},{"not_picked":["bronze:GetLatest","bronze:Deprecate","bronze:OilSpill","bronze:ClassDefault"],"picked":"SKIP","floor":11},{"not_picked":["bronze:BuggyMess","bronze:BugBarrage","bronze:Shield"],"picked":"bronze:Shell","floor":12},{"not_picked":["bronze:Boost","bronze:Iterate","bronze:DelayedGuard"],"picked":"bronze:ThunderWave","floor":15}],"player_experience":1552735,"relics_obtained":[{"floor":5,"key":"Shuriken"},{"floor":7,"key":"Question Card"},{"floor":12,"key":"Strawberry"}],"event_choices":[{"damage_healed":0,"gold_gain":0,"player_choice":"Got Potions","damage_taken":0,"max_hp_gain":0,"max_hp_loss":0,"event_name":"Lab","floor":14,"gold_loss":0}],"is_beta":false,"boss_relics":[],"items_purged_floors":[10],"is_endless":false,"potions_floor_spawned":[3,8,9,12],"killed_by":"IC_STATUS_ARCHETYPE","ascension_level":0}}