{"host":"ibckqdmmf9y74ymf","time":1610838215,"event":{"mods":["2.2 Compatiblity","BaseMod","Colored Map","Curses Come First","Highlight Path","Minty Spire (QoL Compilation)","Quick Restart","Rare Cards Sparkle","Relic Stats","StSLib"],"gold_per_floor":[115,40,52,52,65,97,110,143,143,161,192,204,235,247,247,324,324,343,343,343,393,411,437,437,467,547,566,581,616,627,640,640,711,711,723,723,723],"floor_reached":36,"language":"ENG","playtime":1848,"items_purged":[],"score":1066,"play_id":"213d5d94-40c3-4c10-a32d-80b458e84e00","local_time":"20210117000335","is_ascension_mode":true,"campfire_choices":[{"floor":15.0,"key":"REST"},{"floor":24.0,"key":"REST"},{"floor":32.0,"key":"REST"}],"circlet_count":0,"master_deck":["AscendersBane","Strike_P","Strike_P","Defend_P","Defend_P","Eruption","Vigilance","FollowUp+1","Sanctity+1","Collect+1","JustLucky+1","Wallop","BowlingBash","ForeignInfluence","EmptyMind","Vault","LikeWater","Tantrum","Blasphemy","Meditate","Vault","Evaluate+1","RitualDagger","SashWhip","FlyingSleeves","ReachHeaven+1","Protect+1","LessonLearned"],"relics":["Astrolabe","Blood Vial","Regal Pillow","Omamori","Sundial","Toy Ornithopter","Fusion Hammer","Smiling Mask","Eternal Feather","Shuriken","Bag of Marbles","SlaversCollar"],"acts_visited":["Exordium","TheCity","TheBeyond"],"potions_floor_usage":[],"damage_taken":[{"damage":0.0,"enemies":"Cultist","floor":1.0,"turns":3.0},{"damage":0.0,"enemies":"2 Louse","floor":3.0,"turns":3.0},{"damage":0.0,"enemies":"Small Slimes","floor":5.0,"turns":2.0},{"damage":16.0,"enemies":"3 Sentries","floor":6.0,"turns":5.0},{"damage":3.0,"enemies":"Gremlin Gang","floor":7.0,"turns":4.0},{"damage":18.0,"enemies":"Lagavulin","floor":8.0,"turns":7.0},{"damage":0.0,"enemies":"2 Fungi Beasts","floor":10.0,"turns":3.0},{"damage":0.0,"enemies":"Gremlin Nob","floor":11.0,"turns":3.0},{"damage":4.0,"enemies":"Exordium Wildlife","floor":12.0,"turns":3.0},{"damage":1.0,"enemies":"3 Sentries","floor":13.0,"turns":4.0},{"damage":1.0,"enemies":"Gremlin Gang","floor":14.0,"turns":3.0},{"damage":37.0,"enemies":"Slime Boss","floor":16.0,"turns":8.0},{"damage":2.0,"enemies":"Spheric Guardian","floor":18.0,"turns":5.0},{"damage":18.0,"enemies":"Shell Parasite","floor":22.0,"turns":5.0},{"damage":18.0,"enemies":"Gremlin Leader","floor":23.0,"turns":6.0},{"damage":21.0,"enemies":"Slavers","floor":25.0,"turns":6.0},{"damage":10.0,"enemies":"Snecko","floor":27.0,"turns":5.0},{"damage":26.0,"enemies":"Chosen and Byrds","floor":28.0,"turns":8.0},{"damage":0.0,"enemies":"Gremlin Leader","floor":29.0,"turns":6.0},{"damage":0.0,"enemies":"Cultist and Chosen","floor":30.0,"turns":4.0},{"damage":0.0,"enemies":"Snake Plant","floor":31.0,"turns":1.0},{"damage":45.0,"enemies":"Champ","floor":33.0,"turns":12.0},{"damage":53.0,"enemies":"3 Shapes","floor":35.0,"turns":11.0},{"damage":0,"enemies":"3 Darklings","floor":36,"turns":1}],"seed_played":"8522736088815048339","potions_obtained":[{"floor":1.0,"key":"SneckoOil"},{"floor":7.0,"key":"DuplicationPotion"},{"floor":8.0,"key":"Energy Potion"},{"floor":11.0,"key":"BlessingOfTheForge"},{"floor":12.0,"key":"AttackPotion"},{"floor":23.0,"key":"Energy Potion"},{"floor":27.0,"key":"FearPotion"},{"floor":31.0,"key":"Explosive Potion"},{"floor":33.0,"key":"Swift Potion"}],"is_trial":false,"path_per_floor":["M","$","M","?","M","E","M","E","T","M","E","M","E","M","R","B",null,"M","?","?","?","M","E","R","E","T","M","M","E","M","M","R","B",null,"M","M"],"character_chosen":"WATCHER","items_purchased":["Wallop"],"campfire_rested":3,"item_purchase_floors":[2],"current_hp_per_floor":[61,61,61,61,61,45,44,28,28,30,32,30,31,37,68,31,59,59,59,53,53,37,26,61,42,42,34,10,12,19,21,68,23,57,6,8,8],"gold":723,"neow_bonus":"BOSS_RELIC","is_daily":false,"chose_seed":false,"campfire_upgraded":0,"win_rate":0.0,"timestamp":1610838215,"path_taken":["M","$","M","?","?","E","M","E","T","M","E","M","E","M","R","BOSS","M","?","?","?","M","E","R","E","T","?","M","E","M","M","R","BOSS","M","M"],"items_purchased_type":["Card"],"build_version":"2020-12-22","purchased_purges":0,"victory":false,"max_hp_per_floor":[68,68,68,68,68,68,68,68,68,68,68,68,68,68,68,68,68,68,68,68,68,68,68,68,68,68,68,68,68,68,68,68,68,68,68,68,68],"relic_stats":{"Blood Vial":36,"Regal Pillow":38,"counters":[24,118],"Sundial":[8],"Shuriken":[15],"Astrolabe":["FollowUp","Sanctity","Collect"],"Eternal Feather":15,"Smiling Mask":0,"obtain_stats":[{"Regal Pillow":8,"Astrolabe":0,"Eternal Feather":25,"Omamori":9,"Smiling Mask":23,"Blood Vial":6,"SlaversCollar":34,"Sundial":11,"Shuriken":26,"Fusion Hammer":17,"Bag of Marbles":29,"PureWater":0,"Toy Ornithopter":13},{"Regal Pillow":6,"Astrolabe":0,"Eternal Feather":16,"Omamori":6,"Smiling Mask":15,"Blood Vial":4,"SlaversCollar":22,"Sundial":8,"Shuriken":16,"Fusion Hammer":12,"Bag of Marbles":19,"PureWater":0,"Toy Ornithopter":10},{"Regal Pillow":24,"Astrolabe":0,"Eternal Feather":70,"Omamori":24,"Smiling Mask":64,"Blood Vial":13,"SlaversCollar":106,"Sundial":30,"Shuriken":70,"Fusion Hammer":48,"Bag of Marbles":89,"PureWater":0,"Toy Ornithopter":37}],"Toy Ornithopter":15},"card_choices":[{"not_picked":["InnerPeace","ThirdEye"],"picked":"JustLucky","floor":1.0},{"not_picked":["Evaluate","InnerPeace"],"picked":"BowlingBash","floor":3.0},{"not_picked":["FollowUp","JustLucky"],"picked":"ForeignInfluence","floor":5.0},{"not_picked":["PathToVictory","Weave"],"picked":"EmptyMind","floor":6.0},{"not_picked":["EmptyBody","FollowUp"],"picked":"Vault","floor":7.0},{"not_picked":["BowlingBash","EmptyBody"],"picked":"LikeWater","floor":8.0},{"not_picked":["BowlingBash","JustLucky"],"picked":"Tantrum","floor":10.0},{"not_picked":["Vengeance","Prostrate"],"picked":"Blasphemy","floor":11.0},{"not_picked":["Prostrate","Collect"],"picked":"Meditate","floor":12.0},{"not_picked":["Pray","SashWhip","Crescendo"],"picked":"SKIP","floor":13.0},{"not_picked":["Consecrate","ForeignInfluence","WindmillStrike"],"picked":"SKIP","floor":14.0},{"not_picked":["ConjureBlade","Blasphemy"],"picked":"Vault","floor":16.0},{"not_picked":["LikeWater","Collect"],"picked":"Evaluate+1","floor":18.0},{"not_picked":["BowlingBash","Crescendo"],"picked":"SashWhip","floor":22.0},{"not_picked":["Fasting2","Collect"],"picked":"FlyingSleeves","floor":23.0},{"not_picked":["Study","Worship","Ragnarok"],"picked":"SKIP","floor":25.0},{"not_picked":["ThirdEye","BowlingBash+1","EmptyFist"],"picked":"SKIP","floor":27.0},{"not_picked":["EmptyFist","SashWhip"],"picked":"ReachHeaven+1","floor":28.0},{"not_picked":["Sanctity","WindmillStrike"],"picked":"Protect+1","floor":29.0},{"not_picked":["EmptyFist","ClearTheMind","Fasting2+1"],"picked":"SKIP","floor":30.0},{"not_picked":["Crescendo","Protect","Halt"],"picked":"SKIP","floor":31.0},{"not_picked":["Wish","Vault"],"picked":"LessonLearned","floor":33.0},{"not_picked":["SignatureMove+1","Pray+1","EmptyMind"],"picked":"SKIP","floor":35.0}],"player_experience":918214,"relics_obtained":[{"floor":6.0,"key":"Blood Vial"},{"floor":8.0,"key":"Regal Pillow"},{"floor":9.0,"key":"Omamori"},{"floor":11.0,"key":"Sundial"},{"floor":13.0,"key":"Toy Ornithopter"},{"floor":23.0,"key":"Smiling Mask"},{"floor":25.0,"key":"Eternal Feather"},{"floor":26.0,"key":"Shuriken"},{"floor":29.0,"key":"Bag of Marbles"}],"event_choices":[{"cards_removed":["Defend_P"],"damage_healed":0.0,"max_hp_gain":0.0,"max_hp_loss":0.0,"gold_gain":0.0,"event_name":"Purifier","player_choice":"Purged","floor":4.0,"gold_loss":0.0,"damage_taken":0.0},{"damage_healed":0.0,"max_hp_gain":0.0,"max_hp_loss":0.0,"gold_gain":0.0,"event_name":"Vampires","player_choice":"Ignored","floor":19.0,"gold_loss":0.0,"damage_taken":0.0},{"damage_healed":0.0,"max_hp_gain":0.0,"max_hp_loss":0.0,"gold_gain":0.0,"event_name":"Nest","player_choice":"Joined the Cult","floor":20.0,"gold_loss":0.0,"damage_taken":6.0,"cards_obtained":["RitualDagger"]},{"damage_healed":0.0,"max_hp_gain":0.0,"max_hp_loss":0.0,"gold_gain":100.0,"event_name":"The Joust","player_choice":"Bet on Murderer","floor":21.0,"gold_loss":50.0,"damage_taken":0.0}],"is_beta":false,"boss_relics":[{"not_picked":["Pandora\u0027s Box","Calling Bell"],"picked":"Fusion Hammer"},{"not_picked":["Empty Cage","Velvet Choker"],"picked":"SlaversCollar"}],"items_purged_floors":[],"is_endless":false,"potions_floor_spawned":[1,7,8,11,12,23,27,29,31,33,35],"killed_by":"3 Darklings","ascension_level":20}}