{"host":"gg","time":1610798451,"event":{"mods":["BaseMod","Colored Map","Googly Eyes","Minty Spire (QoL Compilation)","Permanent Neow","Relic Stats","The IronCluck"],"gold_per_floor":[116,126,142,142,142,168,168,133,133,133,158,158,193,210,210,287,287,303,321,334,353,7,7,7],"floor_reached":23,"language":"ENG","playtime":1180,"items_purged":[],"score":422,"play_id":"7193e0b4-3d39-46b7-82ab-ce62eaf5d97f","local_time":"20210116040051","is_ascension_mode":true,"campfire_choices":[{"data":"1","floor":7.0,"key":"LIFT"},{"data":"2","floor":10.0,"key":"LIFT"},{"data":"3","floor":15.0,"key":"LIFT"}],"circlet_count":0,"master_deck":["AscendersBane","Strike_B","Strike_B","Defend_B","Defend_B","Defend_B","Defend_B","Zap","Dualcast","Cold Snap","Ball Lightning","Coolheaded","Cold Snap","Darkness","Glacier","Sweeping Beam","Core Surge","Conserve Battery","Aggregate+1","Rip and Tear+1","Rebound","Loop"],"relics":["Inserter","Girya","Pantograph","Meat on the Bone","Bottled Lightning","Coffee Dripper","Toxic Egg 2"],"acts_visited":["Exordium","TheCity"],"potions_floor_usage":[23,23],"damage_taken":[{"damage":18.0,"enemies":"Small Slimes","floor":1.0,"turns":4.0},{"damage":0.0,"enemies":"Jaw Worm","floor":2.0,"turns":5.0},{"damage":4.0,"enemies":"2 Louse","floor":3.0,"turns":4.0},{"damage":47.0,"enemies":"Gremlin Nob","floor":6.0,"turns":5.0},{"damage":17.0,"enemies":"Lagavulin","floor":11.0,"turns":6.0},{"damage":6.0,"enemies":"Gremlin Nob","floor":13.0,"turns":3.0},{"damage":19.0,"enemies":"Large Slime","floor":14.0,"turns":5.0},{"damage":12.0,"enemies":"The Guardian","floor":16.0,"turns":13.0},{"damage":18.0,"enemies":"3 Byrds","floor":18.0,"turns":5.0},{"damage":6.0,"enemies":"Spheric Guardian","floor":19.0,"turns":4.0},{"damage":18.0,"enemies":"Chosen and Byrds","floor":20.0,"turns":8.0},{"damage":15.0,"enemies":"Cultist and Chosen","floor":21.0,"turns":5.0},{"damage":42,"enemies":"Slavers","floor":23,"turns":2}],"seed_played":"865669704149371092","potions_obtained":[{"floor":2.0,"key":"FairyPotion"},{"floor":3.0,"key":"LiquidMemories"},{"floor":6.0,"key":"SteroidPotion"},{"floor":13.0,"key":"SteroidPotion"},{"floor":18.0,"key":"Regen Potion"}],"is_trial":false,"path_per_floor":["M","M","M","?","?","E","R","?","T","R","E","?","E","M","R","B",null,"M","M","M","M","$","E"],"character_chosen":"DEFECT","items_purchased":["Toxic Egg 2","Loop"],"campfire_rested":0,"item_purchase_floors":[22,22],"current_hp_per_floor":[46,46,42,35,35,21,21,38,38,38,21,21,27,20,20,45,65,47,41,35,32,32,0,0],"gold":7,"neow_bonus":"BOSS_RELIC","is_daily":false,"chose_seed":false,"campfire_upgraded":0,"win_rate":0.0,"timestamp":1610798451,"path_taken":["M","M","M","?","?","E","R","?","T","R","E","?","E","M","R","BOSS","M","M","?","M","$","E"],"items_purchased_type":["Relic","Card"],"build_version":"2020-12-18","purchased_purges":0,"victory":false,"max_hp_per_floor":[71,71,71,71,71,71,71,71,71,71,71,71,71,71,71,71,71,71,71,71,71,71,71,71],"relic_stats":{"Inserter":[34],"counters":[13,69],"Pantograph":25,"obtain_stats":[{"Girya":6,"Inserter":0,"Pantograph":9,"Coffee Dripper":17,"Bottled Lightning":13,"Toxic Egg 2":22,"Cracked Core":0,"Meat on the Bone":11},{"Girya":4,"Inserter":0,"Pantograph":4,"Coffee Dripper":8,"Bottled Lightning":6,"Toxic Egg 2":12,"Cracked Core":0,"Meat on the Bone":5},{"Girya":18,"Inserter":0,"Pantograph":18,"Coffee Dripper":45,"Bottled Lightning":27,"Toxic Egg 2":67,"Cracked Core":0,"Meat on the Bone":24}],"Meat on the Bone":60},"card_choices":[{"not_picked":["Compile Driver","Steam Power"],"picked":"Cold Snap","floor":1.0},{"not_picked":["Self Repair","Recycle"],"picked":"Ball Lightning","floor":2.0},{"not_picked":["Turbo","Steam"],"picked":"Coolheaded","floor":3.0},{"not_picked":["Go for the Eyes","Compile Driver"],"picked":"Cold Snap","floor":6.0},{"not_picked":["Fusion","Static Discharge"],"picked":"Darkness","floor":11.0},{"not_picked":["Gash","Rebound"],"picked":"Sweeping Beam","floor":13.0},{"not_picked":["Turbo","Cold Snap","Sweeping Beam"],"picked":"SKIP","floor":14.0},{"not_picked":["All For One","Seek"],"picked":"Core Surge","floor":16.0},{"not_picked":["Double Energy","Compile Driver"],"picked":"Conserve Battery","floor":18.0},{"not_picked":["Heatsinks","Storm"],"picked":"Aggregate+1","floor":19.0},{"not_picked":["Glacier","Coolheaded"],"picked":"Rip and Tear+1","floor":20.0},{"not_picked":["Auto Shields","Steam"],"picked":"Rebound","floor":21.0}],"player_experience":1215004,"relics_obtained":[{"floor":6.0,"key":"Girya"},{"floor":9.0,"key":"Pantograph"},{"floor":11.0,"key":"Meat on the Bone"},{"floor":13.0,"key":"Bottled Lightning"}],"event_choices":[{"cards_removed":["Strike_B"],"damage_healed":0.0,"max_hp_gain":0.0,"max_hp_loss":0.0,"gold_gain":0.0,"event_name":"Golden Wing","player_choice":"Card Removal","floor":4.0,"gold_loss":0.0,"damage_taken":7.0},{"damage_healed":0.0,"max_hp_gain":0.0,"max_hp_loss":0.0,"gold_gain":0.0,"event_name":"Liars Game","player_choice":"Ignored","floor":5.0,"gold_loss":0.0,"damage_taken":0.0},{"damage_healed":17.0,"max_hp_gain":0.0,"max_hp_loss":0.0,"gold_gain":0.0,"event_name":"The Cleric","player_choice":"Healed","floor":8.0,"gold_loss":35.0,"damage_taken":0.0},{"damage_healed":0.0,"max_hp_gain":0.0,"max_hp_loss":0.0,"gold_gain":0.0,"cards_transformed":["Strike_B"],"event_name":"Transmorgrifier","player_choice":"Transformed","floor":12.0,"gold_loss":0.0,"damage_taken":0.0,"cards_obtained":["Glacier"]}],"is_beta":true,"boss_relics":[{"not_picked":["Runic Pyramid","Cursed Key"],"picked":"Coffee Dripper"}],"items_purged_floors":[],"is_endless":false,"potions_floor_spawned":[2,3,6,13,18,20],"killed_by":"Slavers","ascension_level":20}}