{"host":"ct28ocsd8g8yr2ah","time":1610795601,"event":{"mods":["BaseMod","Better Third Choice","Hermit","KinomotoSakuraMod(????)","Koishi","Marisa????????","Minty Spire (QoL Compilation)","Reimu??????","Remilia??????","StSLib","The Animator","The Gatherer","The Servant 0.9.4","Waifu the Spire"],"gold_per_floor":[112,123,138,63,83,117,117,133,133,133,158,194,194,149,149,253,253,264,264,264,264],"floor_reached":20,"language":"RUS","playtime":904,"items_purged":["animator:Strike"],"score":182,"play_id":"30a8201c-28b1-43d4-a132-ad27de2f2204","local_time":"20210116161321","is_ascension_mode":false,"campfire_choices":[{"data":"animator:Shiro","floor":7,"key":"SMITH"},{"floor":10,"key":"REST"},{"floor":15,"key":"REST"}],"circlet_count":0,"master_deck":["animator:Defend_Fate","animator:Strike","animator:Strike","animator:Defend","animator:Defend","animator:Defend","animator:Alexander","animator:Rider","animator:Megumin","animator:Jibril","animator:Jibril","animator:DolaSchwi","animator:Shiro+1"],"relics":["animator:LivingPicture","animator:TheMissingPiece","NeowsBlessing","Bottled Flame","Bottled Tornado","Sundial","Eternal Feather","SlaversCollar","Darkstone Periapt"],"acts_visited":["Exordium","TheCity"],"potions_floor_usage":[5,11],"damage_taken":[{"damage":0,"enemies":"Small Slimes","floor":1,"turns":1},{"damage":0,"enemies":"Jaw Worm","floor":2,"turns":1},{"damage":0,"enemies":"Cultist","floor":3,"turns":1},{"damage":0,"enemies":"Lots of Slimes","floor":5,"turns":1},{"damage":28,"enemies":"Gremlin Nob","floor":6,"turns":4},{"damage":3,"enemies":"3 Louse","floor":8,"turns":4},{"damage":25,"enemies":"3 Sentries","floor":11,"turns":6},{"damage":13,"enemies":"Looter","floor":14,"turns":5},{"damage":25,"enemies":"Slime Boss","floor":16,"turns":7},{"damage":27,"enemies":"Shell Parasite","floor":18,"turns":6},{"damage":44,"enemies":"Spheric Guardian","floor":20,"turns":6}],"seed_played":"-1799758935729337732","potions_obtained":[{"floor":1,"key":"ColorlessPotion"},{"floor":3,"key":"animator:GrowthPotion"},{"floor":8,"key":"ZuzhouPotion:ReiMu"},{"floor":11,"key":"Block Potion"}],"is_trial":false,"path_per_floor":["M","M","M","$","M","E","R","M","T","R","E","?","?","M","R","B",null,"M","T","M"],"character_chosen":"THE_ANIMATOR","items_purchased":[],"campfire_rested":2,"item_purchase_floors":[],"current_hp_per_floor":[66,66,66,66,66,38,38,35,35,54,29,29,29,16,41,16,66,39,39,0,0],"gold":264,"neow_bonus":"THREE_ENEMY_KILL","is_daily":false,"chose_seed":false,"campfire_upgraded":1,"win_rate":0.0,"timestamp":1610795601,"path_taken":["M","M","M","$","M","E","R","M","T","R","E","?","?","M","R","BOSS","M","?","?"],"items_purchased_type":[],"build_version":"2020-12-22","purchased_purges":1,"victory":false,"max_hp_per_floor":[66,66,66,66,66,66,66,66,66,66,66,66,66,66,66,66,66,66,66,66,66],"card_choices":[{"not_picked":["animator:Layla","animator:Illya"],"picked":"animator:Megumin","floor":1},{"not_picked":["animator:Sonic","animator:Elsword"],"picked":"animator:Jibril","floor":2},{"not_picked":["animator:Elsword","animator:Mikaela"],"picked":"animator:Jibril","floor":3},{"not_picked":["animator:Jibril","animator:IzunaHatsuse"],"picked":"animator:DolaSchwi","floor":5},{"not_picked":["animator:Caster","animator:ShinjiMatou"],"picked":"animator:Shiro","floor":6},{"not_picked":["animator:Ara","animator:SilverFang","animator:KrulTepes"],"picked":"SKIP","floor":8},{"not_picked":["animator:Mitsurugi","animator:Jibril","animator:Add"],"picked":"SKIP","floor":11},{"not_picked":["animator:Lancer+1","animator:Geryuganshoop","animator:KrulTepes"],"picked":"SKIP","floor":18}],"player_experience":542105,"relics_obtained":[{"floor":6,"key":"Bottled Flame"},{"floor":9,"key":"Bottled Tornado"},{"floor":11,"key":"Sundial"},{"floor":19,"key":"Darkstone Periapt"}],"event_choices":[{"damage_healed":0,"gold_gain":0,"player_choice":"Gave Potion","damage_taken":0,"relics_obtained":["Eternal Feather"],"max_hp_gain":0,"max_hp_loss":0,"event_name":"WeMeetAgain","floor":13,"gold_loss":0}],"is_beta":false,"boss_relics":[{"not_picked":["animator:VividPicture","animator:HolyGrailRelic"],"picked":"SlaversCollar"}],"items_purged_floors":[4],"is_endless":false,"potions_floor_spawned":[1,3,8,11],"killed_by":"Spheric Guardian","ascension_level":0}}