{"host":"bwgtgw7j7r9ryi4l","time":1610837942,"event":{"mods":["100% Spire Juice","2.2 Compatiblity","AchievementEnabler","Act Like it!","Aspiration","BaseMod","Better Altar","Better Match","Better Note","Better Sensory Stone","Better Skull","Better Third Choice","BetterRewards","CCEM","Colored Map","Colored Powertips","Conspire","Downfall","Friendly Minions","Gensokyo","GifTheSpireLib","Halation","Highlight Path","Infinite Spire","Marisa????????","Mimic Mod","Minty Spire (QoL Compilation)","Permanent Neow","Remilia??????","Shop Mod","Spicy Shops","StSLib","Stuff the Spire","Td1madao Mod","The Administrix","The Alterego","The Animator","The Gatherer","The Jungle","Yuri Mod","everything is the same but u backflip on backflip"],"gold_per_floor":[112,126,126,6,6,6,20,20,47,57,74,86,100,110,110,110,110],"floor_reached":16,"language":"ENG","playtime":905,"items_purged":[],"score":96,"play_id":"ded41edc-c47c-4aae-acb4-abcf013f0fb3","local_time":"20210116175902","is_ascension_mode":false,"campfire_choices":[{"data":"Moonworks:RedAndBlue","floor":6,"key":"SMITH"},{"floor":8,"key":"REST"},{"data":"Moonworks:DeployBits","floor":15,"key":"SMITH"}],"circlet_count":0,"master_deck":["Moonworks:Strike","Moonworks:Strike","Moonworks:Strike","Moonworks:Strike","Moonworks:Defend","Moonworks:Defend","Moonworks:Defend","Moonworks:Defend","Moonworks:Ambush","Moonworks:LongDistanceShot","Madness","Moonworks:CloudOfSeagulls","Moonworks:RedAndBlue+1","Moonworks:EvilSpyWorkPreparation","Moonworks:DeployBits+1","Moonworks:SweetBattle","Moonworks:Poppoformation","Moonworks:ImOnFire","Moonworks:FinalSurgery"],"relics":["Moonworks:BrokenBomb","Moonworks:Homemark","Bag of Marbles","Potion Belt"],"acts_visited":["Exordium"],"potions_floor_usage":[12,14,16],"damage_taken":[{"damage":2,"enemies":"conspire:RoseBush","floor":1,"turns":4},{"damage":13,"enemies":"infinitespire:Voidling","floor":2,"turns":5},{"damage":6,"enemies":"Cultist","floor":7,"turns":3},{"damage":15,"enemies":"Lots of Slimes","floor":10,"turns":2},{"damage":0,"enemies":"3 Louse","floor":11,"turns":4},{"damage":5,"enemies":"Red Slaver","floor":12,"turns":4},{"damage":13,"enemies":"2 Fungi Beasts","floor":13,"turns":3},{"damage":0,"enemies":"Large Slime","floor":14,"turns":5},{"damage":36,"enemies":"Hexaghost","floor":16,"turns":11}],"seed_played":"-7539493237616902143","potions_obtained":[{"floor":2,"key":"bronze:BurnAndBuffPotion"},{"floor":10,"key":"SteroidPotion"},{"floor":11,"key":"PowerPotion"},{"floor":14,"key":"Fruit Juice"}],"is_trial":false,"path_per_floor":["M","M","?","$","?","R","M","R","T","M","M","M","M","M","R","B"],"character_chosen":"THE_STARBREAKER","items_purchased":[],"campfire_rested":1,"item_purchase_floors":[],"current_hp_per_floor":[58,45,45,45,45,45,39,57,57,42,42,41,30,35,35,0,0],"gold":110,"neow_bonus":"RANDOM_COLORLESS","is_daily":false,"chose_seed":false,"campfire_upgraded":2,"win_rate":0.0,"timestamp":1610837942,"path_taken":["M","M","?","$","?","R","M","R","T","M","?","M","M","M","R","BOSS"],"items_purchased_type":[],"build_version":"2020-12-22","purchased_purges":0,"victory":false,"max_hp_per_floor":[60,60,60,60,60,60,60,60,60,60,60,60,60,65,65,65,65],"card_choices":[{"not_picked":["Finesse","Trip"],"picked":"Madness","floor":0},{"not_picked":["Moonworks:NicePresent","Moonworks:BigBangBell"],"picked":"Moonworks:CloudOfSeagulls","floor":1},{"not_picked":["Moonworks:LulusLuckyEgg","Moonworks:BigBangBell"],"picked":"Moonworks:RedAndBlue","floor":2},{"not_picked":["Moonworks:MiracleRedBeanIceCream","Moonworks:FinalSurgery"],"picked":"Moonworks:EvilSpyWorkPreparation","floor":7},{"not_picked":["Moonworks:MiracleRedBeanIceCream","Moonworks:IndiscriminateFireSupport"],"picked":"Moonworks:DeployBits","floor":10},{"not_picked":["Moonworks:CastOff","Moonworks:IndiscriminateFireSupport"],"picked":"Moonworks:SweetBattle","floor":11},{"not_picked":["Moonworks:TreasureThief","Moonworks:ImOnFire"],"picked":"Moonworks:Poppoformation","floor":12},{"not_picked":["Moonworks:Accelerator","Moonworks:BigMagnum"],"picked":"Moonworks:ImOnFire","floor":13},{"not_picked":["Moonworks:StiffCrystal","Moonworks:BigBangBell"],"picked":"Moonworks:FinalSurgery","floor":14}],"player_experience":112976,"relics_obtained":[{"floor":9,"key":"Potion Belt"}],"event_choices":[{"damage_healed":0,"gold_gain":0,"player_choice":"2","damage_taken":0,"max_hp_gain":0,"max_hp_loss":0,"event_name":"betterMatch:BetterMatch","floor":3,"gold_loss":0,"cards_obtained":[]},{"damage_healed":0,"gold_gain":0,"player_choice":"Gave Potion","damage_taken":0,"relics_obtained":["Bag of Marbles"],"max_hp_gain":0,"max_hp_loss":0,"event_name":"WeMeetAgain","floor":5,"gold_loss":0}],"is_beta":false,"boss_relics":[],"items_purged_floors":[],"is_endless":false,"potions_floor_spawned":[2,10,11,14],"killed_by":"Hexaghost","ascension_level":0}}