{"host":"se62q65hiqxz7cab","time":1610776391,"event":{"mods":["Act Like it!","BaseMod","Colored Map","Minty Spire (QoL Compilation)","Replay The Spire","Shop Mod","StSLib","The Bug Knight","The Cursed","The Disciple","The Mystic","The Necromancer","The Servant 0.9.4"],"gold_per_floor":[111,111,123,86,86,86,98,98,98,112,112,25,25,38,38,133,133,146,146,146,163,202,229,229,229,229,240,240,165,180,190,190,290,290,305,323,323,323],"floor_reached":37,"language":"ZHS","playtime":2010,"items_purged":["Spreading Infection"],"score":479,"play_id":"e226a82b-0881-403a-86d0-d365f712ad85","local_time":"20210116135311","is_ascension_mode":false,"campfire_choices":[{"data":"mysticmod:Dedication","floor":6,"key":"SMITH"},{"data":"mysticmod:Dedication+1","floor":8,"key":"SMITH"},{"data":"mysticmod:EnchantedMoulinet","floor":11,"key":"SMITH"},{"data":"mysticmod:CorrosiveTouch","floor":13,"key":"SMITH"},{"data":"mysticmod:Dedication+2","floor":15,"key":"SMITH"},{"data":"mysticmod:Dedication+3","floor":24,"key":"SMITH"}],"circlet_count":0,"master_deck":["mysticmod:Defend_Mystic","mysticmod:Defend_Mystic","mysticmod:Defend_Mystic","mysticmod:ArcaneDodge","mysticmod:ShockingGrasp","mysticmod:Riposte","mysticmod:Daze","mysticmod:Dedication+4","mysticmod:Alacrity","mysticmod:EnchantedMoulinet+1","mysticmod:ComponentsPouch","mysticmod:MagicMissile","mysticmod:CorrosiveTouch+1","mysticmod:CureLightWounds","mysticmod:Discipline","mysticmod:Stoneskin","mysticmod:ArcaneAccuracy","mysticmod:Snowball","mysticmod:MagicWeapon","mysticmod:CureLightWounds","mysticmod:DiviningBlow","mysticmod:Spellstrike","mysticmod:ComponentsPouch"],"relics":["mysticmod:SpellBook","Kunai","Replay:Bronze Core","ReplayTheSpireMod:CursedCoin","TungstenRod","Durian","MutagenicStrength","Sozu"],"acts_visited":["Exordium","TheCity","TheBeyond"],"potions_floor_usage":[33,33,33],"damage_taken":[{"damage":0,"enemies":"2 Louse","floor":1,"turns":2},{"damage":1,"enemies":"Small Slimes","floor":3,"turns":3},{"damage":0,"enemies":"Cultist","floor":7,"turns":3},{"damage":6,"enemies":"Large Slime","floor":10,"turns":4},{"damage":0,"enemies":"Blue Slaver","floor":14,"turns":2},{"damage":7,"enemies":"Slime Boss","floor":16,"turns":6},{"damage":20,"enemies":"2 Thieves","floor":18,"turns":5},{"damage":15,"enemies":"Snecko","floor":21,"turns":6},{"damage":0,"enemies":"HollowMod:Nosk","floor":23,"turns":10},{"damage":4,"enemies":"Cultist and Chosen","floor":27,"turns":8},{"damage":11,"enemies":"Snake Plant","floor":30,"turns":4},{"damage":24,"enemies":"Shelled Parasite and Fungi","floor":31,"turns":5},{"damage":0,"enemies":"Champ","floor":33,"turns":10},{"damage":5,"enemies":"Orb Walker","floor":35,"turns":4},{"damage":10,"enemies":"3 Shapes","floor":36,"turns":5},{"damage":106,"enemies":"2 Orb Walkers","floor":37,"turns":5}],"seed_played":"6396287502735249460","potions_obtained":[{"floor":3,"key":"Regen Potion"},{"floor":10,"key":"SkillPotion"},{"floor":21,"key":"EssenceOfSteel"},{"floor":30,"key":"DistilledChaos"}],"is_trial":false,"path_per_floor":["M","?","M","$","?","R","M","R","T","M","R","$","R","M","R","B",null,"M","?","?","M","$","E","R","?","T","M","?","?","M","M","R_BF","B",null,"M","M","?"],"character_chosen":"MYSTIC_CLASS","items_purchased":["mysticmod:Dedication","mysticmod:MagicMissile","mysticmod:CorrosiveTouch","ReplayTheSpireMod:CursedCoin","mysticmod:ArcaneAccuracy"],"campfire_rested":0,"item_purchase_floors":[4,12,12,22,22],"current_hp_per_floor":[84,77,76,76,76,76,76,76,76,70,70,70,70,70,70,66,84,65,65,65,53,53,56,56,56,61,60,44,44,36,17,17,58,94,92,87,0,0],"gold":323,"neow_bonus":"TEN_PERCENT_HP_BONUS","is_daily":false,"chose_seed":false,"campfire_upgraded":6,"win_rate":0.0,"timestamp":1610776391,"path_taken":["M","?","M","$","?","R","M","R","T","M","R","$","R","?","R","BOSS","M","?","?","M","?","E","R","?","T","?","?","?","M","M","R_BF","BOSS","M","M","?"],"items_purchased_type":["Card","Card","Card","Relic","Card"],"build_version":"2020-12-22","purchased_purges":1,"victory":false,"max_hp_per_floor":[84,84,84,84,84,84,84,84,84,84,84,84,84,84,84,84,84,84,84,84,84,84,84,84,84,89,89,94,94,94,94,94,94,94,94,94,94,94],"card_choices":[{"not_picked":["mysticmod:PowerSlash","mysticmod:Daze"],"picked":"mysticmod:Riposte","floor":1},{"not_picked":["mysticmod:PowerAttack","mysticmod:Riposte"],"picked":"mysticmod:Daze","floor":3},{"not_picked":["mysticmod:CureLightWounds","mysticmod:Alacrity"],"picked":"mysticmod:EnchantedMoulinet","floor":7},{"not_picked":["mysticmod:PowerSlash","mysticmod:VorpalThrust"],"picked":"mysticmod:ComponentsPouch","floor":10},{"not_picked":["mysticmod:KeenEdge","mysticmod:Sideswipe"],"picked":"mysticmod:CureLightWounds","floor":14},{"not_picked":["mysticmod:MirrorEntity","mysticmod:MysticalShield"],"picked":"mysticmod:Discipline","floor":16},{"not_picked":["mysticmod:Sideswipe+1","mysticmod:SuddenClarity","mysticmod:Flourish"],"picked":"SKIP","floor":18},{"not_picked":["mysticmod:FloatingDisk","mysticmod:PureInstinct"],"picked":"mysticmod:Stoneskin","floor":21},{"not_picked":["mysticmod:BulkUp","mysticmod:PunishingArmor"],"picked":"mysticmod:Snowball","floor":23},{"not_picked":["mysticmod:Sideswipe","mysticmod:Riposte"],"picked":"mysticmod:MagicWeapon","floor":27},{"not_picked":["mysticmod:Probe+1","mysticmod:Daze"],"picked":"mysticmod:CureLightWounds","floor":30},{"not_picked":["mysticmod:Grease","mysticmod:Fireball"],"picked":"mysticmod:DiviningBlow","floor":31},{"not_picked":["mysticmod:Discipline","mysticmod:KnowledgePool"],"picked":"mysticmod:Spellstrike","floor":33},{"not_picked":["mysticmod:Shield+1","mysticmod:MagicWeapon"],"picked":"mysticmod:ComponentsPouch","floor":35},{"not_picked":["mysticmod:MagicMissile","mysticmod:MirrorStrike","mysticmod:PureInstinct"],"picked":"SKIP","floor":36}],"player_experience":198362,"relics_obtained":[{"floor":9,"key":"Kunai"},{"floor":23,"key":"TungstenRod"},{"floor":26,"key":"Durian"}],"event_choices":[{"cards_removed":["mysticmod:Strike_Mystic"],"damage_healed":0,"gold_gain":0,"player_choice":"Card Removal","damage_taken":7,"max_hp_gain":0,"max_hp_loss":0,"event_name":"Golden Wing","floor":2,"gold_loss":0},{"damage_healed":0,"gold_gain":0,"cards_transformed":["mysticmod:Defend_Mystic"],"player_choice":"Transformed","damage_taken":0,"max_hp_gain":0,"max_hp_loss":0,"event_name":"Transmorgrifier","floor":5,"gold_loss":0,"cards_obtained":["mysticmod:Alacrity"]},{"damage_healed":0,"gold_gain":0,"player_choice":"Ignored","damage_taken":0,"max_hp_gain":0,"max_hp_loss":0,"event_name":"Ghosts","floor":19,"gold_loss":0},{"cards_removed":["mysticmod:Strike_Mystic"],"damage_healed":0,"gold_gain":0,"player_choice":"Elegance","damage_taken":0,"max_hp_gain":0,"max_hp_loss":0,"event_name":"Back to Basics","floor":20,"gold_loss":0},{"cards_removed":["mysticmod:Strike_Mystic"],"damage_healed":0,"gold_gain":0,"player_choice":"Card Removal","damage_taken":0,"max_hp_gain":0,"max_hp_loss":0,"event_name":"Wheel of Change","floor":25,"gold_loss":0},{"damage_healed":0,"gold_gain":0,"player_choice":"Shed Blood","damage_taken":22,"max_hp_gain":5,"max_hp_loss":0,"event_name":"Forgotten Altar","floor":28,"gold_loss":0},{"cards_removed":["mysticmod:Strike_Mystic"],"damage_healed":0,"gold_gain":0,"player_choice":"Gave Gold","damage_taken":0,"max_hp_gain":0,"max_hp_loss":0,"event_name":"Beggar","floor":29,"gold_loss":75},{"damage_healed":0,"gold_gain":0,"player_choice":"Inject Mutagens","damage_taken":0,"relics_obtained":["MutagenicStrength"],"max_hp_gain":0,"max_hp_loss":0,"event_name":"Drug Dealer","floor":32,"gold_loss":0},{"damage_healed":0,"gold_gain":0,"player_choice":"Fight","damage_taken":0,"max_hp_gain":0,"max_hp_loss":0,"event_name":"Mysterious Sphere","floor":37,"gold_loss":0}],"is_beta":false,"boss_relics":[{"not_picked":["Calling Bell","mysticmod:DeckOfManyThings"],"picked":"Replay:Bronze Core"},{"not_picked":["Cursed Key","SacredBark"],"picked":"Sozu"}],"items_purged_floors":[22],"is_endless":false,"potions_floor_spawned":[3,10,21,23,30,36],"killed_by":"2 Orb Walkers","ascension_level":0}}