{"host":"swn8ychr123rw3gf","time":1610816157,"event":{"mods":["BaseMod","Minty Spire (QoL Compilation)","StSLib"],"gold_per_floor":[111,36,36,53,65,65,94,113,113,113,133,133,152,152,152,223,223,239,154,171,71,71,71,104,104,104,147,158,158,194,214,214,299,299,317,335,384,112,132,132,0,0,0,16,16,87,87,111,111,111],"floor_reached":51,"language":"ZHS","playtime":2151,"items_purged":["Defend_P","ReachHeaven"],"score":1363,"play_id":"c7a53ab2-3b13-400a-b979-f8cb3b0974c5","local_time":"20210117005557","is_ascension_mode":true,"campfire_choices":[{"data":"Eruption","floor":6.0,"key":"SMITH"},{"data":"ConjureBlade","floor":10.0,"key":"SMITH"},{"data":"Fasting2","floor":12.0,"key":"SMITH"},{"floor":15.0,"key":"REST"},{"data":"Adaptation","floor":23.0,"key":"SMITH"},{"data":"Vault","floor":25.0,"key":"SMITH"},{"floor":29.0,"key":"REST"},{"floor":32.0,"key":"REST"},{"data":"Study","floor":40.0,"key":"SMITH"},{"data":"Madness","floor":42.0,"key":"SMITH"},{"data":"Madness","floor":47.0,"key":"SMITH"},{"data":"Devotion","floor":49,"key":"SMITH"}],"circlet_count":0,"master_deck":["AscendersBane","Eruption+1","Vigilance","Fasting2+1","ConjureBlade+1","Halt","EmptyFist","DevaForm","FearNoEvil","Devotion+1","Adaptation+1","Wallop","SpiritShield","Brilliance","Vault+1","FlurryOfBlows","Vengeance","Tantrum+1","TalkToTheHand+1","Vault","Madness+1","Madness+1","Study+1","InnerPeace+1"],"relics":["PureWater","Akabeko","Bag of Marbles","Sundial","Pandora\u0027s Box","TungstenRod","CeramicFish","Molten Egg 2","Singing Bowl","Bag of Preparation","VioletLotus","Ice Cream","Eternal Feather","Red Mask","Pear","Bottled Lightning"],"acts_visited":["Exordium","TheCity","TheBeyond"],"potions_floor_usage":[50],"damage_taken":[{"damage":2.0,"enemies":"Small Slimes","floor":1.0,"turns":4.0},{"damage":0.0,"enemies":"Cultist","floor":4.0,"turns":4.0},{"damage":6.0,"enemies":"Jaw Worm","floor":5.0,"turns":4.0},{"damage":16.0,"enemies":"Gremlin Nob","floor":7.0,"turns":3.0},{"damage":0.0,"enemies":"Blue Slaver","floor":8.0,"turns":2.0},{"damage":0.0,"enemies":"3 Louse","floor":11.0,"turns":3.0},{"damage":10.0,"enemies":"Gremlin Gang","floor":13.0,"turns":5.0},{"damage":14.0,"enemies":"The Guardian","floor":16.0,"turns":10.0},{"damage":15.0,"enemies":"3 Byrds","floor":18.0,"turns":5.0},{"damage":2.0,"enemies":"Shell Parasite","floor":20.0,"turns":4.0},{"damage":5.0,"enemies":"Book of Stabbing","floor":24.0,"turns":4.0},{"damage":13.0,"enemies":"Gremlin Leader","floor":27.0,"turns":5.0},{"damage":3.0,"enemies":"Cultist and Chosen","floor":28.0,"turns":3.0},{"damage":0.0,"enemies":"Slavers","floor":30.0,"turns":4.0},{"damage":22.0,"enemies":"Shelled Parasite and Fungi","floor":31.0,"turns":5.0},{"damage":14.0,"enemies":"Champ","floor":33.0,"turns":7.0},{"damage":0.0,"enemies":"3 Shapes","floor":35.0,"turns":5.0},{"damage":2.0,"enemies":"2 Orb Walkers","floor":37.0,"turns":3.0},{"damage":0.0,"enemies":"Orb Walker","floor":39.0,"turns":2.0},{"damage":5.0,"enemies":"Writhing Mass","floor":44.0,"turns":7.0},{"damage":4,"enemies":"3 Darklings","floor":48,"turns":6},{"damage":84,"enemies":"Time Eater","floor":50,"turns":7}],"seed_played":"-1613350300689771660","potions_obtained":[{"floor":1.0,"key":"Ancient Potion"},{"floor":7.0,"key":"DistilledChaos"},{"floor":11.0,"key":"BottledMiracle"},{"floor":16.0,"key":"EntropicBrew"},{"floor":18.0,"key":"Explosive Potion"},{"floor":24.0,"key":"Weak Potion"},{"floor":33.0,"key":"Explosive Potion"},{"floor":35.0,"key":"StancePotion"},{"floor":48,"key":"PowerPotion"}],"is_trial":false,"path_per_floor":["M","$","?","M","M","R","E","M","T","R","M","R","M","?","R","B",null,"M","?","M","$","?","R","E","R","T","E","M","R","E","M","R","B",null,"M","?","?","$","M","R","?","R","T","M","$","T","R","M","R","B",null],"character_chosen":"WATCHER","items_purchased":["Eternal Feather"],"campfire_rested":3,"item_purchase_floors":[38],"current_hp_per_floor":[65,65,65,65,59,59,43,43,43,43,43,43,33,22,44,30,63,48,48,46,46,41,41,36,36,36,23,22,44,44,24,47,33,67,69,56,56,56,56,68,68,80,90,87,87,87,94,90,94,10],"gold":111,"neow_bonus":"TEN_PERCENT_HP_BONUS","is_daily":false,"chose_seed":false,"campfire_upgraded":9,"win_rate":0.0,"timestamp":1610816157,"path_taken":["M","$","?","M","M","R","E","M","T","R","M","R","?","?","R","BOSS","M","?","M","$","?","R","E","R","T","E","M","R","E","?","R","BOSS","M","?","?","$","M","R","?","R","T","M","$","?","R","M","R","BOSS"],"items_purchased_type":["Relic"],"build_version":"2020-12-22","purchased_purges":2,"victory":true,"max_hp_per_floor":[74,74,74,74,74,74,74,74,74,74,74,74,74,74,74,74,74,74,74,74,74,74,74,74,74,74,74,76,76,76,78,78,78,78,80,80,82,82,82,82,82,82,92,94,94,94,94,94,94,94],"card_choices":[{"not_picked":["Worship","Perseverance"],"picked":"Fasting2","floor":1.0},{"not_picked":["FlyingSleeves","CutThroughFate"],"picked":"Halt","floor":4.0},{"not_picked":["FollowUp","CrushJoints"],"picked":"EmptyFist","floor":5.0},{"not_picked":["BowlingBash","Weave","EmptyFist"],"picked":"SKIP","floor":7.0},{"not_picked":["MentalFortress","LikeWater"],"picked":"DevaForm","floor":8.0},{"not_picked":["ThirdEye","PathToVictory","EmptyFist"],"picked":"SKIP","floor":11.0},{"not_picked":["Evaluate","Swivel"],"picked":"FearNoEvil","floor":13.0},{"not_picked":["Blasphemy","Alpha"],"picked":"Devotion","floor":16.0},{"not_picked":["JustLucky","Nirvana"],"picked":"FlurryOfBlows","floor":18.0},{"not_picked":["TalkToTheHand+1","FlurryOfBlows"],"picked":"Vengeance","floor":20.0},{"not_picked":["DevaForm","Crescendo","Vengeance"],"picked":"SKIP","floor":24.0},{"not_picked":["Evaluate","Pray+1"],"picked":"Tantrum+1","floor":27.0},{"not_picked":["Evaluate","ThirdEye","SashWhip+1"],"picked":"Singing Bowl","floor":28.0},{"not_picked":["ClearTheMind","ThirdEye"],"picked":"TalkToTheHand+1","floor":30.0},{"not_picked":["Prostrate","Wallop+1","ThirdEye"],"picked":"Singing Bowl","floor":31.0},{"not_picked":["ConjureBlade","Brilliance+1"],"picked":"Vault","floor":33.0},{"not_picked":["CutThroughFate+1","ClearTheMind","Wireheading"],"picked":"Singing Bowl","floor":35.0},{"not_picked":["JustLucky+1","Protect","Crescendo"],"picked":"Singing Bowl","floor":37.0},{"not_picked":["FlyingSleeves+1","Evaluate+1"],"picked":"Study","floor":39.0},{"not_picked":["JustLucky+1","Wireheading","Tantrum+1"],"picked":"Singing Bowl","floor":44.0},{"not_picked":["Evaluate+1","FlyingSleeves+1"],"picked":"InnerPeace+1","floor":48}],"player_experience":432048,"relics_obtained":[{"floor":7.0,"key":"Akabeko"},{"floor":9.0,"key":"Bag of Marbles"},{"floor":24.0,"key":"CeramicFish"},{"floor":26.0,"key":"Molten Egg 2"},{"floor":27.0,"key":"Singing Bowl"},{"floor":30.0,"key":"Bag of Preparation"},{"floor":37.0,"key":"Ice Cream"},{"floor":43.0,"key":"Pear"},{"floor":46.0,"key":"Bottled Lightning"}],"event_choices":[{"damage_healed":0.0,"max_hp_gain":0.0,"max_hp_loss":0.0,"gold_gain":0.0,"cards_transformed":["Strike_P"],"event_name":"Transmorgrifier","player_choice":"Transformed","floor":3.0,"gold_loss":0.0,"damage_taken":0.0,"cards_obtained":["ConjureBlade"]},{"damage_healed":0.0,"max_hp_gain":0.0,"max_hp_loss":0.0,"gold_gain":0.0,"event_name":"Scrap Ooze","player_choice":"Success","floor":14.0,"gold_loss":0.0,"damage_taken":11.0,"relics_obtained":["Sundial"]},{"damage_healed":0.0,"max_hp_gain":0.0,"max_hp_loss":0.0,"gold_gain":0.0,"event_name":"Addict","player_choice":"Obtained Relic","floor":19.0,"gold_loss":85.0,"damage_taken":0.0,"relics_obtained":["TungstenRod"]},{"damage_healed":0.0,"max_hp_gain":0.0,"max_hp_loss":0.0,"gold_gain":0.0,"event_name":"Knowing Skull","player_choice":"","floor":22.0,"potions_obtained":[],"gold_loss":0.0,"damage_taken":6.0,"cards_obtained":[]},{"damage_healed":0.0,"max_hp_gain":0.0,"max_hp_loss":0.0,"gold_gain":0.0,"event_name":"Winding Halls","player_choice":"Embrace Madness","floor":36.0,"gold_loss":0.0,"damage_taken":14.0,"cards_obtained":["Madness","Madness"]},{"damage_healed":0.0,"max_hp_gain":0.0,"max_hp_loss":0.0,"gold_gain":0.0,"event_name":"Mysterious Sphere","player_choice":"Fight","floor":37.0,"gold_loss":0.0,"damage_taken":0.0},{"damage_healed":0.0,"max_hp_gain":0.0,"max_hp_loss":0.0,"gold_gain":0.0,"event_name":"Tomb of Lord Red Mask","player_choice":"Paid","floor":41.0,"gold_loss":132.0,"damage_taken":0.0,"relics_obtained":["Red Mask"]}],"is_beta":false,"boss_relics":[{"not_picked":["Velvet Choker","Tiny House"],"picked":"Pandora\u0027s Box"},{"not_picked":["Empty Cage","Runic Dome"],"picked":"VioletLotus"}],"items_purged_floors":[2,21],"is_endless":false,"potions_floor_spawned":[1,7,11,16,18,24,33,35,48],"ascension_level":18}}