{"host":"w9yruvs4bqht6bhw","time":1610839440,"event":{"mods":["BaseMod","Colored Powertips","Minty Spire (QoL Compilation)"],"gold_per_floor":[115,190,190,205,205,246,246,301,338,350,371,406,418,430,442,454,454],"floor_reached":16,"language":"ENG","playtime":298,"items_purged":[],"score":210,"play_id":"7bbdad97-384d-42c0-8003-8ef476e77e20","local_time":"20210116182400","is_ascension_mode":true,"campfire_choices":[{"floor":11,"key":"REST"},{"data":"Heavy Blade","floor":13,"key":"SMITH"},{"data":"True Grit","floor":15,"key":"SMITH"}],"circlet_count":0,"master_deck":["AscendersBane","Strike_R","Strike_R","Strike_R","Strike_R","Strike_R","Defend_R","Defend_R","Defend_R","Bash","Flex","Ghostly Armor","Heavy Blade+1","True Grit+1","Seeing Red"],"relics":["Burning Blood","NeowsBlessing","Golden Idol","Vajra","MawBank","Dream Catcher","CeramicFish","Mummified Hand"],"acts_visited":["Exordium"],"potions_floor_usage":[8,8],"damage_taken":[{"damage":0,"enemies":"Cultist","floor":1,"turns":1},{"damage":0,"enemies":"2 Louse","floor":4,"turns":1},{"damage":0,"enemies":"Lagavulin","floor":6,"turns":1},{"damage":24,"enemies":"3 Sentries","floor":8,"turns":10},{"damage":12,"enemies":"Small Slimes","floor":12,"turns":3},{"damage":73,"enemies":"Slime Boss","floor":16,"turns":9}],"seed_played":"-1534335577475571006","potions_obtained":[{"floor":1,"key":"Regen Potion"},{"floor":6,"key":"Dexterity Potion"}],"is_trial":false,"path_per_floor":["M","?","?","M","?","E","?","E","T","?","R","M","R","T","R","B"],"character_chosen":"IRONCLAD","items_purchased":[],"campfire_rested":1,"item_purchase_floors":[],"current_hp_per_floor":[78,67,60,66,66,72,69,62,62,67,79,73,73,73,73,0,0],"gold":454,"neow_bonus":"THREE_ENEMY_KILL","is_daily":false,"chose_seed":false,"campfire_upgraded":2,"win_rate":0.0,"timestamp":1610839440,"path_taken":["M","?","?","M","?","E","?","E","T","?","R","M","R","?","R","BOSS"],"items_purchased_type":[],"build_version":"2020-12-22","purchased_purges":0,"victory":false,"max_hp_per_floor":[80,80,80,80,74,74,74,74,74,79,79,79,79,79,79,79,79],"card_choices":[{"not_picked":["Second Wind","Dark Embrace"],"picked":"Flex","floor":1},{"not_picked":["Wild Strike","Evolve"],"picked":"Ghostly Armor","floor":4},{"not_picked":["Perfected Strike","Carnage"],"picked":"Heavy Blade","floor":6},{"not_picked":["Sword Boomerang","Body Slam","Thunderclap"],"picked":"SKIP","floor":8},{"not_picked":["Ghostly Armor","Inflame"],"picked":"True Grit","floor":11},{"not_picked":["Clothesline","Headbutt"],"picked":"Seeing Red","floor":12}],"player_experience":417131,"relics_obtained":[{"floor":6,"key":"Vajra"},{"floor":8,"key":"Dream Catcher"},{"floor":9,"key":"CeramicFish"},{"floor":14,"key":"Mummified Hand"}],"event_choices":[{"damage_healed":0,"gold_gain":75,"player_choice":"Gather Gold","damage_taken":11,"max_hp_gain":0,"max_hp_loss":0,"event_name":"World of Goop","floor":2,"gold_loss":0},{"cards_removed":["Defend_R"],"damage_healed":0,"gold_gain":0,"player_choice":"Card Removal","damage_taken":7,"max_hp_gain":0,"max_hp_loss":0,"event_name":"Golden Wing","floor":3,"gold_loss":0},{"damage_healed":0,"gold_gain":0,"player_choice":"Lose Max HP","damage_taken":0,"relics_obtained":["Golden Idol"],"max_hp_gain":0,"max_hp_loss":6,"event_name":"Golden Idol","floor":5,"gold_loss":0},{"damage_healed":0,"gold_gain":0,"player_choice":"Success","damage_taken":3,"relics_obtained":["MawBank"],"max_hp_gain":0,"max_hp_loss":0,"event_name":"Scrap Ooze","floor":7,"gold_loss":0},{"damage_healed":0,"gold_gain":0,"player_choice":"Donut","damage_taken":0,"max_hp_gain":5,"max_hp_loss":0,"event_name":"Big Fish","floor":10,"gold_loss":0}],"is_beta":false,"boss_relics":[],"items_purged_floors":[],"is_endless":false,"potions_floor_spawned":[1,6],"killed_by":"Slime Boss","ascension_level":12}}