{"host":"t6r1isv2bex5ovch","time":1610809177,"event":{"mods":["AchievementEnabler","Act Like it!","Aspiration","BaseMod","Better Altar","Better Match","Better Note","Better Sensory Stone","Better Skull","Better Third Choice","Better Vampires","Colored Powertips","Displayed Cursed Tome","Downfall","Energized Spire","Evolution","Fox Events","Hubris","Minty Spire (QoL Compilation)","StSLib","The Bug Knight","The Disciple","The Factory","The Jungle","The Runesmith"],"gold_per_floor":[99,110,120,136,149,149,149,149,49,61,46,71,56,74,88,183,183,83,98,8,26,271,291,369,396,396,412,412,412,412,412],"floor_reached":29,"language":"ENG","playtime":3065,"items_purged":["Slimebound:Defend_Slimebound","Slimebound:Defend_Slimebound","Slimebound:Defend_Slimebound"],"score":272,"play_id":"436dfb21-fe51-4512-abe1-7a5ce25ad438","local_time":"20210117005937","is_ascension_mode":false,"campfire_choices":[{"floor":1,"key":"RECALL"},{"data":"Slimebound:CorrosiveSpit","floor":9,"key":"SMITH"},{"data":"Slimebound:GoopSpray","floor":18,"key":"SMITH"}],"circlet_count":0,"master_deck":["Slimebound:Strike_Slimebound","Slimebound:Strike_Slimebound","Slimebound:Strike_Slimebound","Slimebound:Tackle","Slimebound:Split+1","Slimebound:CorrosiveSpit+1","Slimebound:SlimeTap","Slimebound:GoopSpray+1","Slimebound:Repurpose","Slimebound:SpikyOuterGoop","Slimebound:DisruptingSlam","Slimebound:SplitAcid","Slimebound:SplitMire","Slimebound:GrowthPunch","Slimebound:Teamwork","Slimebound:SplitBruiser+1","Slimebound:MassFeed","Slimebound:LevelUp","HollowMod:PogoStrike","Slimebound:SelfFormingGoo"],"relics":["Slimebound:AbsorbEndCombat","EVO:Axolotl","downfall:HeartBlessingRed","Ancient Tea Set","aspiration:MobileForge","downfall:HeartBlessingGreen","hubris:DeckOfHolding","Mummified Hand","hubris:EvacipatedBox"],"acts_visited":["Exordium","TheCity"],"potions_floor_usage":[11,11,13,16,16,22,25],"damage_taken":[{"damage":2,"enemies":"Jaw Worm","floor":2,"turns":5},{"damage":0,"enemies":"Small Slimes","floor":3,"turns":4},{"damage":0,"enemies":"Cultist","floor":4,"turns":3},{"damage":8,"enemies":"Red Slaver","floor":5,"turns":4},{"damage":3,"enemies":"Lots of Slimes","floor":10,"turns":4},{"damage":5,"enemies":"downfall:FleeingMerchant","floor":11,"turns":4},{"damage":36,"enemies":"Gremlin Nob","floor":12,"turns":4},{"damage":8,"enemies":"downfall:FleeingMerchant","floor":13,"turns":4},{"damage":7,"enemies":"Blue Slaver","floor":14,"turns":3},{"damage":7,"enemies":"3 Louse","floor":15,"turns":2},{"damage":2,"enemies":"SI_SHIV_ARCHETYPE","floor":16,"turns":7},{"damage":0,"enemies":"3 Byrds","floor":19,"turns":4},{"damage":6,"enemies":"downfall:FleeingMerchant","floor":20,"turns":4},{"damage":7,"enemies":"Sentry and Sphere","floor":21,"turns":4},{"damage":0,"enemies":"downfall:FleeingMerchant","floor":22,"turns":4},{"damage":4,"enemies":"Centurion and Healer","floor":23,"turns":5},{"damage":27,"enemies":"Gremlin Leader","floor":25,"turns":4},{"damage":6,"enemies":"3 Cultists","floor":27,"turns":3},{"damage":28,"enemies":"Book of Stabbing","floor":29,"turns":2}],"seed_played":"-4519063927111554671","potions_obtained":[{"floor":4,"key":"Strength Potion"},{"floor":10,"key":"AttackPotion"},{"floor":12,"key":"FearPotion"},{"floor":14,"key":"hexamod:SoulburnPotion"},{"floor":15,"key":"AttackPotion"},{"floor":21,"key":"SteroidPotion"},{"floor":23,"key":"Energy Potion"}],"is_trial":false,"path_per_floor":["R","M","M","M","M","?","T","?","R","M","$","E","$","M","M","B",null,"R","M","$","M","$","M","T","E","?","M","$","E"],"character_chosen":"SLIMEBOUND","items_purchased":["hubris:EvacipatedBox"],"campfire_rested":0,"item_purchase_floors":[28],"current_hp_per_floor":[71,71,71,71,66,66,66,66,66,68,66,32,27,21,14,23,71,71,71,66,62,65,65,65,41,41,47,23,0,0,0],"gold":412,"neow_bonus":"TEN_PERCENT_HP_BONUS","is_daily":false,"chose_seed":false,"campfire_upgraded":2,"win_rate":0.0,"timestamp":1610809177,"path_taken":["R","M","M","M","M","?","T","?","R","M","?","E","$","M","M","BOSS","R","M","$","M","$","M","T","E","?","?","?","E"],"items_purchased_type":["Relic"],"build_version":"2020-12-22","purchased_purges":3,"victory":false,"max_hp_per_floor":[71,71,71,71,71,71,71,71,71,71,71,71,71,71,71,71,71,71,71,71,71,71,71,71,71,71,80,80,80,80,80],"card_choices":[{"not_picked":["Slimebound:LivingWall","Slimebound:SamplingLick"],"picked":"Slimebound:SlimeTap","floor":2},{"not_picked":["Slimebound:LevelUp","Slimebound:ProtectTheBoss"],"picked":"Slimebound:GoopSpray","floor":3},{"not_picked":["Slimebound:LeadByExample","Slimebound:GrowthPunch"],"picked":"Slimebound:Repurpose","floor":4},{"not_picked":["Slimebound:LivingWall","Slimebound:FinishingTackle"],"picked":"Slimebound:SpikyOuterGoop","floor":5},{"not_picked":["Slimebound:RejuvenatingLick","Slimebound:BestDefense","Slimebound:ComboTackle"],"picked":"SKIP","floor":10},{"not_picked":["Slimebound:PressTheAttack","Slimebound:Teamwork"],"picked":"Slimebound:DisruptingSlam","floor":11},{"not_picked":["Slimebound:FinishingTackle","Slimebound:ComboTackle"],"picked":"Slimebound:SplitAcid","floor":12},{"not_picked":["Slimebound:MegaLick","Slimebound:DisruptingSlam"],"picked":"Slimebound:SplitMire","floor":13},{"not_picked":["Slimebound:Prepare","Slimebound:BestDefense","Slimebound:ItLooksTasty"],"picked":"SKIP","floor":14},{"not_picked":["Slimebound:RollThrough","Slimebound:FinishingTackle"],"picked":"Slimebound:GrowthPunch","floor":15},{"not_picked":["Slimebound:SlimeSlap","Slimebound:RallyTheTroops"],"picked":"Slimebound:Teamwork","floor":16},{"not_picked":["Slimebound:GrowthPunch","Slimebound:GoopTackle","Slimebound:SplitLeeching+1"],"picked":"SKIP","floor":19},{"not_picked":["Slimebound:DisruptingSlam","Slimebound:GoopTackle"],"picked":"Slimebound:SplitBruiser+1","floor":20},{"not_picked":["Slimebound:LeadByExample","Slimebound:ComboTackle","Slimebound:SamplingLick"],"picked":"SKIP","floor":21},{"not_picked":["Slimebound:Replication","Slimebound:FinishingTackle+1"],"picked":"Slimebound:MassFeed","floor":22},{"not_picked":["Slimebound:ComboTackle","Slimebound:LeechEnergy","Slimebound:Dissolve"],"picked":"SKIP","floor":23},{"not_picked":["Slimebound:LeechEnergy","Slimebound:HauntingLick"],"picked":"Slimebound:LevelUp","floor":25},{"not_picked":["Slimebound:SamplingLick+1","Slimebound:GoopTackle"],"picked":"Slimebound:SelfFormingGoo","floor":27}],"player_experience":480132,"relics_obtained":[{"floor":12,"key":"Ancient Tea Set"},{"floor":24,"key":"hubris:DeckOfHolding"},{"floor":25,"key":"Mummified Hand"}],"event_choices":[{"cards_removed":["Slimebound:Defend_Slimebound"],"damage_healed":0,"gold_gain":0,"player_choice":"Card Removal","damage_taken":0,"max_hp_gain":0,"max_hp_loss":0,"event_name":"The Cleric","floor":8,"gold_loss":0},{"cards_removed":["Slimebound:Split"],"damage_healed":0,"gold_gain":0,"player_choice":"Take \u0026 Give","damage_taken":0,"max_hp_gain":0,"max_hp_loss":0,"event_name":"betterNote:BetterNote","floor":26,"gold_loss":0,"cards_obtained":["HollowMod:PogoStrike"]}],"is_beta":false,"boss_relics":[{"not_picked":["Cursed Key","aspiration:WatcherSkillbook"],"picked":"aspiration:MobileForge"}],"items_purged_floors":[20,22,28],"is_endless":false,"potions_floor_spawned":[4,10,12,14,15,21,23],"killed_by":"Book of Stabbing","ascension_level":0}}