{"host":"2tgyrzvaa7l04o2e","time":1610833268,"event":{"mods":["BaseMod","Highlight Path","Minty Spire (QoL Compilation)","Permanent Neow","Relic Stats"],"gold_per_floor":[116,116,128,140,120,153,167,197,197,229,241,269,269,289,289,386,386,402,416,188,204,227,252,252,283,308,334,334,334,365,168,168,269,269,285,295,295,311,187,215,215,248,248,259,277,304,314,339,339,339,339,339,83,116,116],"floor_reached":56,"language":"ENG","playtime":4079,"items_purged":["Strike_B","Strike_B","Strike_B","Defend_B"],"score":2090,"play_id":"a91b38a0-d992-4f72-ad5a-0ad86a1046c8","local_time":"20210116224108","is_ascension_mode":true,"campfire_choices":[{"data":"Consume","floor":15,"key":"SMITH"},{"floor":24,"key":"RECALL"},{"data":"Coolheaded","floor":28,"key":"SMITH"},{"data":"Zap","floor":32,"key":"SMITH"},{"data":"Electrodynamics","floor":41,"key":"SMITH"},{"data":"Aggregate","floor":49,"key":"SMITH"},{"data":"Loop","floor":52,"key":"SMITH"}],"circlet_count":0,"master_deck":["AscendersBane","Strike_B+1","Defend_B+1","Defend_B","Defend_B","Zap+1","Dualcast","Doom and Gloom","Sweeping Beam+1","Coolheaded+1","Cold Snap","Compile Driver+1","Consume+1","Conserve Battery","Echo Form","Conserve Battery+1","Glacier","Coolheaded+1","Seek","Chill","Electrodynamics+1","Loop+1","Barrage","Aggregate+1","Defragment"],"relics":["SacredBark","Meat on the Bone","MealTicket","White Beast Statue","FossilizedHelix","PreservedInsect","Velvet Choker","Potion Belt","Smiling Mask","Centennial Puzzle","Orichalcum","Happy Flower","Ice Cream","Lizard Tail","DataDisk","Inserter","Whetstone","Akabeko","Juzu Bracelet","CeramicFish","Pocketwatch"],"acts_visited":["Exordium","TheCity","TheBeyond","TheEnding"],"potions_floor_usage":[6,6,8,14,21,23,25,27,30,35,36,45,50,50,54,55,55],"damage_taken":[{"damage":9,"enemies":"2 Louse","floor":1,"turns":4},{"damage":2,"enemies":"Jaw Worm","floor":3,"turns":3},{"damage":0,"enemies":"Cultist","floor":4,"turns":3},{"damage":2,"enemies":"3 Sentries","floor":6,"turns":3},{"damage":6,"enemies":"Looter","floor":7,"turns":4},{"damage":10,"enemies":"Gremlin Nob","floor":8,"turns":3},{"damage":22,"enemies":"3 Sentries","floor":10,"turns":7},{"damage":0,"enemies":"Red Slaver","floor":11,"turns":4},{"damage":13,"enemies":"Lagavulin","floor":12,"turns":9},{"damage":0,"enemies":"Gremlin Gang","floor":14,"turns":3},{"damage":20,"enemies":"The Guardian","floor":16,"turns":12},{"damage":12,"enemies":"Shell Parasite","floor":18,"turns":5},{"damage":2,"enemies":"Spheric Guardian","floor":19,"turns":5},{"damage":12,"enemies":"Snecko","floor":21,"turns":7},{"damage":0,"enemies":"Gremlin Leader","floor":23,"turns":5},{"damage":23,"enemies":"Book of Stabbing","floor":25,"turns":8},{"damage":14,"enemies":"Slavers","floor":27,"turns":6},{"damage":6,"enemies":"Gremlin Leader","floor":30,"turns":4},{"damage":22,"enemies":"Automaton","floor":33,"turns":14},{"damage":0,"enemies":"3 Darklings","floor":35,"turns":7},{"damage":0,"enemies":"3 Shapes","floor":36,"turns":5},{"damage":11,"enemies":"3 Darklings","floor":38,"turns":7},{"damage":12,"enemies":"Reptomancer","floor":40,"turns":7},{"damage":0,"enemies":"Giant Head","floor":42,"turns":11},{"damage":0,"enemies":"4 Shapes","floor":44,"turns":4},{"damage":0,"enemies":"Maw","floor":45,"turns":6},{"damage":0,"enemies":"Reptomancer","floor":46,"turns":4},{"damage":0,"enemies":"Writhing Mass","floor":47,"turns":10},{"damage":0,"enemies":"Giant Head","floor":48,"turns":9},{"damage":24,"enemies":"Awakened One","floor":50,"turns":13},{"damage":41,"enemies":"Shield and Spear","floor":54,"turns":6},{"damage":52,"enemies":"The Heart","floor":55,"turns":12}],"seed_played":"-7706544836276884719","potions_obtained":[{"floor":1,"key":"Strength Potion"},{"floor":5,"key":"AttackPotion"},{"floor":7,"key":"PowerPotion"},{"floor":10,"key":"SpeedPotion"},{"floor":11,"key":"FearPotion"},{"floor":12,"key":"SkillPotion"},{"floor":14,"key":"Explosive Potion"},{"floor":16,"key":"PowerPotion"},{"floor":21,"key":"SmokeBomb"},{"floor":23,"key":"DuplicationPotion"},{"floor":25,"key":"Ancient Potion"},{"floor":27,"key":"ColorlessPotion"},{"floor":30,"key":"GamblersBrew"},{"floor":33,"key":"FairyPotion"},{"floor":35,"key":"AttackPotion"},{"floor":36,"key":"FearPotion"},{"floor":38,"key":"FocusPotion"},{"floor":45,"key":"Dexterity Potion"},{"floor":46,"key":"FairyPotion"},{"floor":47,"key":"PowerPotion"},{"floor":54,"key":"Dexterity Potion"}],"is_trial":false,"path_per_floor":["M","?","M","M","?","E","M","E","T","E","M","E","?","M","R","B",null,"M","M","$","M","T","E","R","E","T","E","R","?","E","$","R","B",null,"M","M","?","M","$","E","R","E","T","M","M","E","M","E","R","B",null,"R","$","E","B",null],"character_chosen":"DEFECT","items_purchased":["Potion Belt","DataDisk","Electrodynamics","Defragment","CultistPotion","Swift Potion"],"campfire_rested":0,"item_purchase_floors":[20,31,39,53,53,53],"current_hp_per_floor":[59,44,42,42,42,40,46,48,48,38,38,37,37,49,49,41,67,55,53,68,56,56,56,56,45,45,43,43,43,49,64,64,42,67,67,67,67,56,71,59,59,59,59,59,59,59,59,59,59,47,68,68,75,46,39],"gold":116,"neow_bonus":"BOSS_RELIC","is_daily":false,"chose_seed":false,"campfire_upgraded":6,"win_rate":0.0,"timestamp":1610833268,"path_taken":["M","?","M","M","?","E","?","E","T","E","M","E","?","M","R","BOSS","M","M","$","M","?","E","R","E","T","E","R","?","E","$","R","BOSS","M","?","?","M","$","E","R","E","T","M","M","E","M","E","R","BOSS","R","$","E","BOSS"],"items_purchased_type":["Relic","Relic","Card","Card","Potion","Potion"],"build_version":"2020-12-22","purchased_purges":4,"victory":true,"max_hp_per_floor":[75,75,75,75,75,75,75,75,75,75,75,75,75,75,75,75,75,75,75,75,75,75,75,75,75,75,75,75,75,75,75,75,75,75,75,75,75,75,75,75,75,75,75,75,75,75,75,75,75,75,75,75,75,75,75],"relic_stats":{"Inserter":[50],"Happy Flower":[41],"counters":[32,210],"CeramicFish":9,"PreservedInsect":640,"Juzu Bracelet":0,"Whetstone":["Compile Driver","Sweeping Beam"],"Orichalcum":[54],"Smiling Mask":225,"Centennial Puzzle":[27],"Lizard Tail":0,"MealTicket":52,"obtain_stats":[{"Potion Belt":20,"Ice Cream":27,"Inserter":34,"Happy Flower":26,"SacredBark":0,"CeramicFish":48,"Velvet Choker":17,"PreservedInsect":12,"Juzu Bracelet":46,"Whetstone":40,"Orichalcum":25,"Smiling Mask":22,"White Beast Statue":9,"Akabeko":42,"Centennial Puzzle":23,"Lizard Tail":30,"DataDisk":31,"MealTicket":8,"Cracked Core":0,"FossilizedHelix":10,"Meat on the Bone":6,"Pocketwatch":54},{"Potion Belt":13,"Ice Cream":17,"Inserter":19,"Happy Flower":16,"SacredBark":0,"CeramicFish":29,"Velvet Choker":11,"PreservedInsect":9,"Juzu Bracelet":27,"Whetstone":23,"Orichalcum":16,"Smiling Mask":14,"White Beast Statue":6,"Akabeko":24,"Centennial Puzzle":15,"Lizard Tail":18,"DataDisk":18,"MealTicket":6,"Cracked Core":0,"FossilizedHelix":7,"Meat on the Bone":4,"Pocketwatch":31},{"Potion Belt":65,"Ice Cream":91,"Inserter":109,"Happy Flower":85,"SacredBark":0,"CeramicFish":179,"Velvet Choker":55,"PreservedInsect":40,"Juzu Bracelet":160,"Whetstone":135,"Orichalcum":85,"Smiling Mask":72,"White Beast Statue":20,"Akabeko":146,"Centennial Puzzle":77,"Lizard Tail":95,"DataDisk":95,"MealTicket":20,"Cracked Core":0,"FossilizedHelix":27,"Meat on the Bone":13,"Pocketwatch":198}],"Meat on the Bone":132,"Pocketwatch":[3]},"card_choices":[{"not_picked":["Sweeping Beam","Rebound"],"picked":"Doom and Gloom","floor":1},{"not_picked":["White Noise","Rebound"],"picked":"Sweeping Beam","floor":3},{"not_picked":["Stack","Gash"],"picked":"Coolheaded","floor":4},{"not_picked":["Melter","Skim"],"picked":"Cold Snap","floor":6},{"not_picked":["Barrage","Fusion","Stack"],"picked":"SKIP","floor":7},{"not_picked":["Barrage","Loop"],"picked":"Compile Driver","floor":8},{"not_picked":["Compile Driver","Blizzard","Streamline"],"picked":"SKIP","floor":10},{"not_picked":["Compile Driver","Rebound"],"picked":"Consume","floor":11},{"not_picked":["Steam","Leap","Ball Lightning"],"picked":"SKIP","floor":12},{"not_picked":["Fission","Turbo"],"picked":"Conserve Battery","floor":14},{"not_picked":["Amplify","All For One"],"picked":"Echo Form","floor":16},{"not_picked":["Barrage","Steam","Sweeping Beam"],"picked":"SKIP","floor":18},{"not_picked":["Leap","Blizzard+1","Stack"],"picked":"SKIP","floor":19},{"not_picked":["Leap","Reboot"],"picked":"Conserve Battery+1","floor":21},{"not_picked":["Redo","Scrape"],"picked":"Glacier","floor":23},{"not_picked":["Beam Cell","Scrape","Skim"],"picked":"SKIP","floor":25},{"not_picked":["Gash","Conserve Battery","Stack"],"picked":"SKIP","floor":27},{"not_picked":["Barrage","Force Field"],"picked":"Coolheaded+1","floor":30},{"not_picked":["Fission","Meteor Strike"],"picked":"Seek","floor":33},{"not_picked":["Hologram","Redo"],"picked":"Chill","floor":35},{"not_picked":["Streamline","Genetic Algorithm+1","Steam"],"picked":"SKIP","floor":36},{"not_picked":["Skim","Sweeping Beam","White Noise"],"picked":"SKIP","floor":38},{"not_picked":["Rebound","Cold Snap+1","Gash"],"picked":"SKIP","floor":40},{"not_picked":["Coolheaded","Sunder","Chill"],"picked":"SKIP","floor":42},{"not_picked":["Double Energy","Auto Shields"],"picked":"Loop","floor":44},{"not_picked":["Chaos","Redo+1"],"picked":"Barrage","floor":45},{"not_picked":["Leap","Consume"],"picked":"Aggregate","floor":46},{"not_picked":["Coolheaded","Recycle","Lockon"],"picked":"SKIP","floor":47},{"not_picked":["Fusion","Fission","Redo"],"picked":"SKIP","floor":48},{"not_picked":["FTL","Compile Driver","Seek"],"picked":"SKIP","floor":54}],"player_experience":619494,"relics_obtained":[{"floor":6,"key":"Meat on the Bone"},{"floor":8,"key":"MealTicket"},{"floor":9,"key":"White Beast Statue"},{"floor":10,"key":"FossilizedHelix"},{"floor":12,"key":"PreservedInsect"},{"floor":22,"key":"Smiling Mask"},{"floor":23,"key":"Centennial Puzzle"},{"floor":25,"key":"Orichalcum"},{"floor":26,"key":"Happy Flower"},{"floor":27,"key":"Ice Cream"},{"floor":30,"key":"Lizard Tail"},{"floor":40,"key":"Whetstone"},{"floor":42,"key":"Akabeko"},{"floor":46,"key":"Juzu Bracelet"},{"floor":48,"key":"CeramicFish"},{"floor":54,"key":"Pocketwatch"}],"event_choices":[{"damage_healed":0,"gold_gain":0,"player_choice":"Entered Light","damage_taken":15,"max_hp_gain":0,"max_hp_loss":0,"event_name":"Shining Light","floor":2,"gold_loss":0,"cards_upgraded":["Strike_B","Defend_B"]},{"damage_healed":0,"gold_gain":0,"player_choice":"Bought 1 Potion","damage_taken":0,"max_hp_gain":0,"max_hp_loss":0,"event_name":"The Woman in Blue","floor":5,"gold_loss":0},{"damage_healed":0,"gold_gain":0,"player_choice":"Cursed","damage_taken":0,"max_hp_gain":0,"max_hp_loss":0,"event_name":"Wheel of Change","floor":13,"gold_loss":0,"cards_obtained":["Decay"]},{"cards_removed":["Decay"],"damage_healed":0,"gold_gain":0,"player_choice":"Removed Curses","damage_taken":0,"max_hp_gain":0,"max_hp_loss":0,"event_name":"Fountain of Cleansing","floor":29,"gold_loss":0},{"damage_healed":0,"gold_gain":0,"player_choice":"Ignored","damage_taken":0,"max_hp_gain":0,"max_hp_loss":0,"event_name":"Tomb of Lord Red Mask","floor":37,"gold_loss":0}],"is_beta":false,"boss_relics":[{"not_picked":["Calling Bell","Sozu"],"picked":"Velvet Choker"},{"not_picked":["Black Star","Pandora\u0027s Box"],"picked":"Inserter"}],"items_purged_floors":[20,31,39,53],"is_endless":false,"potions_floor_spawned":[1,7,10,11,12,14,16,18,19,21,23,25,27,30,33,35,36,38,40,42,44,45,46,47,48,54],"ascension_level":12}}