{"host":"4evnc443c98ww2zl","time":1610758912,"event":{"mods":["BaseMod","Better Third Choice","Hermit","Koishi","Luminous","Minty Spire (QoL Compilation)","Remilia??????","Robot Space Explorer","StSLib","The Administrix","The Bug Knight","The Cursed","TheSwordswoman"],"gold_per_floor":[110,15,115,127,127,152,152,164,187,219,254,254,264,297,297,396,396,414,132,132,148,181,213,245,245,295,172,192,227,109,141,141,241,241,254,254,254,0,30,64,64,89,138,172,172,186,186,204,204,204,204,204,30,63,63],"floor_reached":56,"language":"ENG","playtime":4333,"items_purged":[],"score":1815,"play_id":"97dd77d1-74d4-4c02-8c48-13107e54587d","local_time":"20210115190152","daily_mods":["SealedDeck","Diverse","Colorless Cards","Heirloom","DeadlyEvents","Elite Swarm"],"is_ascension_mode":false,"campfire_choices":[{"floor":7,"key":"RECALL"},{"data":"Redo","floor":15,"key":"SMITH"},{"data":"Iron Wave","floor":25,"key":"SMITH"},{"floor":32,"key":"DIG"},{"floor":41,"key":"DIG"},{"floor":47,"key":"DIG"},{"floor":49,"key":"DIG"},{"floor":52,"key":"DIG"}],"circlet_count":0,"master_deck":["Koishi:Jaunt","AdministrixMod:JustRewards","AdministrixMod:PassageOfAges","Redo+1","HollowMod:FastStrike","AdministrixMod:ImmortalPurity","Coolheaded","Consecrate","RobotSpaceExplorer:ScrapMissile","Iron Wave+1","Infernal Blade+1","Swift Strike","Feel No Pain","Koishi:CatchAndRose","blazmod:AlmightyPassage","Sucker Punch","KillingBlow","AdministrixMod:FuneraryRites","HollowMod:CornifersMapStart+1","Madness+1","TheCursedMod:Stigma+1","HollowMod:NewLastStag+1","DeusExMachina+1","Echo Form","RobotSpaceExplorer:Comet+1","RobotSpaceExplorer:Reload+1","Prostrate+1"],"relics":["HollowMod:VesselMask","TungstenRod","Ancient Tea Set","WingedGreaves","Boot","Mercury Hourglass","Shuriken","Busted Crown","Membership Card","Mummified Hand","Anchor","HollowMod:GreatKnightMask","Bird Faced Urn","Toxic Egg 2","Pen Nib","Singing Bowl","Shovel","Lee\u0027s Waffle","Question Card","Sundial","Bottled Flame","HollowMod:LumaflyLanternRelic","HollowMod:StagPassRelic","Bronze Scales","Happy Flower","HollowMod:MantisClawRelic","Nunchaku","HornCleat","Centennial Puzzle","Eternal Feather","Torii","Ornamental Fan"],"acts_visited":["Exordium","TheCity","TheBeyond","TheEnding"],"potions_floor_usage":[11,14,16,24,39,50,50,50,55],"damage_taken":[{"damage":0,"enemies":"Cultist","floor":1,"turns":2},{"damage":0,"enemies":"2 Louse","floor":4,"turns":1},{"damage":0,"enemies":"3 Sentries","floor":6,"turns":3},{"damage":0,"enemies":"Jaw Worm","floor":8,"turns":2},{"damage":0,"enemies":"HollowMod:MossKnight","floor":10,"turns":4},{"damage":5,"enemies":"Gremlin Nob","floor":11,"turns":3},{"damage":0,"enemies":"Exordium Thugs","floor":13,"turns":2},{"damage":0,"enemies":"3 Sentries","floor":14,"turns":2},{"damage":20,"enemies":"HollowMod:FalseKnight","floor":16,"turns":3},{"damage":0,"enemies":"Chosen","floor":18,"turns":2},{"damage":0,"enemies":"3 Byrds","floor":21,"turns":2},{"damage":0,"enemies":"HollowMod:Zote","floor":22,"turns":2},{"damage":0,"enemies":"Book of Stabbing","floor":23,"turns":2},{"damage":0,"enemies":"HollowMod:Nosk","floor":24,"turns":4},{"damage":5,"enemies":"3 Cultists","floor":28,"turns":2},{"damage":42,"enemies":"Book of Stabbing","floor":29,"turns":2},{"damage":0,"enemies":"Gremlin Leader","floor":31,"turns":2},{"damage":24,"enemies":"HollowMod:NKGrimm","floor":33,"turns":5},{"damage":4,"enemies":"3 Darklings","floor":35,"turns":2},{"damage":18,"enemies":"Nemesis","floor":39,"turns":3},{"damage":0,"enemies":"Reptomancer","floor":40,"turns":3},{"damage":0,"enemies":"Nemesis","floor":42,"turns":3},{"damage":0,"enemies":"Reptomancer","floor":44,"turns":2},{"damage":0,"enemies":"3 Shapes","floor":46,"turns":1},{"damage":26,"enemies":"HollowMod:SlobberingHusk","floor":48,"turns":4},{"damage":8,"enemies":"Donu and Deca","floor":50,"turns":4},{"damage":6,"enemies":"Shield and Spear","floor":54,"turns":3},{"damage":53,"enemies":"The Heart","floor":55,"turns":7}],"seed_played":"3719728003520066986","potions_obtained":[{"floor":1,"key":"SkillPotion"},{"floor":10,"key":"GamblersBrew"},{"floor":13,"key":"AttackPotion"},{"floor":14,"key":"FearPotion"},{"floor":18,"key":"DuplicationPotion"},{"floor":22,"key":"BlessingOfTheForge"},{"floor":29,"key":"SpeedPotion"},{"floor":39,"key":"Ancient Potion"}],"is_trial":true,"path_per_floor":["M","$","?","M","?","E","R","M","T","E","E","T","M","E","R","B",null,"M","$","T","M","?","E","E","R","T","$","M","E","$","E","R","B",null,"M","?","?","?","E","E","R","E","T","E","T","M","R","M","R","B",null,"R","$","E","B",null],"character_chosen":"THE_BUGKNIGHT","items_purchased":["Swift Strike","Membership Card","Mummified Hand","Singing Bowl","Lee\u0027s Waffle","Madness+1","Torii","Dexterity Potion"],"campfire_rested":0,"item_purchase_floors":[2,19,19,27,30,30,53,53],"current_hp_per_floor":[75,75,75,75,69,69,69,69,69,69,64,64,64,64,64,44,75,75,75,75,75,75,75,75,75,75,75,72,34,86,88,88,68,90,86,86,86,86,68,70,70,72,72,74,74,76,76,52,52,48,92,92,92,92,43],"gold":63,"neow_bonus":"","is_daily":false,"chose_seed":false,"campfire_upgraded":2,"win_rate":0.0,"timestamp":1610758912,"path_taken":["M","?","?","?","?","E","R","M","T","E","?","?","M","E","R","BOSS","M","$","?","M","?","E","E","R","T","$","M","E","?","E","R","BOSS","M","?","?","?","?","E","R","E","T","E","?","M","R","M","R","BOSS","R","$","E","BOSS"],"items_purchased_type":["Card","Relic","Relic","Relic","Relic","Card","Relic","Potion"],"build_version":"2020-12-22","purchased_purges":0,"victory":true,"max_hp_per_floor":[75,75,75,75,75,75,75,75,75,75,75,75,75,75,75,75,75,75,75,75,75,75,75,75,75,75,75,77,79,86,88,88,90,90,90,90,90,90,90,92,92,92,92,92,92,92,92,92,92,92,92,92,92,94,94],"card_choices":[{"not_picked":["Evaluate","blazmod:StanceChange"],"picked":"Infernal Blade","floor":1},{"not_picked":["RobotSpaceExplorer:IronShell","TheCursedMod:CursedAmulet"],"picked":"Feel No Pain","floor":4},{"not_picked":["Koishi:FadingMemory","Hyperbeam","Meteor Strike"],"picked":"SKIP","floor":6},{"not_picked":["blazmod:OpenSpirit","Stack"],"picked":"Koishi:CatchAndRose","floor":8},{"not_picked":["Venomology","Koishi:MentalBreakdown"],"picked":"blazmod:AlmightyPassage","floor":10},{"not_picked":["Storm of Steel","Koishi:FadingMemory","Hyperbeam"],"picked":"SKIP","floor":11},{"not_picked":["AdministrixMod:Transition","blazmod:Lockswords"],"picked":"Sucker Punch","floor":13},{"not_picked":["RobotSpaceExplorer:Autoloader","Judgement"],"picked":"KillingBlow","floor":14},{"not_picked":["RobotSpaceExplorer:Scanner","hermit:Purgatory"],"picked":"Establishment","floor":16},{"not_picked":[],"picked":"AdministrixMod:FuneraryRites","floor":18},{"not_picked":["Koishi:HeartfeltFancy"],"picked":"SKIP","floor":21},{"not_picked":[],"picked":"HollowMod:CornifersMapStart+1","floor":22},{"not_picked":["HollowMod:LordofShades"],"picked":"SKIP","floor":23},{"not_picked":["blazmod:DawnflutterDance"],"picked":"SKIP","floor":24},{"not_picked":["Luminous:Magic_Accelerate_Luminous+1"],"picked":"Singing Bowl","floor":28},{"not_picked":["BatForm"],"picked":"Singing Bowl","floor":29},{"not_picked":["DevaForm"],"picked":"Singing Bowl","floor":31},{"not_picked":["AdministrixMod:BrewingCloister+1","Biased Cognition"],"picked":"Singing Bowl","floor":33},{"not_picked":["Koishi:RacingHeart+1"],"picked":"TheCursedMod:Stigma+1","floor":35},{"not_picked":["Brilliance"],"picked":"DeusExMachina+1","floor":39},{"not_picked":["TheCursedMod:ShockAndAwe","Machine Learning"],"picked":"Singing Bowl","floor":40},{"not_picked":["HollowMod:LifebloodCore+1"],"picked":"Echo Form","floor":42},{"not_picked":["TheCursedMod:ShockAndAwe"],"picked":"RobotSpaceExplorer:Comet+1","floor":44},{"not_picked":["TheCursedMod:CursedBlade"],"picked":"RobotSpaceExplorer:Reload+1","floor":46},{"not_picked":["TheCursedMod:CircleOfBlood+1"],"picked":"Prostrate+1","floor":48},{"not_picked":["blazmod:SeismicSlash","TheCursedMod:UltimatePain+1"],"picked":"Singing Bowl","floor":54}],"player_experience":1080266,"relics_obtained":[{"floor":6,"key":"Ancient Tea Set"},{"floor":10,"key":"WingedGreaves"},{"floor":11,"key":"Boot"},{"floor":12,"key":"Mercury Hourglass"},{"floor":14,"key":"Shuriken"},{"floor":20,"key":"Anchor"},{"floor":22,"key":"HollowMod:GreatKnightMask"},{"floor":23,"key":"Bird Faced Urn"},{"floor":24,"key":"Toxic Egg 2"},{"floor":26,"key":"Pen Nib"},{"floor":29,"key":"Shovel"},{"floor":31,"key":"Question Card"},{"floor":32,"key":"Sundial"},{"floor":39,"key":"Bottled Flame"},{"floor":40,"key":"HollowMod:LumaflyLanternRelic"},{"floor":41,"key":"HollowMod:StagPassRelic"},{"floor":42,"key":"Bronze Scales"},{"floor":43,"key":"Happy Flower"},{"floor":44,"key":"HollowMod:MantisClawRelic"},{"floor":45,"key":"Nunchaku"},{"floor":47,"key":"HornCleat"},{"floor":49,"key":"Centennial Puzzle"},{"floor":52,"key":"Eternal Feather"},{"floor":54,"key":"Ornamental Fan"}],"event_choices":[{"damage_healed":0,"gold_gain":100,"player_choice":"Gold","damage_taken":0,"max_hp_gain":0,"max_hp_loss":0,"event_name":"Wheel of Change","floor":3,"gold_loss":0},{"cards_removed":["Establishment"],"damage_healed":0,"gold_gain":0,"player_choice":"Removed Power","damage_taken":0,"max_hp_gain":0,"max_hp_loss":0,"event_name":"Falling","floor":37,"gold_loss":0}],"is_beta":false,"boss_relics":[{"not_picked":["Sozu","Cursed Key"],"picked":"Busted Crown"},{"not_picked":["Runic Pyramid","Empty Cage","Runic Dome"]}],"items_purged_floors":[],"is_endless":false,"potions_floor_spawned":[1,10,13,14,18,22,23,29,31,35,39,42,44,48],"ascension_level":0}}