{"host":"mai03x2ekbjy4059","time":1610785992,"event":{"mods":["2.2 Compatiblity","BaseMod","DeckTracker","Highlight Path","Keyboard Shortcuts","Minty Spire (QoL Compilation)","Permanent Neow","Quick Restart","SuperFastMode","everything is the same but u backflip on backflip"],"gold_per_floor":[109,121,196,210,3,36,36,69,69,82,110,110,110,137,137,232,232,249,164,184,84,96,168,168,196,196,196,222,222,233,244,244,349,349,366,384,394,394,15,49,67,67,67,101,156,191,191,216,216,216,216,216,23,57,57],"floor_reached":56,"language":"KOR","playtime":2429,"items_purged":["Strike_G","Strike_G","Strike_G"],"score":1732,"play_id":"c4dd77b1-a814-464e-92a4-c105616f0569","local_time":"20210116173312","is_ascension_mode":true,"campfire_choices":[{"data":"Skewer","floor":7.0,"key":"SMITH"},{"data":"Terror","floor":12.0,"key":"SMITH"},{"data":"After Image","floor":15.0,"key":"SMITH"},{"data":"After Image","floor":24.0,"key":"SMITH"},{"data":"Outmaneuver","floor":29.0,"key":"SMITH"},{"data":"Outmaneuver","floor":32,"key":"SMITH"},{"data":"Apotheosis","floor":47,"key":"SMITH"},{"floor":49,"key":"RECALL"},{"data":"Well Laid Plans","floor":52,"key":"SMITH"}],"circlet_count":0,"master_deck":["Strike_G","Strike_G","Defend_G","Defend_G","Defend_G","Defend_G","Defend_G","Survivor","Neutralize","Backflip","Skewer+1","Concentrate","Backflip","After Image+1","Terror+1","After Image+1","Well Laid Plans+1","Outmaneuver+1","Blur+1","Outmaneuver+1","Escape Plan+1","Expertise","Madness","Madness","Phantasmal Killer","Apotheosis+1","Impatience","Blind","Expertise+1"],"relics":["Ring of the Snake","Ice Cream","Orichalcum","Meat on the Bone","Tingsha","Oddly Smooth Stone","Odd Mushroom","Philosopher\u0027s Stone","Ornamental Fan","Mercury Hourglass","Pantograph","Mango","Shuriken","Black Star","Chemical X","Anchor","Mummified Hand","StoneCalendar","Sundial","Thread and Needle","Centennial Puzzle","Torii","Toxic Egg 2","Du-Vu Doll","Dead Branch","Regal Pillow","White Beast Statue","Paper Crane"],"acts_visited":["Exordium","TheCity","TheBeyond","TheEnding"],"potions_floor_usage":[55],"damage_taken":[{"damage":3.0,"enemies":"Jaw Worm","floor":1.0,"turns":4.0},{"damage":0.0,"enemies":"2 Louse","floor":2.0,"turns":3.0},{"damage":0.0,"enemies":"Small Slimes","floor":4.0,"turns":5.0},{"damage":30.0,"enemies":"Gremlin Nob","floor":6.0,"turns":4.0},{"damage":0.0,"enemies":"Lagavulin","floor":8.0,"turns":4.0},{"damage":0.0,"enemies":"Exordium Wildlife","floor":10.0,"turns":4.0},{"damage":2.0,"enemies":"Gremlin Nob","floor":11.0,"turns":3.0},{"damage":2.0,"enemies":"The Mushroom Lair","floor":14.0,"turns":5.0},{"damage":4.0,"enemies":"Slime Boss","floor":16.0,"turns":7.0},{"damage":4.0,"enemies":"2 Thieves","floor":18.0,"turns":4.0},{"damage":0.0,"enemies":"Shell Parasite","floor":20.0,"turns":3.0},{"damage":0.0,"enemies":"Snake Plant","floor":22.0,"turns":3.0},{"damage":0.0,"enemies":"Slavers","floor":23.0,"turns":5.0},{"damage":0.0,"enemies":"Book of Stabbing","floor":25.0,"turns":5.0},{"damage":0.0,"enemies":"Gremlin Leader","floor":28.0,"turns":5.0},{"damage":5,"enemies":"Cultist and Chosen","floor":30,"turns":7},{"damage":0,"enemies":"Snecko","floor":31,"turns":5},{"damage":0,"enemies":"Champ","floor":33,"turns":9},{"damage":0,"enemies":"Orb Walker","floor":35,"turns":4},{"damage":8,"enemies":"3 Darklings","floor":36,"turns":11},{"damage":8,"enemies":"Jaw Worm Horde","floor":37,"turns":8},{"damage":0,"enemies":"Nemesis","floor":40,"turns":5},{"damage":0,"enemies":"Maw","floor":41,"turns":6},{"damage":0,"enemies":"Giant Head","floor":44,"turns":7},{"damage":1,"enemies":"2 Orb Walkers","floor":45,"turns":7},{"damage":13,"enemies":"Nemesis","floor":46,"turns":5},{"damage":1,"enemies":"Giant Head","floor":48,"turns":6},{"damage":0,"enemies":"Donu and Deca","floor":50,"turns":10},{"damage":0,"enemies":"Shield and Spear","floor":54,"turns":4},{"damage":9,"enemies":"The Heart","floor":55,"turns":11}],"seed_played":"-2415134048903602333","potions_obtained":[{"floor":4.0,"key":"ColorlessPotion"},{"floor":11.0,"key":"Weak Potion"},{"floor":16.0,"key":"Explosive Potion"},{"floor":22.0,"key":"Explosive Potion"},{"floor":25.0,"key":"Fire Potion"},{"floor":27.0,"key":"SteroidPotion"},{"floor":27.0,"key":"Strength Potion"},{"floor":27.0,"key":"GhostInAJar"},{"floor":30,"key":"SteroidPotion"}],"is_trial":false,"path_per_floor":["M","M","?","M","$","E","R","E","T","M","E","R","?","?","R","B",null,"M","?","M","$","M","E","R","E","T","?","E","R","M","M","R","B",null,"M","M","M","?","$","E","M","?","T","E","?","E","R","E","R","B",null,"R","$","E","B",null],"character_chosen":"THE_SILENT","items_purchased":["Concentrate","Backflip","Chemical X","Phantasmal Killer","Anchor","Expertise+1"],"campfire_rested":0,"item_purchase_floors":[5,5,39,39,39,53],"current_hp_per_floor":[60,60,49,49,49,19,19,19,19,31,41,41,38,36,36,32,63,59,59,59,59,59,59,59,59,73,73,73,73,68,68,68,77,77,77,69,61,51,51,51,51,41,41,41,40,39,39,50,50,75,77,77,77,77,68],"gold":57,"neow_bonus":"ONE_RARE_RELIC","is_daily":false,"chose_seed":false,"campfire_upgraded":8,"win_rate":0.0,"timestamp":1610785992,"path_taken":["M","M","?","M","$","E","R","E","T","M","E","R","?","?","R","BOSS","BOSS","M","?","M","$","M","E","R","E","T","?","E","R","M","M","R","BOSS","M","?","?","?","$","E","M","?","T","E","?","E","R","E","R","BOSS","R","$","E","BOSS"],"items_purchased_type":["Card","Card","Relic","Card","Relic","Card"],"build_version":"2020-12-22","purchased_purges":3,"victory":true,"max_hp_per_floor":[63,63,63,63,63,63,63,63,63,63,63,63,63,63,63,63,63,63,63,63,63,63,63,63,63,77,77,77,77,77,77,77,77,77,77,77,77,77,77,77,77,77,77,77,77,77,77,77,77,77,77,77,77,77,77],"card_choices":[{"not_picked":["Deadly Poison","Setup","Well Laid Plans"],"picked":"SKIP","floor":1.0},{"not_picked":["Dagger Throw","Deadly Poison"],"picked":"Backflip","floor":2.0},{"not_picked":["Dagger Spray","Prepared"],"picked":"Skewer","floor":4.0},{"not_picked":["Dagger Throw","Skewer","Reflex"],"picked":"SKIP","floor":6.0},{"not_picked":["Noxious Fumes","Dagger Throw"],"picked":"After Image","floor":8.0},{"not_picked":["Dagger Throw","Deflect"],"picked":"Terror","floor":10.0},{"not_picked":["Dodge and Roll","Deadly Poison","Quick Slash"],"picked":"SKIP","floor":11.0},{"not_picked":["Tools of the Trade","Venomology"],"picked":"After Image","floor":16.0},{"not_picked":["Deadly Poison","Reflex"],"picked":"Well Laid Plans","floor":18.0},{"not_picked":["Deflect","Distraction"],"picked":"Outmaneuver","floor":20.0},{"not_picked":["Calculated Gamble+1","Noxious Fumes","All Out Attack+1"],"picked":"SKIP","floor":22.0},{"not_picked":["Deadly Poison","Endless Agony","Tools of the Trade"],"picked":"SKIP","floor":23.0},{"not_picked":["Prepared","Bane"],"picked":"Blur+1","floor":25.0},{"not_picked":["Endless Agony","Flying Knee"],"picked":"Outmaneuver","floor":28.0},{"not_picked":["Quick Slash+1","Underhanded Strike","Backflip"],"picked":"SKIP","floor":30},{"not_picked":["Underhanded Strike","Eviscerate"],"picked":"Escape Plan+1","floor":31},{"not_picked":["Setup+1","Bouncing Flask","PiercingWail+1"],"picked":"SKIP","floor":35},{"not_picked":["Slice","Deadly Poison+1","Setup+1"],"picked":"SKIP","floor":36},{"not_picked":["Underhanded Strike","Deadly Poison"],"picked":"Expertise","floor":37},{"not_picked":["Riddle With Holes","Bouncing Flask","Reflex"],"picked":"SKIP","floor":40},{"not_picked":["Catalyst+1","Backflip+1","Underhanded Strike+1"],"picked":"SKIP","floor":41},{"not_picked":["Jack Of All Trades","Chrysalis"],"picked":"Apotheosis","floor":42},{"not_picked":["PanicButton","Violence"],"picked":"Impatience","floor":42},{"not_picked":["PanicButton","Madness"],"picked":"Blind","floor":42},{"not_picked":["Prepared+1","Crippling Poison","Dodge and Roll"],"picked":"SKIP","floor":44},{"not_picked":["Bouncing Flask+1","Finisher+1","Deflect+1"],"picked":"SKIP","floor":46},{"not_picked":["Dodge and Roll+1","PiercingWail+1","Dagger Throw+1"],"picked":"SKIP","floor":48},{"not_picked":["Finisher+1","Acrobatics+1","Crippling Poison+1"],"picked":"SKIP","floor":54}],"player_experience":1053877,"relics_obtained":[{"floor":6.0,"key":"Orichalcum"},{"floor":8.0,"key":"Meat on the Bone"},{"floor":11.0,"key":"Tingsha"},{"floor":14.0,"key":"Odd Mushroom"},{"floor":23.0,"key":"Mercury Hourglass"},{"floor":25.0,"key":"Pantograph"},{"floor":26.0,"key":"Mango"},{"floor":28.0,"key":"Shuriken"},{"floor":40,"key":"Mummified Hand"},{"floor":40,"key":"StoneCalendar"},{"floor":43,"key":"Sundial"},{"floor":44,"key":"Thread and Needle"},{"floor":44,"key":"Centennial Puzzle"},{"floor":45,"key":"Torii"},{"floor":46,"key":"Toxic Egg 2"},{"floor":46,"key":"Du-Vu Doll"},{"floor":48,"key":"Dead Branch"},{"floor":48,"key":"Regal Pillow"},{"floor":54,"key":"White Beast Statue"},{"floor":54,"key":"Paper Crane"}],"event_choices":[{"damage_healed":0.0,"max_hp_gain":0.0,"max_hp_loss":0.0,"gold_gain":75.0,"event_name":"World of Goop","player_choice":"Gather Gold","floor":3.0,"gold_loss":0.0,"damage_taken":11.0},{"damage_healed":0.0,"max_hp_gain":0.0,"max_hp_loss":0.0,"gold_gain":0.0,"event_name":"Scrap Ooze","player_choice":"Success","floor":13.0,"gold_loss":0.0,"damage_taken":3.0,"relics_obtained":["Oddly Smooth Stone"]},{"damage_healed":0.0,"max_hp_gain":0.0,"max_hp_loss":0.0,"gold_gain":0.0,"event_name":"Mushrooms","player_choice":"Fought Mushrooms","floor":14.0,"gold_loss":0.0,"damage_taken":0.0},{"damage_healed":0.0,"max_hp_gain":0.0,"max_hp_loss":0.0,"gold_gain":0.0,"event_name":"Addict","player_choice":"Obtained Relic","floor":19.0,"gold_loss":85.0,"damage_taken":0.0,"relics_obtained":["Ornamental Fan"]},{"damage_healed":0.0,"max_hp_gain":0.0,"max_hp_loss":0.0,"gold_gain":0.0,"event_name":"Lab","player_choice":"Got Potions","floor":27.0,"gold_loss":0.0,"damage_taken":0.0},{"damage_healed":0,"gold_gain":0,"player_choice":"Embrace Madness","damage_taken":10,"max_hp_gain":0,"max_hp_loss":0,"event_name":"Winding Halls","floor":38,"gold_loss":0,"cards_obtained":["Madness","Madness"]},{"damage_healed":0,"gold_gain":0,"player_choice":"Memory 3","damage_taken":10,"max_hp_gain":0,"max_hp_loss":0,"event_name":"SensoryStone","floor":42,"gold_loss":0},{"damage_healed":0,"gold_gain":0,"player_choice":"Fight","damage_taken":0,"max_hp_gain":0,"max_hp_loss":0,"event_name":"Mysterious Sphere","floor":45,"gold_loss":0}],"is_beta":false,"boss_relics":[{"not_picked":["Sozu","HoveringKite"],"picked":"Philosopher\u0027s Stone"},{"not_picked":["Velvet Choker","Calling Bell"],"picked":"Black Star"}],"items_purged_floors":[5,21,53],"is_endless":false,"potions_floor_spawned":[4,11,16,22,25,30,31,33,40,44,45],"ascension_level":1}}