{"host":"87e8r31j2s2gs0rw","time":1610827466,"event":{"mods":["BaseMod","BetterRewards","Colored Powertips","Downfall","Minty Spire (QoL Compilation)","Shop Mod","StSLib","The Bug Knight"],"gold_per_floor":[99,114,126,146,166,30,54,54,64,77,89,89,102,116,130,130,130,130],"floor_reached":16,"language":"ENG","playtime":3376,"items_purged":[],"score":150,"play_id":"69f8c3c7-2da9-4497-9265-134271cf86e8","local_time":"20210116210426","is_ascension_mode":false,"campfire_choices":[{"data":"Slimebound:CorrosiveSpit","floor":1,"key":"SMITH"},{"data":"Slimebound:MassFeed","floor":8,"key":"SMITH"}],"circlet_count":0,"master_deck":["Slimebound:Strike_Slimebound","Slimebound:Strike_Slimebound","Slimebound:Strike_Slimebound","Slimebound:Tackle","Slimebound:Defend_Slimebound","Slimebound:Defend_Slimebound","Slimebound:Defend_Slimebound","Slimebound:Defend_Slimebound","Slimebound:Split+1","Slimebound:CorrosiveSpit+1","Slimebound:Prepare","Slimebound:SplitAcid","Slimebound:ProtectTheBoss","Slimebound:Gluttony","Slimebound:LeechingTouch","Slimebound:MassFeed+1","Slimebound:SplitLeeching","Slimebound:RollThrough","Slimebound:LeadByExample","Slimebound:SelfFormingGoo","Slimebound:LivingWall","Slimebound:GoopTackle","Slimebound:Schlurp"],"relics":["Slimebound:AbsorbEndCombat","Lantern"],"acts_visited":["Exordium"],"potions_floor_usage":[],"damage_taken":[{"damage":10,"enemies":"Cultist","floor":2,"turns":4},{"damage":2,"enemies":"2 Louse","floor":3,"turns":3},{"damage":11,"enemies":"Jaw Worm","floor":4,"turns":3},{"damage":5,"enemies":"Lots of Slimes","floor":5,"turns":3},{"damage":0,"enemies":"downfall:FleeingMerchant","floor":6,"turns":4},{"damage":0,"enemies":"Large Slime","floor":9,"turns":6},{"damage":14,"enemies":"Exordium Thugs","floor":10,"turns":5},{"damage":14,"enemies":"3 Louse","floor":11,"turns":2},{"damage":7,"enemies":"Blue Slaver","floor":13,"turns":3},{"damage":0,"enemies":"Lots of Slimes","floor":14,"turns":2},{"damage":0,"enemies":"3 Louse","floor":15,"turns":2},{"damage":76,"enemies":"SI_SHIV_ARCHETYPE","floor":16,"turns":9}],"seed_played":"-9206460217074028416","potions_obtained":[{"floor":3,"key":"Slimebound:SlimedPotion"},{"floor":4,"key":"SteroidPotion"},{"floor":13,"key":"sneckomod:MuddlingPotion"},{"floor":14,"key":"Strength Potion"}],"is_trial":false,"path_per_floor":["R","M","M","M","M","$","T","R","M","M","M","?","M","M","M","B"],"character_chosen":"SLIMEBOUND","items_purchased":["Slimebound:MassFeed","Slimebound:SplitLeeching"],"campfire_rested":0,"item_purchase_floors":[6,6],"current_hp_per_floor":[71,63,62,52,48,51,51,51,53,50,48,48,44,64,64,0,0,0],"gold":130,"neow_bonus":"TEN_PERCENT_HP_BONUS","is_daily":false,"chose_seed":false,"campfire_upgraded":2,"win_rate":0.0,"timestamp":1610827466,"path_taken":["R","M","M","M","M","?","T","R","M","M","M","?","M","M","M","BOSS"],"items_purchased_type":["Card","Card"],"build_version":"2020-12-22","purchased_purges":0,"victory":false,"max_hp_per_floor":[71,71,71,71,71,71,71,71,71,79,91,91,91,111,111,111,111,111],"card_choices":[{"not_picked":["Slimebound:ItLooksTasty","Slimebound:LeadByExample"],"picked":"Slimebound:Prepare","floor":2},{"not_picked":["Slimebound:SplitMire","Slimebound:LivingWall"],"picked":"Slimebound:SplitAcid","floor":3},{"not_picked":["Slimebound:SlimeBrawl","Slimebound:SlimeSpikes"],"picked":"Slimebound:ProtectTheBoss","floor":4},{"not_picked":["Slimebound:GoopTackle","Slimebound:DisruptingSlam"],"picked":"Slimebound:Gluttony","floor":5},{"not_picked":["Slimebound:LivingWall","Slimebound:PressTheAttack"],"picked":"Slimebound:LeechingTouch","floor":6},{"not_picked":["Slimebound:SplitAcid","Slimebound:Gluttony"],"picked":"Slimebound:RollThrough","floor":9},{"not_picked":["Slimebound:SlimeSpikes","Slimebound:RainOfGoop"],"picked":"Slimebound:LeadByExample","floor":10},{"not_picked":["Slimebound:SamplingLick","Slimebound:LeechEnergy"],"picked":"Slimebound:SelfFormingGoo","floor":11},{"not_picked":["Slimebound:SplitMire","Slimebound:Grow"],"picked":"Slimebound:LivingWall","floor":13},{"not_picked":["Slimebound:BestDefense","Slimebound:RollThrough"],"picked":"Slimebound:GoopTackle","floor":14},{"not_picked":["Slimebound:SplitMire","Slimebound:Replication"],"picked":"Slimebound:Schlurp","floor":15}],"player_experience":95560,"relics_obtained":[{"floor":7,"key":"Lantern"}],"event_choices":[{"damage_healed":0,"gold_gain":0,"player_choice":"Grow","damage_taken":0,"max_hp_gain":0,"max_hp_loss":0,"event_name":"Living Wall","floor":12,"gold_loss":0,"cards_upgraded":["Slimebound:Split"]}],"is_beta":false,"boss_relics":[],"items_purged_floors":[],"is_endless":false,"potions_floor_spawned":[3,4,13,14],"killed_by":"SI_SHIV_ARCHETYPE","ascension_level":0}}