{"host":"7z347kdhnquy3q4q","time":1610835155,"event":{"mods":["Act Like it!","BaseMod","Hubris","Minty Spire (QoL Compilation)","MostiFishMod","Permanent Neow","Potionbrewer","Robot Space Explorer","Spicy Shops","StSLib","Wandering Minibosses"],"gold_per_floor":[112,112,131,150,150,150,100,110,110,124,124,147,147,147,147,223,223,235,39,39,59,20,55,5,5,32,66,166,166,195,195,195,268,268,283,283,294,312,3,3,22,57,57,57,57,75,100,134,134,134,136],"floor_reached":52,"language":"ENG","playtime":4468,"items_purged":["Strike_R","Defend_R","Strike_R"],"score":2508,"play_id":"c22eb122-2576-4de9-823a-5a0674e729a3","local_time":"20210116161235","is_ascension_mode":true,"campfire_choices":[{"data":"Iron Wave","floor":6,"key":"SMITH"},{"data":"Seeing Red","floor":11,"key":"SMITH"},{"floor":15,"key":"REST"},{"data":"Heavy Blade","floor":25,"key":"SMITH"},{"data":"MostiFishMod:#F4004","floor":32,"key":"SMITH"},{"data":"Thinking Ahead","floor":40,"key":"SMITH"},{"data":"MostiFishMod:WinterMarkForm","floor":44,"key":"SMITH"},{"data":"Skewer","floor":49,"key":"SMITH"}],"circlet_count":0,"master_deck":["AscendersBane","Strike_R","Strike_R+1","Defend_R","Defend_R","Defend_R","Bash","MostiFishMod:#F4004+1","Iron Wave+1","Pummel+1","Shrug It Off","Seeing Red+1","Sword Boomerang+1","Cleave","Metallicize","MostiFishMod:UltimateDefense","MostiFishMod:FrostNova","MostiFishMod:WinterMarkForm+1","Heavy Blade+1","Sword Boomerang","Thinking Ahead+1","Impatience+1","ConjureBlade","Seeing Red+1","hubris:SharpeningStone+1","Headbutt","Slice","RobotSpaceExplorer:StunGrenade+1","Wallop+1","Skewer+1"],"relics":["Burning Blood","DaveBox","PatriotShield","Regal Pillow","SynthV:TestCard","Juzu Bracelet","Odd Mushroom","Dodecahedron","Strawberry","Blood Vial","hubris:EvacipatedBox","FrostBlade","Membership Card","wanderingMiniBosses:OtherGremlinHorn","PrismaticShard","hubris:SlimyHat","potionbrewer:ToyAutogyro","Whetstone","Magic Flower","hubris:IronBody","Ice Cream","HaiYi:Twilight","hubris:Icosahedron","Lee\u0027s Waffle","Blue Candle","Akabeko","SynthV:C4","hubris:Towel","Turnip","Torii"],"acts_visited":["Exordium","TheCity","TheBeyond"],"potions_floor_usage":[16,18,30,51],"damage_taken":[{"damage":0,"enemies":"Jaw Worm","floor":1,"turns":2},{"damage":0,"enemies":"Cultist","floor":3,"turns":5},{"damage":0,"enemies":"2 Louse","floor":4,"turns":2},{"damage":0,"enemies":"Red Slaver","floor":8,"turns":2},{"damage":0,"enemies":"Looter","floor":10,"turns":2},{"damage":0,"enemies":"The Mushroom Lair","floor":12,"turns":3},{"damage":0,"enemies":"The Guardian","floor":16,"turns":5},{"damage":0,"enemies":"Spheric Guardian","floor":18,"turns":2},{"damage":0,"enemies":"3 Byrds","floor":21,"turns":4},{"damage":0,"enemies":"Gremlin Leader","floor":23,"turns":2},{"damage":0,"enemies":"Book of Stabbing","floor":27,"turns":2},{"damage":0,"enemies":"Colosseum Slavers","floor":28,"turns":1},{"damage":0,"enemies":"Colosseum Nobs","floor":28,"turns":1},{"damage":0,"enemies":"Slavers","floor":30,"turns":1},{"damage":0,"enemies":"Collector","floor":33,"turns":2},{"damage":0,"enemies":"Orb Walker","floor":35,"turns":2},{"damage":0,"enemies":"3 Shapes","floor":37,"turns":2},{"damage":0,"enemies":"Transient","floor":38,"turns":3},{"damage":0,"enemies":"3 Darklings","floor":41,"turns":2},{"damage":0,"enemies":"Reptomancer","floor":42,"turns":3},{"damage":0,"enemies":"Jaw Worm Horde","floor":46,"turns":1},{"damage":0,"enemies":"Mind Bloom Boss Battle","floor":47,"turns":1},{"damage":0,"enemies":"Nemesis","floor":48,"turns":1},{"damage":0,"enemies":"hubris:GrandSnecko","floor":50,"turns":4},{"damage":0,"enemies":"Awakened One","floor":51,"turns":5}],"seed_played":"-2100509515761938292","potions_obtained":[{"floor":10,"key":"Dexterity Potion"},{"floor":12,"key":"Weak Potion"},{"floor":16,"key":"BlessingOfTheForge"},{"floor":21,"key":"Dexterity Potion"},{"floor":28,"key":"potionbrewer:NoxiousPotion"},{"floor":35,"key":"Weak Potion"},{"floor":46,"key":"potionbrewer:CleansingPotion"},{"floor":47,"key":"ColorlessPotion"}],"is_trial":false,"path_per_floor":["M","$","M","M","$","R","$","M","T","M","R","?","$","?","R","B",null,"M","$","?","M","$","E","$","R","T","E","?","?","E","?","R","B",null,"M","?","M","M","$","R","M","E","T","R","?","M","?","E","R","B","B",null],"character_chosen":"IRONCLAD","items_purchased":["Shrug It Off","Dodecahedron","Strawberry","Blood Vial","hubris:EvacipatedBox","Membership Card","PrismaticShard","Lee\u0027s Waffle","Blue Candle","Headbutt"],"campfire_rested":1,"item_purchase_floors":[7,13,13,13,13,19,22,39,39,39],"current_hp_per_floor":[74,74,75,75,75,75,75,75,75,75,75,75,33,33,72,80,82,82,82,82,82,82,82,82,82,82,82,82,82,82,82,82,82,82,82,82,82,82,89,89,89,89,89,89,89,89,89,89,89,89,89],"gold":136,"neow_bonus":"RANDOM_COMMON_RELIC","is_daily":false,"chose_seed":false,"campfire_upgraded":7,"win_rate":0.0,"timestamp":1610835155,"path_taken":["M","$","M","M","$","R","$","M","T","M","R","?","?","?","R","BOSS","M","$","?","M","$","E","?","R","T","E","?","?","E","?","R","BOSS","M","?","M","M","$","R","M","E","T","R","?","M","?","E","R","BOSS","BOSS"],"items_purchased_type":["Card","Relic","Relic","Relic","Relic","Relic","Relic","Relic","Relic","Card"],"build_version":"2020-12-22","purchased_purges":3,"victory":true,"max_hp_per_floor":[75,75,75,75,75,75,75,75,75,75,75,75,82,82,82,82,82,82,82,82,82,82,82,82,82,82,82,82,82,82,82,82,82,82,82,82,82,82,89,89,89,89,89,89,89,89,89,89,89,89,89],"card_choices":[{"not_picked":["Thunderclap","Clash"],"picked":"MostiFishMod:#F4004","floor":1},{"not_picked":["Armaments","Dual Wield","Intimidate","Bloodletting"],"picked":"Iron Wave","floor":3},{"not_picked":["Thunderclap","Hemokinesis","Warcry","Clash"],"picked":"Pummel","floor":4},{"not_picked":["Headbutt","Bloodletting","Perfected Strike","Havoc"],"picked":"Seeing Red","floor":8},{"not_picked":["hubris:ReadiedAction","Corruption","Battle Trance","Clash"],"picked":"Sword Boomerang","floor":10},{"not_picked":["Armaments","Twin Strike","Ghostly Armor","hubris:ReadiedAction"],"picked":"Cleave","floor":12},{"not_picked":["Exhume","MostiFishMod:ChineseTea","MostiFishMod:FlyOverUtopia","MostiFishMod:Mania"],"picked":"MostiFishMod:UltimateDefense","floor":16},{"not_picked":["Perfected Strike","Shrug It Off","Wild Strike","True Grit"],"picked":"Heavy Blade","floor":18},{"not_picked":["Shrug It Off","Cleave","Clash","Anger"],"picked":"Sword Boomerang","floor":21},{"not_picked":["Evaluate","Uppercut+1","MasterReality","Coolheaded"],"picked":"Thinking Ahead","floor":23},{"not_picked":["RobotSpaceExplorer:JunkDive","Rainbow","Thunderclap","potionbrewer:IronHeart"],"picked":"Impatience+1","floor":27},{"not_picked":["Blood for Blood","RobotSpaceExplorer:Probe","hubris:ReadiedAction","Clothesline","potionbrewer:Brandish"],"picked":"SKIP","floor":30},{"not_picked":["Storm of Steel","MostiFishMod:ReadyAimFire","Malaise","potionbrewer:HazardousWaste"],"picked":"ConjureBlade","floor":33},{"not_picked":["hubris:SlightOfHand","EmptyFist","potionbrewer:Smack","Sentinel"],"picked":"Seeing Red+1","floor":35},{"not_picked":["Go for the Eyes","RobotSpaceExplorer:Electroshield+1","SashWhip","hubris:SlightOfHand+1","Flex"],"picked":"SKIP","floor":37},{"not_picked":["Wild Strike","ReachHeaven","RobotSpaceExplorer:IronShell","potionbrewer:AlchemistForm"],"picked":"hubris:SharpeningStone+1","floor":38},{"not_picked":["CutThroughFate+1","Fasting2+1","RobotSpaceExplorer:Reload","potionbrewer:FortifiedSerum"],"picked":"Slice","floor":41},{"not_picked":["RobotSpaceExplorer:GlueShot","Heavy Blade+1","All Out Attack","WindmillStrike"],"picked":"RobotSpaceExplorer:StunGrenade+1","floor":42},{"not_picked":["DeceiveReality","Armaments","potionbrewer:QuickStep+1","Spot Weakness"],"picked":"Wallop+1","floor":46},{"not_picked":["Deadly Poison","potionbrewer:ChemicalWeapons","EmptyFist","Compile Driver"],"picked":"Skewer","floor":47},{"not_picked":["Bouncing Flask","MostiFishMod:PerfectParry","potionbrewer:LabAccident","Undo","Anger"],"picked":"SKIP","floor":48}],"player_experience":1925005,"relics_obtained":[{"floor":1,"key":"SynthV:TestCard"},{"floor":9,"key":"Juzu Bracelet"},{"floor":12,"key":"Odd Mushroom"},{"floor":21,"key":"wanderingMiniBosses:OtherGremlinHorn"},{"floor":23,"key":"hubris:SlimyHat"},{"floor":26,"key":"potionbrewer:ToyAutogyro"},{"floor":27,"key":"Whetstone"},{"floor":28,"key":"Magic Flower"},{"floor":28,"key":"hubris:IronBody"},{"floor":30,"key":"Ice Cream"},{"floor":42,"key":"Akabeko"},{"floor":43,"key":"SynthV:C4"},{"floor":47,"key":"Turnip"},{"floor":48,"key":"Torii"}],"event_choices":[{"damage_healed":0,"gold_gain":0,"player_choice":"Fought Mushrooms","damage_taken":0,"max_hp_gain":0,"max_hp_loss":0,"event_name":"Mushrooms","floor":12,"gold_loss":0},{"damage_healed":0,"gold_gain":0,"cards_transformed":["Strike_R"],"player_choice":"Transformed","damage_taken":0,"max_hp_gain":0,"max_hp_loss":0,"event_name":"Transmorgrifier","floor":14,"gold_loss":0,"cards_obtained":["Metallicize"]},{"damage_healed":0,"gold_gain":0,"player_choice":"Ignored","damage_taken":0,"max_hp_gain":0,"max_hp_loss":0,"event_name":"N\u0027loth","floor":20,"gold_loss":0},{"damage_healed":0,"gold_gain":0,"player_choice":"Fight","damage_taken":0,"max_hp_gain":0,"max_hp_loss":0,"event_name":"Colosseum","floor":28,"gold_loss":0},{"damage_healed":0,"gold_gain":0,"player_choice":"Fought Nobs","damage_taken":0,"max_hp_gain":0,"max_hp_loss":0,"event_name":"Colosseum","floor":28,"gold_loss":0},{"damage_healed":0,"gold_gain":0,"player_choice":"Ignored","damage_taken":0,"max_hp_gain":0,"max_hp_loss":0,"event_name":"Ghosts","floor":29,"gold_loss":0},{"damage_healed":0,"gold_gain":0,"player_choice":"Forge","damage_taken":0,"max_hp_gain":0,"max_hp_loss":0,"event_name":"Accursed Blacksmith","floor":31,"gold_loss":0,"cards_upgraded":["Sword Boomerang"]},{"damage_healed":0,"gold_gain":0,"player_choice":"Fight","damage_taken":0,"max_hp_gain":0,"max_hp_loss":0,"event_name":"MindBloom","floor":47,"gold_loss":0}],"is_beta":false,"boss_relics":[{"not_picked":["Snecko Eye","EE1DDrone","TakeMeEscape"],"picked":"FrostBlade"},{"not_picked":["SacredBark","GreenFoldingFan","SynthV:MejaisSoulstealer"],"picked":"HaiYi:Twilight"}],"items_purged_floors":[19,24,39],"is_endless":false,"potions_floor_spawned":[10,12,16,21,28,35,46,47,48],"ascension_level":20}}