{"host":"k4v81cw6j0eb8mtc","time":1610819124,"event":{"mods":["BaseMod","BetterRewards","GifTheSpireLib","Minty Spire (QoL Compilation)","Quick Restart","Replay The Spire","StSLib"],"gold_per_floor":[111,21,39,50,101,134,134,148,198,211,211,261,261,261,261,382,382,396,396,306,322,169,169,189,189,214,214,155,155,170,186,186,315,315,330,345,159,10,31,55,55,89,89,102,141,141,184,184,184,184],"floor_reached":51,"language":"ENG","playtime":1931,"items_purged":["ReplayTheSpireMod:Splinters"],"score":935,"play_id":"dfed4345-3e52-4364-9718-7b3e41ee4fc4","local_time":"20210116124524","is_ascension_mode":false,"campfire_choices":[{"floor":7,"key":"REST"},{"floor":15,"key":"REST"},{"data":"After Image","floor":23,"key":"SMITH"},{"floor":25,"key":"REST"},{"floor":32,"key":"REST"},{"floor":41,"key":"REST"},{"floor":49,"key":"REST"}],"circlet_count":0,"master_deck":["Strike_G","Strike_G","Strike_G","Strike_G","Defend_G","Defend_G+1","Defend_G","Defend_G","Defend_G","Survivor","Neutralize","Blade Dance","All Out Attack","ReplayTheSpireMod:Tripwire","Leg Sweep","Backstab","Dagger Throw","Pot Of Greed","Pot Of Greed","Underhanded Strike","Sucker Punch","Hidden Blade","Corpse Explosion","After Image+1","Fluid Movement","Blade Dance","Footwork","Dagger Spray","Slice","Underhanded Strike+1","ReplayTheSpireMod:Tripwire+1","Acrobatics","Hidden Blade","Glass Knife","Backstab+1","Pot Of Greed","Dagger Throw","Footwork","Blade Dance+1","Tactician","Dodge and Roll+1","Adrenaline","Backflip","Dagger Throw","Acrobatics","Dark Shackles","Deep Breath","ReplayTheSpireMod:Necrogeddon","Pot Of Greed","Accuracy+1"],"relics":["Ring of the Snake","Potion Belt","Regal Pillow","Dream Catcher","Blue Candle","Grinning Jar","Replay:Baseball","Pantograph","Golden Idol","WristBlade","MutagenicStrength","Bronze Scales","Replay:Bottled Snecko","Red Mask","Nunchaku","Happy Flower","Vajra","ReplayTheSpireMod:Lightbulb","ReplayTheSpireMod:Ninjato","Orichalcum","Ancient Tea Set"],"acts_visited":["Exordium","TheCity","TheBeyond"],"potions_floor_usage":[33,33,36,47,50,50,50,50,50],"damage_taken":[{"damage":1,"enemies":"2 Louse","floor":1,"turns":4},{"damage":1,"enemies":"Cultist","floor":3,"turns":4},{"damage":5,"enemies":"Small Slimes","floor":4,"turns":3},{"damage":29,"enemies":"3 Sentries","floor":6,"turns":7},{"damage":0,"enemies":"3 Louse","floor":8,"turns":3},{"damage":0,"enemies":"Large Slime","floor":10,"turns":6},{"damage":52,"enemies":"Fading Forest","floor":16,"turns":11},{"damage":1,"enemies":"Shell Parasite","floor":18,"turns":8},{"damage":8,"enemies":"Spheric Guardian","floor":21,"turns":4},{"damage":13,"enemies":"Snecko","floor":24,"turns":6},{"damage":14,"enemies":"Masked Bandits","floor":28,"turns":5},{"damage":2,"enemies":"3 Cultists","floor":30,"turns":4},{"damage":0,"enemies":"Chosen and Byrds","floor":31,"turns":4},{"damage":21,"enemies":"Champ","floor":33,"turns":13},{"damage":1,"enemies":"Orb Walker","floor":35,"turns":4},{"damage":4,"enemies":"3 Darklings","floor":36,"turns":4},{"damage":8,"enemies":"4 Shapes","floor":39,"turns":3},{"damage":8,"enemies":"Jaw Worm Horde","floor":40,"turns":3},{"damage":0,"enemies":"R_Hoarder","floor":42,"turns":10},{"damage":0,"enemies":"Transient","floor":44,"turns":5},{"damage":4,"enemies":"Giant Head","floor":45,"turns":7},{"damage":6,"enemies":"Reptomancer","floor":47,"turns":4},{"damage":0,"enemies":"Donu and Deca","floor":50,"turns":6}],"seed_played":"5418372570079135470","potions_obtained":[{"floor":3,"key":"LiquidBronze"},{"floor":8,"key":"Weak Potion"},{"floor":12,"key":"LiquidBronze"},{"floor":21,"key":"GhostInAJar"},{"floor":30,"key":"SteroidPotion"},{"floor":33,"key":"BlessingOfTheForge"},{"floor":39,"key":"Doom Potion"},{"floor":40,"key":"GhostInAJar"},{"floor":47,"key":"Venom Potion"}],"is_trial":false,"path_per_floor":["M","?","M","M","T","E","R","M","T","M","?","?","?","?","R","B",null,"M","?","?","M","$","R","M","R","T","?","?","T","M","M","R","B",null,"M","M","$","$","M","M","R","E","T","M","E","?","E","?","R","B",null],"character_chosen":"THE_SILENT","items_purchased":["Footwork","Happy Flower","Footwork","Vajra"],"campfire_rested":6,"item_purchase_floors":[22,37,37,38],"current_hp_per_floor":[69,69,68,63,63,34,70,70,70,70,70,70,63,46,70,28,70,69,69,69,61,61,61,48,70,70,70,56,56,54,54,70,49,70,69,65,65,65,57,49,70,70,70,70,66,66,60,50,70,70],"gold":184,"neow_bonus":"RANDOM_COMMON_RELIC","is_daily":false,"chose_seed":false,"campfire_upgraded":1,"win_rate":0.0,"timestamp":1610819124,"path_taken":["M","?","?","M","?","E","R","M","T","?","?","?","?","?","R","BOSS","M","?","?","?","?","R","M","R","T","?","?","?","M","M","R","BOSS","M","M","?","$","M","M","R","E","T","M","E","?","E","?","R","BOSS"],"items_purchased_type":["Card","Relic","Card","Relic"],"build_version":"2020-12-22","purchased_purges":1,"victory":true,"max_hp_per_floor":[70,70,70,70,70,70,70,70,70,70,70,70,70,70,70,70,70,70,70,70,70,70,70,70,70,70,70,70,70,70,70,70,70,70,70,70,70,70,70,70,70,70,70,70,70,70,70,70,70,70],"card_choices":[{"not_picked":["Sucker Punch","ReplayTheSpireMod:Speed Training"],"picked":"Blade Dance","floor":1},{"not_picked":["Setup","Terror"],"picked":"All Out Attack","floor":3},{"not_picked":["Outmaneuver","Deadly Poison"],"picked":"ReplayTheSpireMod:Tripwire","floor":4},{"not_picked":["Quick Slash","All Out Attack"],"picked":"Leg Sweep","floor":6},{"not_picked":["Bane","ReplayTheSpireMod:Tripwire"],"picked":"Backstab","floor":7},{"not_picked":["Prepared","Catalyst"],"picked":"Dagger Throw","floor":8},{"not_picked":["Masterful Stab","Noxious Fumes"],"picked":"Underhanded Strike","floor":10},{"not_picked":["Expertise","Crippling Poison"],"picked":"Sucker Punch","floor":12},{"not_picked":["Draining Mist","Terror"],"picked":"Hidden Blade","floor":12},{"not_picked":["Outmaneuver","ReplayTheSpireMod:Exploit Weakness"],"picked":"Corpse Explosion","floor":15},{"not_picked":["ReplayTheSpireMod:From All Sides","Doppelganger"],"picked":"After Image","floor":16},{"not_picked":["Flying Knee","Outmaneuver"],"picked":"Fluid Movement","floor":18},{"not_picked":["ReplayTheSpireMod:The Works","Acrobatics"],"picked":"Blade Dance","floor":21},{"not_picked":["Outmaneuver","Crippling Poison"],"picked":"Dagger Spray","floor":24},{"not_picked":["Quick Slash","Dodge and Roll"],"picked":"Slice","floor":25},{"not_picked":["Sucker Punch","ReplayTheSpireMod:The Works"],"picked":"Underhanded Strike+1","floor":28},{"not_picked":["PiercingWail+1","Skewer"],"picked":"ReplayTheSpireMod:Tripwire+1","floor":30},{"not_picked":["Corpse Explosion","Toxin Wave"],"picked":"Acrobatics","floor":31},{"not_picked":["Bane+1","Calculated Gamble"],"picked":"Hidden Blade","floor":32},{"not_picked":["Grand Finale","Replay:Bag of Tricks"],"picked":"Glass Knife","floor":33},{"not_picked":["PiercingWail+1","Blur"],"picked":"Backstab+1","floor":35},{"not_picked":["Poisoned Stab+1","Fluid Movement+1"],"picked":"Dagger Throw","floor":36},{"not_picked":["Dash","Atom Bomb"],"picked":"Blade Dance+1","floor":39},{"not_picked":["PiercingWail+1","Hidden Blade+1"],"picked":"Tactician","floor":40},{"not_picked":["Finisher","Bane"],"picked":"Dodge and Roll+1","floor":41},{"not_picked":["ReplayTheSpireMod:Shiv Toss","Deflect"],"picked":"Adrenaline","floor":42},{"not_picked":["Concentrate+1","ReplayTheSpireMod:Exploit Weakness"],"picked":"Backflip","floor":44},{"not_picked":["All Out Attack+1","Flying Knee+1"],"picked":"Dagger Throw","floor":45},{"not_picked":["Skewer","Toxin Wave"],"picked":"Acrobatics","floor":47},{"not_picked":["Discovery","Mind Blast"],"picked":"Dark Shackles","floor":48},{"not_picked":["Replay:Bootleg Shield Generator","Panacea"],"picked":"Deep Breath","floor":48},{"not_picked":["Deep Breath","Trip"],"picked":"ReplayTheSpireMod:Necrogeddon","floor":48},{"not_picked":["Acrobatics+1","Deadly Poison"],"picked":"Accuracy+1","floor":49}],"player_experience":226497,"relics_obtained":[{"floor":5,"key":"Dream Catcher"},{"floor":6,"key":"Blue Candle"},{"floor":9,"key":"Grinning Jar"},{"floor":12,"key":"Replay:Baseball"},{"floor":26,"key":"Bronze Scales"},{"floor":28,"key":"Red Mask"},{"floor":29,"key":"Nunchaku"},{"floor":42,"key":"ReplayTheSpireMod:Lightbulb"},{"floor":43,"key":"ReplayTheSpireMod:Ninjato"},{"floor":45,"key":"Orichalcum"},{"floor":47,"key":"Ancient Tea Set"}],"event_choices":[{"damage_healed":0,"gold_gain":0,"player_choice":"Paid Gold","damage_taken":0,"relics_obtained":["Regal Pillow"],"max_hp_gain":0,"max_hp_loss":0,"event_name":"WeMeetAgain","floor":2,"gold_loss":90},{"damage_healed":0,"gold_gain":0,"player_choice":"Ignored","damage_taken":0,"max_hp_gain":0,"max_hp_loss":0,"event_name":"Liars Game","floor":11,"gold_loss":0},{"damage_healed":0,"gold_gain":0,"player_choice":"Success","damage_taken":7,"relics_obtained":["Pantograph"],"max_hp_gain":0,"max_hp_loss":0,"event_name":"Scrap Ooze","floor":13,"gold_loss":0},{"damage_healed":0,"gold_gain":0,"player_choice":"Take Damage","damage_taken":17,"relics_obtained":["Golden Idol"],"max_hp_gain":0,"max_hp_loss":0,"event_name":"Golden Idol","floor":14,"gold_loss":0},{"damage_healed":0,"gold_gain":0,"player_choice":"Inject Mutagens","damage_taken":0,"relics_obtained":["MutagenicStrength"],"max_hp_gain":0,"max_hp_loss":0,"event_name":"Drug Dealer","floor":19,"gold_loss":0},{"cards_removed":["Strike_G"],"damage_healed":0,"gold_gain":0,"player_choice":"Upgrade and Remove","damage_taken":0,"max_hp_gain":0,"max_hp_loss":0,"event_name":"Designer","floor":20,"gold_loss":90,"cards_upgraded":["Defend_G"]},{"damage_healed":0,"gold_gain":0,"player_choice":"Fought Bandits","damage_taken":0,"max_hp_gain":0,"max_hp_loss":0,"event_name":"Masked Bandits","floor":28,"gold_loss":0},{"damage_healed":0,"gold_gain":0,"player_choice":"Ignored","damage_taken":0,"max_hp_gain":0,"max_hp_loss":0,"event_name":"Tomb of Lord Red Mask","floor":46,"gold_loss":0},{"damage_healed":0,"gold_gain":0,"player_choice":"Memory 3","damage_taken":10,"max_hp_gain":0,"max_hp_loss":0,"event_name":"SensoryStone","floor":48,"gold_loss":0}],"is_beta":false,"boss_relics":[{"not_picked":["Replay:Drink Me","Astrolabe"],"picked":"WristBlade"},{"not_picked":["Replay:Wanted Poster","Ring of Chaos","Snecko Eye"]}],"items_purged_floors":[22],"is_endless":false,"potions_floor_spawned":[3,8,21,30,33,39,40,45,47],"ascension_level":0}}