{"host":"0fmi5fguj5lvt8pf","time":1610786524,"event":{"mods":["BaseMod","Colored Map","Curses Come First","Downfall","Minty Spire (QoL Compilation)","Permanent Neow","StSLib"],"gold_per_floor":[0,66,104,104,9,51,51,51,86,86,71,91,127,127,166,166,166],"floor_reached":16,"language":"ENG","playtime":836,"items_purged":[],"score":94,"play_id":"adb30799-5f89-4328-83d1-ea24c861a220","local_time":"20210116004204","is_ascension_mode":false,"campfire_choices":[{"data":"HandOfGreed","floor":1.0,"key":"SMITH"},{"data":"bronze:ClassDefault","floor":10.0,"key":"SMITH"}],"circlet_count":0,"master_deck":["bronze:Strike","bronze:Strike","bronze:Strike","bronze:Strike","bronze:Defend","bronze:Defend","bronze:Defend","bronze:Defend","bronze:Replicate+1","bronze:Goto+1","HandOfGreed+1","bronze:Optimize+1","bronze:Overload","bronze:ClassDefault+1","bronze:FollowUp","bronze:DelayedSlice","bronze:ClassDefault","bronze:BronzeOrb"],"relics":["bronze:BronzeCore"],"acts_visited":["Exordium"],"potions_floor_usage":[16],"damage_taken":[{"damage":0.0,"enemies":"2 Louse","floor":2.0,"turns":4.0},{"damage":1.0,"enemies":"Cultist","floor":3.0,"turns":4.0},{"damage":10.0,"enemies":"downfall:FleeingMerchant","floor":5.0,"turns":4.0},{"damage":5.0,"enemies":"Small Slimes","floor":6.0,"turns":3.0},{"damage":6.0,"enemies":"Red Slaver","floor":9.0,"turns":5.0},{"damage":0.0,"enemies":"downfall:FleeingMerchant","floor":11.0,"turns":4.0},{"damage":0.0,"enemies":"2 Fungi Beasts","floor":12.0,"turns":2.0},{"damage":6,"enemies":"Gremlin Gang","floor":13,"turns":5},{"damage":2,"enemies":"Large Slime","floor":15,"turns":5},{"damage":43,"enemies":"DF_ARCHETYPE_STREAMLINE","floor":16,"turns":7}],"seed_played":"8938312738584783492","potions_obtained":[{"floor":2.0,"key":"BlessingOfTheForge"},{"floor":13,"key":"Weak Potion"},{"floor":15,"key":"Explosive Potion"}],"is_trial":false,"path_per_floor":["R","M","M","?","$","M","T","?","M","R","$","M","M","?","M","B"],"character_chosen":"THE_AUTOMATON","items_purchased":["bronze:ClassDefault"],"campfire_rested":0,"item_purchase_floors":[5],"current_hp_per_floor":[70,70,69,69,59,54,54,54,48,48,48,48,42,42,40,0,0],"gold":166,"neow_bonus":"RANDOM_COLORLESS_2","is_daily":false,"chose_seed":false,"campfire_upgraded":2,"win_rate":0.0,"timestamp":1610786524,"path_taken":["R","M","M","?","?","M","T","?","M","R","$","?","M","?","M","BOSS"],"items_purchased_type":["Card"],"build_version":"2020-12-22","purchased_purges":0,"victory":false,"max_hp_per_floor":[70,70,70,70,70,70,70,70,70,70,70,70,70,70,70,70,70],"card_choices":[{"not_picked":["Master of Strategy","Apotheosis"],"picked":"HandOfGreed","floor":0.0},{"not_picked":["bronze:Shield","bronze:DelayedSlice"],"picked":"bronze:Optimize","floor":2.0},{"not_picked":["bronze:FineTuning","bronze:Branch"],"picked":"bronze:Overload","floor":3.0},{"not_picked":["bronze:Shield","bronze:Philosophize","bronze:Branch"],"picked":"SKIP","floor":5.0},{"not_picked":["bronze:Repair","bronze:Shield","bronze:Allocate"],"picked":"SKIP","floor":6.0},{"not_picked":["bronze:CutThrough","bronze:CloningBeam"],"picked":"bronze:FollowUp","floor":9.0},{"not_picked":["bronze:Iterate","bronze:WildBeam"],"picked":"bronze:DelayedSlice","floor":11.0},{"not_picked":["bronze:DarkDash","bronze:Allocate","bronze:DigitalCarnage"],"picked":"SKIP","floor":12.0},{"not_picked":["bronze:ItsAFeature","bronze:Safeguard"],"picked":"bronze:Iterate","floor":13},{"not_picked":["bronze:DelayedGuard","bronze:BugBarrage"],"picked":"bronze:BronzeOrb","floor":15}],"player_experience":1354498,"relics_obtained":[],"event_choices":[],"is_beta":false,"boss_relics":[],"items_purged_floors":[],"is_endless":false,"potions_floor_spawned":[2,13,15],"killed_by":"DF_ARCHETYPE_STREAMLINE","ascension_level":0}}