{"host":"yxzbjgn8r2ozgaoi","time":1610807115,"event":{"mods":["Act Like it!","BaseMod","CapriCore","Chen","Friendly Minions","Gensokyo","Hallownest","KinomotoSakuraMod(木之本樱)","Kiyohime（清姬）","Koishi","Lobotomy","LobotomyExtend","Marisa（F雨　魔理沙）","Minty Spire (QoL Compilation)","Prisma Mod","Quick Restart","Reimu（博丽灵梦）","Remilia（蕾米莉亚）","Replay The Spire","StSLib","The Bug Knight","The Immortal","Youmu（魂魄妖梦）","Yuyuko","【功能Mod】聪明的最终Boss","篝火指南"],"gold_per_floor":[114,44,44,61,4,4,4,4],"floor_reached":7,"language":"ZHS","playtime":237,"items_purged":[],"score":39,"play_id":"0ffba176-ea8f-44c7-a770-f7818c125c0b","local_time":"20210116222515","is_ascension_mode":false,"campfire_choices":[{"data":"Sword Boomerang","floor":6,"key":"SMITH"}],"circlet_count":0,"master_deck":["Strike_R","Strike_R+1","Strike_R","Strike_R","Strike_R","Defend_R","Defend_R","Defend_R","Defend_R","Wellcheers","Sword Boomerang+1","Flex","Gensokyo:RustyChest"],"relics":["Burning Blood","CogitoBucket","LetterFromLob","Happy Flower"],"acts_visited":["Gensokyo:Gensokyo"],"potions_floor_usage":[],"damage_taken":[{"damage":4,"enemies":"Gensokyo:2_Kodama","floor":1,"turns":3},{"damage":2,"enemies":"Gensokyo:3_Fairies","floor":4,"turns":4},{"damage":50,"enemies":"Gensokyo:Mamizou","floor":7,"turns":11}],"seed_played":"-8705535948403085857","potions_obtained":[],"is_trial":false,"path_per_floor":["M","?","?","M","COS","R","E"],"character_chosen":"IRONCLAD","items_purchased":[],"campfire_rested":0,"item_purchase_floors":[],"current_hp_per_floor":[80,80,80,80,80,80,33,33],"gold":4,"neow_bonus":"","is_daily":false,"chose_seed":false,"campfire_upgraded":1,"win_rate":0.0,"timestamp":1610807115,"path_taken":["M","?","?","M","COS","R","E"],"items_purchased_type":[],"build_version":"2020-12-22","purchased_purges":0,"victory":false,"max_hp_per_floor":[80,80,80,80,80,80,80,80],"card_choices":[{"not_picked":["CrumblingArmor","FieryBird","Murderer"],"picked":"Singing Bowl","floor":1},{"not_picked":["PunishingBird","BeautyBeast"],"picked":"Wellcheers","floor":1},{"not_picked":["Clash","Burning Pact"],"picked":"Sword Boomerang","floor":1},{"not_picked":["MHz","MeatLantern","Scorched"],"picked":"Singing Bowl","floor":4},{"not_picked":["Warcry","True Grit"],"picked":"Flex","floor":4}],"player_experience":136605,"relics_obtained":[{"floor":1,"key":"LetterFromLob"}],"event_choices":[],"is_beta":false,"boss_relics":[],"items_purged_floors":[],"is_endless":false,"potions_floor_spawned":[],"killed_by":"Gensokyo:Mamizou","ascension_level":0}}