{"host":"jnjxzd6rarbui4j8","time":1610802548,"event":{"mods":["AchievementEnabler","BaseMod","Colored Map","Highlight Path","Minty Spire (QoL Compilation)","Relic Stats","StSLib"],"gold_per_floor":[211,5,15,0,75,105,105,121,144,174,191,191,217,227,227,298,298,313,330,342,342,617,617,648,229,229,229,264,264,275,288,288,364,364,378,398,417,182,200,229,229,263,263,263,263,263,144,174,174,174,174,174,174,26,58,58],"floor_reached":57,"language":"ENG","playtime":10581,"items_purged":["Strike_G","Strike_G","Masterful Stab"],"score":3096,"play_id":"79c08c1f-69cd-448f-94fe-ab8de91db600","local_time":"20210116080908","is_ascension_mode":true,"campfire_choices":[{"floor":7.0,"key":"REST"},{"data":"Dagger Spray","floor":12.0,"key":"SMITH"},{"data":"Malaise","floor":15.0,"key":"SMITH"},{"data":"Wraith Form v2","floor":23.0,"key":"SMITH"},{"data":"Terror","floor":27.0,"key":"SMITH"},{"data":"Well Laid Plans","floor":29.0,"key":"SMITH"},{"data":"Catalyst","floor":32.0,"key":"SMITH"},{"floor":44.0,"key":"RECALL"},{"data":"Envenom","floor":46.0,"key":"SMITH"},{"data":"Master of Strategy","floor":49.0,"key":"SMITH"},{"data":"Master of Strategy","floor":53.0,"key":"SMITH"}],"circlet_count":0,"master_deck":["AscendersBane","Defend_G","Defend_G","Defend_G+1","Defend_G","Defend_G","Survivor","Neutralize+1","Terror+1","Poisoned Stab","Poisoned Stab+1","Malaise+1","Dagger Spray+1","Blade Dance","Bullet Time","Wraith Form v2+1","PiercingWail+1","Dash+1","Malaise+1","Catalyst+1","Burst+1","Catalyst+1","Outmaneuver+1","Master of Strategy+1","Well Laid Plans+1","Deadly Poison","Calculated Gamble+1","Acrobatics+1","Envenom+1","PiercingWail","Noxious Fumes+1","Master of Strategy+1","Acrobatics+1","Deadly Poison+1","Deadly Poison+1"],"relics":["Ring of the Snake","Membership Card","Regal Pillow","Snake Skull","Eternal Feather","Omamori","Astrolabe","War Paint","Happy Flower","Lee\u0027s Waffle","TungstenRod","Ornamental Fan","Coffee Dripper","Strange Spoon","Nunchaku","Toy Ornithopter","Medical Kit","Bottled Tornado","Bag of Preparation","Whetstone"],"acts_visited":["Exordium","TheCity","TheBeyond","TheEnding"],"potions_floor_usage":[56,56],"damage_taken":[{"damage":0.0,"enemies":"Cultist","floor":1.0,"turns":4.0},{"damage":0.0,"enemies":"Jaw Worm","floor":3.0,"turns":3.0},{"damage":22.0,"enemies":"Lagavulin","floor":6.0,"turns":7.0},{"damage":0.0,"enemies":"Small Slimes","floor":8.0,"turns":3.0},{"damage":3.0,"enemies":"Gremlin Nob","floor":10.0,"turns":3.0},{"damage":2.0,"enemies":"Gremlin Gang","floor":11.0,"turns":4.0},{"damage":19.0,"enemies":"Lagavulin","floor":13.0,"turns":5.0},{"damage":6.0,"enemies":"3 Louse","floor":14.0,"turns":4.0},{"damage":12.0,"enemies":"The Guardian","floor":16.0,"turns":12.0},{"damage":9.0,"enemies":"Chosen","floor":18.0,"turns":5.0},{"damage":3.0,"enemies":"Spheric Guardian","floor":19.0,"turns":6.0},{"damage":15.0,"enemies":"3 Cultists","floor":20.0,"turns":7.0},{"damage":0.0,"enemies":"Book of Stabbing","floor":24.0,"turns":7.0},{"damage":13.0,"enemies":"Gremlin Leader","floor":28.0,"turns":6.0},{"damage":0.0,"enemies":"Snake Plant","floor":30.0,"turns":4.0},{"damage":25.0,"enemies":"Shelled Parasite and Fungi","floor":31.0,"turns":6.0},{"damage":26.0,"enemies":"Collector","floor":33.0,"turns":4.0},{"damage":2.0,"enemies":"3 Darklings","floor":35.0,"turns":6.0},{"damage":0.0,"enemies":"3 Shapes","floor":36.0,"turns":5.0},{"damage":0.0,"enemies":"Transient","floor":37.0,"turns":6.0},{"damage":12.0,"enemies":"4 Shapes","floor":39.0,"turns":4.0},{"damage":0.0,"enemies":"Reptomancer","floor":40.0,"turns":1.0},{"damage":0.0,"enemies":"Nemesis","floor":42.0,"turns":5.0},{"damage":0.0,"enemies":"Reptomancer","floor":48.0,"turns":3.0},{"damage":0.0,"enemies":"Donu and Deca","floor":50.0,"turns":6.0},{"damage":13.0,"enemies":"Time Eater","floor":51.0,"turns":4.0},{"damage":36.0,"enemies":"Shield and Spear","floor":55.0,"turns":5.0},{"damage":6,"enemies":"The Heart","floor":56,"turns":8}],"seed_played":"-2457552347004136576","potions_obtained":[{"floor":1.0,"key":"Energy Potion"},{"floor":8.0,"key":"DuplicationPotion"},{"floor":10.0,"key":"AttackPotion"},{"floor":13.0,"key":"Energy Potion"},{"floor":20.0,"key":"DuplicationPotion"},{"floor":30.0,"key":"SpeedPotion"},{"floor":35.0,"key":"PowerPotion"},{"floor":55.0,"key":"Dexterity Potion"}],"is_trial":false,"path_per_floor":["M","$","M","$","?","E","R","M","T","E","M","R","E","M","R","B",null,"M","M","M","?","?","R","E","$","T","R","E","R","M","M","R","B",null,"M","M","M","$","M","E","?","E","T","R","?","R","$","E","R","B","B",null,"R","$","E","B",null],"character_chosen":"THE_SILENT","items_purchased":["Membership Card","Masterful Stab","Poisoned Stab","Happy Flower","Lee\u0027s Waffle","Master of Strategy","Well Laid Plans","Deadly Poison","GhostInAJar","Strange Spoon","Master of Strategy","Medical Kit","GamblersBrew","Bag of Preparation"],"campfire_rested":1,"item_purchase_floors":[2,2,4,25,25,25,25,25,25,38,38,47,47,54],"current_hp_per_floor":[59,59,59,59,48,26,60,60,60,57,55,66,47,41,53,41,60,51,48,33,33,33,48,48,73,73,73,60,73,73,48,66,40,65,63,63,63,63,51,51,66,66,66,73,73,73,73,73,73,73,60,70,73,73,37,41],"gold":58,"neow_bonus":"HUNDRED_GOLD","is_daily":false,"chose_seed":false,"campfire_upgraded":9,"win_rate":0.0,"timestamp":1610802548,"path_taken":["M","$","M","?","?","E","R","M","T","E","M","R","E","M","R","BOSS","M","M","M","?","?","R","E","$","T","R","E","R","?","M","R","BOSS","M","M","?","$","?","E","?","E","T","R","?","R","?","E","R","BOSS","BOSS","R","$","E","BOSS"],"items_purchased_type":["Relic","Card","Card","Relic","Relic","Card","Card","Card","Potion","Relic","Card","Relic","Potion","Relic"],"build_version":"2020-12-22","purchased_purges":3,"victory":true,"max_hp_per_floor":[66,66,66,66,66,66,66,66,66,66,66,66,66,66,66,66,66,66,66,66,66,66,66,66,73,73,73,73,73,73,73,73,73,73,73,73,73,73,73,73,73,73,73,73,73,73,73,73,73,73,73,73,73,73,73,73],"relic_stats":{"Regal Pillow":15,"Lee\u0027s Waffle":25,"Happy Flower":[24],"counters":[28,143],"Astrolabe":["PiercingWail","Dash","Malaise"],"Eternal Feather":79,"Snake Skull":[196],"Bag of Preparation":[4],"Whetstone":["Poisoned Stab","Neutralize"],"War Paint":["Defend_G","Burst"],"Medical Kit":[4],"Strange Spoon":[34],"Nunchaku":[3],"Ornamental Fan":[40],"obtain_stats":[{"Regal Pillow":6,"Lee\u0027s Waffle":25,"Happy Flower":25,"Astrolabe":17,"Eternal Feather":10,"Snake Skull":9,"Omamori":13,"Bag of Preparation":54,"Whetstone":55,"War Paint":24,"Bottled Tornado":48,"Medical Kit":47,"Strange Spoon":38,"Nunchaku":40,"Ornamental Fan":28,"Coffee Dripper":34,"Membership Card":2,"TungstenRod":26,"Toy Ornithopter":42,"Ring of the Snake":0},{"Regal Pillow":3,"Lee\u0027s Waffle":13,"Happy Flower":13,"Astrolabe":9,"Eternal Feather":5,"Snake Skull":4,"Omamori":7,"Bag of Preparation":26,"Whetstone":27,"War Paint":13,"Bottled Tornado":24,"Medical Kit":23,"Strange Spoon":20,"Nunchaku":22,"Ornamental Fan":14,"Coffee Dripper":17,"Membership Card":1,"TungstenRod":13,"Toy Ornithopter":23,"Ring of the Snake":0},{"Regal Pillow":14,"Lee\u0027s Waffle":70,"Happy Flower":70,"Astrolabe":45,"Eternal Feather":20,"Snake Skull":17,"Omamori":29,"Bag of Preparation":130,"Whetstone":135,"War Paint":70,"Bottled Tornado":120,"Medical Kit":117,"Strange Spoon":107,"Nunchaku":112,"Ornamental Fan":76,"Coffee Dripper":90,"Membership Card":4,"TungstenRod":70,"Toy Ornithopter":117,"Ring of the Snake":0}],"TungstenRod":92,"Toy Ornithopter":10,"Ring of the Snake":[56]},"card_choices":[{"not_picked":["Acrobatics","Poisoned Stab"],"picked":"Terror","floor":1.0},{"not_picked":["Bane","PiercingWail"],"picked":"Poisoned Stab","floor":3.0},{"not_picked":["Outmaneuver","Prepared"],"picked":"Malaise","floor":6.0},{"not_picked":["Outmaneuver","All Out Attack"],"picked":"Poisoned Stab","floor":8.0},{"not_picked":["Prepared","Dagger Throw"],"picked":"Dagger Spray","floor":10.0},{"not_picked":["Cloak And Dagger","Endless Agony"],"picked":"Blade Dance","floor":11.0},{"not_picked":["Calculated Gamble","Sucker Punch"],"picked":"Bullet Time","floor":13.0},{"not_picked":["Expertise","Dagger Throw","Flying Knee"],"picked":"SKIP","floor":14.0},{"not_picked":["Grand Finale","Corpse Explosion"],"picked":"Wraith Form v2","floor":16.0},{"not_picked":["Poisoned Stab","Riddle With Holes","Dagger Spray"],"picked":"SKIP","floor":18.0},{"not_picked":["Acrobatics","Deadly Poison"],"picked":"Catalyst+1","floor":19.0},{"not_picked":["Dodge and Roll","Prepared+1"],"picked":"Burst","floor":20.0},{"not_picked":["Dash","Slice"],"picked":"Outmaneuver+1","floor":24.0},{"not_picked":["Poisoned Stab+1","Sucker Punch"],"picked":"Calculated Gamble+1","floor":28.0},{"not_picked":["Deflect","Reflex","Sucker Punch"],"picked":"SKIP","floor":30.0},{"not_picked":["Riddle With Holes","Infinite Blades"],"picked":"Acrobatics+1","floor":31.0},{"not_picked":["Adrenaline","Unload"],"picked":"Envenom","floor":33.0},{"not_picked":["Dagger Spray","Concentrate+1"],"picked":"PiercingWail","floor":35.0},{"not_picked":["Expertise+1","Predator","Dash"],"picked":"SKIP","floor":36.0},{"not_picked":["Crippling Poison","Reflex"],"picked":"Noxious Fumes+1","floor":37.0},{"not_picked":["Poisoned Stab","Dagger Throw","Accuracy"],"picked":"SKIP","floor":39.0},{"not_picked":["Underhanded Strike","Terror"],"picked":"Acrobatics+1","floor":40.0},{"not_picked":["Distraction","Outmaneuver"],"picked":"Deadly Poison+1","floor":42.0},{"not_picked":["Calculated Gamble","Phantasmal Killer"],"picked":"Deadly Poison+1","floor":48.0},{"not_picked":["Outmaneuver","Terror","Setup"],"picked":"SKIP","floor":55.0}],"player_experience":2476524,"relics_obtained":[{"floor":6.0,"key":"Regal Pillow"},{"floor":9.0,"key":"Snake Skull"},{"floor":10.0,"key":"Eternal Feather"},{"floor":13.0,"key":"Omamori"},{"floor":24.0,"key":"War Paint"},{"floor":26.0,"key":"TungstenRod"},{"floor":28.0,"key":"Ornamental Fan"},{"floor":40.0,"key":"Nunchaku"},{"floor":42.0,"key":"Toy Ornithopter"},{"floor":48.0,"key":"Bottled Tornado"},{"floor":55.0,"key":"Whetstone"}],"event_choices":[{"damage_healed":0.0,"max_hp_gain":0.0,"max_hp_loss":0.0,"gold_gain":75.0,"event_name":"World of Goop","player_choice":"Gather Gold","floor":5.0,"gold_loss":0.0,"damage_taken":11.0},{"damage_healed":0.0,"max_hp_gain":0.0,"max_hp_loss":0.0,"gold_gain":0.0,"event_name":"The Library","player_choice":"Read","floor":21.0,"gold_loss":0.0,"damage_taken":0.0,"cards_obtained":["Catalyst"]},{"damage_healed":0.0,"max_hp_gain":0.0,"max_hp_loss":0.0,"gold_gain":275.0,"event_name":"Golden Shrine","player_choice":"Desecrate","floor":22.0,"gold_loss":0.0,"damage_taken":0.0,"cards_obtained":["Regret"]},{"damage_healed":15.0,"max_hp_gain":0.0,"max_hp_loss":0.0,"gold_gain":0.0,"event_name":"Winding Halls","player_choice":"Writhe","floor":41.0,"gold_loss":0.0,"damage_taken":0.0,"cards_obtained":["Writhe"]},{"cards_removed":["Poisoned Stab"],"damage_healed":0.0,"max_hp_gain":0.0,"max_hp_loss":0.0,"gold_gain":0.0,"event_name":"Falling","player_choice":"Removed Attack","floor":45.0,"gold_loss":0.0,"damage_taken":0.0}],"is_beta":false,"boss_relics":[{"not_picked":["SlaversCollar","Ectoplasm"],"picked":"Astrolabe"},{"not_picked":["Philosopher\u0027s Stone","WristBlade"],"picked":"Coffee Dripper"}],"items_purged_floors":[25,38,54],"is_endless":false,"potions_floor_spawned":[1,8,10,13,16,19,20,30,33,35,37,48,55],"ascension_level":20}}