{"host":"jwbw4f4imxd0v0b0","time":1610767036,"event":{"mods":["BaseMod","Colored Map","Highlight Path","Minty Spire (QoL Compilation)","Relic Stats","StSLib"],"gold_per_floor":[363,374,374,374,24,24,45,88,168,168,168,192,225,225,225,354,354,379,400,22,38,59,97,97,97,97,97,196,217,217,236,236,364,364,388,438,588,654,529,565,615,631,631,665,679,679,226,242,242,242],"floor_reached":51,"language":"ENG","playtime":9748,"items_purged":["Injury","Strike_G","Strike_G+1","Blade Dance"],"score":1436,"play_id":"b496bbc8-ab69-4d15-94c3-a7cd9c634d50","local_time":"20210115211716","is_ascension_mode":true,"campfire_choices":[{"data":"Dagger Spray","floor":6.0,"key":"SMITH"},{"data":"Noxious Fumes","floor":11.0,"key":"SMITH"},{"floor":15.0,"key":"REST"},{"data":"Night Terror","floor":25.0,"key":"SMITH"},{"data":"Footwork","floor":27.0,"key":"SMITH"},{"data":"Venomology","floor":32.0,"key":"SMITH"},{"data":"Acrobatics","floor":46,"key":"SMITH"},{"data":"PiercingWail","floor":49,"key":"SMITH"}],"circlet_count":0,"master_deck":["AscendersBane","Defend_G","Defend_G","Defend_G","Defend_G+1","Defend_G+1","Survivor+1","Neutralize","Dagger Spray+1","Footwork+1","Noxious Fumes+1","PiercingWail+1","Blade Dance","Venomology+1","Leg Sweep+1","Acrobatics+1","Night Terror+1","Footwork+1","Well Laid Plans+1","Dodge and Roll","Night Terror","Footwork+1","Deflect+1","Blur","PiercingWail+1"],"relics":["Ring of the Snake","Golden Idol","MealTicket","War Paint","Question Card","Coffee Dripper","Toy Ornithopter","Vajra","Bottled Tornado","SsserpentHead","Empty Cage","PreservedInsect","Letter Opener","Orichalcum","Membership Card","Turnip","Akabeko"],"acts_visited":["Exordium","TheCity","TheBeyond"],"potions_floor_usage":[40,40,40,40,40,48,48,50,50,50,50,50],"damage_taken":[{"damage":0.0,"enemies":"2 Louse","floor":1.0,"turns":5.0},{"damage":0.0,"enemies":"Cultist","floor":2.0,"turns":4.0},{"damage":2.0,"enemies":"Jaw Worm","floor":7.0,"turns":4.0},{"damage":11.0,"enemies":"3 Sentries","floor":8.0,"turns":8.0},{"damage":0.0,"enemies":"Exordium Wildlife","floor":12.0,"turns":4.0},{"damage":33.0,"enemies":"Gremlin Nob","floor":13.0,"turns":5.0},{"damage":14.0,"enemies":"The Guardian","floor":16.0,"turns":15.0},{"damage":6.0,"enemies":"Chosen","floor":18.0,"turns":6.0},{"damage":0.0,"enemies":"3 Byrds","floor":19.0,"turns":4.0},{"damage":30.0,"enemies":"Cultist and Chosen","floor":21.0,"turns":8.0},{"damage":5.0,"enemies":"Centurion and Healer","floor":22.0,"turns":13.0},{"damage":34.0,"enemies":"Slavers","floor":23.0,"turns":7.0},{"damage":2.0,"enemies":"Snake Plant","floor":29.0,"turns":8.0},{"damage":3.0,"enemies":"Cultist and Chosen","floor":31.0,"turns":7.0},{"damage":37.0,"enemies":"Collector","floor":33.0,"turns":13.0},{"damage":38.0,"enemies":"3 Shapes","floor":35.0,"turns":12.0},{"damage":58.0,"enemies":"3 Darklings","floor":38.0,"turns":10.0},{"damage":23,"enemies":"Reptomancer","floor":40,"turns":12},{"damage":0,"enemies":"Sphere and 2 Shapes","floor":42,"turns":7},{"damage":0,"enemies":"Nemesis","floor":44,"turns":15},{"damage":0,"enemies":"Maw","floor":45,"turns":12},{"damage":25,"enemies":"4 Shapes","floor":48,"turns":11},{"damage":55,"enemies":"Time Eater","floor":50,"turns":20}],"seed_played":"-2059804507898779926","potions_obtained":[{"floor":1.0,"key":"SpeedPotion"},{"floor":13.0,"key":"Block Potion"},{"floor":19.0,"key":"FearPotion"},{"floor":23.0,"key":"SkillPotion"}],"is_trial":false,"path_per_floor":["M","M","?","?","$","R","M","E","T","?","R","M","E","?","R","B",null,"M","M","$","M","M","E","?","R","T","R","?","M","?","M","R","B",null,"M","?","?","M","$","E","?","M","T","E","M","R","$","M","R","B",null],"character_chosen":"THE_SILENT","items_purchased":["Noxious Fumes","MealTicket","BlessingOfTheForge","Toy Ornithopter","Night Terror","Footwork","Membership Card","Turnip","Akabeko"],"campfire_rested":1,"item_purchase_floors":[5,5,5,20,20,20,47,47,47],"current_hp_per_floor":[63,63,50,50,50,50,48,37,37,37,37,37,4,4,22,8,49,43,43,58,33,53,29,29,29,29,29,29,47,47,63,63,46,59,61,61,61,58,63,60,60,60,60,60,60,60,63,63,63,28],"gold":242,"neow_bonus":"TWO_FIFTY_GOLD","is_daily":false,"chose_seed":false,"campfire_upgraded":7,"win_rate":0.0,"timestamp":1610767036,"path_taken":["M","M","?","?","$","R","M","E","T","?","R","?","E","?","R","BOSS","M","M","$","M","M","E","?","R","T","R","?","M","?","M","R","BOSS","M","?","?","?","$","E","?","M","T","E","M","R","$","M","R","BOSS"],"items_purchased_type":["Card","Relic","Potion","Relic","Card","Card","Relic","Relic","Relic"],"build_version":"2020-12-22","purchased_purges":4,"victory":true,"max_hp_per_floor":[63,63,63,63,63,63,63,63,63,63,63,63,63,63,63,63,63,63,63,63,63,63,63,63,63,63,63,63,63,63,63,63,63,63,63,63,63,63,63,63,63,63,63,63,63,63,63,63,63,63],"relic_stats":{"counters":[23,210],"Golden Idol":164,"PreservedInsect":50,"Letter Opener":[81],"War Paint":["Defend_G","Survivor"],"Orichalcum":[48],"Question Card":18,"SsserpentHead":200,"MealTicket":23,"Turnip":[0],"obtain_stats":[{"Golden Idol":4,"Vajra":23,"PreservedInsect":40,"Letter Opener":43,"War Paint":8,"Bottled Tornado":26,"Orichalcum":44,"Question Card":9,"Empty Cage":34,"Akabeko":47,"SsserpentHead":30,"MealTicket":5,"Turnip":47,"Coffee Dripper":17,"Membership Card":47,"Toy Ornithopter":20,"Ring of the Snake":0},{"Golden Idol":2,"Vajra":12,"PreservedInsect":18,"Letter Opener":19,"War Paint":4,"Bottled Tornado":12,"Orichalcum":20,"Question Card":4,"Empty Cage":15,"Akabeko":21,"SsserpentHead":13,"MealTicket":2,"Turnip":21,"Coffee Dripper":7,"Membership Card":21,"Toy Ornithopter":9,"Ring of the Snake":0},{"Golden Idol":9,"Vajra":83,"PreservedInsect":145,"Letter Opener":152,"War Paint":21,"Bottled Tornado":83,"Orichalcum":167,"Question Card":21,"Empty Cage":111,"Akabeko":179,"SsserpentHead":91,"MealTicket":9,"Turnip":179,"Coffee Dripper":45,"Membership Card":179,"Toy Ornithopter":55,"Ring of the Snake":0}],"Toy Ornithopter":214,"Ring of the Snake":[46]},"card_choices":[{"not_picked":["Calculated Gamble","Outmaneuver"],"picked":"Dagger Spray","floor":1.0},{"not_picked":["Underhanded Strike","Crippling Poison"],"picked":"Footwork","floor":2.0},{"not_picked":["Dagger Spray","Flying Knee"],"picked":"PiercingWail","floor":7.0},{"not_picked":["Infinite Blades","Tactician"],"picked":"Blade Dance","floor":8.0},{"not_picked":["Quick Slash","Dash","Distraction","Choke"],"picked":"SKIP","floor":12.0},{"not_picked":["Masterful Stab","Slice","Poisoned Stab"],"picked":"Blade Dance","floor":13.0},{"not_picked":["Grand Finale","Adrenaline","Doppelganger"],"picked":"Venomology","floor":16.0},{"not_picked":["Setup","Predator","All Out Attack"],"picked":"Leg Sweep+1","floor":18.0},{"not_picked":["Outmaneuver+1","Slice","Bouncing Flask"],"picked":"Acrobatics","floor":19.0},{"not_picked":["Predator","Skewer","Infinite Blades","Poisoned Stab"],"picked":"SKIP","floor":21.0},{"not_picked":["Crippling Poison","Riddle With Holes","Blade Dance","Heel Hook"],"picked":"SKIP","floor":22.0},{"not_picked":["Underhanded Strike","Blade Dance","Bane"],"picked":"Well Laid Plans+1","floor":23.0},{"not_picked":["Outmaneuver+1","Poisoned Stab+1","Doppelganger","Quick Slash"],"picked":"SKIP","floor":29.0},{"not_picked":["Dagger Throw+1","Backflip","Sucker Punch"],"picked":"Dodge and Roll","floor":31.0},{"not_picked":["Storm of Steel","Doppelganger","Venomology"],"picked":"Night Terror","floor":33.0},{"not_picked":["Poisoned Stab","Bane+1","Bouncing Flask"],"picked":"Footwork+1","floor":35.0},{"not_picked":["Underhanded Strike","Cloak And Dagger+1","Dagger Spray"],"picked":"Deflect+1","floor":38.0},{"not_picked":["Deflect","Bane+1","Glass Knife","Sucker Punch+1"],"picked":"SKIP","floor":40},{"not_picked":["Slice","Reflex","Blade Dance","Poisoned Stab+1"],"picked":"SKIP","floor":42},{"not_picked":["Distraction+1","Quick Slash+1","Backstab"],"picked":"Blur","floor":44},{"not_picked":["Well Laid Plans+1","Dodge and Roll+1","Prepared+1"],"picked":"PiercingWail+1","floor":45},{"not_picked":["Slice","Backstab","Well Laid Plans","Deflect"],"picked":"SKIP","floor":48}],"player_experience":1059790,"relics_obtained":[{"floor":8.0,"key":"War Paint"},{"floor":9.0,"key":"Question Card"},{"floor":23.0,"key":"Vajra"},{"floor":26.0,"key":"Bottled Tornado"},{"floor":40,"key":"PreservedInsect"},{"floor":43,"key":"Letter Opener"},{"floor":44,"key":"Orichalcum"}],"event_choices":[{"damage_healed":0.0,"max_hp_gain":0.0,"max_hp_loss":0.0,"gold_gain":0.0,"event_name":"Shining Light","player_choice":"Entered Light","floor":3.0,"gold_loss":0.0,"damage_taken":13.0,"cards_upgraded":["Defend_G","Strike_G"]},{"damage_healed":0.0,"max_hp_gain":0.0,"max_hp_loss":0.0,"gold_gain":0.0,"event_name":"Golden Idol","player_choice":"Take Wound","floor":4.0,"gold_loss":0.0,"damage_taken":0.0,"relics_obtained":["Golden Idol"],"cards_obtained":["Injury"]},{"cards_removed":["Strike_G"],"damage_healed":0.0,"max_hp_gain":0.0,"max_hp_loss":0.0,"gold_gain":0.0,"event_name":"Bonfire Elementals","player_choice":"Offered Basic","floor":10.0,"gold_loss":0.0,"damage_taken":0.0},{"damage_healed":0.0,"max_hp_gain":0.0,"max_hp_loss":0.0,"gold_gain":0.0,"event_name":"Living Wall","player_choice":"Grow","floor":14.0,"gold_loss":0.0,"damage_taken":0.0,"cards_upgraded":["Footwork"]},{"damage_healed":0.0,"max_hp_gain":0.0,"max_hp_loss":0.0,"gold_gain":0.0,"event_name":"Vampires","player_choice":"Ignored","floor":24.0,"gold_loss":0.0,"damage_taken":0.0},{"damage_healed":0.0,"max_hp_gain":0.0,"max_hp_loss":0.0,"gold_gain":99.0,"event_name":"Nest","player_choice":"Stole From Cult","floor":28.0,"gold_loss":0.0,"damage_taken":0.0},{"damage_healed":0.0,"max_hp_gain":0.0,"max_hp_loss":0.0,"gold_gain":0.0,"event_name":"FaceTrader","player_choice":"Trade","floor":30.0,"gold_loss":0.0,"damage_taken":0.0,"relics_obtained":["SsserpentHead"]},{"damage_healed":0.0,"max_hp_gain":0.0,"max_hp_loss":0.0,"gold_gain":0.0,"event_name":"Mysterious Sphere","player_choice":"Ignored","floor":36.0,"gold_loss":0.0,"damage_taken":0.0},{"damage_healed":0.0,"max_hp_gain":0.0,"max_hp_loss":0.0,"gold_gain":100.0,"event_name":"Golden Shrine","player_choice":"Pray","floor":37.0,"gold_loss":0.0,"damage_taken":0.0},{"damage_healed":0,"gold_gain":0,"player_choice":"Ignored","damage_taken":0,"max_hp_gain":0,"max_hp_loss":0,"event_name":"Tomb of Lord Red Mask","floor":41,"gold_loss":0}],"is_beta":false,"boss_relics":[{"not_picked":["Astrolabe","Runic Pyramid"],"picked":"Coffee Dripper"},{"not_picked":["Runic Dome","WristBlade"],"picked":"Empty Cage"}],"items_purged_floors":[5,20,39,47],"is_endless":false,"potions_floor_spawned":[1,13,19,23,31,42,44,48],"ascension_level":11}}