{"host":"2brg86hfzr3u5cix","time":1610783468,"event":{"mods":["AchievementEnabler","Ascension Unlocker","BaseMod","CapriCore","DeckTracker","Highlight Path","Keyboard Shortcuts","Minty Spire (QoL Compilation)","Permanent Neow","Relic Stats","StSLib","Twitch Utils","Uncapped","UnlockEverythingMod"],"gold_per_floor":[116,41,41,56,131,160,160,160,183,183,217,228,228,228,228,228,228],"floor_reached":16,"language":"KOR","playtime":394,"items_purged":["Defend_P"],"score":262,"play_id":"5b22550f-e9f3-47fe-920c-9b1806b5dc0f","local_time":"20210116165108","is_ascension_mode":true,"campfire_choices":[{"data":"Eruption","floor":7.0,"key":"SMITH"},{"data":"TalkToTheHand","floor":13.0,"key":"SMITH"},{"floor":15.0,"key":"RECALL"}],"circlet_count":0,"master_deck":["AscendersBane","Strike_P","Strike_P","Strike_P","Defend_P","Defend_P","Eruption+1","Vigilance","TalkToTheHand+1","Worship","WreathOfFlame","DeusExMachina","EmptyFist"],"relics":["PureWater","NeowsBlessing","Thread and Needle","Bag of Marbles","Pen Nib","Regal Pillow"],"acts_visited":["Exordium"],"potions_floor_usage":[16,16],"damage_taken":[{"damage":0.0,"enemies":"2 Louse","floor":1.0,"turns":1.0},{"damage":0.0,"enemies":"Jaw Worm","floor":4.0,"turns":1.0},{"damage":0.0,"enemies":"3 Sentries","floor":6.0,"turns":2.0},{"damage":6.0,"enemies":"Gremlin Nob","floor":11.0,"turns":3.0},{"damage":0.0,"enemies":"Cultist","floor":12.0,"turns":2.0},{"damage":62,"enemies":"Hexaghost","floor":16,"turns":9}],"seed_played":"8197188683005384913","potions_obtained":[{"floor":11.0,"key":"Block Potion"},{"floor":12.0,"key":"Swift Potion"}],"is_trial":false,"path_per_floor":["M","$","?","M","?","E","R","?","T","?","E","M","R","T","R","B"],"character_chosen":"WATCHER","items_purchased":[],"campfire_rested":0,"item_purchase_floors":[],"current_hp_per_floor":[61,61,61,61,50,50,50,43,43,65,59,59,59,59,59,0,0],"gold":228,"neow_bonus":"THREE_ENEMY_KILL","is_daily":false,"chose_seed":false,"campfire_upgraded":2,"win_rate":0.0,"timestamp":1610783468,"path_taken":["M","$","?","M","?","E","R","?","T","?","E","M","R","?","R","BOSS"],"items_purchased_type":[],"build_version":"2020-12-22","purchased_purges":1,"victory":false,"max_hp_per_floor":[68,68,68,68,68,68,68,68,68,68,68,68,68,68,68,68,68],"relic_stats":{"Regal Pillow":0,"counters":[6,18],"Pen Nib":[2],"obtain_stats":[{"Regal Pillow":14,"NeowsBlessing":0,"Thread and Needle":6,"Pen Nib":11,"Bag of Marbles":9,"PureWater":0},{"Regal Pillow":5,"NeowsBlessing":0,"Thread and Needle":3,"Pen Nib":4,"Bag of Marbles":3,"PureWater":0},{"Regal Pillow":9,"NeowsBlessing":0,"Thread and Needle":4,"Pen Nib":7,"Bag of Marbles":4,"PureWater":0}]},"card_choices":[{"not_picked":["FollowUp","Halt"],"picked":"TalkToTheHand","floor":1.0},{"not_picked":["Halt","Consecrate"],"picked":"Worship","floor":4.0},{"not_picked":["JustLucky","PathToVictory"],"picked":"WreathOfFlame","floor":6.0},{"not_picked":["LessonLearned","EmptyFist"],"picked":"DeusExMachina","floor":11.0},{"not_picked":["Wireheading","ClearTheMind"],"picked":"EmptyFist","floor":12.0}],"player_experience":320199,"relics_obtained":[{"floor":6.0,"key":"Thread and Needle"},{"floor":9.0,"key":"Bag of Marbles"},{"floor":11.0,"key":"Pen Nib"},{"floor":14.0,"key":"Regal Pillow"}],"event_choices":[{"cards_removed":["Strike_P"],"damage_healed":0.0,"max_hp_gain":0.0,"max_hp_loss":0.0,"gold_gain":0.0,"event_name":"Living Wall","player_choice":"Forget","floor":3.0,"gold_loss":0.0,"damage_taken":0.0},{"damage_healed":0.0,"max_hp_gain":0.0,"max_hp_loss":0.0,"gold_gain":75.0,"event_name":"World of Goop","player_choice":"Gather Gold","floor":5.0,"gold_loss":0.0,"damage_taken":11.0},{"cards_removed":["Defend_P"],"damage_healed":0.0,"max_hp_gain":0.0,"max_hp_loss":0.0,"gold_gain":0.0,"event_name":"Golden Wing","player_choice":"Card Removal","floor":8.0,"gold_loss":0.0,"damage_taken":7.0},{"damage_healed":22.0,"max_hp_gain":0.0,"max_hp_loss":0.0,"gold_gain":0.0,"event_name":"Big Fish","player_choice":"Banana","floor":10.0,"gold_loss":0.0,"damage_taken":0.0}],"is_beta":false,"boss_relics":[],"items_purged_floors":[2],"is_endless":false,"potions_floor_spawned":[11,12],"killed_by":"Hexaghost","ascension_level":20}}