{"host":"ewfe3cr33ktd9xzj","time":1610777728,"event":{"mods":["AchievementEnabler","BaseMod","Colored Map","Custom Start","DeckTracker","Minty Spire (QoL Compilation)","Permanent Neow","Quick Restart","Rare Cards Sparkle","StSLib","everything is the same but u backflip on backflip"],"gold_per_floor":[360,159,172,97,107,132,151,151,199,212,212,35,64,64,64,158,158,174,3,17,17,36,36,36],"floor_reached":23,"language":"KOR","playtime":736,"items_purged":["Defend_P","Strike_P"],"score":552,"play_id":"0fdbaf78-c5a7-42f1-bf88-3a212ce74eb7","local_time":"20210116151528","is_ascension_mode":true,"campfire_choices":[{"data":"Adaptation","floor":8.0,"key":"SMITH"},{"data":"Eruption","floor":11.0,"key":"SMITH"},{"data":"WheelKick","floor":15.0,"key":"SMITH"}],"circlet_count":0,"master_deck":["AscendersBane","Strike_P","Strike_P","Defend_P","Defend_P","Defend_P","Eruption+1","Vigilance","Halt","WheelKick+1","Adaptation+1","FlurryOfBlows","Adaptation","TalkToTheHand","Wish"],"relics":["PureWater","InkBottle","Pen Nib","Art of War","Golden Idol","Busted Crown","Juzu Bracelet"],"acts_visited":["TheCity"],"potions_floor_usage":[23],"damage_taken":[{"damage":0.0,"enemies":"2 Louse","floor":1.0,"turns":4.0},{"damage":3.0,"enemies":"Small Slimes","floor":3.0,"turns":3.0},{"damage":2.0,"enemies":"Jaw Worm","floor":5.0,"turns":3.0},{"damage":27.0,"enemies":"Lagavulin","floor":6.0,"turns":6.0},{"damage":4.0,"enemies":"Gremlin Gang","floor":7.0,"turns":4.0},{"damage":2.0,"enemies":"Blue Slaver","floor":10.0,"turns":4.0},{"damage":0.0,"enemies":"Gremlin Nob","floor":13.0,"turns":1.0},{"damage":0.0,"enemies":"Slime Boss","floor":16.0,"turns":5.0},{"damage":0.0,"enemies":"Spheric Guardian","floor":18.0,"turns":1.0},{"damage":18.0,"enemies":"Chosen","floor":20.0,"turns":4.0},{"damage":13.0,"enemies":"Centurion and Healer","floor":22.0,"turns":3.0},{"damage":4,"enemies":"Slavers","floor":23,"turns":2}],"seed_played":"-3045507760522106491","potions_obtained":[{"floor":1.0,"key":"PowerPotion"},{"floor":6.0,"key":"GamblersBrew"},{"floor":7.0,"key":"DistilledChaos"},{"floor":10.0,"key":"LiquidMemories"},{"floor":22.0,"key":"DuplicationPotion"}],"is_trial":false,"path_per_floor":["M","$","M","?","M","E","M","R","T","M","R","$","E","?","R","B",null,"M","$","M","$","M","E"],"character_chosen":"WATCHER","items_purchased":["WheelKick","Adaptation","TalkToTheHand","Juzu Bracelet"],"campfire_rested":0,"item_purchase_floors":[2,2,12,19],"current_hp_per_floor":[61,61,58,58,56,29,25,25,25,23,23,23,23,23,23,23,48,48,48,30,30,17,13,13],"gold":36,"neow_bonus":"TWO_FIFTY_GOLD","is_daily":false,"chose_seed":false,"campfire_upgraded":3,"win_rate":0.0,"timestamp":1610777728,"path_taken":["M","$","M","?","M","E","M","R","T","M","R","$","E","?","R","BOSS","M","$","M","$","M","E"],"items_purchased_type":["Card","Card","Card","Relic"],"build_version":"2020-12-22","purchased_purges":2,"victory":false,"max_hp_per_floor":[62,62,62,62,62,62,62,62,62,62,62,62,62,56,56,56,56,56,56,56,56,56,56,56],"card_choices":[{"not_picked":["EmptyMind","Wireheading"],"picked":"Halt","floor":1.0},{"not_picked":["FlyingSleeves","Halt"],"picked":"FlurryOfBlows","floor":3.0},{"not_picked":["Tantrum","Protect"],"picked":"Adaptation","floor":5.0},{"not_picked":["DeceiveReality","Swivel","FlyingSleeves"],"picked":"SKIP","floor":6.0},{"not_picked":["Prostrate","ClearTheMind","Consecrate"],"picked":"SKIP","floor":7.0},{"not_picked":["Collect","Pray","Establishment"],"picked":"SKIP","floor":10.0},{"not_picked":["ClearTheMind","Adaptation","Conclude"],"picked":"SKIP","floor":13.0},{"not_picked":["Brilliance","Blasphemy"],"picked":"Wish","floor":16.0},{"not_picked":["EmptyBody"],"picked":"SKIP","floor":18.0},{"not_picked":["CarveReality"],"picked":"SKIP","floor":20.0},{"not_picked":["Prostrate"],"picked":"SKIP","floor":22.0}],"player_experience":43314,"relics_obtained":[{"floor":6.0,"key":"InkBottle"},{"floor":9.0,"key":"Pen Nib"},{"floor":13.0,"key":"Art of War"}],"event_choices":[{"cards_removed":["Strike_P"],"damage_healed":0.0,"max_hp_gain":0.0,"max_hp_loss":0.0,"gold_gain":0.0,"event_name":"The Cleric","player_choice":"Card Removal","floor":4.0,"gold_loss":75.0,"damage_taken":0.0},{"damage_healed":0.0,"max_hp_gain":0.0,"max_hp_loss":6.0,"gold_gain":0.0,"event_name":"Golden Idol","player_choice":"Lose Max HP","floor":14.0,"gold_loss":0.0,"damage_taken":0.0,"relics_obtained":["Golden Idol"]}],"is_beta":false,"boss_relics":[{"not_picked":["Empty Cage","Ectoplasm"],"picked":"Busted Crown"}],"items_purged_floors":[2,12],"is_endless":false,"potions_floor_spawned":[1,6,7,10,22],"killed_by":"Slavers","ascension_level":20}}