{"host":"l60rmjjsfi0fipmi","time":1610762188,"event":{"mods":["BaseMod","Colored Map","DeckTracker","Highlight Path","Minty Spire (QoL Compilation)","StSLib","The Cursed"],"gold_per_floor":[119,139,139,139,149,182,182,197,246,257,277,296,328,348,348,447,497,517,442,460,281,281,315,315,329,329,360,370,470,470,487,487,590,590,605,58,78,87,112,142,142,166,193,193,193,213,213,244,244,244],"floor_reached":51,"language":"ENG","playtime":2425,"items_purged":["Strike_R","Strike_R"],"score":854,"play_id":"a627a6b8-97c9-4324-8373-400ccde7c371","local_time":"20210115205628","is_ascension_mode":true,"campfire_choices":[{"data":"Cleave","floor":7,"key":"SMITH"},{"data":"Pommel Strike","floor":15,"key":"SMITH"},{"data":"Anger","floor":24,"key":"SMITH"},{"data":"Offering","floor":30,"key":"SMITH"},{"data":"Spot Weakness","floor":32,"key":"SMITH"},{"data":"Rage","floor":41,"key":"SMITH"},{"data":"Dark Shackles","floor":44,"key":"SMITH"},{"data":"Seeing Red","floor":49,"key":"SMITH"}],"circlet_count":0,"master_deck":["Strike_R","Defend_R","Defend_R","Defend_R","Bash","Cleave+1","Flame Barrier","Power Through","Anger+1","Pommel Strike+1","Pommel Strike","Headbutt+1","Rampage","Rage+1","Offering+1","Reckless Charge","Pommel Strike+1","Anger+1","Pommel Strike+1","Spot Weakness+1","CurseOfTheBell","Dark Shackles+1","Pommel Strike+1","Seeing Red+1","Parasite","Flex+1"],"relics":["Burning Blood","Bag of Marbles","The Courier","Ancient Tea Set","Nunchaku","PreservedInsect","Tiny House","Anchor","Paper Frog","Bottled Flame","Happy Flower","Calipers","Darkstone Periapt","Calling Bell","CeramicFish","Shuriken","Bird Faced Urn","Vajra","Bronze Scales","Lizard Tail","Red Skull","Blood Vial"],"acts_visited":["Exordium","TheCity","TheBeyond"],"potions_floor_usage":[16,16,28,33,33,50,50],"damage_taken":[{"damage":13,"enemies":"Jaw Worm","floor":1,"turns":4},{"damage":2,"enemies":"2 Louse","floor":2,"turns":2},{"damage":0,"enemies":"Cultist","floor":5,"turns":3},{"damage":33,"enemies":"Gremlin Nob","floor":6,"turns":5},{"damage":0,"enemies":"3 Louse","floor":8,"turns":1},{"damage":0,"enemies":"Gremlin Gang","floor":10,"turns":3},{"damage":0,"enemies":"2 Fungi Beasts","floor":11,"turns":2},{"damage":0,"enemies":"Blue Slaver","floor":12,"turns":1},{"damage":17,"enemies":"3 Sentries","floor":13,"turns":5},{"damage":8,"enemies":"Red Slaver","floor":14,"turns":4},{"damage":45,"enemies":"Hexaghost","floor":16,"turns":9},{"damage":13,"enemies":"Chosen","floor":18,"turns":3},{"damage":6,"enemies":"3 Byrds","floor":20,"turns":3},{"damage":6,"enemies":"Gremlin Leader","floor":23,"turns":5},{"damage":6,"enemies":"Snake Plant","floor":25,"turns":2},{"damage":15,"enemies":"Book of Stabbing","floor":27,"turns":4},{"damage":14,"enemies":"Snecko","floor":28,"turns":5},{"damage":4,"enemies":"Colosseum Slavers","floor":29,"turns":2},{"damage":0,"enemies":"Colosseum Nobs","floor":29,"turns":2},{"damage":6,"enemies":"Shelled Parasite and Fungi","floor":31,"turns":2},{"damage":58,"enemies":"Champ","floor":33,"turns":8},{"damage":6,"enemies":"3 Darklings","floor":35,"turns":3},{"damage":17,"enemies":"3 Shapes","floor":37,"turns":2},{"damage":0,"enemies":"Sphere and 2 Shapes","floor":39,"turns":3},{"damage":17,"enemies":"Giant Head","floor":40,"turns":5},{"damage":6,"enemies":"4 Shapes","floor":42,"turns":1},{"damage":7,"enemies":"3 Darklings","floor":46,"turns":3},{"damage":6,"enemies":"Writhing Mass","floor":48,"turns":2},{"damage":34,"enemies":"Donu and Deca","floor":50,"turns":5}],"seed_played":"-5640542772372601716","potions_obtained":[{"floor":1,"key":"GamblersBrew"},{"floor":2,"key":"SkillPotion"},{"floor":5,"key":"AttackPotion"},{"floor":6,"key":"Fire Potion"},{"floor":12,"key":"Swift Potion"},{"floor":17,"key":"Strength Potion"},{"floor":18,"key":"EssenceOfSteel"},{"floor":29,"key":"Fire Potion"},{"floor":35,"key":"Regen Potion"},{"floor":37,"key":"Energy Potion"}],"is_trial":false,"path_per_floor":["M","M","?","?","M","E","R","M","T","M","M","M","E","M","R","B",null,"M","?","M","$","?","E","R","M","T","E","M","?","R","M","R","B",null,"M","$","M","?","M","E","R","M","T","R","?","M","?","M","R","B",null],"character_chosen":"IRONCLAD","items_purchased":["Anchor","Vajra","Bronze Scales","Lizard Tail"],"campfire_rested":0,"item_purchase_floors":[21,36,36,36],"current_hp_per_floor":[73,77,70,70,76,49,49,55,55,61,67,73,62,60,60,21,85,78,78,78,78,78,78,78,78,78,69,61,69,69,69,69,17,91,91,91,80,80,86,75,75,75,75,75,75,76,76,84,84,58],"gold":244,"neow_bonus":"RANDOM_COMMON_RELIC","is_daily":false,"chose_seed":false,"campfire_upgraded":8,"win_rate":0.0,"timestamp":1610762188,"path_taken":["M","M","?","?","M","E","R","M","T","M","M","M","E","M","R","BOSS","M","?","M","$","?","E","R","M","T","E","?","?","R","M","R","BOSS","M","$","M","?","M","E","R","M","T","R","?","M","?","M","R","BOSS"],"items_purchased_type":["Relic","Relic","Relic","Relic"],"build_version":"2020-12-22","purchased_purges":2,"victory":true,"max_hp_per_floor":[80,80,80,80,80,80,80,80,80,80,80,80,80,80,80,80,85,85,85,85,85,85,85,85,85,85,85,85,85,85,85,85,85,91,91,91,91,91,91,91,91,91,91,91,86,86,86,92,92,92],"card_choices":[{"not_picked":["Searing Blow","Blood for Blood"],"picked":"Cleave","floor":1},{"not_picked":["Havoc","Clothesline"],"picked":"Flame Barrier","floor":2},{"not_picked":["Cleave","Infernal Blade"],"picked":"Anger","floor":5},{"not_picked":["Carnage","Wild Strike"],"picked":"Pommel Strike","floor":6},{"not_picked":["Perfected Strike","Body Slam"],"picked":"Pommel Strike","floor":8},{"not_picked":["Sword Boomerang","Ghostly Armor"],"picked":"Headbutt","floor":10},{"not_picked":["Wild Strike","Whirlwind","Limit Break"],"picked":"SKIP","floor":11},{"not_picked":["Whirlwind","Twin Strike"],"picked":"Rampage","floor":12},{"not_picked":["Twin Strike","Headbutt","Perfected Strike"],"picked":"SKIP","floor":13},{"not_picked":["Whirlwind","Twin Strike"],"picked":"Rage","floor":14},{"not_picked":["Juggernaut","Immolate"],"picked":"Offering","floor":16},{"not_picked":["Carnage","Dark Embrace"],"picked":"Reckless Charge","floor":17},{"not_picked":["Heavy Blade+1","Clothesline","Sword Boomerang+1"],"picked":"SKIP","floor":18},{"not_picked":["Feel No Pain","True Grit+1","Corruption"],"picked":"SKIP","floor":20},{"not_picked":["Warcry","Searing Blow"],"picked":"Pommel Strike+1","floor":23},{"not_picked":["Body Slam","Clothesline"],"picked":"Anger+1","floor":25},{"not_picked":["Heavy Blade","Searing Blow","Wild Strike+1"],"picked":"SKIP","floor":27},{"not_picked":["Power Through","Pummel","Burning Pact+1"],"picked":"SKIP","floor":28},{"not_picked":["Uppercut","Headbutt"],"picked":"Pommel Strike+1","floor":29},{"not_picked":["Wild Strike","Shockwave"],"picked":"Spot Weakness","floor":31},{"not_picked":["Warcry+1","Sever Soul+1","Wild Strike"],"picked":"SKIP","floor":35},{"not_picked":["Dark Embrace","Cleave+1","Feed"],"picked":"SKIP","floor":37},{"not_picked":["Secret Technique","Madness"],"picked":"Dark Shackles","floor":38},{"not_picked":["Reckless Charge","Pummel+1"],"picked":"Armaments+1","floor":39},{"not_picked":["Shrug It Off","Armaments+1","True Grit"],"picked":"SKIP","floor":40},{"not_picked":["Armaments+1","Twin Strike+1"],"picked":"Pommel Strike+1","floor":42},{"not_picked":["Havoc+1","Spot Weakness+1"],"picked":"Seeing Red","floor":46},{"not_picked":["Power Through+1","Seeing Red"],"picked":"Flex+1","floor":48}],"player_experience":417480,"relics_obtained":[{"floor":6,"key":"Ancient Tea Set"},{"floor":9,"key":"Nunchaku"},{"floor":13,"key":"PreservedInsect"},{"floor":23,"key":"Paper Frog"},{"floor":26,"key":"Bottled Flame"},{"floor":27,"key":"Happy Flower"},{"floor":29,"key":"Calipers"},{"floor":29,"key":"Darkstone Periapt"},{"floor":34,"key":"CeramicFish"},{"floor":34,"key":"Shuriken"},{"floor":34,"key":"Bird Faced Urn"},{"floor":40,"key":"Red Skull"},{"floor":43,"key":"Blood Vial"}],"event_choices":[{"damage_healed":0,"gold_gain":0,"player_choice":"Success","damage_taken":7,"relics_obtained":["The Courier"],"max_hp_gain":0,"max_hp_loss":0,"event_name":"Scrap Ooze","floor":3,"gold_loss":0},{"damage_healed":0,"gold_gain":0,"cards_transformed":["Strike_R"],"player_choice":"Transformed","damage_taken":0,"max_hp_gain":0,"max_hp_loss":0,"event_name":"Transmorgrifier","floor":4,"gold_loss":0,"cards_obtained":["Power Through"]},{"cards_removed":["Strike_R"],"damage_healed":0,"gold_gain":0,"player_choice":"Gave Gold","damage_taken":0,"max_hp_gain":0,"max_hp_loss":0,"event_name":"Beggar","floor":19,"gold_loss":75},{"cards_removed":["Defend_R"],"damage_healed":0,"gold_gain":0,"player_choice":"Offered Basic","damage_taken":0,"max_hp_gain":0,"max_hp_loss":0,"event_name":"Bonfire Elementals","floor":22,"gold_loss":0},{"damage_healed":0,"gold_gain":0,"player_choice":"Fight","damage_taken":0,"max_hp_gain":0,"max_hp_loss":0,"event_name":"Colosseum","floor":29,"gold_loss":0},{"damage_healed":0,"gold_gain":0,"player_choice":"Fought Nobs","damage_taken":0,"max_hp_gain":0,"max_hp_loss":0,"event_name":"Colosseum","floor":29,"gold_loss":0},{"damage_healed":0,"gold_gain":0,"player_choice":"Memory 1","damage_taken":0,"max_hp_gain":0,"max_hp_loss":0,"event_name":"SensoryStone","floor":38,"gold_loss":0},{"damage_healed":0,"gold_gain":0,"player_choice":"Max HP","damage_taken":0,"max_hp_gain":0,"max_hp_loss":5,"event_name":"Winding Halls","floor":45,"gold_loss":0},{"cards_removed":["Armaments"],"damage_healed":0,"gold_gain":0,"player_choice":"Removed Skill","damage_taken":0,"max_hp_gain":0,"max_hp_loss":0,"event_name":"Falling","floor":47,"gold_loss":0}],"is_beta":false,"boss_relics":[{"not_picked":["Philosopher\u0027s Stone","Fusion Hammer"],"picked":"Tiny House"},{"not_picked":["Black Star","Velvet Choker"],"picked":"Calling Bell"}],"items_purged_floors":[21,36],"is_endless":false,"potions_floor_spawned":[1,2,5,6,12,18,23,27,29,31,35,37,40,46,48],"ascension_level":2}}