{"host":"7sni158j623xchr2","time":1610782949,"event":{"mods":["BaseMod","Colored Map","Highlight Path","Minty Spire (QoL Compilation)","Permanent Neow","Potion Indicator Mod","Rare Cards Sparkle","Relic Sorter","Relic Stats","StSLib","everything is the same but u backflip on backflip"],"gold_per_floor":[112,112,37,49,69,69,69,102,149,161,161,190,201,235,235,334,334,350,350,361,376,132,165,165,196,196,224,224,240,240,265,265,363,363,375,1374,1374,1374,617,617,647,662,662,31,51,69,69,98,98,98,98,98,26,61,61],"floor_reached":56,"language":"ENG","playtime":1603,"items_purged":["Pain","Strike_R","Normality","Normality"],"score":1526,"play_id":"e031c746-ec21-4467-82f3-bafae8c862c5","local_time":"20210116014229","is_ascension_mode":true,"campfire_choices":[{"data":"Clothesline","floor":6.0,"key":"SMITH"},{"data":"Shrug It Off","floor":11.0,"key":"SMITH"},{"data":"Whirlwind","floor":15.0,"key":"SMITH"},{"floor":24,"key":"REST"},{"floor":28,"key":"REST"},{"data":"Spot Weakness","floor":30,"key":"SMITH"},{"floor":32,"key":"REST"},{"data":"Demon Form","floor":40,"key":"SMITH"},{"floor":47,"key":"RECALL"},{"data":"Berserk","floor":49,"key":"SMITH"},{"data":"Evolve","floor":52,"key":"SMITH"}],"circlet_count":0,"master_deck":["Strike_R","Strike_R","Strike_R","Strike_R+1","Defend_R","Defend_R","Defend_R","Defend_R","Bash+1","Pommel Strike+1","Clothesline+1","Shrug It Off+1","Shrug It Off+1","Spot Weakness+1","Whirlwind+1","Reaper+1","True Grit+1","Evolve+1","Second Wind+1","Exhume+1","Disarm+1","True Grit+1","Burning Pact+1","Berserk+1","Demon Form+1","Shockwave+1","Dark Shackles+1","Dark Shackles+1","Battle Trance+1","Master of Strategy+1","Disarm+1","Flame Barrier+1","Headbutt+1"],"relics":["Burning Blood","WarpedTongs","Anchor","Dream Catcher","Calipers","Toxic Egg 2","Velvet Choker","Bag of Preparation","Darkstone Periapt","Whetstone","Molten Egg 2","Oddly Smooth Stone","Centennial Puzzle","Coffee Dripper","Bag of Marbles","Ancient Tea Set","Strange Spoon","Art of War","Mummified Hand","Potion Belt","Toy Ornithopter"],"acts_visited":["Exordium","TheCity","TheBeyond","TheEnding"],"potions_floor_usage":[23,23,25,27,31,41,50,50,55,55,55],"damage_taken":[{"damage":8.0,"enemies":"Jaw Worm","floor":1.0,"turns":4.0},{"damage":6.0,"enemies":"Cultist","floor":4.0,"turns":3.0},{"damage":0.0,"enemies":"Small Slimes","floor":5.0,"turns":3.0},{"damage":12.0,"enemies":"Gremlin Nob","floor":8.0,"turns":3.0},{"damage":4.0,"enemies":"Red Slaver","floor":10.0,"turns":2.0},{"damage":9.0,"enemies":"Lagavulin","floor":12.0,"turns":6.0},{"damage":1.0,"enemies":"Looter","floor":13.0,"turns":2.0},{"damage":17.0,"enemies":"Gremlin Nob","floor":14.0,"turns":4.0},{"damage":19.0,"enemies":"Slime Boss","floor":16.0,"turns":7.0},{"damage":27.0,"enemies":"Spheric Guardian","floor":18.0,"turns":4.0},{"damage":0.0,"enemies":"Shell Parasite","floor":20.0,"turns":4.0},{"damage":21.0,"enemies":"Sentry and Sphere","floor":21.0,"turns":5.0},{"damage":51,"enemies":"Book of Stabbing","floor":23,"turns":7},{"damage":32,"enemies":"Slavers","floor":25,"turns":4},{"damage":6,"enemies":"Gremlin Leader","floor":27,"turns":7},{"damage":18,"enemies":"3 Cultists","floor":29,"turns":4},{"damage":28,"enemies":"Slavers","floor":31,"turns":3},{"damage":55,"enemies":"Champ","floor":33,"turns":14},{"damage":20,"enemies":"3 Shapes","floor":35,"turns":6},{"damage":0,"enemies":"Giant Head","floor":41,"turns":6},{"damage":0,"enemies":"Orb Walker","floor":42,"turns":3},{"damage":0,"enemies":"Spire Growth","floor":45,"turns":4},{"damage":22,"enemies":"4 Shapes","floor":46,"turns":1},{"damage":57,"enemies":"Nemesis","floor":48,"turns":7},{"damage":17,"enemies":"Donu and Deca","floor":50,"turns":6},{"damage":22,"enemies":"Shield and Spear","floor":54,"turns":6},{"damage":108,"enemies":"The Heart","floor":55,"turns":10}],"seed_played":"-4663595541570348752","potions_obtained":[{"floor":4.0,"key":"Explosive Potion"},{"floor":5.0,"key":"SpeedPotion"},{"floor":12.0,"key":"FearPotion"},{"floor":16.0,"key":"ColorlessPotion"},{"floor":18.0,"key":"GamblersBrew"},{"floor":21.0,"key":"Dexterity Potion"},{"floor":25,"key":"Weak Potion"},{"floor":29,"key":"DuplicationPotion"},{"floor":41,"key":"FearPotion"},{"floor":42,"key":"SteroidPotion"},{"floor":54,"key":"PowerPotion"}],"is_trial":false,"path_per_floor":["M","?","$","M","M","R","?","E","T","M","R","E","M","E","R","B",null,"M","?","M","M","$","E","R","E","T","E","R","M","R","E","R","B",null,"M","?","?","?","$","R","E","M","T","$","M","M","R","E","R","B",null,"R","$","E","B",null],"character_chosen":"IRONCLAD","items_purchased":["Bag of Preparation","LiquidMemories","CultistPotion","Bag of Marbles","Ancient Tea Set","Strange Spoon","Mummified Hand","Master of Strategy+1","Disarm+1","GamblersBrew"],"campfire_rested":3,"item_purchase_floors":[22,39,39,39,39,39,44,44,44,53],"current_hp_per_floor":[78,78,78,78,80,80,80,74,74,76,76,73,78,67,67,54,80,59,59,65,50,50,13,37,17,17,26,50,68,68,58,80,31,80,66,78,68,68,68,68,81,87,87,87,87,71,71,32,32,47,87,87,87,87,30],"gold":61,"neow_bonus":"UPGRADE_CARD","is_daily":false,"chose_seed":false,"campfire_upgraded":7,"win_rate":0.0,"timestamp":1610782949,"path_taken":["M","?","?","M","M","R","?","E","T","?","R","E","M","E","R","BOSS","M","?","M","M","$","E","R","E","T","E","R","?","R","E","R","BOSS","M","?","?","?","$","R","E","M","T","$","M","M","R","E","R","BOSS","R","$","E","BOSS"],"items_purchased_type":["Relic","Potion","Potion","Relic","Relic","Relic","Relic","Card","Card","Potion"],"build_version":"2020-12-22","purchased_purges":4,"victory":true,"max_hp_per_floor":[80,80,80,80,80,80,80,80,80,80,80,80,80,80,80,80,80,80,80,80,80,80,80,80,80,80,80,80,80,80,80,80,80,80,80,92,92,87,87,87,87,87,87,87,87,87,87,87,87,87,87,87,87,87,87],"relic_stats":{"Darkstone Periapt":12,"counters":[27,135],"Bag of Preparation":[30],"Whetstone":["Reaper","Strike_R"],"Burning Blood":150,"WarpedTongs":[104],"Strange Spoon":[27],"Dream Catcher":3,"Centennial Puzzle":[21],"Mummified Hand":[18],"Art of War":[3],"obtain_stats":[{"Darkstone Periapt":23,"Potion Belt":48,"Calipers":12,"Velvet Choker":17,"Oddly Smooth Stone":27,"Bag of Preparation":22,"Whetstone":25,"Ancient Tea Set":39,"Burning Blood":0,"WarpedTongs":2,"Strange Spoon":39,"Anchor":8,"Dream Catcher":9,"Centennial Puzzle":31,"Mummified Hand":44,"Molten Egg 2":26,"Coffee Dripper":34,"Bag of Marbles":39,"Art of War":41,"Toxic Egg 2":14,"Toy Ornithopter":54},{"Darkstone Periapt":13,"Potion Belt":24,"Calipers":6,"Velvet Choker":9,"Oddly Smooth Stone":15,"Bag of Preparation":12,"Whetstone":14,"Ancient Tea Set":19,"Burning Blood":0,"WarpedTongs":1,"Strange Spoon":19,"Anchor":4,"Dream Catcher":4,"Centennial Puzzle":17,"Mummified Hand":21,"Molten Egg 2":14,"Coffee Dripper":18,"Bag of Marbles":19,"Art of War":20,"Toxic Egg 2":8,"Toy Ornithopter":26},{"Darkstone Periapt":54,"Potion Belt":113,"Calipers":21,"Velvet Choker":34,"Oddly Smooth Stone":65,"Bag of Preparation":47,"Whetstone":58,"Ancient Tea Set":92,"Burning Blood":0,"WarpedTongs":4,"Strange Spoon":92,"Anchor":13,"Dream Catcher":13,"Centennial Puzzle":72,"Mummified Hand":101,"Molten Egg 2":58,"Coffee Dripper":86,"Bag of Marbles":92,"Art of War":98,"Toxic Egg 2":27,"Toy Ornithopter":125}],"Toy Ornithopter":10},"card_choices":[{"not_picked":["Shrug It Off","Perfected Strike"],"picked":"Pommel Strike","floor":1.0},{"not_picked":["Ghostly Armor","Evolve"],"picked":"Clothesline","floor":4.0},{"not_picked":["Power Through","Thunderclap","Clothesline"],"picked":"SKIP","floor":5.0},{"not_picked":["Juggernaut","Rampage","Searing Blow"],"picked":"SKIP","floor":8.0},{"not_picked":["Wild Strike","Bloodletting"],"picked":"Shrug It Off","floor":10.0},{"not_picked":["Perfected Strike","Thunderclap"],"picked":"Shrug It Off","floor":12.0},{"not_picked":["Headbutt","Twin Strike"],"picked":"Spot Weakness","floor":13.0},{"not_picked":["Sword Boomerang","Wild Strike"],"picked":"Whirlwind","floor":14.0},{"not_picked":["Juggernaut","Exhume+1"],"picked":"Reaper","floor":16.0},{"not_picked":["Sentinel+1","Iron Wave","Cleave"],"picked":"SKIP","floor":18.0},{"not_picked":["Perfected Strike","Iron Wave"],"picked":"True Grit+1","floor":20.0},{"not_picked":["Heavy Blade","Warcry+1"],"picked":"Evolve","floor":21.0},{"not_picked":["Hemokinesis","Pummel"],"picked":"Second Wind+1","floor":23},{"not_picked":["Heavy Blade+1","Feel No Pain"],"picked":"Exhume+1","floor":24},{"not_picked":["Battle Trance+1","Anger"],"picked":"Disarm+1","floor":25},{"not_picked":["Wild Strike+1","Heavy Blade+1","Flex+1"],"picked":"SKIP","floor":27},{"not_picked":["Flex+1","Havoc+1"],"picked":"True Grit+1","floor":28},{"not_picked":["Flex+1","Havoc+1"],"picked":"Burning Pact+1","floor":29},{"not_picked":["Flex+1","Sentinel+1","Combust"],"picked":"SKIP","floor":31},{"not_picked":["Havoc+1","Pommel Strike+1"],"picked":"Berserk","floor":32},{"not_picked":["Offering+1","Impervious+1"],"picked":"Demon Form","floor":33},{"not_picked":["Cleave+1","Body Slam+1"],"picked":"Shockwave+1","floor":35},{"not_picked":["Secret Weapon+1","Impatience+1"],"picked":"Dark Shackles+1","floor":37},{"not_picked":["Jack Of All Trades+1","Mind Blast+1"],"picked":"Dark Shackles+1","floor":37},{"not_picked":["Seeing Red+1","Perfected Strike+1","Cleave+1"],"picked":"SKIP","floor":41},{"not_picked":["Warcry+1","Cleave+1"],"picked":"Battle Trance+1","floor":42},{"not_picked":["Berserk","Fire Breathing+1","Intimidate+1"],"picked":"SKIP","floor":45},{"not_picked":["True Grit+1","Rage+1","Metallicize"],"picked":"SKIP","floor":46},{"not_picked":["Body Slam+1","Power Through+1"],"picked":"Flame Barrier+1","floor":48},{"not_picked":["Body Slam+1","Iron Wave+1"],"picked":"Headbutt+1","floor":54}],"player_experience":1629837,"relics_obtained":[{"floor":8.0,"key":"Anchor"},{"floor":9.0,"key":"Dream Catcher"},{"floor":12.0,"key":"Calipers"},{"floor":14.0,"key":"Toxic Egg 2"},{"floor":23,"key":"Darkstone Periapt"},{"floor":25,"key":"Whetstone"},{"floor":26,"key":"Molten Egg 2"},{"floor":27,"key":"Oddly Smooth Stone"},{"floor":31,"key":"Centennial Puzzle"},{"floor":41,"key":"Art of War"},{"floor":48,"key":"Potion Belt"},{"floor":54,"key":"Toy Ornithopter"}],"event_choices":[{"damage_healed":0.0,"max_hp_gain":0.0,"max_hp_loss":0.0,"gold_gain":0.0,"event_name":"Accursed Blacksmith","player_choice":"Rummage","floor":2.0,"gold_loss":0.0,"damage_taken":0.0,"relics_obtained":["WarpedTongs"],"cards_obtained":["Pain"]},{"damage_healed":0.0,"max_hp_gain":0.0,"max_hp_loss":0.0,"gold_gain":0.0,"event_name":"Upgrade Shrine","player_choice":"Upgraded","floor":7.0,"gold_loss":0.0,"damage_taken":0.0,"cards_upgraded":["Pommel Strike"]},{"damage_healed":0.0,"max_hp_gain":0.0,"max_hp_loss":0.0,"gold_gain":0.0,"event_name":"Upgrade Shrine","player_choice":"Upgraded","floor":19.0,"gold_loss":0.0,"damage_taken":0.0,"cards_upgraded":["Shrug It Off"]},{"damage_healed":0,"gold_gain":999,"player_choice":"Gold","damage_taken":0,"max_hp_gain":0,"max_hp_loss":0,"event_name":"MindBloom","floor":36,"gold_loss":0,"cards_obtained":["Normality","Normality"]},{"damage_healed":0,"gold_gain":0,"player_choice":"Memory 3","damage_taken":10,"max_hp_gain":0,"max_hp_loss":0,"event_name":"SensoryStone","floor":37,"gold_loss":0},{"damage_healed":0,"gold_gain":0,"player_choice":"Max HP","damage_taken":0,"max_hp_gain":0,"max_hp_loss":5,"event_name":"Winding Halls","floor":38,"gold_loss":0}],"is_beta":false,"boss_relics":[{"not_picked":["Astrolabe","Black Blood"],"picked":"Velvet Choker"},{"not_picked":["Runic Cube","SlaversCollar"],"picked":"Coffee Dripper"}],"items_purged_floors":[3,22,39,44],"is_endless":false,"potions_floor_spawned":[4,5,12,16,18,21,25,29,41,42,54],"ascension_level":4}}