{"host":"08t08ld674si40tv","time":1610769898,"event":{"mods":["AchievementEnabler","BaseMod","Colored Map","Minty Spire (QoL Compilation)","StSLib","SuperFastMode"],"gold_per_floor":[17,32,32,45,62,88,88,120,120,135,135,100,133,133,133,207,207,221,232,31,41,41,41,41],"floor_reached":23,"language":"KOR","playtime":450,"items_purged":["Strike_R"],"score":422,"play_id":"dbb1c6fd-e624-4036-8f9d-fcd4c58fb426","local_time":"20210116130458","is_ascension_mode":true,"campfire_choices":[{"data":"Wild Strike","floor":7.0,"key":"SMITH"},{"floor":11.0,"key":"REST"},{"floor":15.0,"key":"REST"}],"circlet_count":0,"master_deck":["AscendersBane","Strike_R","Defend_R","Defend_R","Defend_R","Bash","Sword Boomerang","Fire Breathing+1","Power Through","Wild Strike+1","Evolve","Offering+1","Battle Trance+1"],"relics":["Burning Blood","Ancient Tea Set","Paper Frog","Ornamental Fan","Toxic Egg 2","Sozu","Membership Card"],"acts_visited":["Exordium","TheCity"],"potions_floor_usage":[23],"damage_taken":[{"damage":13.0,"enemies":"Jaw Worm","floor":1.0,"turns":5.0},{"damage":1.0,"enemies":"Cultist","floor":2.0,"turns":4.0},{"damage":0.0,"enemies":"2 Louse","floor":4.0,"turns":3.0},{"damage":16.0,"enemies":"Large Slime","floor":5.0,"turns":7.0},{"damage":20.0,"enemies":"3 Sentries","floor":6.0,"turns":5.0},{"damage":20.0,"enemies":"Lagavulin","floor":8.0,"turns":5.0},{"damage":20.0,"enemies":"Gremlin Gang","floor":10.0,"turns":5.0},{"damage":46.0,"enemies":"Gremlin Nob","floor":13.0,"turns":5.0},{"damage":33.0,"enemies":"Slime Boss","floor":16.0,"turns":5.0},{"damage":6.0,"enemies":"Chosen","floor":18.0,"turns":3.0},{"damage":24.0,"enemies":"Spheric Guardian","floor":19.0,"turns":4.0},{"damage":15,"enemies":"Centurion and Healer","floor":21,"turns":4},{"damage":34,"enemies":"Gremlin Leader","floor":23,"turns":4}],"seed_played":"-6926160054876741140","potions_obtained":[{"floor":1.0,"key":"PowerPotion"},{"floor":5.0,"key":"Strength Potion"},{"floor":13.0,"key":"Strength Potion"},{"floor":16.0,"key":"EssenceOfSteel"}],"is_trial":false,"path_per_floor":["M","M","?","M","M","E","R","E","T","M","R","?","E","?","R","B",null,"M","M","$","M","?","E"],"character_chosen":"IRONCLAD","items_purchased":["Membership Card"],"campfire_rested":2,"item_purchase_floors":[20],"current_hp_per_floor":[61,66,66,72,62,48,48,34,34,20,42,60,20,13,35,8,58,58,40,40,31,31,0,0],"gold":41,"neow_bonus":"TRANSFORM_TWO_CARDS","is_daily":false,"chose_seed":false,"campfire_upgraded":1,"win_rate":0.0,"timestamp":1610769898,"path_taken":["M","M","?","M","?","E","R","E","T","M","R","?","E","?","R","BOSS","M","M","$","M","?","E"],"items_purchased_type":["Relic"],"build_version":"2020-12-22","purchased_purges":1,"victory":false,"max_hp_per_floor":[75,75,75,75,75,75,75,75,75,75,75,75,75,75,75,75,75,75,75,75,75,75,75,75],"card_choices":[{"not_picked":["Pommel Strike","Flex"],"picked":"Power Through","floor":1.0},{"not_picked":["Anger","Sword Boomerang","Brutality"],"picked":"SKIP","floor":2.0},{"not_picked":["True Grit","Warcry","Hemokinesis"],"picked":"SKIP","floor":4.0},{"not_picked":["Warcry","Cleave"],"picked":"Wild Strike","floor":5.0},{"not_picked":["Heavy Blade","Rupture","Wild Strike"],"picked":"SKIP","floor":6.0},{"not_picked":["Uppercut","Cleave"],"picked":"Evolve","floor":8.0},{"not_picked":["Armaments","Clothesline","Heavy Blade"],"picked":"SKIP","floor":10.0},{"not_picked":["Pummel","Sentinel+1","Rupture"],"picked":"SKIP","floor":13.0},{"not_picked":["Limit Break+1","Feed"],"picked":"Offering+1","floor":16.0},{"not_picked":["Reckless Charge","Fire Breathing","Metallicize"],"picked":"SKIP","floor":18.0},{"not_picked":["Heavy Blade","Rampage"],"picked":"Battle Trance+1","floor":19.0},{"not_picked":["Havoc+1","True Grit+1","Twin Strike"],"picked":"SKIP","floor":21}],"player_experience":224276,"relics_obtained":[{"floor":6.0,"key":"Ancient Tea Set"},{"floor":8.0,"key":"Paper Frog"},{"floor":9.0,"key":"Ornamental Fan"},{"floor":13.0,"key":"Toxic Egg 2"}],"event_choices":[{"cards_removed":["Defend_R"],"damage_healed":0.0,"max_hp_gain":0.0,"max_hp_loss":0.0,"gold_gain":0.0,"event_name":"Purifier","player_choice":"Purged","floor":3.0,"gold_loss":0.0,"damage_taken":0.0},{"damage_healed":18.0,"max_hp_gain":0.0,"max_hp_loss":0.0,"gold_gain":0.0,"event_name":"The Cleric","player_choice":"Healed","floor":12.0,"gold_loss":35.0,"damage_taken":0.0},{"cards_removed":["Strike_R"],"damage_healed":0.0,"max_hp_gain":0.0,"max_hp_loss":0.0,"gold_gain":0.0,"event_name":"Golden Wing","player_choice":"Card Removal","floor":14.0,"gold_loss":0.0,"damage_taken":7.0},{"damage_healed":0,"gold_gain":0,"player_choice":"Upgraded","damage_taken":0,"max_hp_gain":0,"max_hp_loss":0,"event_name":"Upgrade Shrine","floor":22,"gold_loss":0,"cards_upgraded":["Fire Breathing"]}],"is_beta":false,"boss_relics":[{"not_picked":["Cursed Key","Empty Cage"],"picked":"Sozu"}],"items_purged_floors":[20],"is_endless":false,"potions_floor_spawned":[1,5,13,16,19,21],"killed_by":"Gremlin Leader","ascension_level":20}}