{"host":"Kdaddybrian","time":1610824707,"event":{"mods":["AchievementEnabler","BaseMod","Bestiary","Colored Powertips","Minty Spire (QoL Compilation)","Potion Indicator Mod","Quick Restart","Rare Cards Sparkle","Relic Stats","StSLib","Uncapped"],"gold_per_floor":[119,119,142,161,182,215,215,259,259,282,282,302,345,121,121,249,249,268,293,334,334,11,11,25,25,25,25,49,49,89,214,214,340,340,354,354,367,430,30,70,113,149,173,173,173,193,193,42,42,42],"floor_reached":51,"language":"ENG","playtime":2789,"items_purged":["Strike_B","Zap"],"score":1444,"play_id":"bff063e1-17f0-4dd3-bd84-7d99bc296184","local_time":"20210116141827","is_ascension_mode":true,"campfire_choices":[{"data":"Barrage","floor":7.0,"key":"SMITH"},{"floor":11.0,"key":"REST"},{"data":"Defragment","floor":15.0,"key":"SMITH"},{"floor":23.0,"key":"REST"},{"floor":25.0,"key":"REST"},{"floor":29.0,"key":"REST"},{"data":"Defragment","floor":32.0,"key":"SMITH"},{"floor":44.0,"key":"RECALL"},{"data":"Defragment","floor":47.0,"key":"SMITH"},{"data":"Loop","floor":49.0,"key":"SMITH"}],"circlet_count":0,"master_deck":["AscendersBane","Defend_B+1","Defend_B+1","Defend_B+1","Defend_B+1","Ball Lightning","Barrage+1","Hologram","Conserve Battery","Cold Snap","Defragment+1","Go for the Eyes","Creative AI","Genetic Algorithm","Genetic Algorithm","Loop+1","Darkness","Steam","Fission","Sweeping Beam","Coolheaded","Barrage+1","Defragment+1","Defragment+1","Bite","Bite","Bite","Bite","Bite","Self Repair","Fusion","Echo Form","Biased Cognition","White Noise+1","Coolheaded+1","Force Field+1","Injury","Consume"],"relics":["Cracked Core","PreservedInsect","Golden Idol","Anchor","InkBottle","HornCleat","Turnip","Orrery","Runic Pyramid","Red Mask","Mummified Hand","Vajra","Calipers","Darkstone Periapt","Cursed Key","WingedGreaves","Incense Burner","Pear","Potion Belt","Pen Nib","DataDisk","Runic Capacitor"],"acts_visited":["Exordium","TheCity","TheBeyond"],"potions_floor_usage":[50],"damage_taken":[{"damage":0.0,"enemies":"Small Slimes","floor":1.0,"turns":3.0},{"damage":0.0,"enemies":"2 Louse","floor":3.0,"turns":2.0},{"damage":2.0,"enemies":"Jaw Worm","floor":4.0,"turns":3.0},{"damage":6.0,"enemies":"2 Fungi Beasts","floor":5.0,"turns":4.0},{"damage":20.0,"enemies":"3 Sentries","floor":6.0,"turns":5.0},{"damage":15.0,"enemies":"Lagavulin","floor":8.0,"turns":4.0},{"damage":0.0,"enemies":"Large Slime","floor":10.0,"turns":4.0},{"damage":0.0,"enemies":"Blue Slaver","floor":12.0,"turns":5.0},{"damage":0.0,"enemies":"Gremlin Nob","floor":13.0,"turns":3.0},{"damage":2.0,"enemies":"Hexaghost","floor":16.0,"turns":9.0},{"damage":5.0,"enemies":"3 Byrds","floor":18.0,"turns":5.0},{"damage":6.0,"enemies":"Spheric Guardian","floor":19.0,"turns":5.0},{"damage":49.0,"enemies":"Masked Bandits","floor":20.0,"turns":5.0},{"damage":18.0,"enemies":"3 Cultists","floor":24.0,"turns":7.0},{"damage":0.0,"enemies":"Snecko","floor":28.0,"turns":4.0},{"damage":24.0,"enemies":"Book of Stabbing","floor":30.0,"turns":6.0},{"damage":0.0,"enemies":"Colosseum Slavers","floor":31.0,"turns":5.0},{"damage":0.0,"enemies":"Colosseum Nobs","floor":31.0,"turns":4.0},{"damage":0.0,"enemies":"Collector","floor":33.0,"turns":12.0},{"damage":5.0,"enemies":"3 Darklings","floor":35.0,"turns":5.0},{"damage":4.0,"enemies":"3 Shapes","floor":37.0,"turns":7.0},{"damage":0.0,"enemies":"Mind Bloom Boss Battle","floor":38.0,"turns":8.0},{"damage":0.0,"enemies":"Nemesis","floor":40.0,"turns":7.0},{"damage":0.0,"enemies":"Giant Head","floor":41.0,"turns":9.0},{"damage":0.0,"enemies":"Reptomancer","floor":42.0,"turns":7.0},{"damage":0.0,"enemies":"3 Darklings","floor":46.0,"turns":8.0},{"damage":28,"enemies":"Awakened One","floor":50,"turns":13}],"seed_played":"-6194828534692341846","potions_obtained":[{"floor":1.0,"key":"Energy Potion"},{"floor":5.0,"key":"Swift Potion"},{"floor":6.0,"key":"SteroidPotion"},{"floor":10.0,"key":"SneckoOil"},{"floor":12.0,"key":"EssenceOfSteel"},{"floor":16.0,"key":"BlessingOfTheForge"},{"floor":19.0,"key":"FearPotion"},{"floor":24.0,"key":"FocusPotion"},{"floor":31.0,"key":"Explosive Potion"},{"floor":38.0,"key":"PotionOfCapacity"},{"floor":41.0,"key":"Regen Potion"},{"floor":42.0,"key":"Fire Potion"}],"is_trial":false,"path_per_floor":["M","?","M","M","M","E","R","E","T","M","R","M","E","$","R","B",null,"M","M","?","?","$","R","M","R","T","?","M","R","E","?","R","B",null,"M","?","M","?","$","E","E","E","T","R","?","M","R","$","R","B",null],"character_chosen":"DEFECT","items_purchased":["Orrery","Mummified Hand","Defragment","Incense Burner","Runic Capacitor"],"campfire_rested":4,"item_purchase_floors":[14,22,22,39,48],"current_hp_per_floor":[68,68,68,66,60,40,40,25,25,25,45,45,45,45,45,43,63,58,52,3,3,3,23,5,25,25,25,27,41,36,48,48,48,48,48,48,44,48,48,58,58,58,64,64,70,70,70,70,70,70],"gold":42,"neow_bonus":"RANDOM_COMMON_RELIC","is_daily":false,"chose_seed":false,"campfire_upgraded":5,"win_rate":0.0,"timestamp":1610824707,"path_taken":["M","?","M","M","M","E","R","E","T","M","R","M","E","$","R","BOSS","M","M","?","?","$","R","M","R","T","?","M","R","E","?","R","BOSS","M","?","M","?","?","E","E","E","T","R","?","M","R","$","R","BOSS"],"items_purchased_type":["Relic","Relic","Card","Relic","Relic"],"build_version":"2020-12-18","purchased_purges":2,"victory":true,"max_hp_per_floor":[75,69,69,69,69,69,69,69,69,69,69,69,69,69,69,69,69,69,69,69,69,69,69,69,69,69,48,48,48,48,48,48,48,48,48,48,48,48,48,58,58,58,64,64,70,70,70,70,70,70],"relic_stats":{"Darkstone Periapt":12,"counters":[27,159],"Golden Idol":229,"Mummified Hand":[197],"PreservedInsect":407,"Turnip":[12],"Pen Nib":[5],"Cursed Key":1,"obtain_stats":[{"Darkstone Periapt":31,"Potion Belt":41,"Calipers":31,"Pear":40,"Golden Idol":2,"Vajra":30,"PreservedInsect":0,"Pen Nib":42,"Incense Burner":39,"Runic Capacitor":48,"Cursed Key":34,"Anchor":6,"DataDisk":43,"HornCleat":9,"Mummified Hand":22,"Orrery":14,"Turnip":13,"WingedGreaves":38,"Red Mask":20,"Cracked Core":0,"InkBottle":8,"Runic Pyramid":17},{"Darkstone Periapt":18,"Potion Belt":24,"Calipers":18,"Pear":23,"Golden Idol":1,"Vajra":16,"PreservedInsect":0,"Pen Nib":25,"Incense Burner":22,"Runic Capacitor":26,"Cursed Key":19,"Anchor":5,"DataDisk":25,"HornCleat":6,"Mummified Hand":13,"Orrery":9,"Turnip":9,"WingedGreaves":22,"Red Mask":13,"Cracked Core":0,"InkBottle":6,"Runic Pyramid":10},{"Darkstone Periapt":83,"Potion Belt":131,"Calipers":83,"Pear":122,"Golden Idol":3,"Vajra":74,"PreservedInsect":0,"Pen Nib":138,"Incense Burner":115,"Runic Capacitor":146,"Cursed Key":95,"Anchor":17,"DataDisk":138,"HornCleat":21,"Mummified Hand":57,"Orrery":33,"Turnip":33,"WingedGreaves":115,"Red Mask":57,"Cracked Core":0,"InkBottle":21,"Runic Pyramid":42}],"InkBottle":[64]},"card_choices":[{"not_picked":["Loop","Rebound"],"picked":"Ball Lightning","floor":1.0},{"not_picked":["Consume","Skim"],"picked":"Barrage","floor":3.0},{"not_picked":["Hello World","Steam Power"],"picked":"Hologram","floor":4.0},{"not_picked":["Hello World","Aggregate","Fusion"],"picked":"SKIP","floor":5.0},{"not_picked":["White Noise","Stack"],"picked":"Conserve Battery","floor":6.0},{"not_picked":["Auto Shields","Lockon"],"picked":"Cold Snap","floor":8.0},{"not_picked":["Rip and Tear","Loop"],"picked":"Defragment","floor":10.0},{"not_picked":["BootSequence","Beam Cell"],"picked":"Go for the Eyes","floor":12.0},{"not_picked":["Hologram","Redo"],"picked":"Creative AI","floor":13.0},{"not_picked":["Turbo","Aggregate"],"picked":"Genetic Algorithm","floor":14.0},{"not_picked":["Reinforced Body","Compile Driver"],"picked":"Genetic Algorithm","floor":14.0},{"not_picked":["Rip and Tear","Storm"],"picked":"Loop","floor":14.0},{"not_picked":["Stack","Hologram"],"picked":"Darkness","floor":14.0},{"not_picked":["Rebound","Sweeping Beam"],"picked":"Steam","floor":14.0},{"not_picked":["Meteor Strike","Core Surge"],"picked":"Fission","floor":16.0},{"not_picked":["Gash","Ball Lightning"],"picked":"Sweeping Beam","floor":18.0},{"not_picked":["Chaos","Stack"],"picked":"Coolheaded","floor":19.0},{"not_picked":["Beam Cell+1","Redo"],"picked":"Barrage+1","floor":20.0},{"not_picked":["FTL+1","Streamline"],"picked":"Defragment","floor":24.0},{"not_picked":["Sweeping Beam+1","Redo"],"picked":"Self Repair","floor":28.0},{"not_picked":["Beam Cell","Reinforced Body"],"picked":"Fusion","floor":30.0},{"not_picked":["Doom and Gloom","Genetic Algorithm+1"],"picked":"Echo Form","floor":31.0},{"not_picked":["Seek","Echo Form"],"picked":"Biased Cognition","floor":33.0},{"not_picked":["Hologram+1","Beam Cell"],"picked":"White Noise+1","floor":35.0},{"not_picked":["Cold Snap+1","Rip and Tear","Hologram+1"],"picked":"SKIP","floor":37.0},{"not_picked":["Leap+1","Static Discharge+1"],"picked":"Coolheaded+1","floor":38.0},{"not_picked":["Cold Snap+1","FTL+1","Conserve Battery+1"],"picked":"SKIP","floor":40.0},{"not_picked":["Redo+1","FTL","Hyperbeam"],"picked":"SKIP","floor":41.0},{"not_picked":["Go for the Eyes","Blizzard+1"],"picked":"Force Field+1","floor":42.0},{"not_picked":["Turbo","Heatsinks+1"],"picked":"Consume","floor":46.0}],"player_experience":2960742,"relics_obtained":[{"floor":6.0,"key":"Anchor"},{"floor":8.0,"key":"InkBottle"},{"floor":9.0,"key":"HornCleat"},{"floor":13.0,"key":"Turnip"},{"floor":20.0,"key":"Red Mask"},{"floor":30.0,"key":"Vajra"},{"floor":31.0,"key":"Calipers"},{"floor":31.0,"key":"Darkstone Periapt"},{"floor":38.0,"key":"WingedGreaves"},{"floor":40.0,"key":"Pear"},{"floor":41.0,"key":"Potion Belt"},{"floor":42.0,"key":"Pen Nib"},{"floor":43.0,"key":"DataDisk"}],"event_choices":[{"damage_healed":0.0,"max_hp_gain":0.0,"max_hp_loss":6.0,"gold_gain":0.0,"event_name":"Golden Idol","player_choice":"Lose Max HP","floor":2.0,"gold_loss":0.0,"damage_taken":0.0,"relics_obtained":["Golden Idol"]},{"damage_healed":0.0,"max_hp_gain":0.0,"max_hp_loss":0.0,"gold_gain":0.0,"event_name":"Masked Bandits","player_choice":"Fought Bandits","floor":20.0,"gold_loss":0.0,"damage_taken":0.0},{"damage_healed":0.0,"max_hp_gain":0.0,"max_hp_loss":0.0,"gold_gain":0.0,"event_name":"Back to Basics","player_choice":"Simplicity","floor":21.0,"gold_loss":0.0,"damage_taken":0.0,"cards_upgraded":["Strike_B","Strike_B","Strike_B","Defend_B","Defend_B","Defend_B","Defend_B"]},{"damage_healed":0.0,"max_hp_gain":0.0,"max_hp_loss":21.0,"gold_gain":0.0,"event_name":"Vampires","player_choice":"Became a vampire","floor":27.0,"gold_loss":0.0,"damage_taken":0.0,"cards_obtained":["Bite","Bite","Bite","Bite","Bite"]},{"damage_healed":0.0,"max_hp_gain":0.0,"max_hp_loss":0.0,"gold_gain":0.0,"event_name":"Colosseum","player_choice":"Fight","floor":31.0,"gold_loss":0.0,"damage_taken":0.0},{"damage_healed":0.0,"max_hp_gain":0.0,"max_hp_loss":0.0,"gold_gain":0.0,"event_name":"Colosseum","player_choice":"Fought Nobs","floor":31.0,"gold_loss":0.0,"damage_taken":0.0},{"cards_removed":["Dualcast"],"damage_healed":0.0,"max_hp_gain":0.0,"max_hp_loss":0.0,"gold_gain":0.0,"event_name":"Falling","player_choice":"Removed Skill","floor":36.0,"gold_loss":0.0,"damage_taken":0.0},{"damage_healed":0.0,"max_hp_gain":0.0,"max_hp_loss":0.0,"gold_gain":0.0,"event_name":"MindBloom","player_choice":"Fight","floor":38.0,"gold_loss":0.0,"damage_taken":0.0},{"damage_healed":0.0,"max_hp_gain":0.0,"max_hp_loss":0.0,"gold_gain":0.0,"cards_transformed":["Regret"],"event_name":"Transmorgrifier","player_choice":"Transformed","floor":45.0,"gold_loss":0.0,"damage_taken":0.0,"cards_obtained":["Injury"]}],"is_beta":true,"boss_relics":[{"not_picked":["Astrolabe","Tiny House"],"picked":"Runic Pyramid"},{"not_picked":["Empty Cage","SlaversCollar"],"picked":"Cursed Key"}],"items_purged_floors":[14,39],"is_endless":false,"potions_floor_spawned":[1,5,6,10,12,16,19,24,31,38,41,42,46],"ascension_level":10}}