{"host":"y7sd46uq4xlni546","time":1610837803,"event":{"mods":["AchievementEnabler","BaseMod","Colored Map","Colored Powertips","Curses Come First","Filter the Spire","Minty Spire (QoL Compilation)","Quick Restart","Random Character Button","Rare Cards Sparkle","StSLib"],"gold_per_floor":[118,118,118,131,144,144,117,149,226,241,271,271,271,297,309,416,478,501,513,525,372,372,372,397,397,397,431,443,461,561,575,575,677,677,690,690,380,380,394,394,423,438,438,438,466,56,106,119,119,119],"floor_reached":51,"language":"ENG","playtime":4082,"items_purged":[],"score":1139,"play_id":"94fff6f9-803e-4570-92ff-22343817a7fd","local_time":"20210116235643","is_ascension_mode":true,"campfire_choices":[{"floor":6.0,"key":"REST"},{"floor":12.0,"key":"REST"},{"data":"Doppelganger","floor":15.0,"key":"SMITH"},{"data":"Chrysalis","floor":23.0,"key":"SMITH"},{"data":"Adrenaline","floor":25.0,"key":"SMITH"},{"floor":32.0,"key":"REST"},{"data":"A Thousand Cuts","floor":40,"key":"SMITH"},{"floor":44,"key":"REST"},{"data":"1","floor":49,"key":"LIFT"}],"circlet_count":0,"master_deck":["AscendersBane","Survivor","Neutralize","Cloak And Dagger+1","Wraith Form v2+1","Envenom+1","Noxious Fumes","Doppelganger+1","Infinite Blades","Underhanded Strike","Finisher","Backstab+1","Prepared","Blade Dance","Adrenaline+1","Masterful Stab","Distraction+1","Chrysalis+1","Writhe","Outmaneuver+1","A Thousand Cuts","Deflect+1","Crippling Poison+1","Noxious Fumes+1","A Thousand Cuts+1","Unload","Tactician+1","Noxious Fumes","Dash","Bane","Catalyst+1","Deflect+1","Terror+1","Burst+1","Master of Strategy+1","Blade Dance+1"],"relics":["Astrolabe","Strawberry","Bottled Lightning","Blood Vial","MawBank","Tiny House","Toxic Egg 2","StrikeDummy","Dead Branch","Orichalcum","The Specimen","Eternal Feather","Pandora\u0027s Box","Torii","Ornamental Fan","Letter Opener","Girya","Mummified Hand","Du-Vu Doll"],"acts_visited":["Exordium","TheCity","TheBeyond"],"potions_floor_usage":[45,50,50],"damage_taken":[{"damage":2.0,"enemies":"Small Slimes","floor":1.0,"turns":4.0},{"damage":3.0,"enemies":"2 Louse","floor":4.0,"turns":4.0},{"damage":1.0,"enemies":"Cultist","floor":5.0,"turns":5.0},{"damage":1.0,"enemies":"Gremlin Nob","floor":8.0,"turns":5.0},{"damage":7.0,"enemies":"Exordium Thugs","floor":10.0,"turns":7.0},{"damage":17.0,"enemies":"Lagavulin","floor":11.0,"turns":6.0},{"damage":1.0,"enemies":"Blue Slaver","floor":14.0,"turns":4.0},{"damage":9.0,"enemies":"Hexaghost","floor":16.0,"turns":7.0},{"damage":14.0,"enemies":"Shell Parasite","floor":18.0,"turns":4.0},{"damage":12.0,"enemies":"Gremlin Leader","floor":24.0,"turns":5.0},{"damage":13.0,"enemies":"Book of Stabbing","floor":27.0,"turns":4.0},{"damage":6.0,"enemies":"3 Byrds","floor":28.0,"turns":2.0},{"damage":11.0,"enemies":"Centurion and Healer","floor":29.0,"turns":5.0},{"damage":0.0,"enemies":"Colosseum Slavers","floor":30.0,"turns":4.0},{"damage":0.0,"enemies":"Colosseum Nobs","floor":30.0,"turns":5.0},{"damage":6.0,"enemies":"Cultist and Chosen","floor":31.0,"turns":3.0},{"damage":60.0,"enemies":"Champ","floor":33.0,"turns":11.0},{"damage":0.0,"enemies":"3 Darklings","floor":35.0,"turns":3.0},{"damage":1,"enemies":"3 Shapes","floor":39,"turns":6},{"damage":17,"enemies":"Nemesis","floor":41,"turns":6},{"damage":19,"enemies":"3 Darklings","floor":42,"turns":4},{"damage":29,"enemies":"Giant Head","floor":45,"turns":7},{"damage":4,"enemies":"Mind Bloom Boss Battle","floor":47,"turns":6},{"damage":0,"enemies":"4 Shapes","floor":48,"turns":4},{"damage":44,"enemies":"Awakened One","floor":50,"turns":6}],"seed_played":"-3385456494607099016","potions_obtained":[{"floor":5.0,"key":"Ancient Potion"},{"floor":8.0,"key":"FairyPotion"},{"floor":11.0,"key":"Regen Potion"},{"floor":17.0,"key":"Fruit Juice"},{"floor":18.0,"key":"BlessingOfTheForge"},{"floor":28.0,"key":"Fruit Juice"},{"floor":29.0,"key":"Dexterity Potion"},{"floor":33.0,"key":"LiquidBronze"},{"floor":42,"key":"CunningPotion"},{"floor":45,"key":"Ancient Potion"}],"is_trial":false,"path_per_floor":["M","?","?","M","M","R","$","E","T","M","E","R","T","M","R","B",null,"M","?","?","$","?","R","E","R","T","E","M","M","?","M","R","B",null,"M","?","$","?","M","R","E","M","T","R","E","$","?","M","R","B",null],"character_chosen":"THE_SILENT","items_purchased":["Underhanded Strike","Chrysalis","Torii","Mummified Hand","Master of Strategy+1"],"campfire_rested":4,"item_purchase_floors":[7,21,37,46,46],"current_hp_per_floor":[61,54,54,51,50,70,70,76,76,69,52,75,75,76,76,68,80,73,73,73,73,73,73,77,77,77,66,62,58,62,58,92,32,77,79,79,79,79,80,92,75,58,58,92,63,63,61,63,84,42],"gold":119,"neow_bonus":"BOSS_RELIC","is_daily":false,"chose_seed":false,"campfire_upgraded":4,"win_rate":0.0,"timestamp":1610837803,"path_taken":["M","?","?","?","M","R","$","E","T","M","E","R","?","M","R","BOSS","M","?","?","$","?","R","E","R","T","E","M","M","?","M","R","BOSS","M","?","$","?","M","R","E","M","T","R","E","?","?","M","R","BOSS"],"items_purchased_type":["Card","Card","Relic","Relic","Card"],"build_version":"2020-12-22","purchased_purges":0,"victory":true,"max_hp_per_floor":[70,70,70,70,70,70,70,77,77,77,77,77,77,77,77,77,82,87,87,87,87,87,87,87,87,87,87,87,92,92,92,92,92,92,92,92,92,92,92,92,92,92,92,92,92,92,92,92,92,92],"card_choices":[{"not_picked":["Outmaneuver","Poisoned Stab"],"picked":"Noxious Fumes","floor":1.0},{"not_picked":["Well Laid Plans","Acrobatics"],"picked":"Doppelganger","floor":4.0},{"not_picked":["Slice","Flechettes"],"picked":"Infinite Blades","floor":5.0},{"not_picked":["Backflip","Outmaneuver"],"picked":"Finisher","floor":8.0},{"not_picked":["Heel Hook","Dodge and Roll"],"picked":"Backstab","floor":10.0},{"not_picked":["Finisher","Flechettes"],"picked":"Prepared","floor":11.0},{"not_picked":["Underhanded Strike","Prepared"],"picked":"Blade Dance","floor":14.0},{"not_picked":["Die Die Die","Venomology"],"picked":"Adrenaline","floor":16.0},{"not_picked":["Crippling Poison","Bane"],"picked":"Masterful Stab","floor":17.0},{"not_picked":["Acrobatics+1","Sucker Punch"],"picked":"Distraction+1","floor":18.0},{"not_picked":["Slice","Masterful Stab"],"picked":"Outmaneuver+1","floor":24.0},{"not_picked":["Bane","Poisoned Stab+1"],"picked":"A Thousand Cuts","floor":27.0},{"not_picked":["Quick Slash+1","Bane"],"picked":"Deflect+1","floor":28.0},{"not_picked":["Deflect+1","Riddle With Holes"],"picked":"Crippling Poison+1","floor":29.0},{"not_picked":["Die Die Die","Backstab+1"],"picked":"Noxious Fumes+1","floor":30.0},{"not_picked":["Masterful Stab+1","Dagger Throw","Underhanded Strike"],"picked":"SKIP","floor":31.0},{"not_picked":["Storm of Steel+1","Night Terror+1"],"picked":"A Thousand Cuts","floor":33.0},{"not_picked":["Quick Slash","Infinite Blades+1"],"picked":"Tactician+1","floor":35.0},{"not_picked":["Sucker Punch+1","Dodge and Roll+1"],"picked":"Catalyst+1","floor":39},{"not_picked":["Bane+1","Slice"],"picked":"Deflect+1","floor":41},{"not_picked":["Underhanded Strike+1","Backflip+1"],"picked":"Terror+1","floor":42},{"not_picked":["Tactician+1","Caltrops+1"],"picked":"Burst+1","floor":45},{"not_picked":["Riddle With Holes+1","Underhanded Strike"],"picked":"Blade Dance+1","floor":48}],"player_experience":656083,"relics_obtained":[{"floor":8.0,"key":"Strawberry"},{"floor":9.0,"key":"Bottled Lightning"},{"floor":11.0,"key":"Blood Vial"},{"floor":13.0,"key":"MawBank"},{"floor":24.0,"key":"StrikeDummy"},{"floor":26.0,"key":"Dead Branch"},{"floor":27.0,"key":"Orichalcum"},{"floor":30.0,"key":"The Specimen"},{"floor":30.0,"key":"Eternal Feather"},{"floor":41,"key":"Ornamental Fan"},{"floor":43,"key":"Letter Opener"},{"floor":45,"key":"Girya"},{"floor":47,"key":"Du-Vu Doll"}],"event_choices":[{"cards_removed":["Strike_G"],"damage_healed":0.0,"max_hp_gain":0.0,"max_hp_loss":0.0,"gold_gain":0.0,"event_name":"Golden Wing","player_choice":"Card Removal","floor":2.0,"gold_loss":0.0,"damage_taken":7.0},{"cards_removed":["Defend_G"],"damage_healed":0.0,"max_hp_gain":0.0,"max_hp_loss":0.0,"gold_gain":0.0,"event_name":"Purifier","player_choice":"Purged","floor":3.0,"gold_loss":0.0,"damage_taken":0.0},{"damage_healed":0.0,"max_hp_gain":0.0,"max_hp_loss":0.0,"gold_gain":0.0,"event_name":"Beggar","player_choice":"Ignored","floor":19.0,"gold_loss":0.0,"damage_taken":0.0},{"damage_healed":0.0,"max_hp_gain":0.0,"max_hp_loss":0.0,"gold_gain":0.0,"event_name":"Ghosts","player_choice":"Ignored","floor":20.0,"gold_loss":0.0,"damage_taken":0.0},{"damage_healed":0.0,"max_hp_gain":0.0,"max_hp_loss":0.0,"gold_gain":0.0,"event_name":"The Mausoleum","player_choice":"Opened","floor":22.0,"gold_loss":0.0,"damage_taken":0.0,"relics_obtained":["Toxic Egg 2"],"cards_obtained":["Writhe"]},{"damage_healed":0.0,"max_hp_gain":0.0,"max_hp_loss":0.0,"gold_gain":0.0,"event_name":"Colosseum","player_choice":"Fight","floor":30.0,"gold_loss":0.0,"damage_taken":0.0},{"damage_healed":0.0,"max_hp_gain":0.0,"max_hp_loss":0.0,"gold_gain":0.0,"event_name":"Colosseum","player_choice":"Fought Nobs","floor":30.0,"gold_loss":0.0,"damage_taken":0.0},{"cards_removed":["Tactician"],"damage_healed":0.0,"max_hp_gain":0.0,"max_hp_loss":0.0,"gold_gain":0.0,"event_name":"Falling","player_choice":"Removed Skill","floor":36.0,"gold_loss":0.0,"damage_taken":0.0},{"damage_healed":0,"gold_gain":0,"player_choice":"Ignored","damage_taken":0,"max_hp_gain":0,"max_hp_loss":0,"event_name":"Mysterious Sphere","floor":38,"gold_loss":0},{"damage_healed":0,"gold_gain":0,"player_choice":"Fight","damage_taken":0,"max_hp_gain":0,"max_hp_loss":0,"event_name":"MindBloom","floor":47,"gold_loss":0}],"is_beta":false,"boss_relics":[{"not_picked":["SlaversCollar","Philosopher\u0027s Stone"],"picked":"Tiny House"},{"not_picked":["Velvet Choker","Fusion Hammer"],"picked":"Pandora\u0027s Box"}],"items_purged_floors":[],"is_endless":false,"potions_floor_spawned":[5,8,11,18,28,29,33,42,45,47],"ascension_level":10}}