{"host":"51fyd6gkml7xavq8","time":1610784201,"event":{"mods":["BaseMod","BetterRewards","Colored Map","Energized Spire","Infinite Spire","Minty Spire (QoL Compilation)","Replay The Spire","Shop Mod","Spicy Shops","StSLib","The Blue Laboratory","[IsaacMod]????"],"gold_per_floor":[115,127,146,196,216,216,250,260,287,299,349,349,223,241,241,340,390,410,410,427,258,273,311,311,353,353,389,389,465,465,465,465,576,576,588,621,621,635,624,624,666,684,707,722,763,792,792,805,805,814],"floor_reached":51,"language":"ENG","playtime":4888,"items_purged":["Bash","Delirium","Strike_R","Defend_R","Pain","Languid","Sickly"],"score":1252,"play_id":"be5a3cc4-f296-4ca9-b918-1f6c2ee70c2a","local_time":"20210116050321","is_ascension_mode":true,"campfire_choices":[{"data":"Defend_R","floor":6.0,"key":"SMITH"},{"data":"Hallucinations","floor":12.0,"key":"PURGE"},{"data":"Defend_R","floor":15.0,"key":"PURGE"},{"data":"Regret","floor":24.0,"key":"PURGE"},{"data":"Spreading Infection","floor":28.0,"key":"PURGE"},{"data":"Amnesia","floor":32.0,"key":"PURGE"},{"data":"Strike_R","floor":40.0,"key":"PURGE"},{"data":"Decay","floor":47.0,"key":"PURGE"},{"data":"Defend_R","floor":49.0,"key":"PURGE"}],"circlet_count":0,"master_deck":["Strike_R+1","Strike_R+1","Defend_R+1","Iron Wave+1","Iron Wave+1","Disarm+1","Defend_R+1","Juggernaut","Barricade","Metallicize","Necronomicurse","Demon Form","True Grit+1","Parasite","Disarm+1","Writhe","CommonCold","CommonCold","Voices","Writhe"],"relics":["Burning Blood","HushsDoor","YumHeart","MerchantsRug","infinitespire:BottledMercury","Peace Pipe","TheBean","ReplayTheSpireMod:CursedCoin","infinitespire:PuzzleCube","Oddly Smooth Stone","Nunchaku","Ring of Misfortune","Ring of Greed","The Courier","infinitespire:Midas Blood","Girya","Bag of Preparation","SalivaCoin","Necronomicon","Replay:Kaleidoscope","ChewingGum","Cauldron","infinitespire:Cupcake","Lizard Tail","Gremlin Food","Regal Pillow"],"acts_visited":["Exordium","TheCity","TheBeyond"],"potions_floor_usage":[50,50,50,50],"damage_taken":[{"damage":0.0,"enemies":"2 Louse","floor":1.0,"turns":2.0},{"damage":0.0,"enemies":"Cultist","floor":2.0,"turns":3.0},{"damage":1.0,"enemies":"Jaw Worm","floor":3.0,"turns":3.0},{"damage":44.0,"enemies":"Hiden Room Battle","floor":4.0,"turns":8.0},{"damage":2.0,"enemies":"Red Slaver","floor":5.0,"turns":3.0},{"damage":11.0,"enemies":"3 Sentries","floor":7.0,"turns":8.0},{"damage":0.0,"enemies":"Blue Slaver","floor":8.0,"turns":4.0},{"damage":4.0,"enemies":"Large Slime","floor":10.0,"turns":8.0},{"damage":0.0,"enemies":"2 Fungi Beasts","floor":14.0,"turns":3.0},{"damage":0.0,"enemies":"Fading Forest","floor":16.0,"turns":11.0},{"damage":0.0,"enemies":"Shell Parasite","floor":18.0,"turns":7.0},{"damage":0.0,"enemies":"Spheric Guardian","floor":20.0,"turns":6.0},{"damage":5.0,"enemies":"Centurion and Healer","floor":22.0,"turns":8.0},{"damage":35.0,"enemies":"Slavers","floor":23.0,"turns":6.0},{"damage":19.0,"enemies":"Book of Stabbing","floor":25.0,"turns":7.0},{"damage":33.0,"enemies":"Gremlin Leader","floor":29.0,"turns":9.0},{"damage":7.0,"enemies":"Automaton","floor":33.0,"turns":16.0},{"damage":0.0,"enemies":"Orb Walker","floor":35.0,"turns":4.0},{"damage":14.0,"enemies":"3 Shapes","floor":36.0,"turns":4.0},{"damage":0.0,"enemies":"Maw","floor":38.0,"turns":9.0},{"damage":15.0,"enemies":"R_Hoarder","floor":41.0,"turns":8.0},{"damage":0.0,"enemies":"Sphere and 2 Shapes","floor":42.0,"turns":7.0},{"damage":0.0,"enemies":"Spire Growth","floor":44.0,"turns":6.0},{"damage":21.0,"enemies":"Giant Head","floor":45.0,"turns":12.0},{"damage":7.0,"enemies":"Maw","floor":46.0,"turns":10.0},{"damage":0.0,"enemies":"Sphere and 2 Shapes","floor":48.0,"turns":8.0},{"damage":0,"enemies":"Replay:Hell Engine","floor":50,"turns":17}],"seed_played":"2531400506437342603","potions_obtained":[{"floor":3.0,"key":"GamblersBrew"},{"floor":4.0,"key":"Flashbang"},{"floor":5.0,"key":"FearPotion"},{"floor":10.0,"key":"blueLaboratory:BottleOfRum"},{"floor":16.0,"key":"SteroidPotion"},{"floor":17.0,"key":"blueLaboratory:EmptyBottle"},{"floor":20.0,"key":"blueLaboratory:IronCompound"},{"floor":25.0,"key":"Fire Potion"},{"floor":33.0,"key":"BlessingOfTheForge"},{"floor":36.0,"key":"blueLaboratory:PhilterOfMotion"},{"floor":37.0,"key":"LiquidMemories"},{"floor":37.0,"key":"LiquidBronze"},{"floor":37.0,"key":"Explosive Potion"},{"floor":37.0,"key":"blueLaboratory:FruitPunch"},{"floor":37.0,"key":"blueLaboratory:LouseDecoction"},{"floor":41.0,"key":"Toxic Potion"},{"floor":44.0,"key":"Explosive Potion"},{"floor":45.0,"key":"Swift Potion"},{"floor":48.0,"key":"Explosive Potion"}],"is_trial":false,"path_per_floor":["M","M","M","?","M","R","E","M","T","M","?","R","$","M","R","B",null,"M","AVR","M","$","M","E","R","E","T","?","R","E","?","?","R","B",null,"M","M","AVR","M","$","R","E","M","T","M","E","M","R","M","R","B",null],"character_chosen":"IRONCLAD","items_purchased":["MerchantsRug","infinitespire:BottledMercury","Peace Pipe","TheBean","Whetstone","ReplayTheSpireMod:CursedCoin","DollysMirror","Barricade","Bag of Preparation"],"campfire_rested":0,"item_purchase_floors":[0,0,0,0,0,0,13,17,21],"current_hp_per_floor":[57,63,68,15,44,44,39,45,45,47,47,47,72,78,78,80,81,81,81,81,81,81,87,87,74,74,58,58,31,31,31,31,30,76,82,74,74,82,82,82,93,93,93,93,78,77,77,83,83,89],"gold":814,"neow_bonus":"","is_daily":false,"chose_seed":false,"campfire_upgraded":1,"win_rate":0.0,"timestamp":1610784201,"path_taken":["M","M","M","?","M","R","E","M","T","M","?","R","$","?","R","BOSS","M","AVR","M","$","M","E","R","E","T","?","R","E","?","?","R","BOSS","M","M","AVR","M","$","R","E","?","T","?","E","M","R","M","R","BOSS"],"items_purchased_type":["Relic","Relic","Relic","Relic","Relic","Relic","Relic","Card","Relic"],"build_version":"2020-12-22","purchased_purges":7,"victory":true,"max_hp_per_floor":[80,80,80,80,80,80,80,80,80,80,80,80,80,80,80,80,81,81,81,81,81,81,91,91,91,91,91,91,91,91,91,91,91,91,91,91,91,93,93,93,93,93,93,93,93,93,93,93,93,93],"card_choices":[{"not_picked":["Run Through","Abandon"],"picked":"Iron Wave","floor":1.0},{"not_picked":["Thunderclap","Rupture","Havoc"],"picked":"SKIP","floor":2.0},{"not_picked":["Immolate","Run Through","ReplayTheSpireMod:Limb From Limb"],"picked":"SKIP","floor":3.0},{"not_picked":["Heavy Blade","Armaments"],"picked":"Iron Wave","floor":4.0},{"not_picked":["Anger","Flex"],"picked":"Disarm","floor":5.0},{"not_picked":["Double Tap","Havoc","Bloodletting"],"picked":"SKIP","floor":7.0},{"not_picked":["Twin Strike","Abandon","Run Through"],"picked":"SKIP","floor":8.0},{"not_picked":["ReplayTheSpireMod:LeadingStrike","Burning Pact","Flex"],"picked":"SKIP","floor":10.0},{"not_picked":["Carnage","Shrug It Off"],"picked":"Bomb","floor":14.0},{"not_picked":["Eclipse","Feed"],"picked":"Juggernaut","floor":16.0},{"not_picked":["Pummel","Spot Weakness","Sever Soul+1"],"picked":"SKIP","floor":18.0},{"not_picked":["Dark Embrace","Armaments","Blood for Blood"],"picked":"SKIP","floor":20.0},{"not_picked":["Thunderclap","Intimidate+1","Anger"],"picked":"SKIP","floor":22.0},{"not_picked":["Searing Blow+1","Power Through","Perfected Strike+1"],"picked":"SKIP","floor":23.0},{"not_picked":["Corruption","Cleave"],"picked":"Metallicize","floor":25.0},{"not_picked":["Rupture+1","ReplayTheSpireMod:Corrosion Curse","Power Through"],"picked":"SKIP","floor":29.0},{"not_picked":["Eclipse","Reaper"],"picked":"Demon Form","floor":33.0},{"not_picked":["Intimidate+1","Flex"],"picked":"True Grit+1","floor":35.0},{"not_picked":["Clash+1","Cleave","Flex+1"],"picked":"SKIP","floor":36.0},{"not_picked":["Limit Break","Searing Blow+1","Dual Wield+1"],"picked":"SKIP","floor":38.0},{"not_picked":["Perfected Strike","Demonic Infusion","Shrug It Off"],"picked":"SKIP","floor":41.0},{"not_picked":["infinitespire:OneForAll+1","Heavy Blade","Power Through"],"picked":"SKIP","floor":42.0},{"not_picked":["Warcry+1","ReplayTheSpireMod:LeadingStrike","Replay:Undeath\u0027s Touch+1"],"picked":"SKIP","floor":44.0},{"not_picked":["Iron Wave","Warcry+1"],"picked":"Disarm+1","floor":45.0},{"not_picked":["Second Wind","Headbutt","Run Through+1"],"picked":"SKIP","floor":46.0},{"not_picked":["Thunderclap","Havoc+1","Searing Blow+1"],"picked":"SKIP","floor":48.0}],"player_experience":556186,"relics_obtained":[{"floor":4.0,"key":"infinitespire:PuzzleCube"},{"floor":4.0,"key":"Replay:Bottled Eggs"},{"floor":7.0,"key":"Oddly Smooth Stone"},{"floor":9.0,"key":"Nunchaku"},{"floor":11.0,"key":"Ring of Misfortune"},{"floor":11.0,"key":"Ring of Greed"},{"floor":11.0,"key":"The Courier"},{"floor":11.0,"key":"infinitespire:Midas Blood"},{"floor":23.0,"key":"Pear"},{"floor":25.0,"key":"SalivaCoin"},{"floor":26.0,"key":"Potion Belt"},{"floor":27.0,"key":"Necronomicon"},{"floor":29.0,"key":"Replay:Kaleidoscope"},{"floor":41.0,"key":"Lizard Tail"},{"floor":43.0,"key":"Gremlin Food"},{"floor":45.0,"key":"Regal Pillow"}],"event_choices":[{"damage_healed":0.0,"max_hp_gain":0.0,"max_hp_loss":0.0,"gold_gain":0.0,"event_name":"HidenRoomEvent","player_choice":"Fight","floor":4.0,"gold_loss":0.0,"damage_taken":0.0},{"damage_healed":0.0,"max_hp_gain":0.0,"max_hp_loss":0.0,"gold_gain":0.0,"event_name":"Cursed Tome","player_choice":"Obtained Book","floor":27.0,"gold_loss":0.0,"damage_taken":16.0}],"is_beta":false,"boss_relics":[{"not_picked":["ReplayTheSpireMod:DimensionalGlitch","Electric Blood"],"picked":"Tiny House"},{"not_picked":[]},{"not_picked":["Runic Cube","Coffee Dripper"],"picked":"ChewingGum"},{"not_picked":[]}],"items_purged_floors":[0,0,13,19,21,37,39],"is_endless":false,"potions_floor_spawned":[3,4,5,10,16,20,25,33,36,41,44,45,48],"ascension_level":8}}