{"host":"81h68oe4mr04pk3r","time":1610776095,"event":{"mods":["Act Like it!","Aspiration","BaseMod","BetterRewards","Colored Map","Colored Powertips","Conspire","Downfall","Gensokyo","Hallownest","Hermit","Hubris","Infinite Spire","Jorbs\u0027s Wanderer Trilogy","Koishi","Lobotomy","LobotomyExtend","Marisa????????","Minty Spire (QoL Compilation)","Quick Restart","Reimu??????","Remilia??????","StSLib","The Bug Knight","The Construct","The Cursed","The Disciple","The Servant 0.9.4"],"gold_per_floor":[110,139,151,163,181,181,209,49,49,65,25,76,107,38,38,38,38],"floor_reached":16,"language":"ENG","playtime":838,"items_purged":[],"score":110,"play_id":"4e53c4bf-2195-4761-9de2-f204f3fdbde8","local_time":"20210115214815","is_ascension_mode":false,"campfire_choices":[{"floor":15,"key":"REST"}],"circlet_count":0,"master_deck":["HollowMod:NailStrikeStart","HollowMod:NailStrikeStart","HollowMod:NailStrikeStart","HollowMod:NailStrikeStart","HollowMod:QuickDashStart","HollowMod:QuickDashStart","HollowMod:QuickDashStart","HollowMod:QuickDashStart","HollowMod:FocusHealStart","HollowMod:PogoStrike","HollowMod:CycloneSlash","HollowMod:WraithStrike","HollowMod:DescendingDark","HollowMod:SiblingsShadow","HollowMod:HornetsHelp","HollowMod:MonarchWings","HollowMod:GrimmsGift","HollowMod:HuntersJournal","HollowMod:SoulSplash","HollowMod:ShadowDash","HollowMod:SharpenedNail"],"relics":["HollowMod:VesselMask","LetterFromLob","aspiration:FrozenJewel","Strawberry","Enchiridion","Centennial Puzzle","Potion Belt","Ornamental Fan"],"acts_visited":["Gensokyo:Gensokyo"],"potions_floor_usage":[2,7,16],"damage_taken":[{"damage":0,"enemies":"Gensokyo:Python","floor":1,"turns":2},{"damage":20,"enemies":"conspire:MimicChest","floor":2,"turns":5},{"damage":0,"enemies":"Gensokyo:3_Fairies","floor":3,"turns":3},{"damage":0,"enemies":"Gensokyo:2_Kodama","floor":4,"turns":2},{"damage":11,"enemies":"Gensokyo:CorruptedTreant","floor":5,"turns":3},{"damage":21,"enemies":"Gensokyo:Mamizou","floor":7,"turns":7},{"damage":0,"enemies":"Gensokyo:Kitsune","floor":10,"turns":2},{"damage":21,"enemies":"Gensokyo:Cirno","floor":13,"turns":4},{"damage":75,"enemies":"Gensokyo:Reimu","floor":16,"turns":10}],"seed_played":"-6719937931496279235","potions_obtained":[{"floor":1,"key":"Dexterity Potion"},{"floor":2,"key":"Swift Potion"},{"floor":4,"key":"hexamod:SoulburnPotion"},{"floor":13,"key":"SmokeBomb"}],"is_trial":false,"path_per_floor":["M","?","M","M","M","?","E","?","T","M","$","T","E","$","R","B"],"character_chosen":"THE_BUGKNIGHT","items_purchased":["HollowMod:HuntersJournal","HollowMod:ShadowDash","HollowMod:SharpenedNail"],"campfire_rested":1,"item_purchase_floors":[11,14,14],"current_hp_per_floor":[75,55,55,55,44,62,48,48,48,48,48,48,27,27,51,0,0],"gold":38,"neow_bonus":"THREE_CARDS","is_daily":false,"chose_seed":false,"campfire_upgraded":0,"win_rate":0.0,"timestamp":1610776095,"path_taken":["M","?","M","M","M","?","E","?","T","?","$","?","E","?","R","BOSS"],"items_purchased_type":["Card","Card","Card"],"build_version":"2020-12-22","purchased_purges":0,"victory":false,"max_hp_per_floor":[75,75,75,75,75,75,82,82,82,82,82,82,82,82,82,82,82],"card_choices":[{"not_picked":["HollowMod:MonarchWings","HollowMod:DreamGate"],"picked":"HollowMod:CycloneSlash","floor":0},{"not_picked":["HollowMod:CloakDash","HollowMod:InfectedCysts"],"picked":"HollowMod:WraithStrike","floor":1},{"not_picked":["HollowMod:HuntersJournal","HollowMod:PureNailStrike"],"picked":"HollowMod:DescendingDark","floor":2},{"not_picked":["HollowMod:DashSlash","HollowMod:NewLittleFool"],"picked":"HollowMod:SiblingsShadow","floor":3},{"not_picked":["HollowMod:GoodIntentions","HollowMod:MawleksShell"],"picked":"HollowMod:HornetsHelp","floor":4},{"not_picked":["HollowMod:MothsMistake","HollowMod:ChannelNail"],"picked":"HollowMod:MonarchWings","floor":5},{"not_picked":["HollowMod:DoubleDash","HollowMod:CornifersMapStart"],"picked":"HollowMod:GrimmsGift","floor":7},{"not_picked":["HollowMod:VengefulSpirit","HollowMod:SoulVessel","HollowMod:MothsMistake"],"picked":"SKIP","floor":10},{"not_picked":["HollowMod:HeavyBlow","HollowMod:CloakDash"],"picked":"HollowMod:SoulSplash","floor":13}],"player_experience":196441,"relics_obtained":[{"floor":1,"key":"LetterFromLob"},{"floor":2,"key":"aspiration:FrozenJewel"},{"floor":7,"key":"Strawberry"},{"floor":9,"key":"Centennial Puzzle"},{"floor":12,"key":"Potion Belt"},{"floor":13,"key":"Ornamental Fan"}],"event_choices":[],"is_beta":false,"boss_relics":[],"items_purged_floors":[],"is_endless":false,"potions_floor_spawned":[1,2,4,13],"killed_by":"Gensokyo:Reimu","ascension_level":0}}