{"host":"vumwfieg2b2mnrfl","time":1610769937,"event":{"mods":["AchievementEnabler","BaseMod","Minty Spire (QoL Compilation)","Rare Cards Sparkle","Relic Stats"],"gold_per_floor":[12,12,22,32,44,78,78,111,111,146,159,186,186,205,205,301,301,317,329,254,353,203,203,229,242,242,242,242,242,269,269,269,269,269],"floor_reached":33,"language":"ENG","playtime":1078,"items_purged":["Fasting2+1"],"score":354,"play_id":"e16f5296-8c5e-489a-ad26-49dbe0c1ecf2","local_time":"20210115220537","is_ascension_mode":true,"campfire_choices":[{"data":"Eruption","floor":7.0,"key":"SMITH"},{"floor":15,"key":"REST"},{"data":"Meditate","floor":23,"key":"SMITH"},{"data":"TalkToTheHand","floor":27,"key":"SMITH"},{"data":"Secret Weapon","floor":29,"key":"SMITH"},{"data":"Consecrate","floor":32,"key":"SMITH"}],"circlet_count":0,"master_deck":["Strike_P","Strike_P","Strike_P","Defend_P","Defend_P","Eruption+1","Vigilance","Secret Weapon+1","Consecrate+1","FlyingSleeves","FollowUp","FlurryOfBlows","TalkToTheHand+1","Evaluate","Meditate+1","ThirdEye","EmptyMind","Establishment","Scrawl+1","WreathOfFlame+1","WheelKick+1","Vengeance"],"relics":["PureWater","Ice Cream","Strawberry","Potion Belt","Sundial","Lantern","Astrolabe","Lee\u0027s Waffle","Ginger","Yang","CeramicFish"],"acts_visited":["Exordium","TheCity"],"potions_floor_usage":[16,25,33],"damage_taken":[{"damage":0.0,"enemies":"Cultist","floor":1.0,"turns":2.0},{"damage":2.0,"enemies":"Small Slimes","floor":3.0,"turns":3.0},{"damage":0.0,"enemies":"2 Louse","floor":4.0,"turns":3.0},{"damage":0.0,"enemies":"Large Slime","floor":5.0,"turns":3.0},{"damage":27.0,"enemies":"Lagavulin","floor":6.0,"turns":7.0},{"damage":20.0,"enemies":"3 Sentries","floor":8.0,"turns":7.0},{"damage":10.0,"enemies":"Gremlin Nob","floor":10.0,"turns":3.0},{"damage":11.0,"enemies":"Blue Slaver","floor":11.0,"turns":6.0},{"damage":0,"enemies":"2 Fungi Beasts","floor":14,"turns":1},{"damage":20,"enemies":"Slime Boss","floor":16,"turns":10},{"damage":14,"enemies":"Spheric Guardian","floor":18,"turns":4},{"damage":8,"enemies":"2 Thieves","floor":19,"turns":3},{"damage":35,"enemies":"Slavers","floor":24,"turns":5},{"damage":1,"enemies":"Centurion and Healer","floor":25,"turns":4},{"damage":64,"enemies":"Collector","floor":33,"turns":5}],"seed_played":"2184683915854258312","potions_obtained":[{"floor":1.0,"key":"Swift Potion"},{"floor":5.0,"key":"Dexterity Potion"},{"floor":10.0,"key":"Strength Potion"},{"floor":11.0,"key":"FearPotion"},{"floor":24,"key":"SkillPotion"}],"is_trial":false,"path_per_floor":["M","$","M","M","M","E","R","E","T","E","M","T","?","M","R","B",null,"M","M","$","?","$","R","E","M","T","R","?","R","T","?","R","B"],"character_chosen":"WATCHER","items_purchased":["Lee\u0027s Waffle"],"campfire_rested":1,"item_purchase_floors":[22],"current_hp_per_floor":[72,72,70,70,70,43,43,30,30,20,9,9,9,9,32,12,62,48,40,40,40,86,86,51,50,50,50,50,50,50,50,50,0,0],"gold":269,"neow_bonus":"RANDOM_COLORLESS_2","is_daily":false,"chose_seed":false,"campfire_upgraded":5,"win_rate":0.0,"timestamp":1610769937,"path_taken":["M","$","M","?","M","E","R","E","T","E","M","?","?","M","R","BOSS","M","M","$","?","$","R","E","M","T","R","?","R","?","?","R","BOSS"],"items_purchased_type":["Relic"],"build_version":"2020-12-22","purchased_purges":1,"victory":false,"max_hp_per_floor":[72,72,72,72,72,72,72,79,79,79,79,79,79,79,79,79,79,79,79,79,79,86,86,86,86,86,86,86,86,86,86,86,86,86],"relic_stats":{"Lee\u0027s Waffle":46,"counters":[15,66],"Sundial":[4],"Astrolabe":["Scrawl","WreathOfFlame","Fasting2"],"CeramicFish":0,"Yang":[15],"Ginger":[3],"obtain_stats":[{"Ice Cream":6,"Potion Belt":9,"Lantern":12,"Lee\u0027s Waffle":22,"Sundial":10,"Strawberry":8,"Astrolabe":17,"CeramicFish":30,"Yang":26,"Ginger":24,"PureWater":0},{"Ice Cream":5,"Potion Belt":6,"Lantern":8,"Lee\u0027s Waffle":12,"Sundial":7,"Strawberry":6,"Astrolabe":10,"CeramicFish":14,"Yang":14,"Ginger":13,"PureWater":0},{"Ice Cream":18,"Potion Belt":25,"Lantern":34,"Lee\u0027s Waffle":52,"Sundial":28,"Strawberry":25,"Astrolabe":45,"CeramicFish":61,"Yang":61,"Ginger":57,"PureWater":0}]},"card_choices":[{"not_picked":["Thinking Ahead","Magnetism"],"picked":"Secret Weapon","floor":0.0},{"not_picked":["Prostrate","ThirdEye"],"picked":"Consecrate","floor":1.0},{"not_picked":["Evaluate","EmptyFist"],"picked":"FlyingSleeves","floor":3.0},{"not_picked":["EmptyMind","Sanctity"],"picked":"FollowUp","floor":4.0},{"not_picked":["Evaluate","Perseverance"],"picked":"FlurryOfBlows","floor":5.0},{"not_picked":["Halt","Nirvana"],"picked":"TalkToTheHand","floor":6.0},{"not_picked":["ForeignInfluence","Consecrate"],"picked":"Evaluate","floor":8.0},{"not_picked":["Perseverance","Scrawl"],"picked":"Meditate","floor":10.0},{"not_picked":["Wireheading","WreathOfFlame"],"picked":"ThirdEye","floor":11.0},{"not_picked":["BattleHymn","Evaluate"],"picked":"EmptyMind","floor":14},{"not_picked":["SpiritShield","DevaForm"],"picked":"Establishment","floor":16},{"not_picked":["Worship","Evaluate+1","SashWhip"],"picked":"SKIP","floor":18},{"not_picked":["SashWhip","Halt+1"],"picked":"WheelKick+1","floor":19},{"not_picked":["WheelKick","EmptyBody","Meditate"],"picked":"SKIP","floor":24},{"not_picked":["WheelKick","EmptyBody"],"picked":"Vengeance","floor":25}],"player_experience":431185,"relics_obtained":[{"floor":6.0,"key":"Ice Cream"},{"floor":8.0,"key":"Strawberry"},{"floor":9.0,"key":"Potion Belt"},{"floor":10.0,"key":"Sundial"},{"floor":12.0,"key":"Lantern"},{"floor":24,"key":"Ginger"},{"floor":26,"key":"Yang"},{"floor":30,"key":"CeramicFish"}],"event_choices":[{"damage_healed":0,"gold_gain":0,"player_choice":"Fled","damage_taken":0,"max_hp_gain":0,"max_hp_loss":0,"event_name":"Scrap Ooze","floor":13,"gold_loss":0},{"damage_healed":0,"gold_gain":99,"player_choice":"Stole From Cult","damage_taken":0,"max_hp_gain":0,"max_hp_loss":0,"event_name":"Nest","floor":21,"gold_loss":0},{"damage_healed":0,"gold_gain":0,"player_choice":"Ignored","damage_taken":0,"max_hp_gain":0,"max_hp_loss":0,"event_name":"Ghosts","floor":28,"gold_loss":0},{"damage_healed":0,"gold_gain":0,"player_choice":"Ignored","damage_taken":0,"max_hp_gain":0,"max_hp_loss":0,"event_name":"Vampires","floor":31,"gold_loss":0}],"is_beta":false,"boss_relics":[{"not_picked":["Coffee Dripper","Velvet Choker"],"picked":"Astrolabe"}],"items_purged_floors":[20],"is_endless":false,"potions_floor_spawned":[1,5,10,11,24],"killed_by":"Collector","ascension_level":5}}