{"host":"37zexulz95aemuse","time":1610797822,"event":{"mods":["2.2 Compatiblity","BaseMod","CapriCore","GungeonMod","Koishi","Lobotomy","Marisa£¨Ùöéë¡¡Øª×âÞÞ£©","Minty Spire (QoL Compilation)","Replay The Spire","StSLib","The Bug Knight","The Cursed","The Gatherer","The Immortal","The Jungle","WarShipGirlsR/??á´Ò³R mod"],"gold_per_floor":[112,112,125,125,200,218,248,102,184,213,213,248,23,50,50,154,154,168,16,34,48,48,48],"floor_reached":22,"language":"KOR","playtime":2438,"items_purged":["FairyFestival"],"score":212,"play_id":"34e787ae-a764-4704-bb2d-91fe5f68355b","local_time":"20210116205022","is_ascension_mode":false,"campfire_choices":[{"data":"rmod:defend","floor":11,"key":"PURGE"},{"floor":15,"key":"REST"}],"circlet_count":0,"master_deck":["rmod:strick","rmod:strick","rmod:strick","rmod:defend","rmod:defend","rmod:defend","rmod:basicallowance","rmod:maingunfire","Funeral","rmod:guardianhero+1","rmod:overbreakdown","Bloodbath","LittleHelper","LittlePrince","rmod:punchline","rmod:timeschanged"],"relics":["rmod:firstchargereward","CogitoBucket","Peace Pipe","Chemical X","Sundial","DemoMod:WeirdEgg","Juzu Bracelet","Ancient Tea Set","DemoMod:PartiallyEatenCheese","Lantern"],"acts_visited":["Exordium","theJungle:Jungle"],"potions_floor_usage":[7,7,18],"damage_taken":[{"damage":0,"enemies":"2 Louse","floor":1,"turns":2},{"damage":0,"enemies":"Cultist","floor":3,"turns":4},{"damage":0,"enemies":"Jaw Worm","floor":6,"turns":1},{"damage":8,"enemies":"Lagavulin","floor":7,"turns":6},{"damage":12,"enemies":"3 Sentries","floor":10,"turns":7},{"damage":36,"enemies":"Lagavulin","floor":12,"turns":7},{"damage":21,"enemies":"3 Sentries","floor":14,"turns":6},{"damage":57,"enemies":"Fading Forest","floor":16,"turns":11},{"damage":19,"enemies":"theJungle:MUSHROOMGANG","floor":18,"turns":4},{"damage":41,"enemies":"theJungle:5_Spyders","floor":20,"turns":14},{"damage":22,"enemies":"theJungle:Lyon","floor":21,"turns":5},{"damage":0,"enemies":"theJungle:2_Snecko_Cultists","floor":22,"turns":2}],"seed_played":"7646634324100484769","potions_obtained":[{"floor":1,"key":"SkillPotion"},{"floor":3,"key":"LiquidMemories"},{"floor":16,"key":"Fire Potion"}],"is_trial":false,"path_per_floor":["M","?","M","?","?","M","E","$","T","E","R","E","$","E","R","B",null,"M","$","M","M","M"],"character_chosen":"PRAEFECT","items_purchased":["Chemical X","Ancient Tea Set","Lantern"],"campfire_rested":1,"item_purchase_floors":[8,13,19],"current_hp_per_floor":[75,75,75,80,69,70,73,73,73,71,71,44,44,26,50,8,80,61,61,30,10,10,10],"gold":48,"neow_bonus":"","is_daily":false,"chose_seed":false,"campfire_upgraded":0,"win_rate":0.0,"timestamp":1610797822,"path_taken":["M","?","?","?","?","?","E","$","T","E","R","E","$","E","R","BOSS","M","$","M","M","M"],"items_purchased_type":["Relic","Relic","Card"],"build_version":"2020-12-22","purchased_purges":1,"victory":false,"max_hp_per_floor":[75,75,75,80,80,80,80,80,80,80,80,80,80,80,80,80,80,80,80,80,80,80,80],"card_choices":[{"not_picked":["VoidDream","MHz"],"picked":"Funeral","floor":1},{"not_picked":["rmod:capitalist","rmod:fletcherpendant"],"picked":"rmod:guardianhero","floor":1},{"not_picked":["Rudolta","Murderer"],"picked":"FairyFestival","floor":3},{"not_picked":["rmod:salvage","rmod:ring"],"picked":"rmod:openingtorpedo","floor":3},{"not_picked":["Wellcheers","Bloodbath"],"picked":"BlackSwan","floor":6},{"not_picked":["rmod:unsinkable","rmod:supportaircraftcarrier","rmod:aviationdawn"],"picked":"SKIP","floor":6},{"not_picked":["rmod:unsinkable","rmod:supportaircraftcarrier","rmod:aviationdawn"],"picked":"SKIP","floor":6},{"not_picked":["rmod:circuitoustactics","rmod:smokecover"],"picked":"rmod:overbreakdown","floor":7},{"not_picked":["VoidDream","MeatLantern"],"picked":"Bloodbath","floor":10},{"not_picked":["rmod:tearstotiara","rmod:aluminumsupply","rmod:advancebysurprise"],"picked":"SKIP","floor":10},{"not_picked":["QueenBee","FieryBird"],"picked":"LittleHelper","floor":12},{"not_picked":["rmod:steelsupply","rmod:supportescort","rmod:aviationdawn"],"picked":"SKIP","floor":12},{"not_picked":["UniverseFragment","Murderer"],"picked":"LittlePrince","floor":14},{"not_picked":["rmod:aluminumsupply","rmod:sl"],"picked":"rmod:punchline","floor":14},{"not_picked":["OldLady","CrumblingArmor"],"picked":"BlackSwan","floor":16},{"not_picked":["rmod:saltedfish","rmod:stealaluminum"],"picked":"rmod:timeschanged","floor":16},{"not_picked":["rmod:maintain","rmod:sl+1","rmod:steelsupply"],"picked":"SKIP","floor":18},{"not_picked":["rmod:victimresponsibility","rmod:ring","rmod:aluminumsupply"],"picked":"SKIP","floor":20},{"not_picked":["rmod:overbreakdown","rmod:maintain","rmod:aluminumsupply+1"],"picked":"SKIP","floor":21}],"player_experience":93239,"relics_obtained":[{"floor":7,"key":"Peace Pipe"},{"floor":9,"key":"Sundial"},{"floor":10,"key":"DemoMod:WeirdEgg"},{"floor":12,"key":"Juzu Bracelet"},{"floor":14,"key":"DemoMod:PartiallyEatenCheese"}],"event_choices":[{"damage_healed":0,"gold_gain":0,"player_choice":"Upgraded","damage_taken":0,"max_hp_gain":0,"max_hp_loss":0,"event_name":"Upgrade Shrine","floor":2,"gold_loss":0,"cards_upgraded":["rmod:guardianhero"]},{"damage_healed":0,"gold_gain":0,"player_choice":"Donut","damage_taken":0,"max_hp_gain":5,"max_hp_loss":0,"event_name":"Big Fish","floor":4,"gold_loss":0},{"damage_healed":0,"gold_gain":75,"player_choice":"Gather Gold","damage_taken":11,"max_hp_gain":0,"max_hp_loss":0,"event_name":"World of Goop","floor":5,"gold_loss":0}],"is_beta":false,"boss_relics":[{"not_picked":["Cursed Key","Replay:Drink Me","Ectoplasm"]}],"items_purged_floors":[13],"is_endless":false,"potions_floor_spawned":[1,3,16],"killed_by":"theJungle:2_Snecko_Cultists","ascension_level":0}}