{"host":"ymn6un3ro3vi042j","time":1610830117,"event":{"mods":["AchievementEnabler","Act Like it!","BaseMod","Bestiary","Better Third Choice","BetterRewards","Colored Map","Colored Powertips","Conspire","Curses Come First","Dark Map","DeckTracker","Downfall","Friendly Minions","Highlight Path","Minty Spire (QoL Compilation)","Poor People Problems","Rare Cards Sparkle","StSLib","everything is the same but u backflip on backflip"],"gold_per_floor":[114,114,125,135,150,150,150,160,185,185,185,196,206,225,225,323,323,309,109,109,109,182,182,182,182],"floor_reached":24,"language":"ENG","playtime":895,"items_purged":[],"score":265,"play_id":"2add6c21-3d08-4411-aba3-93192e4075f1","local_time":"20210116124837","is_ascension_mode":false,"campfire_choices":[{"floor":6,"key":"REST"},{"data":"conspire:DoublingDagger","floor":11,"key":"SMITH"},{"floor":15,"key":"REST"},{"floor":23,"key":"REST"}],"circlet_count":0,"master_deck":["Defend_G","Defend_G","Defend_G","Defend_G","Defend_G","Survivor","Neutralize","Deadly Poison","Deadly Poison","Caltrops","Bane","conspire:DoublingDagger+1","Deadly Poison","Poisoned Stab","Deadly Poison","Noxious Fumes","Envenom+1","All Out Attack","conspire:SpireCoStock","conspire:SpireCoStock","conspire:SpireCoStock","conspire:SpireCoStock","Bite","Bite","Bite","Bite","Bite","Prepared+1"],"relics":["Ring of the Snake","Bag of Marbles","conspire:SlowCooker"],"acts_visited":["Exordium","TheCity"],"potions_floor_usage":[16,16,16],"damage_taken":[{"damage":6,"enemies":"2 Louse","floor":1,"turns":3},{"damage":4,"enemies":"Cultist","floor":3,"turns":4},{"damage":0,"enemies":"Small Slimes","floor":4,"turns":3},{"damage":8,"enemies":"Red Slaver","floor":5,"turns":3},{"damage":17,"enemies":"Blue Slaver","floor":8,"turns":3},{"damage":21,"enemies":"Lots of Slimes","floor":12,"turns":3},{"damage":10,"enemies":"Looter","floor":13,"turns":2},{"damage":6,"enemies":"2 Fungi Beasts","floor":14,"turns":3},{"damage":17,"enemies":"Slime Boss","floor":16,"turns":7},{"damage":32,"enemies":"2 Thieves","floor":18,"turns":4},{"damage":34,"enemies":"Shell Parasite","floor":22,"turns":6},{"damage":35,"enemies":"Chosen and Byrds","floor":24,"turns":3}],"seed_played":"3257801322463044237","potions_obtained":[{"floor":1,"key":"Ancient Potion"},{"floor":4,"key":"champ:CounterPotion"},{"floor":5,"key":"Energy Potion"}],"is_trial":false,"path_per_floor":["M","?","M","M","M","R","?","M","T","?","R","M","M","M","R","B",null,"M","?","?","?","M","R","M"],"character_chosen":"THE_SILENT","items_purchased":[],"campfire_rested":3,"item_purchase_floors":[],"current_hp_per_floor":[64,64,60,60,52,70,70,53,53,53,53,32,22,16,37,20,70,38,38,38,38,12,26,0,0],"gold":182,"neow_bonus":"THREE_CARDS","is_daily":false,"chose_seed":false,"campfire_upgraded":1,"win_rate":0.0,"timestamp":1610830117,"path_taken":["M","?","M","?","M","R","?","?","T","?","R","M","?","M","R","BOSS","M","?","?","?","M","R","?"],"items_purchased_type":[],"build_version":"2020-12-22","purchased_purges":0,"victory":false,"max_hp_per_floor":[70,70,70,70,70,70,70,70,70,70,70,70,70,70,70,70,70,70,70,49,49,49,49,49,49],"card_choices":[{"not_picked":["Distraction","Footwork"],"picked":"Deadly Poison","floor":0},{"not_picked":["Choke","Outmaneuver"],"picked":"Deadly Poison","floor":1},{"not_picked":["Blur","Dodge and Roll"],"picked":"Caltrops","floor":3},{"not_picked":["Tactician","Backflip"],"picked":"Bane","floor":4},{"not_picked":["Reflex","Expertise"],"picked":"conspire:DoublingDagger","floor":5},{"not_picked":["Slice","Prepared"],"picked":"Deadly Poison","floor":8},{"not_picked":["Reflex","Distraction"],"picked":"Poisoned Stab","floor":12},{"not_picked":["conspire:DoublingDagger","Endless Agony"],"picked":"Deadly Poison","floor":13},{"not_picked":["Doppelganger","Sucker Punch"],"picked":"Noxious Fumes","floor":14},{"not_picked":["Adrenaline","Unload"],"picked":"Envenom","floor":16},{"not_picked":["Cloak And Dagger","Acrobatics+1"],"picked":"All Out Attack","floor":18},{"not_picked":["Blade Dance","Expertise"],"picked":"Prepared+1","floor":22}],"player_experience":44537,"relics_obtained":[{"floor":9,"key":"Bag of Marbles"}],"event_choices":[{"cards_removed":["Strike_G"],"damage_healed":0,"gold_gain":0,"player_choice":"Purged","damage_taken":0,"max_hp_gain":0,"max_hp_loss":0,"event_name":"Purifier","floor":2,"gold_loss":0},{"damage_healed":0,"gold_gain":0,"player_choice":"Full Heal","damage_taken":0,"max_hp_gain":0,"max_hp_loss":0,"event_name":"Wheel of Change","floor":7,"gold_loss":0},{"damage_healed":0,"gold_gain":0,"player_choice":"Bought 0 Potions","damage_taken":0,"max_hp_gain":0,"max_hp_loss":0,"event_name":"The Woman in Blue","floor":10,"gold_loss":0},{"damage_healed":0,"gold_gain":0,"player_choice":"Invest 4","damage_taken":0,"max_hp_gain":0,"max_hp_loss":0,"event_name":"conspire:Investor","floor":19,"gold_loss":0},{"damage_healed":0,"gold_gain":0,"player_choice":"Became a vampire","damage_taken":0,"max_hp_gain":0,"max_hp_loss":21,"event_name":"Vampires","floor":20,"gold_loss":0,"cards_obtained":["Bite","Bite","Bite","Bite","Bite"]},{"damage_healed":0,"gold_gain":0,"player_choice":"Upgraded","damage_taken":0,"max_hp_gain":0,"max_hp_loss":0,"event_name":"Upgrade Shrine","floor":21,"gold_loss":0,"cards_upgraded":["Envenom"]}],"is_beta":false,"boss_relics":[{"not_picked":["Snecko Eye","conspire:RoyalGoblet"],"picked":"conspire:SlowCooker"}],"items_purged_floors":[],"is_endless":false,"potions_floor_spawned":[1,4,5,14],"killed_by":"Chosen and Byrds","ascension_level":0}}