{"host":"isy2gwbfe91wqj1j","time":1610775304,"event":{"mods":["AchievementEnabler","BaseMod","Better Altar","Better Match","Better Note","Better Sensory Stone","Better Skull","Better Third Choice","BetterRewards","Minty Spire (QoL Compilation)","StSLib"],"gold_per_floor":[109,109,128,128,3,3,30,50,50,50,62,81,81,95,95,193,193,211,121,121,121,14,14,41,41,41,41,68,86,86,100,100,205,205,223,223,109,129,129,129,156,156,183,183,183,195,210,210,210,210],"floor_reached":51,"language":"ENG","playtime":2035,"items_purged":["Strike_B","Strike_B","Strike_B","Dualcast","Defend_B","Defend_B"],"score":955,"play_id":"8a90839a-ca0c-44d8-a5be-c07aa0e5c39a","local_time":"20210115223504","is_ascension_mode":true,"campfire_choices":[{"data":"Barrage","floor":6,"key":"SMITH"},{"data":"Defragment","floor":13,"key":"SMITH"},{"data":"Capacitor","floor":15,"key":"SMITH"},{"data":"Cold Snap","floor":23,"key":"SMITH"},{"data":"Defragment","floor":25,"key":"SMITH"},{"data":"Cold Snap","floor":27,"key":"SMITH"},{"data":"Cold Snap","floor":32,"key":"SMITH"},{"data":"Reinforced Body","floor":40,"key":"SMITH"},{"data":"Glacier","floor":42,"key":"SMITH"},{"data":"Coolheaded","floor":44,"key":"SMITH"},{"floor":49,"key":"REST"}],"circlet_count":0,"master_deck":["Defend_B","Zap","Capacitor+1","Cold Snap+1","Coolheaded+1","Barrage+1","Reinforced Body+1","Conserve Battery","Self Repair","Defragment+1","Cold Snap+1","Capacitor+1","Cold Snap+1","Defragment+1","Cold Snap+1","Blizzard+1","Glacier+1","Blizzard+1","Echo Form"],"relics":["Cracked Core","Membership Card","Thread and Needle","Calipers","Anchor","Meat on the Bone","The Courier","Incense Burner","Philosopher\u0027s Stone","Ornamental Fan","Unceasing Top","Vajra","Strawberry","Nuclear Battery","Molten Egg 2","Mercury Hourglass","Art of War"],"acts_visited":["Exordium","TheCity","TheBeyond"],"potions_floor_usage":[24,24,50,50],"damage_taken":[{"damage":0,"enemies":"Small Slimes","floor":1,"turns":4},{"damage":0,"enemies":"2 Louse","floor":3,"turns":3},{"damage":5,"enemies":"3 Sentries","floor":7,"turns":13},{"damage":0,"enemies":"Cultist","floor":8,"turns":4},{"damage":0,"enemies":"Blue Slaver","floor":11,"turns":5},{"damage":0,"enemies":"3 Louse","floor":12,"turns":6},{"damage":0,"enemies":"Red Slaver","floor":14,"turns":4},{"damage":0,"enemies":"The Guardian","floor":16,"turns":15},{"damage":0,"enemies":"Chosen","floor":18,"turns":6},{"damage":0,"enemies":"Gremlin Leader","floor":24,"turns":9},{"damage":0,"enemies":"Book of Stabbing","floor":28,"turns":7},{"damage":0,"enemies":"Spheric Guardian","floor":29,"turns":3},{"damage":6,"enemies":"Shelled Parasite and Fungi","floor":31,"turns":6},{"damage":0,"enemies":"Champ","floor":33,"turns":11},{"damage":0,"enemies":"Orb Walker","floor":35,"turns":5},{"damage":29,"enemies":"3 Shapes","floor":36,"turns":6},{"damage":0,"enemies":"Transient","floor":38,"turns":5},{"damage":0,"enemies":"Nemesis","floor":41,"turns":9},{"damage":0,"enemies":"Jaw Worm Horde","floor":46,"turns":4},{"damage":0,"enemies":"Spire Growth","floor":47,"turns":6},{"damage":12,"enemies":"Donu and Deca","floor":50,"turns":8}],"seed_played":"8905408084217747530","potions_obtained":[{"floor":1,"key":"SpeedPotion"},{"floor":7,"key":"Fire Potion"},{"floor":12,"key":"Fire Potion"},{"floor":24,"key":"Fire Potion"},{"floor":29,"key":"Fire Potion"}],"is_trial":false,"path_per_floor":["M","?","M","?","$","R","E","M","T","$","M","M","R","M","R","B",null,"M","$","?","?","$","R","E","R","T","R","E","M","T","M","R","B",null,"M","M","$","M","T","R","E","R","T","R","?","M","M","?","R","B",null],"character_chosen":"DEFECT","items_purchased":["Membership Card","Capacitor","Cold Snap","Coolheaded","Anchor","Barrage","Conserve Battery","Self Repair","Capacitor","Cold Snap","Glacier"],"campfire_rested":1,"item_purchase_floors":[0,0,0,0,0,0,5,5,19,22,37],"current_hp_per_floor":[75,75,75,75,75,75,75,75,75,75,75,75,75,75,75,75,75,75,75,75,75,75,75,75,75,75,75,75,75,82,82,82,82,82,82,60,60,67,67,67,74,74,74,74,74,81,81,65,82,77],"gold":210,"neow_bonus":"","is_daily":false,"chose_seed":false,"campfire_upgraded":10,"win_rate":0.0,"timestamp":1610775304,"path_taken":["M","?","M","?","$","R","E","M","T","$","M","M","R","?","R","BOSS","M","$","?","?","$","R","E","R","T","R","E","?","?","M","R","BOSS","M","M","$","M","?","R","E","R","T","R","?","M","?","?","R","BOSS"],"items_purchased_type":["Relic","Card","Card","Card","Relic","Card","Card","Card","Card","Card","Card"],"build_version":"2020-12-22","purchased_purges":6,"victory":true,"max_hp_per_floor":[75,75,75,75,75,75,75,75,75,75,75,75,75,75,75,75,75,75,75,75,75,75,75,75,75,75,75,75,75,82,82,82,82,82,82,82,82,82,82,82,82,82,82,82,82,82,82,82,82,82],"card_choices":[{"not_picked":["Steam","Rebound","Go for the Eyes"],"picked":"SKIP","floor":1},{"not_picked":["Self Repair","Redo"],"picked":"Reinforced Body","floor":3},{"not_picked":["Genetic Algorithm","Redo"],"picked":"Defragment","floor":7},{"not_picked":["Hologram","Compile Driver","Sweeping Beam"],"picked":"SKIP","floor":8},{"not_picked":["Beam Cell","Aggregate","FTL"],"picked":"SKIP","floor":11},{"not_picked":["Biased Cognition","Barrage"],"picked":"Cold Snap","floor":12},{"not_picked":["Ball Lightning","Conserve Battery","Leap"],"picked":"SKIP","floor":14},{"not_picked":["Steam","Compile Driver+1","Beam Cell"],"picked":"SKIP","floor":18},{"not_picked":["Redo","Darkness"],"picked":"Defragment","floor":24},{"not_picked":["Compile Driver","Loop","Storm+1"],"picked":"SKIP","floor":28},{"not_picked":["Aggregate","Streamline"],"picked":"Cold Snap+1","floor":29},{"not_picked":["Capacitor","Steam Power"],"picked":"Blizzard+1","floor":31},{"not_picked":["Beam Cell+1","Cold Snap+1","Leap"],"picked":"SKIP","floor":35},{"not_picked":["Capacitor+1","Self Repair+1","Go for the Eyes"],"picked":"SKIP","floor":36},{"not_picked":["Rebound+1","Loop","Redo"],"picked":"SKIP","floor":38},{"not_picked":["FTL+1","Hologram","Leap+1"],"picked":"SKIP","floor":41},{"not_picked":["Conserve Battery","Go for the Eyes+1","Leap+1"],"picked":"SKIP","floor":46},{"not_picked":["Sweeping Beam+1","Gash+1"],"picked":"Blizzard+1","floor":47}],"player_experience":169373,"relics_obtained":[{"floor":4,"key":"Meat on the Bone"},{"floor":7,"key":"The Courier"},{"floor":9,"key":"Incense Burner"},{"floor":24,"key":"Ornamental Fan"},{"floor":26,"key":"Unceasing Top"},{"floor":28,"key":"Vajra"},{"floor":30,"key":"Strawberry"},{"floor":39,"key":"Molten Egg 2"},{"floor":41,"key":"Mercury Hourglass"},{"floor":43,"key":"Art of War"}],"event_choices":[{"cards_removed":["Strike_B"],"damage_healed":0,"gold_gain":0,"player_choice":"Forget","damage_taken":0,"max_hp_gain":0,"max_hp_loss":0,"event_name":"Living Wall","floor":2,"gold_loss":0},{"damage_healed":0,"gold_gain":0,"player_choice":"Relic","damage_taken":0,"max_hp_gain":0,"max_hp_loss":0,"event_name":"Wheel of Change","floor":4,"gold_loss":0},{"damage_healed":0,"gold_gain":0,"player_choice":"Ignored","damage_taken":0,"max_hp_gain":0,"max_hp_loss":0,"event_name":"Vampires","floor":20,"gold_loss":0},{"damage_healed":0,"gold_gain":0,"player_choice":"Upgraded","damage_taken":0,"max_hp_gain":0,"max_hp_loss":0,"event_name":"Upgrade Shrine","floor":21,"gold_loss":0,"cards_upgraded":["Capacitor"]},{"cards_removed":["Defend_B"],"damage_healed":0,"gold_gain":0,"player_choice":"Offered Basic","damage_taken":0,"max_hp_gain":0,"max_hp_loss":0,"event_name":"Bonfire Elementals","floor":45,"gold_loss":0},{"damage_healed":0,"gold_gain":3,"player_choice":"2","damage_taken":0,"max_hp_gain":0,"max_hp_loss":16,"event_name":"betterStone:BetterStone","floor":48,"gold_loss":0}],"is_beta":false,"boss_relics":[{"not_picked":["Coffee Dripper","Ectoplasm"],"picked":"Philosopher\u0027s Stone"},{"not_picked":["Snecko Eye","Inserter"],"picked":"Nuclear Battery"}],"items_purged_floors":[0,0,5,19,22,37],"is_endless":false,"potions_floor_spawned":[1,7,12,16,24,29,33,41,46,47],"ascension_level":1}}