{"host":"yvb207ks1sg3cxef","time":1610786883,"event":{"mods":["2.2 Compatiblity","BaseMod","Bestiary","Colored Powertips","Minty Spire (QoL Compilation)","Permanent Neow","Quick Restart","Relic Stats","StSLib"],"gold_per_floor":[114,114,126,146,146,146,173,173,173,206,206,224,174,208,208,304,304,320,332,257,257,157,157,183,29,74,74,173,8,47,81,81,206,206,225,300,343,343,343],"floor_reached":38,"language":"ENG","playtime":1575,"items_purged":["Strike_B","Writhe"],"score":582,"play_id":"1899f24f-0344-480c-ab23-b0e579594bfe","local_time":"20210116141803","is_ascension_mode":true,"campfire_choices":[{"data":"Zap","floor":6.0,"key":"SMITH"},{"data":"Dualcast","floor":8.0,"key":"SMITH"},{"data":"Buffer","floor":11.0,"key":"SMITH"},{"data":"Capacitor","floor":15.0,"key":"SMITH"},{"data":"Barrage","floor":23.0,"key":"SMITH"},{"data":"Biased Cognition","floor":27.0,"key":"SMITH"},{"data":"HandOfGreed","floor":32.0,"key":"SMITH"}],"circlet_count":0,"master_deck":["Strike_B","Strike_B","Defend_B","Defend_B+1","Defend_B+1","Defend_B+1","Zap+1","Dualcast+1","Loop+1","Ball Lightning","Barrage+1","Buffer+1","BootSequence","Capacitor+1","Biased Cognition","Cold Snap+1","Biased Cognition+1","HandOfGreed+1","Cold Snap+1","Lockon","Core Surge","FTL"],"relics":["Runic Pyramid","Eternal Feather","War Paint","Regal Pillow","Inserter","Gremlin Horn","Kunai","DollysMirror","PreservedInsect","Philosopher\u0027s Stone","Calipers"],"acts_visited":["Exordium","TheCity","TheBeyond"],"potions_floor_usage":[38],"damage_taken":[{"damage":1.0,"enemies":"Small Slimes","floor":1.0,"turns":4.0},{"damage":0.0,"enemies":"2 Louse","floor":3.0,"turns":2.0},{"damage":0.0,"enemies":"Cultist","floor":4.0,"turns":3.0},{"damage":18.0,"enemies":"3 Sentries","floor":7.0,"turns":6.0},{"damage":4.0,"enemies":"Gremlin Nob","floor":10.0,"turns":3.0},{"damage":9.0,"enemies":"Exordium Wildlife","floor":12.0,"turns":4.0},{"damage":0.0,"enemies":"Lagavulin","floor":14.0,"turns":6.0},{"damage":0.0,"enemies":"The Guardian","floor":16.0,"turns":10.0},{"damage":0.0,"enemies":"Chosen","floor":18.0,"turns":5.0},{"damage":6.0,"enemies":"Spheric Guardian","floor":19.0,"turns":7.0},{"damage":45.0,"enemies":"Book of Stabbing","floor":24.0,"turns":6.0},{"damage":0.0,"enemies":"Cultist and Chosen","floor":30.0,"turns":5.0},{"damage":1.0,"enemies":"Shelled Parasite and Fungi","floor":31.0,"turns":5.0},{"damage":37.0,"enemies":"Collector","floor":33.0,"turns":11.0},{"damage":3.0,"enemies":"Orb Walker","floor":35.0,"turns":4.0},{"damage":0.0,"enemies":"Mind Bloom Boss Battle","floor":36.0,"turns":6.0},{"damage":39,"enemies":"3 Darklings","floor":37,"turns":6},{"damage":35,"enemies":"Jaw Worm Horde","floor":38,"turns":3}],"seed_played":"7617843017200660349","potions_obtained":[{"floor":4.0,"key":"EntropicBrew"},{"floor":7.0,"key":"Dexterity Potion"},{"floor":12.0,"key":"CultistPotion"},{"floor":24.0,"key":"SteroidPotion"},{"floor":33.0,"key":"Energy Potion"},{"floor":36.0,"key":"DuplicationPotion"}],"is_trial":false,"path_per_floor":["M","?","M","M","?","R","E","R","T","E","R","M","?","E","R","B",null,"M","M","$","?","$","R","E","$","T","R","?","$","M","M","R","B",null,"M","?","M","M"],"character_chosen":"DEFECT","items_purchased":["DollysMirror","HandOfGreed"],"campfire_rested":0,"item_purchase_floors":[25,29],"current_hp_per_floor":[74,59,59,59,75,75,57,63,63,59,65,56,56,56,65,65,75,75,69,69,69,69,75,30,30,30,39,39,39,39,38,50,13,75,72,72,33,0,0],"gold":343,"neow_bonus":"BOSS_RELIC","is_daily":false,"chose_seed":false,"campfire_upgraded":7,"win_rate":0.0,"timestamp":1610786883,"path_taken":["M","?","M","M","?","R","E","R","T","E","R","?","?","E","R","BOSS","M","M","$","?","$","R","E","$","T","R","?","?","?","M","R","BOSS","M","?","M","M"],"items_purchased_type":["Relic","Card"],"build_version":"2020-12-22","purchased_purges":2,"victory":false,"max_hp_per_floor":[75,75,75,75,75,75,75,75,75,75,75,75,75,75,75,75,75,75,75,75,75,75,75,75,75,75,75,75,75,75,75,75,75,75,75,75,75,75,75],"relic_stats":{"Regal Pillow":0,"Inserter":[28],"Gremlin Horn":[8,9],"counters":[18,95],"Eternal Feather":48,"PreservedInsect":0,"Kunai":[11],"War Paint":["Defend_B","Defend_B"],"obtain_stats":[{"Regal Pillow":14,"Inserter":17,"Calipers":36,"Gremlin Horn":21,"DollysMirror":25,"Eternal Feather":7,"Philosopher\u0027s Stone":34,"PreservedInsect":26,"Kunai":24,"War Paint":10,"Cracked Core":0,"Runic Pyramid":0},{"Regal Pillow":7,"Inserter":8,"Calipers":16,"Gremlin Horn":10,"DollysMirror":11,"Eternal Feather":4,"Philosopher\u0027s Stone":14,"PreservedInsect":11,"Kunai":11,"War Paint":5,"Cracked Core":0,"Runic Pyramid":0},{"Regal Pillow":28,"Inserter":38,"Calipers":86,"Gremlin Horn":50,"DollysMirror":55,"Eternal Feather":15,"Philosopher\u0027s Stone":76,"PreservedInsect":55,"Kunai":55,"War Paint":18,"Cracked Core":0,"Runic Pyramid":0}]},"card_choices":[{"not_picked":["Sweeping Beam","Heatsinks"],"picked":"Loop","floor":1.0},{"not_picked":["BootSequence","Blizzard"],"picked":"Ball Lightning","floor":3.0},{"not_picked":["Undo","Redo"],"picked":"Barrage","floor":4.0},{"not_picked":["Compile Driver","Barrage","Redo"],"picked":"SKIP","floor":7.0},{"not_picked":["Barrage","Ball Lightning"],"picked":"Buffer","floor":10.0},{"not_picked":["Rebound","Reinforced Body"],"picked":"BootSequence","floor":12.0},{"not_picked":["Lockon","Rainbow"],"picked":"Capacitor","floor":14.0},{"not_picked":["Electrodynamics","Seek"],"picked":"Biased Cognition","floor":16.0},{"not_picked":["Stack","Hologram","Gash"],"picked":"SKIP","floor":18.0},{"not_picked":["Storm+1","Darkness","Redo"],"picked":"SKIP","floor":19.0},{"not_picked":["Chaos","Hello World"],"picked":"Cold Snap+1","floor":24.0},{"not_picked":["Hello World+1","Sweeping Beam"],"picked":"Cold Snap+1","floor":30.0},{"not_picked":["Stack","Turbo"],"picked":"Lockon","floor":31.0},{"not_picked":["Biased Cognition","Seek"],"picked":"Core Surge","floor":33.0},{"not_picked":["Sweeping Beam","Reinforced Body"],"picked":"FTL","floor":35.0},{"not_picked":["Gash","Doom and Gloom","Turbo+1"],"picked":"SKIP","floor":37}],"player_experience":357428,"relics_obtained":[{"floor":7.0,"key":"Eternal Feather"},{"floor":10.0,"key":"War Paint"},{"floor":14.0,"key":"Regal Pillow"},{"floor":24.0,"key":"Kunai"},{"floor":26.0,"key":"PreservedInsect"},{"floor":36.0,"key":"Calipers"}],"event_choices":[{"damage_healed":0.0,"max_hp_gain":0.0,"max_hp_loss":0.0,"gold_gain":0.0,"event_name":"Shining Light","player_choice":"Entered Light","floor":2.0,"gold_loss":0.0,"damage_taken":15.0,"cards_upgraded":["Loop","Defend_B"]},{"damage_healed":16.0,"max_hp_gain":0.0,"max_hp_loss":0.0,"gold_gain":0.0,"event_name":"Wheel of Change","player_choice":"Full Heal","floor":5.0,"gold_loss":0.0,"damage_taken":0.0},{"cards_removed":["Strike_B"],"damage_healed":0.0,"max_hp_gain":0.0,"max_hp_loss":0.0,"gold_gain":0.0,"event_name":"The Cleric","player_choice":"Card Removal","floor":13.0,"gold_loss":50.0,"damage_taken":0.0},{"damage_healed":0.0,"max_hp_gain":0.0,"max_hp_loss":0.0,"gold_gain":0.0,"event_name":"The Mausoleum","player_choice":"Opened","floor":21.0,"gold_loss":0.0,"damage_taken":0.0,"relics_obtained":["Gremlin Horn"],"cards_obtained":["Writhe"]},{"damage_healed":0.0,"max_hp_gain":0.0,"max_hp_loss":0.0,"gold_gain":99.0,"event_name":"Nest","player_choice":"Stole From Cult","floor":28.0,"gold_loss":0.0,"damage_taken":0.0},{"damage_healed":0.0,"max_hp_gain":0.0,"max_hp_loss":0.0,"gold_gain":0.0,"event_name":"MindBloom","player_choice":"Fight","floor":36.0,"gold_loss":0.0,"damage_taken":0.0}],"is_beta":false,"boss_relics":[{"not_picked":["Pandora\u0027s Box","Velvet Choker"],"picked":"Inserter"},{"not_picked":["Fusion Hammer","Snecko Eye"],"picked":"Philosopher\u0027s Stone"}],"items_purged_floors":[20,22],"is_endless":false,"potions_floor_spawned":[4,7,12,24,31,33,36],"killed_by":"Jaw Worm Horde","ascension_level":4}}