{"host":"hy0jryqxzmxotc0g","time":1610755543,"event":{"mods":["BaseMod","BetterRewards","Minty Spire (QoL Compilation)","StSLib","The Bladedancer","The Bug Knight","The Cursed","The Disciple","The Exalted","The Saiyan","The Servant 0.9.4"],"gold_per_floor":[119,129,129,129,129,129,129,51,51,51,51,63,63,102,102,208,208,237,187,204,228,246,246,255,255,255,180,194,221,221,221,221,221,221],"floor_reached":33,"language":"FRA","playtime":24101,"items_purged":[],"score":268,"play_id":"71085d53-00b2-4254-a93a-efc0f51b949d","local_time":"20210116010543","is_ascension_mode":false,"campfire_choices":[{"floor":6,"key":"RECALL"},{"data":"TheCursedMod:ReleasedKnowledge","floor":10,"key":"SMITH"},{"floor":15,"key":"REST"},{"floor":23,"key":"REST"},{"floor":25,"key":"REST"},{"floor":30,"key":"REST"},{"floor":32,"key":"REST"}],"circlet_count":0,"master_deck":["TheCursedMod:Strike_TheCursed","TheCursedMod:Strike_TheCursed","TheCursedMod:Defend_TheCursed+1","TheCursedMod:Defend_TheCursed+1","TheCursedMod:Defend_TheCursed+1","TheCursedMod:CursedWand","TheCursedMod:CleanUpWorkshop+1","TheCursedMod:Dregs","TheCursedMod:CursedBlade","TheCursedMod:SpitefulStrike","TheCursedMod:ReleasedKnowledge+1","TheCursedMod:WearCloak","TheCursedMod:CollectTribute","TheCursedMod:StunningStrike","TheCursedMod:LuckyCharm+1","TheCursedMod:ManaBullet","Necronomicurse","TheCursedMod:ManaCirculation"],"relics":["TheCursedMod:BlackMagic101","Sundial","War Paint","CeramicFish","Fusion Hammer","Necronomicon"],"acts_visited":["Exordium","TheCity"],"potions_floor_usage":[16,33,33],"damage_taken":[{"damage":0,"enemies":"Cultist","floor":1,"turns":3},{"damage":1,"enemies":"Jaw Worm","floor":2,"turns":4},{"damage":0,"enemies":"Small Slimes","floor":12,"turns":3},{"damage":32,"enemies":"Lagavulin","floor":14,"turns":11},{"damage":42,"enemies":"Slime Boss","floor":16,"turns":9},{"damage":8,"enemies":"Spheric Guardian","floor":18,"turns":4},{"damage":23,"enemies":"2 Thieves","floor":20,"turns":5},{"damage":2,"enemies":"3 Cultists","floor":21,"turns":7},{"damage":9,"enemies":"Centurion and Healer","floor":22,"turns":12},{"damage":13,"enemies":"Snake Plant","floor":28,"turns":5},{"damage":7,"enemies":"Snecko","floor":29,"turns":6},{"damage":93,"enemies":"Champ","floor":33,"turns":16}],"seed_played":"-5393880023475214277","potions_obtained":[{"floor":14,"key":"ColorlessPotion"},{"floor":21,"key":"Regen Potion"},{"floor":28,"key":"SkillPotion"},{"floor":29,"key":"SkillPotion"}],"is_trial":false,"path_per_floor":["M","M","?","?","?","R","?","$","T","R","?","M","$","E","R","B",null,"M","?","M","M","M","R","?","R","T","?","M","M","R","?","R","B"],"character_chosen":"THE_CURSED","items_purchased":["TheCursedMod:ReleasedKnowledge"],"campfire_rested":5,"item_purchase_floors":[8],"current_hp_per_floor":[82,81,74,79,79,79,62,62,62,62,59,59,59,27,53,11,87,79,79,56,54,45,71,55,81,81,81,68,61,87,70,92,0,0],"gold":221,"neow_bonus":"TEN_PERCENT_HP_BONUS","is_daily":false,"chose_seed":false,"campfire_upgraded":1,"win_rate":0.0,"timestamp":1610755543,"path_taken":["M","M","?","?","?","R","?","?","T","R","?","M","$","E","R","BOSS","M","?","M","?","M","R","?","R","T","?","M","M","R","?","R","BOSS"],"items_purchased_type":["Card"],"build_version":"2020-12-22","purchased_purges":0,"victory":false,"max_hp_per_floor":[82,82,82,87,87,87,87,87,87,87,87,87,87,87,87,87,87,87,87,87,87,87,87,87,87,87,87,87,87,87,92,92,92,92],"card_choices":[{"not_picked":["TheCursedMod:RapidMovement","TheCursedMod:WearCloak"],"picked":"TheCursedMod:CursedBlade","floor":1},{"not_picked":["TheCursedMod:TacticalStrike","TheCursedMod:Stigma"],"picked":"TheCursedMod:SpitefulStrike","floor":2},{"not_picked":["TheCursedMod:RavingStaff","TheCursedMod:Wield"],"picked":"TheCursedMod:WearCloak","floor":12},{"not_picked":["TheCursedMod:FleshFromBone","TheCursedMod:CircleOfWindfury"],"picked":"TheCursedMod:CollectTribute","floor":14},{"not_picked":["TheCursedMod:ManaCirculation","TheCursedMod:DemonicPact"],"picked":"TheCursedMod:StunningStrike","floor":16},{"not_picked":["TheCursedMod:Stigma","TheCursedMod:Stretching"],"picked":"TheCursedMod:LuckyCharm+1","floor":18},{"not_picked":["TheCursedMod:Obscuration","TheCursedMod:CircleOfBlood","TheCursedMod:Wield"],"picked":"SKIP","floor":20},{"not_picked":["TheCursedMod:AshesToAshes","TheCursedMod:Stigma"],"picked":"TheCursedMod:ManaBullet","floor":21},{"not_picked":["TheCursedMod:SurpriseAttack","TheCursedMod:CircleOfCorruption+1","TheCursedMod:FuryStrike"],"picked":"SKIP","floor":22},{"not_picked":["TheCursedMod:CursedShiv+1","TheCursedMod:SurpriseAttack","TheCursedMod:CursedAmulet"],"picked":"SKIP","floor":28},{"not_picked":["TheCursedMod:CursedBlade","TheCursedMod:FleshFromBone"],"picked":"TheCursedMod:ManaCirculation","floor":29}],"player_experience":214059,"relics_obtained":[{"floor":9,"key":"Sundial"},{"floor":14,"key":"CeramicFish"},{"floor":24,"key":"Necronomicon"}],"event_choices":[{"cards_removed":["TheCursedMod:Defend_TheCursed"],"damage_healed":0,"gold_gain":0,"player_choice":"Card Removal","damage_taken":7,"max_hp_gain":0,"max_hp_loss":0,"event_name":"Golden Wing","floor":3,"gold_loss":0},{"damage_healed":0,"gold_gain":0,"player_choice":"Donut","damage_taken":0,"max_hp_gain":5,"max_hp_loss":0,"event_name":"Big Fish","floor":4,"gold_loss":0},{"cards_removed":["TheCursedMod:Strike_TheCursed"],"damage_healed":0,"gold_gain":0,"player_choice":"Forget","damage_taken":0,"max_hp_gain":0,"max_hp_loss":0,"event_name":"Living Wall","floor":5,"gold_loss":0},{"damage_healed":0,"gold_gain":0,"player_choice":"Entered Light","damage_taken":17,"max_hp_gain":0,"max_hp_loss":0,"event_name":"Shining Light","floor":7,"gold_loss":0,"cards_upgraded":["TheCursedMod:Defend_TheCursed","TheCursedMod:Defend_TheCursed"]},{"damage_healed":0,"gold_gain":0,"player_choice":"Success","damage_taken":3,"relics_obtained":["War Paint"],"max_hp_gain":0,"max_hp_loss":0,"event_name":"Scrap Ooze","floor":11,"gold_loss":0},{"damage_healed":0,"gold_gain":0,"player_choice":"Bet on Murderer","damage_taken":0,"max_hp_gain":0,"max_hp_loss":0,"event_name":"The Joust","floor":19,"gold_loss":50},{"damage_healed":0,"gold_gain":0,"player_choice":"Obtained Book","damage_taken":16,"max_hp_gain":0,"max_hp_loss":0,"event_name":"Cursed Tome","floor":24,"gold_loss":0},{"cards_removed":["TheCursedMod:Strike_TheCursed"],"damage_healed":0,"gold_gain":0,"player_choice":"Gave Gold","damage_taken":0,"max_hp_gain":0,"max_hp_loss":0,"event_name":"Beggar","floor":27,"gold_loss":75},{"damage_healed":0,"gold_gain":0,"player_choice":"Shed Blood","damage_taken":22,"max_hp_gain":5,"max_hp_loss":0,"event_name":"Forgotten Altar","floor":31,"gold_loss":0}],"is_beta":false,"boss_relics":[{"not_picked":["Sozu","Bromod:ArcaneGrace"],"picked":"Fusion Hammer"}],"items_purged_floors":[],"is_endless":false,"potions_floor_spawned":[14,21,28,29],"killed_by":"Champ","ascension_level":0}}