{"host":"danq4vzudt77osor","time":1610818408,"event":{"mods":["BaseMod","Colored Map","Custom Start","Minty Spire (QoL Compilation)","StSLib","SuperFastMode"],"gold_per_floor":[118,137,156,174,194,194,194,229,229,229,242,275,287,326,338,350,350],"floor_reached":16,"language":"KOR","playtime":483,"items_purged":[],"score":244,"play_id":"cd912085-6e4f-42bc-b438-5a61cc9fc752","local_time":"20210117023328","is_ascension_mode":true,"campfire_choices":[{"data":"Deadly Poison","floor":6,"key":"SMITH"},{"data":"Neutralize","floor":10,"key":"SMITH"},{"data":"Cloak And Dagger","floor":13,"key":"SMITH"},{"data":"Dagger Spray","floor":15,"key":"SMITH"}],"circlet_count":0,"master_deck":["AscendersBane","Strike_G","Strike_G","Strike_G","Strike_G","Strike_G","Defend_G","Defend_G","Defend_G","Defend_G","Defend_G","Survivor","Neutralize+1","Cloak And Dagger+1","Flying Knee","Backflip","Blade Dance","Deadly Poison+1","Predator","Slice","Dagger Spray+1"],"relics":["Ring of the Snake","Bag of Marbles","Lantern","StrikeDummy","MawBank","WingedGreaves"],"acts_visited":["Exordium"],"potions_floor_usage":[8,14,14,16],"damage_taken":[{"damage":1,"enemies":"2 Louse","floor":1,"turns":3},{"damage":1,"enemies":"Cultist","floor":2,"turns":4},{"damage":0,"enemies":"Jaw Worm","floor":3,"turns":4},{"damage":0,"enemies":"2 Fungi Beasts","floor":4,"turns":4},{"damage":9,"enemies":"Red Slaver","floor":5,"turns":3},{"damage":12,"enemies":"3 Sentries","floor":8,"turns":7},{"damage":6,"enemies":"Exordium Wildlife","floor":11,"turns":4},{"damage":12,"enemies":"Lagavulin","floor":12,"turns":5},{"damage":14,"enemies":"3 Sentries","floor":14,"turns":8},{"damage":19,"enemies":"Slime Boss","floor":16,"turns":6}],"seed_played":"452127002719839651","potions_obtained":[{"floor":2,"key":"Regen Potion"},{"floor":3,"key":"Explosive Potion"},{"floor":8,"key":"SpeedPotion"},{"floor":14,"key":"GhostInAJar"}],"is_trial":false,"path_per_floor":["M","M","M","M","M","R","?","E","T","R","M","E","R","E","R","B"],"character_chosen":"THE_SILENT","items_purchased":[],"campfire_rested":0,"item_purchase_floors":[],"current_hp_per_floor":[58,57,57,57,48,48,44,32,32,32,26,14,14,15,15,0,0],"gold":350,"neow_bonus":"RANDOM_COMMON_RELIC","is_daily":false,"chose_seed":false,"campfire_upgraded":4,"win_rate":0.0,"timestamp":1610818408,"path_taken":["M","M","M","M","M","R","?","E","T","R","M","E","R","E","R","BOSS"],"items_purchased_type":[],"build_version":"2020-12-22","purchased_purges":0,"victory":false,"max_hp_per_floor":[66,66,66,66,66,66,66,66,66,66,66,66,66,66,66,66,66],"card_choices":[{"not_picked":["Bane","Predator"],"picked":"Cloak And Dagger","floor":1},{"not_picked":["Catalyst","Predator"],"picked":"Flying Knee","floor":2},{"not_picked":["Slice","Dodge and Roll"],"picked":"Backflip","floor":3},{"not_picked":["Backflip","Outmaneuver"],"picked":"Blade Dance","floor":4},{"not_picked":["Cloak And Dagger","Outmaneuver"],"picked":"Deadly Poison","floor":5},{"not_picked":["Underhanded Strike","PiercingWail"],"picked":"Predator","floor":8},{"not_picked":["Storm of Steel","Accuracy"],"picked":"Slice","floor":11},{"not_picked":["PiercingWail","Poisoned Stab"],"picked":"Dagger Spray","floor":12},{"not_picked":["Flying Knee","Flechettes","Dagger Spray"],"picked":"SKIP","floor":14}],"player_experience":1660784,"relics_obtained":[{"floor":8,"key":"Lantern"},{"floor":9,"key":"StrikeDummy"},{"floor":12,"key":"MawBank"},{"floor":14,"key":"WingedGreaves"}],"event_choices":[{"damage_healed":0,"gold_gain":0,"player_choice":"Bought 0 Potions","damage_taken":0,"max_hp_gain":0,"max_hp_loss":0,"event_name":"The Woman in Blue","floor":7,"gold_loss":0}],"is_beta":false,"boss_relics":[],"items_purged_floors":[],"is_endless":false,"potions_floor_spawned":[2,3,8,12,14],"killed_by":"Slime Boss","ascension_level":20}}