{"host":"640uue19m79c7wbt","time":1610769148,"event":{"mods":["BaseMod","Colored Map","Googly Eyes","Highlight Path","Minty Spire (QoL Compilation)","Quick Restart","StSLib"],"gold_per_floor":[115,127,55,130,305,340,340,368,368,368,399,411,431,431,431,536,536,552,569,569,81,6,6,36,36,89,89,124,124,124,144,144,244,244,255,274,288,4,16,48,48,48,48,48,0,51,85,45,45,45],"floor_reached":51,"language":"ENG","playtime":2282,"items_purged":["Doubt"],"score":1234,"play_id":"e3a8f72e-e348-426d-99c5-3ea3b57de08e","local_time":"20210115225228","is_ascension_mode":true,"campfire_choices":[{"data":"Phantasmal Killer","floor":7.0,"key":"SMITH"},{"floor":15.0,"key":"REST"},{"floor":23.0,"key":"REST"},{"data":"Venomology","floor":25.0,"key":"SMITH"},{"data":"Terror","floor":27.0,"key":"SMITH"},{"data":"Eviscerate","floor":30.0,"key":"SMITH"},{"data":"Infinite Blades","floor":32.0,"key":"SMITH"},{"data":"Wraith Form v2","floor":41,"key":"SMITH"},{"data":"After Image","floor":44,"key":"SMITH"},{"data":"Accuracy","floor":49,"key":"SMITH"}],"circlet_count":0,"master_deck":["Strike_G","Strike_G","Strike_G","Defend_G","Defend_G+1","Defend_G","Defend_G","Defend_G","Survivor","Neutralize","Escape Plan","Predator","Accuracy+1","Phantasmal Killer+1","Acrobatics","Eviscerate+1","Envenom+1","Terror+1","Venomology+1","Crippling Poison+1","Blade Dance+1","Prepared","Infinite Blades+1","Underhanded Strike+1","Dagger Throw","Noxious Fumes+1","After Image+1","Infinite Blades+1","Terror+1","Reflex","Tactician","Blade Dance","Blur","Wraith Form v2+1","Underhanded Strike+1","Choke"],"relics":["Ring of the Snake","NeowsBlessing","Torii","Paper Crane","Gambling Chip","Mummified Hand","Eternal Feather","SacredBark","Tough Bandages","Shuriken","Toy Ornithopter","PreservedInsect","Pantograph","Black Star","Regal Pillow","HornCleat","Juzu Bracelet","Pear","Red Mask","Mango","Ninja Scroll","White Beast Statue"],"acts_visited":["Exordium","TheCity","TheBeyond"],"potions_floor_usage":[40,40,46,47,50,50,50,50],"damage_taken":[{"damage":0.0,"enemies":"Cultist","floor":1.0,"turns":1.0},{"damage":0.0,"enemies":"Jaw Worm","floor":2.0,"turns":1.0},{"damage":0.0,"enemies":"3 Sentries","floor":6.0,"turns":1.0},{"damage":25.0,"enemies":"Lagavulin","floor":8.0,"turns":5.0},{"damage":19.0,"enemies":"Gremlin Nob","floor":11.0,"turns":5.0},{"damage":0.0,"enemies":"2 Louse","floor":12.0,"turns":2.0},{"damage":0.0,"enemies":"Blue Slaver","floor":13.0,"turns":2.0},{"damage":14.0,"enemies":"Hexaghost","floor":16.0,"turns":7.0},{"damage":28.0,"enemies":"2 Thieves","floor":18.0,"turns":3.0},{"damage":4.0,"enemies":"Chosen","floor":19.0,"turns":5.0},{"damage":0.0,"enemies":"Book of Stabbing","floor":24.0,"turns":3.0},{"damage":1.0,"enemies":"Gremlin Leader","floor":28.0,"turns":2.0},{"damage":9.0,"enemies":"Snake Plant","floor":31.0,"turns":3.0},{"damage":13.0,"enemies":"Collector","floor":33.0,"turns":4.0},{"damage":7.0,"enemies":"3 Shapes","floor":35.0,"turns":4.0},{"damage":0.0,"enemies":"3 Darklings","floor":36.0,"turns":3.0},{"damage":17.0,"enemies":"Transient","floor":37.0,"turns":5.0},{"damage":1.0,"enemies":"Jaw Worm Horde","floor":39.0,"turns":3.0},{"damage":13,"enemies":"Reptomancer","floor":40,"turns":4},{"damage":0,"enemies":"2 Orb Walkers","floor":46,"turns":3},{"damage":0,"enemies":"Giant Head","floor":47,"turns":5},{"damage":31,"enemies":"Time Eater","floor":50,"turns":9}],"seed_played":"5146517635053214388","potions_obtained":[{"floor":1.0,"key":"DistilledChaos"},{"floor":6.0,"key":"BlessingOfTheForge"},{"floor":16.0,"key":"DuplicationPotion"},{"floor":18.0,"key":"ColorlessPotion"},{"floor":19.0,"key":"EntropicBrew"},{"floor":28.0,"key":"SteroidPotion"},{"floor":33.0,"key":"FearPotion"},{"floor":35.0,"key":"FairyPotion"},{"floor":40,"key":"SkillPotion"},{"floor":46,"key":"CunningPotion"}],"is_trial":false,"path_per_floor":["M","M","$","?","?","E","R","E","T","T","E","M","M","?","R","B",null,"M","M","?","$","?","R","E","R","T","R","E","?","R","M","R","B",null,"M","M","M","$","M","E","R","?","T","R","?","?","E","?","R","B",null],"character_chosen":"THE_SILENT","items_purchased":["Accuracy","Tough Bandages","Prepared","Infinite Blades","Regal Pillow","Tactician","Blade Dance"],"campfire_rested":2,"item_purchase_floors":[3,21,21,21,38,38,38],"current_hp_per_floor":[63,63,63,52,52,52,52,27,27,27,8,8,8,8,41,27,59,31,27,27,27,27,60,60,70,70,70,69,69,70,61,70,57,67,60,60,48,48,47,44,65,65,75,80,80,94,94,94,94,78],"gold":45,"neow_bonus":"THREE_ENEMY_KILL","is_daily":false,"chose_seed":false,"campfire_upgraded":8,"win_rate":0.0,"timestamp":1610769148,"path_taken":["M","?","$","?","?","E","R","E","T","?","E","?","M","?","R","BOSS","M","M","?","$","?","R","E","R","T","R","E","?","R","?","R","BOSS","M","M","M","$","M","E","R","?","T","R","?","?","E","?","R","BOSS"],"items_purchased_type":["Card","Relic","Card","Card","Relic","Card","Card"],"build_version":"2020-12-22","purchased_purges":1,"victory":true,"max_hp_per_floor":[70,70,70,70,70,70,70,70,70,70,70,70,70,70,70,70,70,70,70,70,70,70,70,70,70,70,70,70,70,70,70,70,70,70,70,70,70,70,70,70,70,70,80,80,80,94,94,94,94,94],"card_choices":[{"not_picked":["Deflect","Bane"],"picked":"Escape Plan","floor":1.0},{"not_picked":["Acrobatics","Bane"],"picked":"Predator","floor":2.0},{"not_picked":["Deadly Poison","Poisoned Stab"],"picked":"Phantasmal Killer","floor":6.0},{"not_picked":["Underhanded Strike","Choke"],"picked":"Acrobatics","floor":8.0},{"not_picked":["Riddle With Holes","PiercingWail"],"picked":"Eviscerate","floor":11.0},{"not_picked":["Cloak And Dagger","PiercingWail"],"picked":"Envenom","floor":12.0},{"not_picked":["Dodge and Roll","Dagger Spray"],"picked":"Terror","floor":13.0},{"not_picked":["Glass Knife","Storm of Steel"],"picked":"Venomology","floor":16.0},{"not_picked":["Dodge and Roll","Bane"],"picked":"Crippling Poison+1","floor":18.0},{"not_picked":["Poisoned Stab","Flechettes"],"picked":"Blade Dance","floor":19.0},{"not_picked":["Finisher","Prepared"],"picked":"Underhanded Strike+1","floor":24.0},{"not_picked":["Bane","Poisoned Stab"],"picked":"Dagger Throw","floor":28.0},{"not_picked":["Outmaneuver","PiercingWail"],"picked":"Noxious Fumes+1","floor":31.0},{"not_picked":["Corpse Explosion","Die Die Die"],"picked":"After Image","floor":33.0},{"not_picked":["Leg Sweep+1","Deflect+1"],"picked":"Infinite Blades+1","floor":35.0},{"not_picked":["Acrobatics","Quick Slash+1"],"picked":"Terror+1","floor":36.0},{"not_picked":["Deadly Poison+1","Crippling Poison+1"],"picked":"Reflex","floor":37.0},{"not_picked":["Acrobatics+1","Calculated Gamble+1"],"picked":"Blur","floor":39.0},{"not_picked":["Blur+1","Backstab"],"picked":"Wraith Form v2","floor":40},{"not_picked":["Dodge and Roll","Sucker Punch+1"],"picked":"Underhanded Strike+1","floor":46},{"not_picked":["Backflip+1","Dagger Spray"],"picked":"Choke","floor":47}],"player_experience":581345,"relics_obtained":[{"floor":6.0,"key":"Torii"},{"floor":8.0,"key":"Paper Crane"},{"floor":9.0,"key":"Gambling Chip"},{"floor":10.0,"key":"Mummified Hand"},{"floor":11.0,"key":"Eternal Feather"},{"floor":24.0,"key":"Shuriken"},{"floor":26.0,"key":"Toy Ornithopter"},{"floor":28.0,"key":"PreservedInsect"},{"floor":40,"key":"HornCleat"},{"floor":40,"key":"Juzu Bracelet"},{"floor":43,"key":"Pear"},{"floor":46,"key":"Mango"},{"floor":47,"key":"Ninja Scroll"},{"floor":47,"key":"White Beast Statue"}],"event_choices":[{"damage_healed":0.0,"max_hp_gain":0.0,"max_hp_loss":0.0,"gold_gain":75.0,"event_name":"World of Goop","player_choice":"Gather Gold","floor":4.0,"gold_loss":0.0,"damage_taken":11.0},{"damage_healed":0.0,"max_hp_gain":0.0,"max_hp_loss":0.0,"gold_gain":175.0,"event_name":"Liars Game","player_choice":"AGREE","floor":5.0,"gold_loss":0.0,"damage_taken":0.0,"cards_obtained":["Doubt"]},{"damage_healed":0.0,"max_hp_gain":0.0,"max_hp_loss":0.0,"gold_gain":0.0,"event_name":"Living Wall","player_choice":"Grow","floor":14.0,"gold_loss":0.0,"damage_taken":0.0,"cards_upgraded":["Envenom"]},{"damage_healed":0.0,"max_hp_gain":0.0,"max_hp_loss":0.0,"gold_gain":0.0,"event_name":"Vampires","player_choice":"Ignored","floor":20.0,"gold_loss":0.0,"damage_taken":0.0},{"cards_removed":["Strike_G"],"damage_healed":0.0,"max_hp_gain":0.0,"max_hp_loss":0.0,"gold_gain":0.0,"event_name":"Beggar","player_choice":"Gave Gold","floor":22.0,"gold_loss":75.0,"damage_taken":0.0},{"damage_healed":0.0,"max_hp_gain":0.0,"max_hp_loss":0.0,"gold_gain":0.0,"event_name":"The Mausoleum","player_choice":"Opened","floor":29.0,"gold_loss":0.0,"damage_taken":0.0,"relics_obtained":["Pantograph"]},{"cards_removed":["Strike_G"],"damage_healed":0,"gold_gain":0,"player_choice":"Removed Attack","damage_taken":0,"max_hp_gain":0,"max_hp_loss":0,"event_name":"Falling","floor":42,"gold_loss":0},{"damage_healed":0,"gold_gain":0,"player_choice":"Paid","damage_taken":0,"relics_obtained":["Red Mask"],"max_hp_gain":0,"max_hp_loss":0,"event_name":"Tomb of Lord Red Mask","floor":45,"gold_loss":48},{"damage_healed":0,"gold_gain":0,"player_choice":"Fight","damage_taken":0,"max_hp_gain":0,"max_hp_loss":0,"event_name":"Mysterious Sphere","floor":46,"gold_loss":0},{"damage_healed":0,"gold_gain":0,"player_choice":"Upgraded Two","damage_taken":0,"max_hp_gain":0,"max_hp_loss":0,"event_name":"Designer","floor":48,"gold_loss":40,"cards_upgraded":["Defend_G","Blade Dance"]}],"is_beta":false,"boss_relics":[{"not_picked":["Tiny House","Runic Dome"],"picked":"SacredBark"},{"not_picked":["Snecko Eye","Coffee Dripper"],"picked":"Black Star"}],"items_purged_floors":[21],"is_endless":false,"potions_floor_spawned":[1,6,16,18,19,28,33,35,40,46],"ascension_level":9}}