{"host":"6gwm7y0tp7acoxay","time":1610782430,"event":{"mods":["BaseMod","Colored Map","Keyboard Shortcuts","Minty Spire (QoL Compilation)","Quick Restart","StSLib","SuperFastMode","everything is the same but u backflip on backflip"],"gold_per_floor":[419,21,21,21,36,68,68,100,181,146,162,175,202,231,231,310,310,323,373,92,102,114,147,174,174,199,233,265,265,298,298,298,369,369,385,18,43,43,53,86,113,113,113,113,140,193,224,254,254,254,254,254,254,6,37,37],"floor_reached":57,"language":"KOR","playtime":2739,"items_purged":["Bloodletting","Sword Boomerang","Inflame","Whirlwind"],"score":3186,"play_id":"4d08e336-eba3-49cb-adee-27b15efd228f","local_time":"20210116163350","daily_mods":["SealedDeck","Heirloom","Flight"],"is_ascension_mode":true,"campfire_choices":[{"data":"Armaments","floor":7.0,"key":"SMITH"},{"data":"Uppercut","floor":15.0,"key":"SMITH"},{"data":"Warcry","floor":32.0,"key":"SMITH"},{"floor":42.0,"key":"RECALL"},{"floor":49.0,"key":"REST"},{"data":"Evolve","floor":53.0,"key":"SMITH"}],"circlet_count":0,"master_deck":["AscendersBane","Pommel Strike+1","Shrug It Off","Fire Breathing+1","Dropkick+1","Warcry+1","Thunderclap+1","Dual Wield","Armaments+1","True Grit+1","Second Wind+1","Uppercut+1","Feed","Evolve+1","Rage+1","Double Tap","Shockwave","Dropkick+1","Finesse"],"relics":["Burning Blood","Old Coin","HornCleat","Red Skull","The Courier","Mango","SlaversCollar","Happy Flower","Nunchaku","Vajra","War Paint","Champion Belt","Strawberry","Prayer Wheel","Black Star","Ornamental Fan","Charon\u0027s Ashes","Akabeko","Letter Opener","PreservedInsect","Oddly Smooth Stone","Du-Vu Doll","Centennial Puzzle","Toy Ornithopter","Sundial","Torii","InkBottle","Lantern","Bag of Marbles","Juzu Bracelet","Orichalcum","Whetstone"],"acts_visited":["TheCity","TheBeyond","TheEnding"],"potions_floor_usage":[56],"damage_taken":[{"damage":10.0,"enemies":"Small Slimes","floor":1.0,"turns":3.0},{"damage":0.0,"enemies":"2 Louse","floor":5.0,"turns":2.0},{"damage":20.0,"enemies":"Lagavulin","floor":6.0,"turns":5.0},{"damage":30.0,"enemies":"Gremlin Nob","floor":8.0,"turns":4.0},{"damage":5.0,"enemies":"Jaw Worm","floor":11.0,"turns":4.0},{"damage":0.0,"enemies":"Exordium Thugs","floor":12.0,"turns":2.0},{"damage":7.0,"enemies":"Lagavulin","floor":13.0,"turns":5.0},{"damage":1.0,"enemies":"3 Sentries","floor":14.0,"turns":4.0},{"damage":17.0,"enemies":"Hexaghost","floor":16.0,"turns":7.0},{"damage":17.0,"enemies":"Shell Parasite","floor":18.0,"turns":6.0},{"damage":15.0,"enemies":"3 Byrds","floor":21.0,"turns":6.0},{"damage":14.0,"enemies":"3 Cultists","floor":22.0,"turns":4.0},{"damage":12.0,"enemies":"Book of Stabbing","floor":23.0,"turns":5.0},{"damage":32.0,"enemies":"Slavers","floor":24.0,"turns":4.0},{"damage":4.0,"enemies":"Gremlin Leader","floor":27.0,"turns":5.0},{"damage":19.0,"enemies":"Slavers","floor":28.0,"turns":2.0},{"damage":12.0,"enemies":"Book of Stabbing","floor":30.0,"turns":6.0},{"damage":7.0,"enemies":"Champ","floor":33.0,"turns":8.0},{"damage":47.0,"enemies":"3 Shapes","floor":35.0,"turns":6.0},{"damage":1.0,"enemies":"Mind Bloom Boss Battle","floor":37.0,"turns":7.0},{"damage":10.0,"enemies":"3 Darklings","floor":39.0,"turns":6.0},{"damage":45.0,"enemies":"Giant Head","floor":40.0,"turns":7.0},{"damage":0.0,"enemies":"Nemesis","floor":41.0,"turns":3.0},{"damage":11.0,"enemies":"Giant Head","floor":45.0,"turns":5.0},{"damage":1.0,"enemies":"2 Orb Walkers","floor":46.0,"turns":3.0},{"damage":1.0,"enemies":"Nemesis","floor":47.0,"turns":5.0},{"damage":20.0,"enemies":"Reptomancer","floor":48.0,"turns":4.0},{"damage":26.0,"enemies":"Awakened One","floor":50.0,"turns":10.0},{"damage":56.0,"enemies":"Time Eater","floor":51.0,"turns":11.0},{"damage":8,"enemies":"Shield and Spear","floor":55,"turns":3},{"damage":17,"enemies":"The Heart","floor":56,"turns":6}],"seed_played":"6424167119249208274","potions_obtained":[{"floor":6.0,"key":"SmokeBomb"},{"floor":12.0,"key":"BloodPotion"},{"floor":14.0,"key":"BloodPotion"},{"floor":27.0,"key":"AttackPotion"},{"floor":28.0,"key":"EssenceOfSteel"},{"floor":30.0,"key":"Energy Potion"},{"floor":39.0,"key":"Weak Potion"},{"floor":40.0,"key":"Energy Potion"}],"is_trial":true,"path_per_floor":["M","$","?","?","M","E","R","E","T","?","M","M","E","E","R","B",null,"M","?","$","M","M","E","E","?","T","E","E","?","E","?","R","B",null,"M","$","?","?","M","E","E","R","T","$","E","?","E","E","R","B","B",null,"R","$","E","B",null],"character_chosen":"IRONCLAD","items_purchased":["Armaments","HornCleat","Evolve","Happy Flower","Ornamental Fan","BloodPotion","Swift Potion","Finesse"],"campfire_rested":1,"item_purchase_floors":[2,2,20,20,36,36,54,54],"current_hp_per_floor":[64,64,41,66,72,58,58,34,34,34,35,41,54,76,76,65,83,76,76,76,71,63,61,35,35,35,62,56,78,72,72,72,75,106,69,69,74,74,73,63,73,73,73,73,71,85,94,84,127,111,65,132,132,132,134,132],"gold":37,"neow_bonus":"","is_daily":false,"chose_seed":false,"campfire_upgraded":4,"win_rate":0.0,"timestamp":1610782430,"path_taken":["M","$","?","?","M","E","R","E","T","?","M","?","E","E","R","BOSS","M","?","$","?","M","E","E","?","T","E","E","?","E","?","R","BOSS","M","$","?","?","?","E","E","R","T","?","E","?","E","E","R","BOSS","BOSS","R","$","E","BOSS"],"items_purchased_type":["Card","Relic","Card","Relic","Relic","Potion","Potion","Card"],"build_version":"2020-12-22","purchased_purges":4,"victory":true,"max_hp_per_floor":[75,75,75,75,75,75,75,75,75,75,75,75,89,89,89,89,89,93,93,93,97,97,101,101,101,101,105,112,112,112,112,112,116,116,120,120,120,120,123,127,131,131,131,131,134,138,142,146,146,150,154,154,154,154,158,162],"card_choices":[{"not_picked":["Havoc","Iron Wave","Thunderclap"],"picked":"SKIP","floor":1.0},{"not_picked":["Rampage","Clothesline","Armaments"],"picked":"SKIP","floor":5.0},{"not_picked":["Clothesline","Iron Wave"],"picked":"True Grit","floor":6.0},{"not_picked":["Cleave","Pommel Strike"],"picked":"Second Wind","floor":8.0},{"not_picked":["Entrench","Headbutt"],"picked":"Whirlwind","floor":11.0},{"not_picked":["Iron Wave","Dropkick"],"picked":"Uppercut","floor":12.0},{"not_picked":["Sword Boomerang","Wild Strike","Body Slam"],"picked":"SKIP","floor":13.0},{"not_picked":["Battle Trance","Warcry","Flex"],"picked":"SKIP","floor":14.0},{"not_picked":["Demon Form","Brutality"],"picked":"Feed","floor":16.0},{"not_picked":["Body Slam","Anger","Iron Wave"],"picked":"SKIP","floor":18.0},{"not_picked":["Second Wind","Perfected Strike","Heavy Blade"],"picked":"SKIP","floor":21.0},{"not_picked":["Havoc","Pommel Strike","Body Slam"],"picked":"SKIP","floor":22.0},{"not_picked":["Whirlwind","Blood for Blood","Wild Strike"],"picked":"SKIP","floor":23.0},{"not_picked":["Thunderclap+1","Pommel Strike","Carnage"],"picked":"SKIP","floor":24.0},{"not_picked":["Bludgeon","Armaments","Cleave"],"picked":"SKIP","floor":27.0},{"not_picked":["Metallicize","True Grit","Cleave"],"picked":"SKIP","floor":28.0},{"not_picked":["Burning Pact","Second Wind"],"picked":"Rage+1","floor":30.0},{"not_picked":["Limit Break","Corruption"],"picked":"Double Tap","floor":33.0},{"not_picked":["Armaments","Flex","Metallicize"],"picked":"SKIP","floor":35.0},{"not_picked":["Armaments","Rage","Clash+1"],"picked":"SKIP","floor":35.0},{"not_picked":["Hemokinesis+1","Warcry"],"picked":"Shockwave","floor":39.0},{"not_picked":["Battle Trance","Searing Blow","Headbutt+1"],"picked":"SKIP","floor":39.0},{"not_picked":["Anger","Feed","Perfected Strike+1"],"picked":"SKIP","floor":40.0},{"not_picked":["Body Slam","Warcry+1"],"picked":"Dropkick+1","floor":41.0},{"not_picked":["Perfected Strike","Metallicize+1","Entrench"],"picked":"SKIP","floor":45.0},{"not_picked":["Clothesline","Sword Boomerang","Sentinel"],"picked":"SKIP","floor":47.0},{"not_picked":["Dual Wield","Dropkick","Limit Break"],"picked":"SKIP","floor":48.0},{"not_picked":["Perfected Strike","Sword Boomerang+1","Anger"],"picked":"SKIP","floor":55}],"player_experience":4409169,"relics_obtained":[{"floor":6.0,"key":"Red Skull"},{"floor":8.0,"key":"The Courier"},{"floor":13.0,"key":"Mango"},{"floor":23.0,"key":"Nunchaku"},{"floor":24.0,"key":"Vajra"},{"floor":26.0,"key":"War Paint"},{"floor":27.0,"key":"Champion Belt"},{"floor":28.0,"key":"Strawberry"},{"floor":30.0,"key":"Prayer Wheel"},{"floor":37.0,"key":"Charon\u0027s Ashes"},{"floor":40.0,"key":"Letter Opener"},{"floor":40.0,"key":"PreservedInsect"},{"floor":41.0,"key":"Oddly Smooth Stone"},{"floor":41.0,"key":"Du-Vu Doll"},{"floor":43.0,"key":"Centennial Puzzle"},{"floor":45.0,"key":"Toy Ornithopter"},{"floor":45.0,"key":"Sundial"},{"floor":46.0,"key":"Torii"},{"floor":47.0,"key":"InkBottle"},{"floor":47.0,"key":"Lantern"},{"floor":48.0,"key":"Bag of Marbles"},{"floor":48.0,"key":"Juzu Bracelet"},{"floor":55,"key":"Orichalcum"},{"floor":55,"key":"Whetstone"}],"event_choices":[{"damage_healed":0.0,"max_hp_gain":0.0,"max_hp_loss":0.0,"gold_gain":0.0,"event_name":"Shining Light","player_choice":"Entered Light","floor":3.0,"gold_loss":0.0,"damage_taken":23.0,"cards_upgraded":["Fire Breathing","Dropkick"]},{"damage_healed":25.0,"max_hp_gain":0.0,"max_hp_loss":0.0,"gold_gain":0.0,"event_name":"Big Fish","player_choice":"Banana","floor":4.0,"gold_loss":0.0,"damage_taken":0.0},{"damage_healed":0.0,"max_hp_gain":0.0,"max_hp_loss":0.0,"gold_gain":0.0,"event_name":"World of Goop","player_choice":"Left Gold","floor":10.0,"gold_loss":35.0,"damage_taken":0.0},{"damage_healed":0.0,"max_hp_gain":0.0,"max_hp_loss":0.0,"gold_gain":50.0,"event_name":"Golden Shrine","player_choice":"Pray","floor":19.0,"gold_loss":0.0,"damage_taken":0.0},{"damage_healed":0.0,"max_hp_gain":0.0,"max_hp_loss":0.0,"gold_gain":0.0,"event_name":"Vampires","player_choice":"Ignored","floor":25.0,"gold_loss":0.0,"damage_taken":0.0},{"damage_healed":22.0,"max_hp_gain":0.0,"max_hp_loss":0.0,"gold_gain":0.0,"event_name":"The Library","player_choice":"Heal","floor":29.0,"gold_loss":0.0,"damage_taken":0.0},{"damage_healed":0.0,"max_hp_gain":0.0,"max_hp_loss":0.0,"gold_gain":0.0,"event_name":"Cursed Tome","player_choice":"Ignored","floor":31.0,"gold_loss":0.0,"damage_taken":0.0},{"damage_healed":0.0,"max_hp_gain":0.0,"max_hp_loss":0.0,"gold_gain":0.0,"event_name":"MindBloom","player_choice":"Fight","floor":37.0,"gold_loss":0.0,"damage_taken":0.0},{"damage_healed":0.0,"max_hp_gain":0.0,"max_hp_loss":0.0,"gold_gain":0.0,"event_name":"WeMeetAgain","player_choice":"Gave Potion","floor":38.0,"gold_loss":0.0,"damage_taken":0.0,"relics_obtained":["Akabeko"]},{"damage_healed":0.0,"max_hp_gain":0.0,"max_hp_loss":0.0,"gold_gain":0.0,"event_name":"Mysterious Sphere","player_choice":"Fight","floor":46.0,"gold_loss":0.0,"damage_taken":0.0}],"is_beta":false,"boss_relics":[{"not_picked":["Philosopher\u0027s Stone","Calling Bell"],"picked":"SlaversCollar"},{"not_picked":["Snecko Eye","Sozu"],"picked":"Black Star"}],"items_purged_floors":[2,20,36,54],"is_endless":false,"potions_floor_spawned":[6,12,13,14,22,24,27,28,30,39,40,45],"ascension_level":20}}