{"host":"ss2ocoam53r2lno0","time":1610832901,"event":{"mods":["Act Like it!","BaseMod","ChefMod","Clockwork Mod","Colored Powertips","Curses Come First","Displayed Cursed Tome","Downfall","Evolution","Googly Eyes","Hallownest","Highlight Path","Minty Spire (QoL Compilation)","Poor People Problems","Rare Cards Sparkle","Robot Space Explorer","Shade Mod","Shop Mod","Spicy Shops","StSLib","The Marked"],"gold_per_floor":[117,117,42,42,42,42,58,71,125,125,145,100,100,111,111,209,209,222,222,147,47,60,60,60,60,111,111,111,111],"floor_reached":28,"language":"ENG","playtime":1768,"items_purged":["Clockwork:Shield","Clockwork:Shield"],"score":296,"play_id":"047c26fe-692f-44dc-bc70-fbd51cde7a07","local_time":"20210116223501","is_ascension_mode":true,"campfire_choices":[{"data":"Clockwork:DefectiveParts","floor":6.0,"key":"SMITH"},{"data":"Clockwork:CogShield","floor":10.0,"key":"SMITH"},{"floor":15.0,"key":"REST"},{"floor":23,"key":"REST"},{"floor":25,"key":"REST"},{"floor":27,"key":"REST"}],"circlet_count":0,"master_deck":["Clockwork:Strike","Clockwork:Strike","Clockwork:Strike","Clockwork:Shield","Clockwork:Shield","Clockwork:Tinker","Clockwork:WarmUp","Clockwork:DefectiveParts+1","Clockwork:RevUp","Clockwork:CogShield+1","CurseOfTheBell","Clockwork:CogShield+1"],"relics":["Clockwork:MomentumEngine","EVO:Axolotl","Bag of Marbles","Happy Flower","Calling Bell","Orichalcum","Matryoshka","Turnip","Art of War","Strawberry"],"acts_visited":["Exordium","TheCity"],"potions_floor_usage":[],"damage_taken":[{"damage":15.0,"enemies":"Jaw Worm","floor":1.0,"turns":8.0},{"damage":4.0,"enemies":"Small Slimes","floor":7.0,"turns":8.0},{"damage":2.0,"enemies":"Cultist","floor":8.0,"turns":6.0},{"damage":8.0,"enemies":"2 Fungi Beasts","floor":11.0,"turns":4.0},{"damage":3.0,"enemies":"Looter","floor":12.0,"turns":5.0},{"damage":19.0,"enemies":"Exordium Wildlife","floor":14.0,"turns":7.0},{"damage":31.0,"enemies":"Hexaghost","floor":16.0,"turns":15.0},{"damage":12.0,"enemies":"Shell Parasite","floor":18.0,"turns":10.0},{"damage":12.0,"enemies":"2 Thieves","floor":20.0,"turns":5.0},{"damage":36,"enemies":"Centurion and Healer","floor":22,"turns":7},{"damage":98,"enemies":"Cultist and Chosen","floor":28,"turns":7}],"seed_played":"-7379008463687029261","potions_obtained":[{"floor":1.0,"key":"Guardian:BlockOnCardUsePotion"},{"floor":8.0,"key":"EssenceOfSteel"},{"floor":14.0,"key":"DistilledChaos"},{"floor":18.0,"key":"ColorlessPotion"}],"is_trial":false,"path_per_floor":["M","?","$","?","$","R","M","M","T","R","M","M","?","M","R","B",null,"M","?","M","$","M","R","$","R","T","R","M"],"character_chosen":"CLOCKWORK","items_purchased":[],"campfire_rested":4,"item_purchase_floors":[],"current_hp_per_floor":[62,62,62,62,62,62,58,56,56,56,48,45,27,8,33,2,64,52,52,40,40,4,29,29,54,61,88,0,0],"gold":111,"neow_bonus":"ONE_RANDOM_RARE_CARD","is_daily":false,"chose_seed":false,"campfire_upgraded":2,"win_rate":0.0,"timestamp":1610832901,"path_taken":["M","?","$","?","$","R","M","M","T","R","M","M","?","M","R","BOSS","M","?","M","$","M","R","$","R","T","R","?"],"items_purchased_type":[],"build_version":"2020-12-22","purchased_purges":2,"victory":false,"max_hp_per_floor":[85,85,85,85,85,85,85,85,85,85,85,85,85,85,85,85,85,85,85,85,85,85,85,85,85,92,92,92,92],"card_choices":[{"not_picked":["Clockwork:MechanicalBulk","Clockwork:InertialShield"],"picked":"Clockwork:RevUp","floor":1.0},{"not_picked":["Clockwork:CogBarrier","Clockwork:Downsize","Clockwork:SnapKeep"],"picked":"SKIP","floor":7.0},{"not_picked":["Clockwork:ChargingBlade","Clockwork:HoardingStrike"],"picked":"Clockwork:CogShield","floor":8.0},{"not_picked":["Clockwork:Roundhouse","Clockwork:Redundancy","Clockwork:ChargingShield"],"picked":"SKIP","floor":11.0},{"not_picked":["Clockwork:Minimalism","Clockwork:Enhance","Clockwork:SystemHardening"],"picked":"SKIP","floor":12.0},{"not_picked":["Clockwork:Minimalism","Clockwork:ChargingBlade"],"picked":"Clockwork:CraftMomentumEngine","floor":14.0},{"not_picked":["Clockwork:Roundhouse","Clockwork:Enhance","Clockwork:Improve"],"picked":"SKIP","floor":18.0},{"not_picked":["Clockwork:FalseStart","Clockwork:SmithsMallet+1","Clockwork:EnthusiasticStrike"],"picked":"SKIP","floor":20.0},{"not_picked":["Clockwork:Roundhouse+1","Clockwork:AdaptiveCannon"],"picked":"Clockwork:CogShield+1","floor":22}],"player_experience":755233,"relics_obtained":[{"floor":9.0,"key":"Bag of Marbles"},{"floor":17.0,"key":"Orichalcum"},{"floor":17.0,"key":"Matryoshka"},{"floor":17.0,"key":"Turnip"},{"floor":26,"key":"Art of War"},{"floor":26,"key":"Strawberry"}],"event_choices":[{"cards_removed":["Clockwork:Strike"],"damage_healed":0.0,"max_hp_gain":0.0,"max_hp_loss":0.0,"gold_gain":0.0,"event_name":"Living Wall","player_choice":"Forget","floor":2.0,"gold_loss":0.0,"damage_taken":0.0},{"damage_healed":0.0,"max_hp_gain":0.0,"max_hp_loss":0.0,"gold_gain":0.0,"event_name":"Liars Game","player_choice":"Ignored","floor":4.0,"gold_loss":0.0,"damage_taken":0.0},{"damage_healed":0.0,"max_hp_gain":0.0,"max_hp_loss":0.0,"gold_gain":0.0,"event_name":"Scrap Ooze","player_choice":"Success","floor":13.0,"gold_loss":0.0,"damage_taken":18.0,"relics_obtained":["Happy Flower"]},{"damage_healed":0.0,"max_hp_gain":0.0,"max_hp_loss":0.0,"gold_gain":0.0,"event_name":"Duplicator","player_choice":"Copied","floor":19.0,"gold_loss":0.0,"damage_taken":0.0,"cards_obtained":["Clockwork:CraftMomentumEngine"]}],"is_beta":false,"boss_relics":[{"not_picked":["Philosopher\u0027s Stone","Coffee Dripper"],"picked":"Calling Bell"}],"items_purged_floors":[3,21],"is_endless":false,"potions_floor_spawned":[1,8,14,18],"killed_by":"Cultist and Chosen","ascension_level":9}}