{"host":"6jrnojxwearbrjzo","time":1610820379,"event":{"mods":["BaseMod","Conspire","Highlight Path","Marisa（F雨　魔理沙）","Minty Spire (QoL Compilation)","MostiFishMod","Quick Restart","Random Character Button","RumiaBox-露米娅的神秘盒子","Shop Mod","Spicy Shops","StSLib","The Construct","The Servant 0.9.4","Yuyuko","[功能]功能增强和修复MOD","vexMod","篝火指南"],"gold_per_floor":[111,186,166,166,66,66,93,107,107,107,107,132,132,132,132,228,228,248,248,238,238,238,238,238,267,267,296,296,322,297,297,297,399,399,416,396,396,447,473,502,552,552,552,552,552,552,0,53,7,7],"floor_reached":51,"language":"ZHS","playtime":1387,"items_purged":["Defend_R","Strike_R","Strike_R","Defend_R","Defend_R","Injury","Pride","Strike_R","Defend_R","Regret","Strike_R+1","Bash+1","Seeing Red","Seeing Red","Cleave","Shame"],"score":1263,"play_id":"b1ab5d1f-2dcb-4f29-867c-3bd2cbe2b131","local_time":"20210117020619","is_ascension_mode":true,"campfire_choices":[{"floor":6,"key":"REST"},{"floor":10,"key":"REST"},{"data":"vexMod:StairwayStrike","floor":15,"key":"SMITH"},{"floor":28,"key":"RECALL"},{"data":"MostiFishMod:CullingBlade","floor":32,"key":"SMITH"}],"circlet_count":0,"master_deck":["Shrug It Off+1","MostiFishMod:DarkDeal","vexMod:StairwayStrike+1","Flex","Ghostly","Heavy Blade+1","Pommel Strike","Limit Break+1","Whirlwind","Seeing Red+1","MostiFishMod:CullingBlade+1","MostiFishMod:RainCloud+1","Swift Strike"],"relics":["Burning Blood","DaveBox","DiscerningMonocle","vexMod:RetaliationKit","SynthV:TestCard","Whetstone","Matryoshka","Gremlin Horn","Frozen Eye","vexMod:PaidLearning","conspire:GiftBox","Letter Opener","Dream Catcher","Paper Frog","Self Forming Clay","Juzu Bracelet","MagicDraw3","Civilization","PreservedInsect","Pantograph","vexMod:Cooldron","MagicDraw1","HereWithMe","ImprovedEquipment","Toy Ornithopter","Chemical X","Regal Pillow","vexMod:InvisibilityCloak","Ying","Boot","Red Skull","Bag of Marbles","MutagenicStrength","GodSword7","Blood Vial","OrangePellets","Technique","Ornamental Fan","Strawberry","Bottled Lightning","Lantern","Blue Candle","Anchor","SentryEyes","Pear","White Beast Statue","TheAbacus","Medical Kit","Mercury Hourglass","Ccalipers","SlaversCollar","MoreBug","conspire:DecoderRing","BirthdayGift-Tetrahedron","Bag of Preparation","vexMod:TimeEaterHat","CatCart","Mango","CombinedTypeHook","ChaoDraw","Sling","vexMod:MemoryStick","SumBook","Art of War","Charon\u0027s Ashes","vexMod:Spyglass","MagicDraw2","GodSword3","Akabeko","ChiLing","Chi","Ling","Shuriken","Happy Flower","Lee\u0027s Waffle","Red Mask","PlanX","vexMod:FocusSash","Membership Card"],"acts_visited":["Exordium","TheCity","TheBeyond"],"potions_floor_usage":[7,16,16,41,41],"damage_taken":[{"damage":34,"enemies":"Jaw Worm","floor":1,"turns":5},{"damage":20,"enemies":"Lagavulin","floor":7,"turns":5},{"damage":5,"enemies":"Small Slimes","floor":8,"turns":2},{"damage":14,"enemies":"3 Sentries","floor":12,"turns":6},{"damage":26,"enemies":"The Guardian","floor":16,"turns":5},{"damage":5,"enemies":"Shell Parasite","floor":18,"turns":1},{"damage":0,"enemies":"Slavers","floor":25,"turns":1},{"damage":0,"enemies":"Gremlin Leader","floor":27,"turns":1},{"damage":0,"enemies":"Book of Stabbing","floor":29,"turns":1},{"damage":0,"enemies":"Champ","floor":33,"turns":1},{"damage":4,"enemies":"3 Shapes","floor":35,"turns":1},{"damage":2,"enemies":"Orin","floor":38,"turns":2},{"damage":0,"enemies":"conspire:MimicChest","floor":39,"turns":1},{"damage":0,"enemies":"Nemesis","floor":40,"turns":1},{"damage":0,"enemies":"Mind Bloom Boss Battle","floor":41,"turns":1},{"damage":3,"enemies":"2 Orb Walkers","floor":48,"turns":1},{"damage":5,"enemies":"Donu and Deca","floor":50,"turns":1}],"seed_played":"6997148957858314193","potions_obtained":[{"floor":1,"key":"GamblersBrew"},{"floor":8,"key":"CultistPotion"},{"floor":12,"key":"EssenceOfSteel"},{"floor":12,"key":"Swift Potion"},{"floor":18,"key":"EntropicBrew"},{"floor":39,"key":"EntropicBrew"},{"floor":41,"key":"EntropicBrew"},{"floor":48,"key":"EntropicBrew"}],"is_trial":false,"path_per_floor":["M","?","$","?","?","R","E","M","T","R","?","E","$","?","R","B",null,"M","?","$","?","$","?","$","E","T","E","R","E","?","$","R","B",null,"M","$","?","?","?","E","?","$","T","?","?","$","?","?","R","B",null],"character_chosen":"IRONCLAD","items_purchased":["Whetstone","Matryoshka","Gremlin Horn","Frozen Eye","vexMod:PaidLearning","conspire:GiftBox","vexMod:StairwayStrike","Cleave","Flex","Juzu Bracelet","MagicDraw3","Civilization","PreservedInsect","Pantograph","vexMod:Cooldron","Pommel Strike","ImprovedEquipment","Toy Ornithopter","Chemical X","Regal Pillow","vexMod:InvisibilityCloak","EntropicBrew","Whirlwind","Ying","Boot","Red Skull","Bag of Marbles","vexMod:BerryBomb","GodSword7","Blood Vial","OrangePellets","Technique","Ornamental Fan","Strawberry","Pear","White Beast Statue","TheAbacus","Medical Kit","Mercury Hourglass","Ccalipers","MostiFishMod:CullingBlade","MoreBug","conspire:DecoderRing","BirthdayGift-Tetrahedron","Bag of Preparation","vexMod:TimeEaterHat","Sling","vexMod:MemoryStick","SumBook","Art of War","Charon\u0027s Ashes","vexMod:Spyglass","EntropicBrew","GodSword3","Akabeko","ChiLing","Shuriken","Happy Flower","Lee\u0027s Waffle","Swift Strike","vexMod:FocusSash","Membership Card"],"campfire_rested":2,"item_purchase_floors":[3,3,3,3,3,3,3,3,3,13,13,13,13,13,13,13,20,20,20,20,20,20,20,22,22,22,22,22,24,24,24,24,24,24,31,31,31,31,31,31,31,36,36,36,36,36,42,42,42,42,42,42,42,46,46,46,46,46,46,46,49,49],"current_hp_per_floor":[28,17,17,5,5,29,15,16,16,40,45,37,37,37,37,43,86,88,88,88,88,94,94,101,106,106,111,111,116,116,126,126,131,131,136,136,136,141,160,165,170,170,170,170,161,168,168,173,173,178],"gold":7,"neow_bonus":"ONE_RARE_RELIC","is_daily":false,"chose_seed":false,"campfire_upgraded":2,"win_rate":0.0,"timestamp":1610820379,"path_taken":["M","?","$","?","?","R","E","?","T","R","?","E","?","?","R","BOSS","M","?","$","?","$","?","$","E","T","E","R","E","?","$","R","BOSS","M","$","?","?","?","E","?","?","T","?","?","?","?","?","R","BOSS"],"items_purchased_type":["Relic","Relic","Relic","Relic","Relic","Relic","Card","Card","Card","Relic","Relic","Relic","Relic","Relic","Relic","Card","Relic","Relic","Relic","Relic","Relic","Potion","Card","Relic","Relic","Relic","Relic","Relic","Relic","Relic","Relic","Relic","Relic","Relic","Relic","Relic","Relic","Relic","Relic","Relic","Card","Relic","Relic","Relic","Relic","Relic","Relic","Relic","Relic","Relic","Relic","Relic","Potion","Relic","Relic","Relic","Relic","Relic","Relic","Card","Relic","Relic"],"build_version":"2020-12-22","purchased_purges":16,"victory":true,"max_hp_per_floor":[80,80,80,80,80,80,80,80,80,80,85,85,85,85,85,86,86,88,88,88,88,94,94,101,106,106,111,111,116,116,126,126,131,131,136,136,136,141,160,165,170,170,170,170,161,168,168,173,173,178],"card_choices":[{"not_picked":["Anger","Wild Strike"],"picked":"Shrug It Off","floor":1},{"not_picked":["MostiFishMod:NewArrival","MostiFishMod:UltimateDefense"],"picked":"MostiFishMod:DarkDeal","floor":3},{"not_picked":["Body Slam","Dual Wield","Headbutt","Perfected Strike","MostiFishMod:BrandingRite"],"picked":"SKIP","floor":7},{"not_picked":["Sword Boomerang","Shrug It Off","Iron Wave","Pommel Strike"],"picked":"Seeing Red","floor":8},{"not_picked":["MostiFishMod:ChineseTea","Anger","True Grit","Burning Pact"],"picked":"Seeing Red","floor":10},{"not_picked":["Twin Strike","Entrench","Hemokinesis","Searing Blow"],"picked":"Heavy Blade","floor":12},{"not_picked":["MostiFishMod:NewArrival","Exhume","MostiFishMod:PerfectStrikeMKII","Bludgeon"],"picked":"Limit Break","floor":16},{"not_picked":["Perfected Strike+1","Clash","Seeing Red","Shrug It Off+1","Pummel"],"picked":"SKIP","floor":18},{"not_picked":["MostiFishMod:Mania","Dark Embrace","Pommel Strike+1","Infernal Blade"],"picked":"Seeing Red+1","floor":25},{"not_picked":["Flex","Clothesline","Wild Strike","Infernal Blade+1","Twin Strike+1"],"picked":"SKIP","floor":27},{"not_picked":["Evolve+1","Clothesline","Shockwave","Sword Boomerang","True Grit+1"],"picked":"SKIP","floor":29},{"not_picked":["Fiend Fire","Immolate","MostiFishMod:UltimateDefense","MostiFishMod:ChineseTea"],"picked":"MostiFishMod:TemporaryOutbreak","floor":33},{"not_picked":["Thunderclap","Fire Breathing+1","Body Slam+1","True Grit","Rage"],"picked":"SKIP","floor":35},{"not_picked":["Infernal Blade+1","MostiFishMod:FireWorks","True Grit+1","conspire:Charge","Cleave"],"picked":"SKIP","floor":40}],"player_experience":73581,"relics_obtained":[{"floor":1,"key":"SynthV:TestCard"},{"floor":7,"key":"Letter Opener"},{"floor":9,"key":"Dream Catcher"},{"floor":9,"key":"Paper Frog"},{"floor":12,"key":"Self Forming Clay"},{"floor":25,"key":"Bottled Lightning"},{"floor":26,"key":"Lantern"},{"floor":26,"key":"Blue Candle"},{"floor":27,"key":"Anchor"},{"floor":29,"key":"SentryEyes"},{"floor":38,"key":"CatCart"},{"floor":39,"key":"Mango"},{"floor":40,"key":"CombinedTypeHook"},{"floor":41,"key":"ChaoDraw"},{"floor":43,"key":"MagicDraw2"},{"floor":48,"key":"PlanX"}],"event_choices":[{"damage_healed":0,"gold_gain":75,"player_choice":"Gather Gold","damage_taken":11,"max_hp_gain":0,"max_hp_loss":0,"event_name":"World of Goop","floor":2,"gold_loss":0},{"damage_healed":0,"gold_gain":0,"player_choice":"Fled","damage_taken":12,"max_hp_gain":0,"max_hp_loss":0,"event_name":"Scrap Ooze","floor":4,"gold_loss":0},{"damage_healed":0,"gold_gain":0,"player_choice":"Argue","damage_taken":0,"max_hp_gain":0,"max_hp_loss":0,"event_name":"conspire:LoneGhost","floor":5,"gold_loss":0},{"damage_healed":0,"gold_gain":0,"player_choice":"Donut","damage_taken":0,"max_hp_gain":5,"max_hp_loss":0,"event_name":"Big Fish","floor":11,"gold_loss":0},{"damage_healed":0,"gold_gain":0,"player_choice":"Gave Potion","damage_taken":0,"relics_obtained":["MagicDraw1"],"max_hp_gain":0,"max_hp_loss":0,"event_name":"WeMeetAgain","floor":14,"gold_loss":0},{"damage_healed":0,"gold_gain":0,"player_choice":"Ignored","damage_taken":0,"max_hp_gain":0,"max_hp_loss":0,"event_name":"Vampires","floor":19,"gold_loss":0},{"damage_healed":0,"gold_gain":0,"player_choice":"Ignored","damage_taken":0,"max_hp_gain":0,"max_hp_loss":0,"event_name":"Cursed Tome","floor":21,"gold_loss":0},{"damage_healed":0,"gold_gain":0,"player_choice":"Inject Mutagens","damage_taken":0,"relics_obtained":["MutagenicStrength"],"max_hp_gain":0,"max_hp_loss":0,"event_name":"Drug Dealer","floor":23,"gold_loss":0},{"cards_removed":["MostiFishMod:TemporaryOutbreak"],"damage_healed":0,"gold_gain":0,"player_choice":"Removed Power","damage_taken":0,"max_hp_gain":0,"max_hp_loss":0,"event_name":"Falling","floor":37,"gold_loss":0},{"damage_healed":0,"gold_gain":0,"player_choice":"Fight","damage_taken":0,"max_hp_gain":0,"max_hp_loss":0,"event_name":"OrinTheCat","floor":38,"gold_loss":0},{"damage_healed":0,"gold_gain":0,"player_choice":"Fight","damage_taken":0,"max_hp_gain":0,"max_hp_loss":0,"event_name":"MindBloom","floor":41,"gold_loss":0},{"damage_healed":0,"gold_gain":0,"player_choice":"Leave","damage_taken":0,"max_hp_gain":0,"max_hp_loss":0,"event_name":"conspire:Investor","floor":44,"gold_loss":0},{"damage_healed":0,"gold_gain":0,"player_choice":"Max HP","damage_taken":0,"max_hp_gain":0,"max_hp_loss":9,"event_name":"Winding Halls","floor":45,"gold_loss":0},{"damage_healed":0,"gold_gain":0,"player_choice":"Paid","damage_taken":0,"relics_obtained":["Red Mask"],"max_hp_gain":0,"max_hp_loss":0,"event_name":"Tomb of Lord Red Mask","floor":47,"gold_loss":552},{"damage_healed":0,"gold_gain":0,"player_choice":"Fight","damage_taken":0,"max_hp_gain":0,"max_hp_loss":0,"event_name":"Mysterious Sphere","floor":48,"gold_loss":0}],"is_beta":false,"boss_relics":[{"not_picked":["RhineFirstAidKit","Sozu"],"picked":"HereWithMe"},{"not_picked":["Runic Dome","OneHitWonderSystem"],"picked":"SlaversCollar"}],"items_purged_floors":[3,3,3,3,3,13,20,20,20,31,36,36,36,36,36,46],"is_endless":false,"potions_floor_spawned":[1,8,12,12,18,25,25,27,27,33,33,35,35,35,38,39,40,40,40,41,48],"ascension_level":2}}