{"host":"vyjryxuuuxkt43k4","time":1610823855,"event":{"mods":["AchievementEnabler","BaseMod","Colored Map","DeckTracker","Minty Spire (QoL Compilation)","Permanent Neow","Quick Restart","StSLib","SuperFastMode","everything is the same but u backflip on backflip"],"gold_per_floor":[364,382,382,399,6,6,33,33,33,61,75,75,75,90,90,194,194,211,226,226,226],"floor_reached":20,"language":"KOR","playtime":812,"items_purged":["Strike_R"],"score":283,"play_id":"f426e18c-c9c6-43ff-a75e-97fbd7ceacde","local_time":"20210117040415","is_ascension_mode":true,"campfire_choices":[{"data":"Apotheosis","floor":6.0,"key":"SMITH"},{"data":"Body Slam","floor":8.0,"key":"SMITH"},{"data":"Feed","floor":13.0,"key":"SMITH"},{"data":"Uppercut","floor":15.0,"key":"SMITH"}],"circlet_count":0,"master_deck":["Strike_R+1","Strike_R","Strike_R+1","Defend_R","Defend_R","Defend_R","Defend_R","Bash","Feel No Pain","Body Slam+1","Dark Embrace","Apotheosis+1","Bludgeon","Shrug It Off","Feed+1","Uppercut+1","Fiend Fire","CurseOfTheBell","Power Through+1","Headbutt"],"relics":["Burning Blood","Pear","Whetstone","Nunchaku","Calling Bell","Lantern","Gremlin Horn","Shovel"],"acts_visited":["Exordium","TheCity"],"potions_floor_usage":[19],"damage_taken":[{"damage":8.0,"enemies":"Jaw Worm","floor":1.0,"turns":8.0},{"damage":10.0,"enemies":"Small Slimes","floor":2.0,"turns":5.0},{"damage":7.0,"enemies":"2 Louse","floor":4.0,"turns":4.0},{"damage":10.0,"enemies":"3 Sentries","floor":7.0,"turns":6.0},{"damage":20.0,"enemies":"Gremlin Nob","floor":10.0,"turns":5.0},{"damage":0.0,"enemies":"Exordium Wildlife","floor":11.0,"turns":4.0},{"damage":7.0,"enemies":"Red Slaver","floor":14.0,"turns":5.0},{"damage":46.0,"enemies":"The Guardian","floor":16.0,"turns":10.0},{"damage":12.0,"enemies":"Chosen","floor":18.0,"turns":4.0},{"damage":70,"enemies":"3 Byrds","floor":19,"turns":7},{"damage":16,"enemies":"Shelled Parasite and Fungi","floor":20,"turns":7}],"seed_played":"5171823852904696333","potions_obtained":[{"floor":1.0,"key":"BlessingOfTheForge"},{"floor":2.0,"key":"Block Potion"},{"floor":4.0,"key":"Energy Potion"},{"floor":11.0,"key":"ColorlessPotion"},{"floor":18.0,"key":"Block Potion"}],"is_trial":false,"path_per_floor":["M","M","?","M","$","R","E","R","T","E","M","?","R","M","R","B",null,"M","M","M"],"character_chosen":"IRONCLAD","items_purchased":["Apotheosis","Bludgeon"],"campfire_rested":0,"item_purchase_floors":[5,5],"current_hp_per_floor":[70,66,71,70,70,70,76,76,76,62,68,68,68,71,71,35,80,74,14,0,0],"gold":226,"neow_bonus":"TWO_FIFTY_GOLD","is_daily":false,"chose_seed":false,"campfire_upgraded":4,"win_rate":0.0,"timestamp":1610823855,"path_taken":["M","M","?","M","$","R","E","R","T","E","M","?","R","M","R","BOSS","M","M","M"],"items_purchased_type":["Card","Card"],"build_version":"2020-12-22","purchased_purges":1,"victory":false,"max_hp_per_floor":[72,72,77,77,77,77,87,87,87,87,87,87,87,91,91,95,95,95,99,99,99],"card_choices":[{"not_picked":["Evolve","Uppercut"],"picked":"Feel No Pain","floor":1.0},{"not_picked":["Entrench","Cleave"],"picked":"Body Slam","floor":2.0},{"not_picked":["Flex","Disarm"],"picked":"Dark Embrace","floor":4.0},{"not_picked":["Burning Pact","Hemokinesis"],"picked":"Shrug It Off","floor":7.0},{"not_picked":["Warcry","Hemokinesis","Rampage"],"picked":"SKIP","floor":10.0},{"not_picked":["Clash","Body Slam"],"picked":"Feed","floor":11.0},{"not_picked":["Headbutt","Body Slam"],"picked":"Uppercut","floor":14.0},{"not_picked":["Double Tap","Limit Break"],"picked":"Fiend Fire","floor":16.0},{"not_picked":["Flex","True Grit"],"picked":"Power Through+1","floor":18.0},{"not_picked":["Clothesline+1","Havoc"],"picked":"Headbutt","floor":19}],"player_experience":382916,"relics_obtained":[{"floor":7.0,"key":"Pear"},{"floor":9.0,"key":"Whetstone"},{"floor":10.0,"key":"Nunchaku"},{"floor":17.0,"key":"Lantern"},{"floor":17.0,"key":"Gremlin Horn"},{"floor":17.0,"key":"Shovel"}],"event_choices":[{"damage_healed":0.0,"max_hp_gain":5.0,"max_hp_loss":0.0,"gold_gain":0.0,"event_name":"Big Fish","player_choice":"Donut","floor":3.0,"gold_loss":0.0,"damage_taken":0.0},{"cards_removed":["Strike_R"],"damage_healed":0.0,"max_hp_gain":0.0,"max_hp_loss":0.0,"gold_gain":0.0,"event_name":"Living Wall","player_choice":"Forget","floor":12.0,"gold_loss":0.0,"damage_taken":0.0}],"is_beta":false,"boss_relics":[{"not_picked":["Empty Cage","Ectoplasm"],"picked":"Calling Bell"}],"items_purged_floors":[5],"is_endless":false,"potions_floor_spawned":[1,2,4,11,18],"killed_by":"Shelled Parasite and Fungi","ascension_level":8}}