{"host":"a5lz0e76zb3fcwkm","time":1610780457,"event":{"mods":["AchievementEnabler","BaseMod","Colored Map","Colored Powertips","Minty Spire (QoL Compilation)","StSLib","SuperFastMode"],"gold_per_floor":[110,34,34,46,46,46,73,73,155,170,182,107,129,161,161,232,232,245,170,170,70,70,70,103,123,150,150,160,188,242,254,254,254,254],"floor_reached":33,"language":"KOR","playtime":556,"items_purged":["Strike_R","Perfected Strike"],"score":632,"play_id":"7b2abac9-8d39-4511-acf9-a2fc2743def5","local_time":"20210116160057","is_ascension_mode":true,"campfire_choices":[{"data":"Shockwave","floor":6.0,"key":"SMITH"},{"data":"Barricade","floor":15.0,"key":"SMITH"},{"data":"Armaments","floor":23,"key":"SMITH"},{"floor":27,"key":"REST"},{"data":"Body Slam","floor":32,"key":"SMITH"}],"circlet_count":0,"master_deck":["AscendersBane","Strike_R","Defend_R","Defend_R","Defend_R","Defend_R","Bash","Power Through","Shockwave+1","Cleave","Wild Strike","Body Slam+1","Barricade+1","Immolate","Armaments+1","Burning Pact","Body Slam+1","Flame Barrier+1"],"relics":["Burning Blood","NeowsBlessing","Nunchaku","WarpedTongs","StrikeDummy","Odd Mushroom","Pear","Mark of Pain","Matryoshka","MealTicket","Toy Ornithopter","Letter Opener","Bag of Marbles"],"acts_visited":["Exordium","TheCity"],"potions_floor_usage":[25,31],"damage_taken":[{"damage":0.0,"enemies":"Cultist","floor":1.0,"turns":1.0},{"damage":0.0,"enemies":"Small Slimes","floor":4.0,"turns":1.0},{"damage":0.0,"enemies":"Lagavulin","floor":7.0,"turns":1.0},{"damage":6.0,"enemies":"2 Louse","floor":10.0,"turns":3.0},{"damage":14.0,"enemies":"2 Fungi Beasts","floor":11.0,"turns":3.0},{"damage":6.0,"enemies":"The Mushroom Lair","floor":13.0,"turns":4.0},{"damage":14.0,"enemies":"3 Sentries","floor":14.0,"turns":3.0},{"damage":28.0,"enemies":"Slime Boss","floor":16.0,"turns":8.0},{"damage":9.0,"enemies":"3 Byrds","floor":18.0,"turns":5.0},{"damage":57,"enemies":"Book of Stabbing","floor":24,"turns":7},{"damage":13,"enemies":"Chosen","floor":25,"turns":5},{"damage":4,"enemies":"Centurion and Healer","floor":28,"turns":5},{"damage":10,"enemies":"Gremlin Leader","floor":29,"turns":5},{"damage":7,"enemies":"3 Cultists","floor":31,"turns":4},{"damage":55,"enemies":"Automaton","floor":33,"turns":6}],"seed_played":"6519206617641756627","potions_obtained":[{"floor":1.0,"key":"CultistPotion"},{"floor":4.0,"key":"SmokeBomb"},{"floor":10.0,"key":"Fire Potion"},{"floor":14.0,"key":"FearPotion"},{"floor":24,"key":"GamblersBrew"},{"floor":28,"key":"BlessingOfTheForge"}],"is_trial":false,"path_per_floor":["M","$","?","M","?","R","E","?","T","M","M","?","?","E","R","B",null,"M","$","?","$","?","R","E","M","T","R","M","E","T","M","R","B"],"character_chosen":"IRONCLAD","items_purchased":["Shockwave"],"campfire_rested":1,"item_purchase_floors":[2],"current_hp_per_floor":[74,74,79,80,73,73,79,79,79,79,71,71,71,73,73,51,80,77,77,77,77,77,77,26,19,19,46,48,44,44,48,48,0,0],"gold":254,"neow_bonus":"THREE_ENEMY_KILL","is_daily":false,"chose_seed":false,"campfire_upgraded":4,"win_rate":0.0,"timestamp":1610780457,"path_taken":["M","$","?","M","?","R","E","?","T","?","M","?","?","E","R","BOSS","M","$","?","$","?","R","E","M","T","R","M","E","?","?","R","BOSS"],"items_purchased_type":["Card"],"build_version":"2020-12-22","purchased_purges":2,"victory":false,"max_hp_per_floor":[75,75,80,80,80,80,80,80,80,80,80,80,80,90,90,90,90,90,90,90,90,90,90,90,90,90,90,90,90,90,90,90,90,90],"card_choices":[{"not_picked":["Dark Embrace","Pommel Strike"],"picked":"Power Through","floor":1.0},{"not_picked":["Rupture","Uppercut"],"picked":"Cleave","floor":4.0},{"not_picked":["Twin Strike","Combust"],"picked":"Wild Strike","floor":7.0},{"not_picked":["Wild Strike","Bloodletting"],"picked":"Body Slam","floor":10.0},{"not_picked":["Rage","Searing Blow","Carnage"],"picked":"SKIP","floor":11.0},{"not_picked":["Searing Blow","Headbutt"],"picked":"Barricade","floor":14.0},{"not_picked":["Bludgeon","Barricade"],"picked":"Immolate","floor":16.0},{"not_picked":["Blood for Blood","Headbutt+1","Infernal Blade"],"picked":"SKIP","floor":18.0},{"not_picked":["Warcry","Clothesline","Seeing Red"],"picked":"SKIP","floor":24},{"not_picked":["Heavy Blade","Metallicize","Wild Strike"],"picked":"SKIP","floor":25},{"not_picked":["Clash","Sword Boomerang"],"picked":"Burning Pact","floor":28},{"not_picked":["Pummel","Anger"],"picked":"Body Slam+1","floor":29},{"not_picked":["Perfected Strike+1","Thunderclap"],"picked":"Flame Barrier+1","floor":31}],"player_experience":1750659,"relics_obtained":[{"floor":7.0,"key":"Nunchaku"},{"floor":9.0,"key":"StrikeDummy"},{"floor":13.0,"key":"Odd Mushroom"},{"floor":14.0,"key":"Pear"},{"floor":24,"key":"Matryoshka"},{"floor":26,"key":"MealTicket"},{"floor":29,"key":"Toy Ornithopter"},{"floor":30,"key":"Letter Opener"},{"floor":30,"key":"Bag of Marbles"}],"event_choices":[{"damage_healed":0.0,"max_hp_gain":5.0,"max_hp_loss":0.0,"gold_gain":0.0,"event_name":"Big Fish","player_choice":"Donut","floor":3.0,"gold_loss":0.0,"damage_taken":0.0},{"cards_removed":["Strike_R"],"damage_healed":0.0,"max_hp_gain":0.0,"max_hp_loss":0.0,"gold_gain":0.0,"event_name":"Golden Wing","player_choice":"Card Removal","floor":5.0,"gold_loss":0.0,"damage_taken":7.0},{"damage_healed":0.0,"max_hp_gain":0.0,"max_hp_loss":0.0,"gold_gain":0.0,"event_name":"Accursed Blacksmith","player_choice":"Rummage","floor":8.0,"gold_loss":0.0,"damage_taken":0.0,"relics_obtained":["WarpedTongs"],"cards_obtained":["Pain"]},{"cards_removed":["Pain"],"damage_healed":0.0,"max_hp_gain":0.0,"max_hp_loss":0.0,"gold_gain":0.0,"event_name":"The Cleric","player_choice":"Card Removal","floor":12.0,"gold_loss":75.0,"damage_taken":0.0},{"damage_healed":0.0,"max_hp_gain":0.0,"max_hp_loss":0.0,"gold_gain":0.0,"event_name":"Mushrooms","player_choice":"Fought Mushrooms","floor":13.0,"gold_loss":0.0,"damage_taken":0.0},{"damage_healed":0,"gold_gain":0,"cards_transformed":["Strike_R","Strike_R"],"player_choice":"Became Test Subject","damage_taken":0,"max_hp_gain":0,"max_hp_loss":0,"event_name":"Drug Dealer","floor":20,"gold_loss":0,"cards_obtained":["Armaments","Perfected Strike"]},{"damage_healed":0,"gold_gain":0,"player_choice":"Ignored","damage_taken":0,"max_hp_gain":0,"max_hp_loss":0,"event_name":"The Mausoleum","floor":22,"gold_loss":0}],"is_beta":false,"boss_relics":[{"not_picked":["Black Blood","Empty Cage"],"picked":"Mark of Pain"}],"items_purged_floors":[19,21],"is_endless":false,"potions_floor_spawned":[1,4,10,14,24,28],"killed_by":"Automaton","ascension_level":20}}