{"host":"8i4doyxqctgl5qb0","time":1610832831,"event":{"mods":["AchievementEnabler","BaseMod","Block Reminder","Colored Powertips","Minty Spire (QoL Compilation)","Permanent Neow","Potion Indicator Mod","Rare Cards Sparkle","StSLib","SuperFastMode","The Jungle"],"gold_per_floor":[218,218,232,194,194,228,241,241,241,255,255,274,288,9,9,104,104,119,218,236,247,263,263,263,281,307,340,340,358,21,21,21,21,21],"floor_reached":33,"language":"ZHS","playtime":947,"items_purged":[],"score":417,"play_id":"69499565-310e-447a-900b-b119529116a7","local_time":"20210117053351","is_ascension_mode":true,"campfire_choices":[{"floor":8.0,"key":"REST"},{"data":"Defragment","floor":11.0,"key":"SMITH"},{"floor":15.0,"key":"REST"},{"floor":23.0,"key":"REST"},{"floor":28.0,"key":"REST"},{"data":"Consume","floor":32,"key":"SMITH"}],"circlet_count":0,"master_deck":["AscendersBane","Strike_B+1","Strike_B+1","Strike_B+1","Strike_B+1","Defend_B+1","Defend_B+1","Defend_B+1","Defend_B+1","Zap+1","Dualcast","Consume+1","Defragment+1","Static Discharge","FTL","Barrage","Barrage","Storm","Chaos","Biased Cognition","Force Field","Double Energy","Heatsinks","Steam","Amplify","Conserve Battery","Core Surge","Conserve Battery","Chill+1","Storm","Chaos+1","Hello World","Barrage","Hello World"],"relics":["Cracked Core","Orichalcum","Bag of Marbles","Peace Pipe","Orrery","Inserter","Tiny Chest","Girya","Ice Cream"],"acts_visited":["Exordium","TheCity"],"potions_floor_usage":[],"damage_taken":[{"damage":7.0,"enemies":"Jaw Worm","floor":1.0,"turns":4.0},{"damage":0.0,"enemies":"Cultist","floor":3.0,"turns":3.0},{"damage":16.0,"enemies":"Gremlin Nob","floor":6.0,"turns":4.0},{"damage":7.0,"enemies":"2 Louse","floor":7.0,"turns":2.0},{"damage":10.0,"enemies":"Looter","floor":10.0,"turns":3.0},{"damage":3.0,"enemies":"2 Fungi Beasts","floor":12.0,"turns":3.0},{"damage":14.0,"enemies":"Exordium Thugs","floor":13.0,"turns":3.0},{"damage":45.0,"enemies":"Slime Boss","floor":16.0,"turns":9.0},{"damage":21.0,"enemies":"3 Byrds","floor":18.0,"turns":3.0},{"damage":12.0,"enemies":"Chosen","floor":20.0,"turns":4.0},{"damage":0.0,"enemies":"Centurion and Healer","floor":21.0,"turns":9.0},{"damage":14.0,"enemies":"Snake Plant","floor":22.0,"turns":4.0},{"damage":19.0,"enemies":"Chosen and Byrds","floor":25.0,"turns":5.0},{"damage":14.0,"enemies":"Slavers","floor":27.0,"turns":5.0},{"damage":2.0,"enemies":"Shelled Parasite and Fungi","floor":29.0,"turns":6.0},{"damage":68,"enemies":"Collector","floor":33,"turns":5}],"seed_played":"-4819206920234912362","potions_obtained":[{"floor":1.0,"key":"Energy Potion"},{"floor":10.0,"key":"Regen Potion"},{"floor":13.0,"key":"FocusPotion"},{"floor":18.0,"key":"Fire Potion"},{"floor":20.0,"key":"SkillPotion"}],"is_trial":false,"path_per_floor":["M","?","M","$","T","E","M","R","T","M","R","M","M","$","R","B",null,"M","?","M","M","M","R","?","M","T","E","R","M","$","?","R","B"],"character_chosen":"DEFECT","items_purchased":["Static Discharge","Orrery","Amplify","Conserve Battery","Ice Cream","Hello World"],"campfire_rested":4,"item_purchase_floors":[4,14,14,14,30,30],"current_hp_per_floor":[61,61,61,61,61,45,38,60,60,50,50,47,33,33,55,10,59,38,38,26,26,12,34,34,15,15,15,37,35,35,60,60,0,0],"gold":21,"neow_bonus":"HUNDRED_GOLD","is_daily":false,"chose_seed":false,"campfire_upgraded":2,"win_rate":0.0,"timestamp":1610832831,"path_taken":["M","?","M","$","?","E","?","R","T","M","R","M","M","?","R","BOSS","M","?","M","M","M","R","?","M","T","E","R","M","$","?","R","BOSS"],"items_purchased_type":["Card","Relic","Card","Card","Relic","Card"],"build_version":"2020-12-22","purchased_purges":0,"victory":false,"max_hp_per_floor":[75,75,75,75,75,75,75,75,75,75,75,75,75,75,75,75,75,75,75,75,75,75,75,75,75,75,75,75,75,75,75,75,75,75],"card_choices":[{"not_picked":["Darkness","Turbo"],"picked":"Consume","floor":1.0},{"not_picked":["Sweeping Beam","Cold Snap"],"picked":"Defragment","floor":3.0},{"not_picked":["Go for the Eyes","Glacier"],"picked":"FTL","floor":6.0},{"not_picked":["Coolheaded","Go for the Eyes"],"picked":"Barrage","floor":7.0},{"not_picked":["Turbo","Cold Snap"],"picked":"Barrage","floor":10.0},{"not_picked":["Consume","Compile Driver"],"picked":"Storm","floor":12.0},{"not_picked":["Coolheaded","Hologram"],"picked":"Chaos","floor":13.0},{"not_picked":["Turbo","Rebound"],"picked":"Biased Cognition","floor":14.0},{"not_picked":["All For One","Defragment"],"picked":"Force Field","floor":14.0},{"not_picked":["Sweeping Beam","Redo"],"picked":"Double Energy","floor":14.0},{"not_picked":["Stack","Coolheaded"],"picked":"Heatsinks","floor":14.0},{"not_picked":["Genetic Algorithm","Go for the Eyes"],"picked":"Steam","floor":14.0},{"not_picked":["Fission","Hyperbeam"],"picked":"Core Surge","floor":16.0},{"not_picked":["Go for the Eyes","Ball Lightning+1"],"picked":"Conserve Battery","floor":18.0},{"not_picked":["Beam Cell","Sweeping Beam"],"picked":"Chill+1","floor":20.0},{"not_picked":["Redo","Sweeping Beam+1","Compile Driver"],"picked":"SKIP","floor":21.0},{"not_picked":["Reinforced Body","Streamline"],"picked":"Storm","floor":22.0},{"not_picked":["Turbo+1","Thunder Strike"],"picked":"Chaos+1","floor":25.0},{"not_picked":["Hologram","Conserve Battery"],"picked":"Hello World","floor":27.0},{"not_picked":["Coolheaded","Leap"],"picked":"Barrage","floor":29.0}],"player_experience":151710,"relics_obtained":[{"floor":5.0,"key":"Orichalcum"},{"floor":6.0,"key":"Bag of Marbles"},{"floor":9.0,"key":"Peace Pipe"},{"floor":26.0,"key":"Tiny Chest"},{"floor":27.0,"key":"Girya"}],"event_choices":[{"damage_healed":0.0,"max_hp_gain":0.0,"max_hp_loss":0.0,"gold_gain":0.0,"event_name":"Accursed Blacksmith","player_choice":"Forge","floor":2.0,"gold_loss":0.0,"damage_taken":0.0,"cards_upgraded":["Zap"]},{"damage_healed":0.0,"max_hp_gain":0.0,"max_hp_loss":0.0,"gold_gain":99.0,"event_name":"Nest","player_choice":"Stole From Cult","floor":19.0,"gold_loss":0.0,"damage_taken":0.0},{"damage_healed":0.0,"max_hp_gain":0.0,"max_hp_loss":0.0,"gold_gain":0.0,"event_name":"Back to Basics","player_choice":"Simplicity","floor":24.0,"gold_loss":0.0,"damage_taken":0.0,"cards_upgraded":["Strike_B","Strike_B","Strike_B","Strike_B","Defend_B","Defend_B","Defend_B","Defend_B"]},{"damage_healed":25,"gold_gain":0,"player_choice":"Heal","damage_taken":0,"max_hp_gain":0,"max_hp_loss":0,"event_name":"The Library","floor":31,"gold_loss":0}],"is_beta":false,"boss_relics":[{"not_picked":["Snecko Eye","FrozenCore"],"picked":"Inserter"}],"items_purged_floors":[],"is_endless":false,"potions_floor_spawned":[1,10,13,18,20],"killed_by":"Collector","ascension_level":11}}