{"host":"omsykib0woddca32","time":1610800783,"event":{"mods":["BaseMod","Colored Powertips","Lobotomy","Minty Spire (QoL Compilation)","Random Character Button","Shop Mod","StSLib"],"gold_per_floor":[110,122,134,150,160,160,193,205,228,243,243,258,258,268,268,366,366,377,476,201,213,233,233,258,258,329,112,112,122,132,144,144,243,243,263,263,263,281,297,327,340,350,350,179,55,72,88,102,102,102,102,102,27,52,52],"floor_reached":56,"language":"ZHS","playtime":3274,"items_purged":["Strike_G","Strike_G","Strike_G","Strike_G"],"score":1361,"play_id":"fa78753b-a793-4993-ba76-6c91251ca0c2","local_time":"20210116203943","is_ascension_mode":false,"campfire_choices":[{"data":"Cloak And Dagger","floor":6.0,"key":"SMITH"},{"data":"Calculated Gamble","floor":11.0,"key":"SMITH"},{"data":"Acrobatics","floor":15.0,"key":"SMITH"},{"data":"Storm of Steel","floor":23.0,"key":"SMITH"},{"data":"Footwork","floor":25.0,"key":"SMITH"},{"data":"Blade Dance","floor":28.0,"key":"SMITH"},{"floor":32.0,"key":"REST"},{"floor":49.0,"key":"RECALL"},{"data":"Tactician","floor":52.0,"key":"SMITH"}],"circlet_count":0,"master_deck":["Strike_G","Defend_G","Defend_G","Defend_G","Defend_G","Defend_G","Survivor","Neutralize","Cloak And Dagger+1","Tactician+1","HeroicMonk","Acrobatics+1","Escape Plan","Calculated Gamble+1","Escape Plan","BlueStar","Infinite Blades","Storm of Steel+1","Footwork+1","Backflip","Blade Dance+1","Adrenaline","Accuracy+1","Storm of Steel","SnowQueen","PiercingWail+1"],"relics":["Ring of the Snake","CogitoBucket","Oddly Smooth Stone","Happy Flower","Runic Pyramid","Ornamental Fan","MerchantsRug","HellTrain","AtMidnight","Busted Crown","Membership Card","Bottled Tornado","Toy Ornithopter"],"acts_visited":["Exordium","TheCity","TheBeyond","TheEnding"],"potions_floor_usage":[55],"damage_taken":[{"damage":3.0,"enemies":"Jaw Worm","floor":1.0,"turns":4.0},{"damage":1.0,"enemies":"Cultist","floor":2.0,"turns":4.0},{"damage":0.0,"enemies":"Small Slimes","floor":3.0,"turns":3.0},{"damage":21.0,"enemies":"Exordium Wildlife","floor":4.0,"turns":11.0},{"damage":1.0,"enemies":"Blue Slaver","floor":5.0,"turns":5.0},{"damage":0.0,"enemies":"Lagavulin","floor":7.0,"turns":3.0},{"damage":4.0,"enemies":"2 Fungi Beasts","floor":8.0,"turns":9.0},{"damage":0.0,"enemies":"Looter","floor":10.0,"turns":4.0},{"damage":15.0,"enemies":"Gremlin Gang","floor":12.0,"turns":6.0},{"damage":0.0,"enemies":"Red Slaver","floor":14.0,"turns":2.0},{"damage":15.0,"enemies":"Slime Boss","floor":16.0,"turns":7.0},{"damage":6.0,"enemies":"Chosen","floor":18.0,"turns":4.0},{"damage":9.0,"enemies":"2 Thieves","floor":21.0,"turns":4.0},{"damage":12.0,"enemies":"3 Cultists","floor":22.0,"turns":4.0},{"damage":24.0,"enemies":"Slavers","floor":24.0,"turns":5.0},{"damage":0.0,"enemies":"Centurion and Healer","floor":29.0,"turns":2.0},{"damage":0.0,"enemies":"Shelled Parasite and Fungi","floor":30.0,"turns":2.0},{"damage":0.0,"enemies":"Chosen and Byrds","floor":31.0,"turns":2.0},{"damage":0.0,"enemies":"Automaton","floor":33.0,"turns":2.0},{"damage":0.0,"enemies":"Orb Walker","floor":35.0,"turns":1.0},{"damage":0.0,"enemies":"3 Darklings","floor":38.0,"turns":1.0},{"damage":0.0,"enemies":"4 Shapes","floor":39.0,"turns":1.0},{"damage":0.0,"enemies":"Giant Head","floor":40.0,"turns":1.0},{"damage":0.0,"enemies":"Maw","floor":41.0,"turns":1.0},{"damage":0.0,"enemies":"Writhing Mass","floor":42.0,"turns":3.0},{"damage":0.0,"enemies":"Jaw Worm Horde","floor":46.0,"turns":2.0},{"damage":0.0,"enemies":"Spire Growth","floor":47.0,"turns":1.0},{"damage":0.0,"enemies":"Sphere and 2 Shapes","floor":48.0,"turns":1.0},{"damage":0.0,"enemies":"Donu and Deca","floor":50.0,"turns":2.0},{"damage":1,"enemies":"Shield and Spear","floor":54,"turns":2},{"damage":28,"enemies":"The Heart","floor":55,"turns":4}],"seed_played":"-776835260207047900","potions_obtained":[{"floor":1.0,"key":"SkillPotion"},{"floor":3.0,"key":"Explosive Potion"},{"floor":5.0,"key":"SteroidPotion"},{"floor":8.0,"key":"BlessingOfTheForge"},{"floor":14.0,"key":"PowerPotion"},{"floor":22.0,"key":"ColorlessPotion"},{"floor":24.0,"key":"Strength Potion"},{"floor":31.0,"key":"SpeedPotion"},{"floor":38.0,"key":"DistilledChaos"}],"is_trial":false,"path_per_floor":["M","M","M","M","M","R","E","M","T","M","R","M","?","M","R","B",null,"M","?","$","M","M","R","E","R","T","$","R","M","M","M","R","B",null,"M","?","?","M","M","E","M","M","T","$","$","M","M","M","R","B",null,"R","$","E","B",null],"character_chosen":"THE_SILENT","items_purchased":["Strange Spoon","Backflip","MerchantsRug","Accuracy+1","Membership Card","Bottled Tornado"],"campfire_rested":1,"item_purchase_floors":[20,20,27,27,44,45],"current_hp_per_floor":[67,66,66,45,44,44,44,40,40,40,40,25,30,30,30,15,75,69,69,69,60,48,48,24,24,24,24,24,24,24,24,46,46,75,75,75,75,75,75,75,75,75,75,75,75,75,75,75,75,75,75,75,75,74,51],"gold":52,"neow_bonus":"","is_daily":false,"chose_seed":false,"campfire_upgraded":7,"win_rate":0.0,"timestamp":1610800783,"path_taken":["M","M","M","M","M","R","E","M","T","M","R","?","?","M","R","BOSS","M","?","$","M","M","R","E","R","T","$","R","M","M","M","R","BOSS","M","?","?","M","M","E","?","M","T","?","$","M","M","M","R","BOSS","R","$","E","BOSS"],"items_purchased_type":["Relic","Card","Relic","Card","Relic","Relic"],"build_version":"2020-12-22","purchased_purges":4,"victory":true,"max_hp_per_floor":[70,70,70,70,70,70,70,70,70,70,70,70,75,75,75,75,75,75,75,75,75,75,75,75,75,75,75,75,75,75,75,75,75,75,75,75,75,75,75,75,75,75,75,75,75,75,75,75,75,75,75,75,75,75,75],"card_choices":[{"not_picked":["Flechettes","Crippling Poison"],"picked":"Cloak And Dagger","floor":1.0},{"not_picked":["Deflect","Poisoned Stab","Caltrops"],"picked":"SKIP","floor":2.0},{"not_picked":["Flying Knee","Catalyst"],"picked":"Tactician","floor":3.0},{"not_picked":["MeatLantern","LittleHelper"],"picked":"HeroicMonk","floor":4.0},{"not_picked":["Underhanded Strike","Cloak And Dagger"],"picked":"Acrobatics","floor":4.0},{"not_picked":["Flying Knee","Dagger Throw","Slice"],"picked":"SKIP","floor":5.0},{"not_picked":["Unload","Masterful Stab"],"picked":"Escape Plan","floor":7.0},{"not_picked":["Backflip","Backstab"],"picked":"Calculated Gamble","floor":8.0},{"not_picked":["Outmaneuver","Leg Sweep"],"picked":"Escape Plan","floor":10.0},{"not_picked":["MHz","Laetitia"],"picked":"BlueStar","floor":12.0},{"not_picked":["Bouncing Flask","Prepared","Outmaneuver"],"picked":"SKIP","floor":12.0},{"not_picked":["Sucker Punch","Blur"],"picked":"Infinite Blades","floor":14.0},{"not_picked":["Malaise","Burst"],"picked":"Storm of Steel","floor":16.0},{"not_picked":["Flechettes","Outmaneuver"],"picked":"Footwork","floor":18.0},{"not_picked":["Backflip","Endless Agony"],"picked":"Blade Dance","floor":21.0},{"not_picked":["Prepared","Poisoned Stab","Backflip"],"picked":"SKIP","floor":22.0},{"not_picked":["Skewer","Dagger Spray"],"picked":"Adrenaline","floor":24.0},{"not_picked":["Outmaneuver","Backstab","Expertise"],"picked":"SKIP","floor":29.0},{"not_picked":["PiercingWail","Flying Knee","Dagger Throw+1"],"picked":"SKIP","floor":30.0},{"not_picked":["Dagger Throw","Catalyst","Dagger Spray"],"picked":"SKIP","floor":31.0},{"not_picked":["Unload","Corpse Explosion"],"picked":"Storm of Steel","floor":33.0},{"not_picked":["Deflect+1"],"picked":"SKIP","floor":35.0},{"not_picked":["Cloak And Dagger+1"],"picked":"SKIP","floor":38.0},{"not_picked":["Backflip"],"picked":"SKIP","floor":39.0},{"not_picked":["Dodge and Roll+1"],"picked":"SKIP","floor":40.0},{"not_picked":["Prepared"],"picked":"SKIP","floor":41.0},{"not_picked":["Storm of Steel"],"picked":"SKIP","floor":42.0},{"not_picked":["Flying Knee+1"],"picked":"SKIP","floor":46.0},{"not_picked":["NothingThere","RedShoes"],"picked":"SnowQueen","floor":47.0},{"not_picked":["Masterful Stab+1"],"picked":"SKIP","floor":47.0},{"not_picked":[],"picked":"PiercingWail+1","floor":48.0},{"not_picked":["Noxious Fumes+1"],"picked":"SKIP","floor":54}],"player_experience":89787,"relics_obtained":[{"floor":7.0,"key":"Oddly Smooth Stone"},{"floor":9.0,"key":"Happy Flower"},{"floor":24.0,"key":"Frozen Egg 2"},{"floor":26.0,"key":"Ornamental Fan"},{"floor":30.0,"key":"AtMidnight"},{"floor":40.0,"key":"Art of War"},{"floor":54,"key":"Toy Ornithopter"}],"event_choices":[{"damage_healed":0.0,"max_hp_gain":5.0,"max_hp_loss":0.0,"gold_gain":0.0,"event_name":"Big Fish","player_choice":"Donut","floor":13.0,"gold_loss":0.0,"damage_taken":0.0},{"damage_healed":0.0,"max_hp_gain":0.0,"max_hp_loss":0.0,"gold_gain":99.0,"event_name":"Nest","player_choice":"Stole From Cult","floor":19.0,"gold_loss":0.0,"damage_taken":0.0},{"damage_healed":0.0,"max_hp_gain":0.0,"max_hp_loss":0.0,"gold_gain":0.0,"event_name":"SensoryStone","player_choice":"Memory 1","floor":36.0,"gold_loss":0.0,"damage_taken":0.0},{"damage_healed":0.0,"max_hp_gain":0.0,"max_hp_loss":0.0,"gold_gain":0.0,"event_name":"Match and Keep!","player_choice":"0 cards matched","floor":37.0,"gold_loss":0.0,"damage_taken":0.0,"cards_obtained":[]}],"is_beta":false,"boss_relics":[{"not_picked":["Fusion Hammer","Philosopher\u0027s Stone"],"picked":"Runic Pyramid"},{"not_picked":["Runic Dome","Ring of the Serpent"],"picked":"Busted Crown"}],"items_purged_floors":[20,27,44,53],"is_endless":false,"potions_floor_spawned":[1,3,5,8,14,22,24,31,38,42,47,48,54],"ascension_level":0}}