{"host":"y193d0agu1dp5x1y","time":1610821841,"event":{"mods":["AchievementEnabler","BaseMod","Googly Eyes","Minty Spire (QoL Compilation)"],"gold_per_floor":[116,116,191,78,78,78,97,112,112,132,34,34,34,45,45,147,147,167,147,165,175,175,175,175,175,175,21,21,39,39,54,54,54,54],"floor_reached":33,"language":"ENG","playtime":803,"items_purged":["Dualcast","Scrape"],"score":235,"play_id":"e2e7c264-1b7f-4e6b-aa87-0d36e435eb38","local_time":"20210116123041","is_ascension_mode":false,"campfire_choices":[{"data":"Zap","floor":6,"key":"SMITH"},{"data":"Melter","floor":12,"key":"SMITH"},{"data":"Ball Lightning","floor":15,"key":"SMITH"},{"floor":23,"key":"REST"},{"data":"Machine Learning","floor":25,"key":"SMITH"},{"data":"Compile Driver","floor":28,"key":"SMITH"},{"data":"Leap","floor":30,"key":"SMITH"},{"floor":32,"key":"REST"}],"circlet_count":0,"master_deck":["Strike_B+1","Strike_B+1","Strike_B+1","Strike_B+1","Defend_B+1","Defend_B+1","Defend_B+1","Defend_B+1","Zap+1","Loop+1","Melter+1","Ball Lightning+1","Go for the Eyes","Beam Cell","Machine Learning+1","Conserve Battery+1","Compile Driver+1","Redo","Leap+1","Leap"],"relics":["Busted Crown","Lantern","Pantograph","Nuclear Battery","MutagenicStrength","Matryoshka"],"acts_visited":["Exordium","TheCity"],"potions_floor_usage":[7,8,14,14,20,20,33],"damage_taken":[{"damage":0,"enemies":"Cultist","floor":1,"turns":4},{"damage":0,"enemies":"2 Louse","floor":7,"turns":1},{"damage":1,"enemies":"Jaw Worm","floor":8,"turns":3},{"damage":2,"enemies":"3 Louse","floor":10,"turns":3},{"damage":1,"enemies":"Exordium Wildlife","floor":14,"turns":3},{"damage":17,"enemies":"Slime Boss","floor":16,"turns":8},{"damage":20,"enemies":"2 Thieves","floor":18,"turns":4},{"damage":0,"enemies":"Spheric Guardian","floor":20,"turns":3},{"damage":29,"enemies":"Snake Plant","floor":21,"turns":4},{"damage":4,"enemies":"Cultist and Chosen","floor":29,"turns":5},{"damage":11,"enemies":"3 Cultists","floor":31,"turns":5},{"damage":83,"enemies":"Collector","floor":33,"turns":8}],"seed_played":"8126370154278122761","potions_obtained":[{"floor":1,"key":"SteroidPotion"},{"floor":7,"key":"Strength Potion"},{"floor":10,"key":"EssenceOfDarkness"},{"floor":18,"key":"Fire Potion"},{"floor":19,"key":"Ancient Potion"},{"floor":20,"key":"Dexterity Potion"}],"is_trial":false,"path_per_floor":["M","T","?","$","?","R","M","M","T","M","$","R","?","M","R","B",null,"M","?","M","M","?","R","?","R","T","$","R","M","R","M","R","B"],"character_chosen":"DEFECT","items_purchased":["Melter","Go for the Eyes","Block Potion","Redo"],"campfire_rested":2,"item_purchase_floors":[4,11,11,27],"current_hp_per_floor":[75,75,64,64,64,64,64,63,63,61,61,61,61,60,60,58,75,55,55,55,26,26,48,48,48,48,48,48,44,44,33,55,0,0],"gold":54,"neow_bonus":"BOSS_RELIC","is_daily":false,"chose_seed":false,"campfire_upgraded":6,"win_rate":0.0,"timestamp":1610821841,"path_taken":["M","?","?","?","?","R","M","?","T","?","$","R","?","M","R","BOSS","M","?","M","?","?","R","?","R","T","$","R","M","R","M","R","BOSS"],"items_purchased_type":["Card","Card","Potion","Card"],"build_version":"2020-12-22","purchased_purges":2,"victory":false,"max_hp_per_floor":[75,75,75,75,75,75,75,75,75,75,75,75,75,75,75,75,75,75,75,75,75,75,75,75,75,75,75,75,75,75,75,75,75,75],"card_choices":[{"not_picked":[],"picked":"Loop","floor":1},{"not_picked":[],"picked":"Ball Lightning","floor":7},{"not_picked":["Skim"],"picked":"SKIP","floor":8},{"not_picked":["Darkness"],"picked":"SKIP","floor":10},{"not_picked":[],"picked":"Beam Cell","floor":14},{"not_picked":[],"picked":"Machine Learning","floor":16},{"not_picked":[],"picked":"Conserve Battery+1","floor":18},{"not_picked":[],"picked":"Scrape","floor":20},{"not_picked":[],"picked":"Compile Driver","floor":21},{"not_picked":[],"picked":"Leap","floor":29},{"not_picked":[],"picked":"Leap","floor":31}],"player_experience":110288,"relics_obtained":[{"floor":2,"key":"Lantern"},{"floor":9,"key":"Pantograph"},{"floor":26,"key":"Matryoshka"}],"event_choices":[{"damage_healed":0,"gold_gain":75,"player_choice":"Gather Gold","damage_taken":11,"max_hp_gain":0,"max_hp_loss":0,"event_name":"World of Goop","floor":3,"gold_loss":0},{"damage_healed":0,"gold_gain":0,"player_choice":"Ignored","damage_taken":0,"max_hp_gain":0,"max_hp_loss":0,"event_name":"Golden Idol","floor":5,"gold_loss":0},{"damage_healed":0,"gold_gain":0,"player_choice":"Upgraded","damage_taken":0,"max_hp_gain":0,"max_hp_loss":0,"event_name":"Upgrade Shrine","floor":13,"gold_loss":0,"cards_upgraded":["Loop"]},{"damage_healed":0,"gold_gain":0,"player_choice":"Bought 1 Potion","damage_taken":0,"max_hp_gain":0,"max_hp_loss":0,"event_name":"The Woman in Blue","floor":19,"gold_loss":0},{"damage_healed":0,"gold_gain":0,"player_choice":"Simplicity","damage_taken":0,"max_hp_gain":0,"max_hp_loss":0,"event_name":"Back to Basics","floor":22,"gold_loss":0,"cards_upgraded":["Strike_B","Strike_B","Strike_B","Strike_B","Defend_B","Defend_B","Defend_B","Defend_B"]},{"damage_healed":0,"gold_gain":0,"player_choice":"Inject Mutagens","damage_taken":0,"relics_obtained":["MutagenicStrength"],"max_hp_gain":0,"max_hp_loss":0,"event_name":"Drug Dealer","floor":24,"gold_loss":0}],"is_beta":false,"boss_relics":[{"not_picked":["Ectoplasm","Empty Cage"],"picked":"Nuclear Battery"}],"items_purged_floors":[4,27],"is_endless":false,"potions_floor_spawned":[1,7,10,18,20],"killed_by":"Collector","ascension_level":0}}