{"host":"3nces2ajq3sg92g2","time":1610812173,"event":{"mods":["ATMod(阿瑾Mod)","Alarm Clock","Arknights The Spire","Ascension Reborn","BaseMod","Colored Map","Conspire","Dota2Spire","Downfall","Minty Spire (QoL Compilation)","MostiFishMod","Quick Restart","Shop Mod","StSLib","TestMod","[IsaacMod]以撒尖塔","vexMod","【功能Mod】聪明的最终Boss","【遗物卡牌】REMEMod"],"gold_per_floor":[99,119,136,148,161,187,187,199,233,233],"floor_reached":9,"language":"ZHS","playtime":634,"items_purged":[],"score":140,"play_id":"e4fd4cd0-def4-471c-9b60-099db59b589c","local_time":"20210116234933","daily_mods":["Vintage","Allstar","downfall:Lament","DeadlyEvents","Elite Swarm"],"is_ascension_mode":true,"campfire_choices":[{"data":"AT_FamilyPortrait","floor":1,"key":"SMITH"}],"circlet_count":0,"master_deck":["ats:Strike C","ats:Strike G","ats:Strike S","ats:Strike V","ats:Armor Crushing Shot","ats:Defend","ats:Defend","ats:Defend","ats:Defend","ats:Emotion Absorption","BettingIsNotGood","sneckomod:UnknownRareAttack","AT_FamilyPortrait+1","REME_TwoStrings","Secret Weapon","Secret Technique","HandOfGreed","ats:True Silver Slash"],"relics":["ats:Sanity","AT_ATBox","NeowsBlessing","DaveBox","testmod-TestBox","HushsDoor","REME_ComplimentaryCards","HowToJump","testmod-Fanaticism","ThornShield","Art of War","Dota2Spire:BlackKingBar","Dota2Spire:LinkenSphere","StrikeDummy","ats:Originium","SalivaCoin","Singing Bowl"],"acts_visited":["Exordium"],"potions_floor_usage":[9],"damage_taken":[{"damage":0,"enemies":"2 Louse","floor":2,"turns":1},{"damage":0,"enemies":"Small Slimes","floor":3,"turns":1},{"damage":0,"enemies":"conspire:RoseBush","floor":4,"turns":1},{"damage":15,"enemies":"Exordium Thugs","floor":5,"turns":2},{"damage":0,"enemies":"Gremlin Nob","floor":6,"turns":2},{"damage":0,"enemies":"Gremlin Gang","floor":8,"turns":1},{"damage":100000012,"enemies":"3 Sentries","floor":9,"turns":2}],"seed_played":"-3683466671767744019","potions_obtained":[{"floor":2,"key":"testmod-EscapePotion"},{"floor":4,"key":"Swift Potion"},{"floor":6,"key":"Guardian:BlockOnCardUsePotion"}],"is_trial":true,"path_per_floor":["R","M","M","M","M","E","T","M","E"],"character_chosen":"DOCTOR_CLASS","items_purchased":[],"campfire_rested":0,"item_purchase_floors":[],"current_hp_per_floor":[72,72,72,72,60,60,60,60,0,0],"gold":233,"neow_bonus":"","is_daily":false,"chose_seed":false,"campfire_upgraded":1,"win_rate":0.0,"timestamp":1610812173,"path_taken":["R","M","M","M","M","E","T","M","E"],"items_purchased_type":[],"build_version":"2020-12-22","purchased_purges":0,"victory":false,"max_hp_per_floor":[72,72,72,72,72,72,72,72,72,72],"card_choices":[{"not_picked":[],"picked":"BettingIsNotGood","floor":0},{"not_picked":["ats:Disruption Kick","ats:Dogmatic Field"],"picked":"ats:True Silver Slash","floor":6}],"player_experience":48108,"relics_obtained":[{"floor":2,"key":"Art of War"},{"floor":3,"key":"Dota2Spire:BlackKingBar"},{"floor":4,"key":"Dota2Spire:LinkenSphere"},{"floor":5,"key":"StrikeDummy"},{"floor":6,"key":"ats:Originium"},{"floor":6,"key":"SalivaCoin"},{"floor":8,"key":"Singing Bowl"}],"event_choices":[],"is_beta":false,"boss_relics":[],"items_purged_floors":[],"is_endless":true,"potions_floor_spawned":[2,4,5,6],"killed_by":"3 Sentries","ascension_level":0}}