{"host":"9h2uyw8lwpma4m74","time":1610825549,"event":{"mods":["BaseMod","Minty Spire (QoL Compilation)"],"gold_per_floor":[109,120,120,136,152,152,187,202,226,226,226,266,266,279,279,405,405,429,197,210,210,210,245,245,289,314,314,329,329,329,343,343,474,474,487,9,9,32,32,32,65,88,113,132,132,155,196,210,210,210,210,210,14,48,48,48],"floor_reached":55,"language":"JPN","playtime":7539,"items_purged":["Strike_G"],"score":814,"play_id":"3b8f980f-a86a-4762-bb27-07736c4c775d","local_time":"20210117043229","is_ascension_mode":true,"campfire_choices":[{"data":"Tools of the Trade","floor":6,"key":"SMITH"},{"floor":10,"key":"REST"},{"floor":15,"key":"REST"},{"floor":24,"key":"REST"},{"floor":27,"key":"REST"},{"data":"Storm of Steel","floor":29,"key":"SMITH"},{"floor":32,"key":"REST"},{"floor":40,"key":"RECALL"},{"floor":49,"key":"REST"},{"floor":52,"key":"REST"}],"circlet_count":0,"master_deck":["Strike_G+1","Strike_G+1","Strike_G+1","Strike_G+1","Defend_G+1","Defend_G+1","Defend_G+1","Defend_G+1","Defend_G+1","Survivor","Neutralize+1","Tools of the Trade+1","Prepared","Dagger Spray","Underhanded Strike","Infinite Blades","PiercingWail","Tools of the Trade+1","Flying Knee","Infinite Blades+1","Storm of Steel+1","Leg Sweep+1","Envenom+1","Expertise","Blur+1","Die Die Die","Well Laid Plans+1","Blade Dance+1","Doppelganger+1","Well Laid Plans+1","Cloak And Dagger+1","Well Laid Plans+1","Dodge and Roll+1","Acrobatics+1","Venomology+1","Bouncing Flask+1","Leg Sweep+1","Cloak And Dagger+1","Crippling Poison+1"],"relics":["Ring of the Snake","Golden Idol","Frozen Egg 2","Omamori","Bronze Scales","SlaversCollar","Blood Vial","Toxic Egg 2","Lantern","Anchor","Fusion Hammer","Vajra","Bag of Marbles","WarpedTongs","Spirit Poop","Pen Nib","Snake Skull","Art of War","HandDrill","Centennial Puzzle"],"acts_visited":["Exordium","TheCity","TheBeyond","TheEnding"],"potions_floor_usage":[7,12,16,33,42,42,44,44,46,48,50,50,54,54,54,55,55],"damage_taken":[{"damage":2,"enemies":"Jaw Worm","floor":1,"turns":6},{"damage":2,"enemies":"Small Slimes","floor":2,"turns":5},{"damage":7,"enemies":"2 Louse","floor":4,"turns":3},{"damage":7,"enemies":"Gremlin Gang","floor":5,"turns":4},{"damage":19,"enemies":"Gremlin Nob","floor":7,"turns":4},{"damage":7,"enemies":"Exordium Wildlife","floor":8,"turns":4},{"damage":4,"enemies":"Lagavulin","floor":12,"turns":6},{"damage":0,"enemies":"Red Slaver","floor":14,"turns":3},{"damage":22,"enemies":"Slime Boss","floor":16,"turns":12},{"damage":10,"enemies":"3 Byrds","floor":18,"turns":4},{"damage":18,"enemies":"Spheric Guardian","floor":20,"turns":5},{"damage":18,"enemies":"Book of Stabbing","floor":23,"turns":6},{"damage":14,"enemies":"Gremlin Leader","floor":25,"turns":10},{"damage":0,"enemies":"Cultist and Chosen","floor":28,"turns":5},{"damage":10,"enemies":"Colosseum Slavers","floor":30,"turns":6},{"damage":12,"enemies":"Snecko","floor":31,"turns":6},{"damage":29,"enemies":"Collector","floor":33,"turns":11},{"damage":7,"enemies":"Orb Walker","floor":35,"turns":4},{"damage":1,"enemies":"3 Darklings","floor":38,"turns":3},{"damage":14,"enemies":"Nemesis","floor":41,"turns":7},{"damage":0,"enemies":"Maw","floor":42,"turns":7},{"damage":4,"enemies":"4 Shapes","floor":44,"turns":3},{"damage":0,"enemies":"Jaw Worm Horde","floor":46,"turns":3},{"damage":1,"enemies":"Giant Head","floor":47,"turns":7},{"damage":0,"enemies":"Transient","floor":48,"turns":5},{"damage":38,"enemies":"Awakened One","floor":50,"turns":13},{"damage":18,"enemies":"Shield and Spear","floor":54,"turns":6},{"damage":75,"enemies":"The Heart","floor":55,"turns":8}],"seed_played":"7849792486027150481","potions_obtained":[{"floor":5,"key":"SkillPotion"},{"floor":7,"key":"Dexterity Potion"},{"floor":8,"key":"BlessingOfTheForge"},{"floor":14,"key":"EssenceOfSteel"},{"floor":18,"key":"BlessingOfTheForge"},{"floor":31,"key":"Dexterity Potion"},{"floor":41,"key":"FairyPotion"},{"floor":42,"key":"Energy Potion"},{"floor":44,"key":"SteroidPotion"},{"floor":54,"key":"GhostInAJar"}],"is_trial":false,"path_per_floor":["M","M","?","M","M","R","E","M","T","R","?","E","?","M","R","B",null,"M","$","M","?","?","E","R","E","T","R","M","R","?","M","R","B",null,"M","$","?","M","?","R","E","M","T","M","T","M","E","M","R","B",null,"R","$","E","B"],"character_chosen":"THE_SILENT","items_purchased":["Envenom+1","Vajra","Cloak And Dagger+1","Bag of Marbles","Well Laid Plans+1","Dodge and Roll+1","HandDrill","Swift Potion"],"campfire_rested":7,"item_purchase_floors":[19,36,36,36,36,36,53,53],"current_hp_per_floor":[61,59,59,52,45,45,26,19,19,37,24,20,20,20,38,16,63,53,53,35,35,35,19,37,25,25,43,45,45,37,27,45,18,63,56,56,56,57,57,57,45,47,47,45,45,47,48,50,63,40,63,63,63,45,0,0],"gold":48,"neow_bonus":"THREE_RARE_CARDS","is_daily":false,"chose_seed":false,"campfire_upgraded":2,"win_rate":0.0,"timestamp":1610825549,"path_taken":["M","M","?","M","M","R","E","M","T","R","?","E","?","M","R","BOSS","M","$","M","?","?","E","R","E","T","R","M","R","?","M","R","BOSS","M","$","?","?","?","R","E","?","T","M","?","M","E","M","R","BOSS","R","$","E","BOSS"],"items_purchased_type":["Card","Relic","Card","Relic","Card","Card","Relic","Potion"],"build_version":"2020-12-22","purchased_purges":1,"victory":false,"max_hp_per_floor":[63,63,63,63,63,63,63,63,63,63,63,63,63,63,63,63,63,63,63,63,63,63,63,63,63,63,63,63,63,63,63,63,63,63,63,63,63,63,63,63,63,63,63,63,63,63,63,63,63,63,63,63,63,63,63,63],"card_choices":[{"not_picked":["Unload","Storm of Steel"],"picked":"Tools of the Trade","floor":0},{"not_picked":["Outmaneuver","Cloak And Dagger"],"picked":"Prepared","floor":1},{"not_picked":["Dash","Predator"],"picked":"Dagger Spray","floor":2},{"not_picked":["Poisoned Stab","Sucker Punch"],"picked":"Underhanded Strike","floor":4},{"not_picked":["Quick Slash","Leg Sweep"],"picked":"Infinite Blades","floor":5},{"not_picked":["Outmaneuver","Slice"],"picked":"PiercingWail","floor":7},{"not_picked":["Outmaneuver","Slice"],"picked":"Tools of the Trade+1","floor":8},{"not_picked":["Skewer","Quick Slash"],"picked":"Flying Knee","floor":12},{"not_picked":["PiercingWail","Deflect"],"picked":"Infinite Blades+1","floor":14},{"not_picked":["Tools of the Trade+1","Bullet Time"],"picked":"Storm of Steel","floor":16},{"not_picked":["Blade Dance","Predator"],"picked":"Leg Sweep+1","floor":18},{"not_picked":["Infinite Blades+1","Bane+1"],"picked":"Expertise","floor":20},{"not_picked":["Leg Sweep+1","Cloak And Dagger+1"],"picked":"Blur+1","floor":23},{"not_picked":["Predator","PiercingWail+1"],"picked":"Die Die Die","floor":25},{"not_picked":["Noxious Fumes+1","Prepared+1"],"picked":"Well Laid Plans+1","floor":28},{"not_picked":["Backflip+1","Caltrops+1"],"picked":"Blade Dance+1","floor":31},{"not_picked":["Glass Knife","Malaise+1"],"picked":"Doppelganger+1","floor":33},{"not_picked":["Bane","Quick Slash"],"picked":"Well Laid Plans+1","floor":35},{"not_picked":["Prepared+1","Dagger Throw+1"],"picked":"Acrobatics+1","floor":38},{"not_picked":["Distraction+1","Catalyst+1"],"picked":"Venomology+1","floor":41},{"not_picked":["Outmaneuver+1","Dagger Throw"],"picked":"Bouncing Flask+1","floor":42},{"not_picked":["Riddle With Holes","Prepared+1"],"picked":"Leg Sweep+1","floor":44},{"not_picked":["Blade Dance+1","Dagger Spray+1"],"picked":"Cloak And Dagger+1","floor":46},{"not_picked":["Tactician+1","Slice","Choke"],"picked":"SKIP","floor":47},{"not_picked":["Deflect+1","Endless Agony+1","Outmaneuver+1"],"picked":"SKIP","floor":48},{"not_picked":["Endless Agony+1","Leg Sweep+1"],"picked":"Crippling Poison+1","floor":54}],"player_experience":194882,"relics_obtained":[{"floor":7,"key":"Frozen Egg 2"},{"floor":9,"key":"Omamori"},{"floor":12,"key":"Bronze Scales"},{"floor":23,"key":"Toxic Egg 2"},{"floor":25,"key":"Lantern"},{"floor":26,"key":"Anchor"},{"floor":41,"key":"Pen Nib"},{"floor":43,"key":"Snake Skull"},{"floor":47,"key":"Art of War"},{"floor":54,"key":"Centennial Puzzle"}],"event_choices":[{"damage_healed":0,"gold_gain":0,"player_choice":"Take Wound","damage_taken":0,"relics_obtained":["Golden Idol"],"max_hp_gain":0,"max_hp_loss":0,"event_name":"Golden Idol","floor":3,"gold_loss":0,"cards_obtained":["Injury"]},{"damage_healed":0,"gold_gain":0,"player_choice":"Entered Light","damage_taken":13,"max_hp_gain":0,"max_hp_loss":0,"event_name":"Shining Light","floor":11,"gold_loss":0,"cards_upgraded":["Defend_G","Neutralize"]},{"damage_healed":0,"gold_gain":0,"player_choice":"Searched \u00270\u0027 times","damage_taken":0,"max_hp_gain":0,"max_hp_loss":0,"event_name":"Dead Adventurer","floor":13,"gold_loss":0},{"damage_healed":0,"gold_gain":0,"player_choice":"Simplicity","damage_taken":0,"max_hp_gain":0,"max_hp_loss":0,"event_name":"Back to Basics","floor":21,"gold_loss":0,"cards_upgraded":["Strike_G","Strike_G","Strike_G","Strike_G","Defend_G","Defend_G","Defend_G","Defend_G"]},{"damage_healed":0,"gold_gain":0,"player_choice":"Opened","damage_taken":0,"relics_obtained":["Blood Vial"],"max_hp_gain":0,"max_hp_loss":0,"event_name":"The Mausoleum","floor":22,"gold_loss":0},{"damage_healed":0,"gold_gain":0,"player_choice":"Fight","damage_taken":0,"max_hp_gain":0,"max_hp_loss":0,"event_name":"Colosseum","floor":30,"gold_loss":0},{"damage_healed":0,"gold_gain":0,"player_choice":"Fled From Nobs","damage_taken":0,"max_hp_gain":0,"max_hp_loss":0,"event_name":"Colosseum","floor":30,"gold_loss":0},{"damage_healed":0,"gold_gain":0,"player_choice":"Rummage","damage_taken":0,"relics_obtained":["WarpedTongs"],"max_hp_gain":0,"max_hp_loss":0,"event_name":"Accursed Blacksmith","floor":37,"gold_loss":0,"cards_obtained":["Pain"]},{"cards_removed":["Injury"],"damage_healed":0,"gold_gain":0,"player_choice":"Offered Curse","damage_taken":0,"relics_obtained":["Spirit Poop"],"max_hp_gain":0,"max_hp_loss":0,"event_name":"Bonfire Elementals","floor":39,"gold_loss":0}],"is_beta":false,"boss_relics":[{"not_picked":["Ectoplasm","Snecko Eye"],"picked":"SlaversCollar"},{"not_picked":["Runic Pyramid","Philosopher\u0027s Stone"],"picked":"Fusion Hammer"}],"items_purged_floors":[19],"is_endless":false,"potions_floor_spawned":[5,7,8,14,18,31,41,42,44,54],"killed_by":"The Heart","ascension_level":1}}