{"host":"v1m5rkjj38qutr02","time":1610782804,"event":{"mods":["Act Like it!","BaseMod","Challenge The Spire","Conspire","Gensokyo","GungeonMod","Hallownest","Minty Spire (QoL Compilation)","Replay The Spire","StSLib","The Bug Knight","Youmu£®ªÍ∆«—˝√Œ£©"],"gold_per_floor":[113,223,223,223,223,253,268,68,68,68,16,16,16],"floor_reached":12,"language":"ZHS","playtime":149,"items_purged":["Strike_B"],"score":149,"play_id":"1ed3f94a-05a8-4e85-a777-9ef08da6b264","local_time":"20210116154004","is_ascension_mode":true,"campfire_choices":[{"data":"Defragment","floor":10,"key":"SMITH"}],"circlet_count":0,"master_deck":["AscendersBane","Strike_B","Defend_B","Defend_B","Defend_B","Defend_B","Zap","Dualcast","Chill","Steam Power+1","Defragment+1","FIFO Queue","Static Discharge","Coolheaded","Hologram"],"relics":["Cracked Core","NeowsBlessing","conspire:GlowingRock","PreservedInsect"],"acts_visited":["Exordium"],"potions_floor_usage":[],"damage_taken":[{"damage":0,"enemies":"Small Slimes","floor":1,"turns":1},{"damage":0,"enemies":"Lagavulin","floor":6,"turns":1},{"damage":0,"enemies":"2 Louse","floor":7,"turns":1},{"damage":4,"enemies":"Gremlin Nob","floor":12,"turns":4}],"seed_played":"2096949311745633437","potions_obtained":[{"floor":6,"key":"LiquidBronze"},{"floor":7,"key":"Explosive Potion"}],"is_trial":false,"path_per_floor":["M","?","?","?","?","E","M","$","T","R","$","E"],"character_chosen":"DEFECT","items_purchased":["Static Discharge","Coolheaded","Hologram"],"campfire_rested":0,"item_purchase_floors":[8,8,11],"current_hp_per_floor":[68,68,61,61,61,61,61,61,61,61,61,57,57],"gold":16,"neow_bonus":"THREE_ENEMY_KILL","is_daily":false,"chose_seed":false,"campfire_upgraded":1,"win_rate":0.0,"timestamp":1610782804,"path_taken":["M","?","?","?","?","E","M","$","T","R","$","E"],"items_purchased_type":["Card","Card","Card"],"build_version":"2020-12-22","purchased_purges":1,"victory":false,"max_hp_per_floor":[75,75,75,75,75,75,75,75,75,75,75,75,75],"card_choices":[{"not_picked":["Beam Cell","Sweeping Beam","Go for the Eyes"],"picked":"SKIP","floor":1},{"not_picked":["Panic Button","ReplayGash"],"picked":"Chill","floor":2},{"not_picked":["Time Bomb","Machine Learning"],"picked":"Defragment","floor":6},{"not_picked":["Gash","BootSequence"],"picked":"FIFO Queue","floor":7}],"player_experience":413816,"relics_obtained":[{"floor":6,"key":"conspire:GlowingRock"},{"floor":9,"key":"PreservedInsect"}],"event_choices":[{"cards_removed":["Strike_B"],"damage_healed":0,"gold_gain":0,"player_choice":"Card Removal","damage_taken":7,"max_hp_gain":0,"max_hp_loss":0,"event_name":"Golden Wing","floor":3,"gold_loss":0},{"damage_healed":0,"gold_gain":0,"player_choice":"Ignored","damage_taken":0,"max_hp_gain":0,"max_hp_loss":0,"event_name":"Shining Light","floor":4,"gold_loss":0}],"is_beta":false,"boss_relics":[],"items_purged_floors":[8],"is_endless":false,"potions_floor_spawned":[6,7],"killed_by":"Gremlin Nob","ascension_level":10}}