{"host":"6he3f0ic6yesrium","time":1610836058,"event":{"mods":["BaseMod","Better Altar","Better Match","Better Note","Better Sensory Stone","Better Skull","Better Third Choice","Colored Map","Conspire","Duelist Mod","Hubris","Marisa????????","Mimic Mod","Minty Spire (QoL Compilation)","Replay The Spire","Shade Mod","Somnambulant","Spire Birthday Party","StSLib","The Alterego","The Disciple","The Forsaken","The Hierophant","The Mystic","The Necromancer","The Runesmith","The Servant 0.9.4","The Valiant","TheVacant"],"gold_per_floor":[111,111,111,111,125,125,154,154,188,204,239,255,286,300,300,398,398,412,382,401,476,487,487,497,497,497,497,323,323,95,106,106,210,210,226,226,226,31,43,43,43,57,57,57,76,76,94,106,106,106,106],"floor_reached":50,"language":"ENG","playtime":1789,"items_purged":["Hallucinations","theForsaken:PlagueCurse"],"score":537,"play_id":"8f9a5ef5-3cac-48a2-b48f-53e200e1e4ea","local_time":"20210116172738","is_ascension_mode":false,"campfire_choices":[{"data":"theVacant:CursedBlast","floor":6.0,"key":"SMITH"},{"data":"theVacant:Threat","floor":8.0,"key":"SMITH"},{"floor":15,"key":"REST"},{"data":"theVacant:Threat","floor":23,"key":"SMITH"},{"data":"theVacant:DarkStrike","floor":25,"key":"SMITH"},{"data":"theVacant:Husk","floor":27,"key":"SMITH"},{"data":"theVacant:Rejection","floor":32,"key":"SMITH"},{"data":"theVacant:VoidEmbrace","floor":40,"key":"SMITH"},{"data":"theVacant:PitOfDespair","floor":44,"key":"SMITH"},{"floor":49,"key":"REST"}],"circlet_count":0,"master_deck":["theVacant:VacantStarterStrike","theVacant:VacantStarterStrike","theVacant:VacantStarterStrike","theVacant:VacantStarterStrike","theVacant:VacantStarterDefend","theVacant:VacantStarterDefend","theVacant:VacantStarterDefend","theVacant:Release","theVacant:Crunch+1","theVacant:Cower","theVacant:CursedBlast+1","theVacant:Threat+1","theVacant:IntoTheAbyss","theVacant:Enrage","theVacant:Threat+1","theVacant:PitOfDespair+1","theVacant:DarkStrike+1","theVacant:Jab","theVacant:Rejection+1","theVacant:Husk+1","theVacant:Anguish+1","theVacant:ShriekingBlast+1","theVacant:VoidEmbrace+1","theVacant:SurpriseAttack+1","Parasite","theVacant:Husk"],"relics":["theVacant:BrassGoblet","Ring of Fury","Bottled Lightning","Pear","hubris:ToyBattleship","ReplayFunnel","Torii","ReplayTheSpireMod:DimensionalGlitch","Blue Candle","Sling","Philosopher\u0027s Stone","theForsaken:PlagueMask","Bottled Tornado","White Beast Statue"],"acts_visited":["Exordium","TheCity","TheBeyond"],"potions_floor_usage":[9,11,16,16,18,22,22,24,33,33,33,39,39,45,47,47,48,50],"damage_taken":[{"damage":0.0,"enemies":"Small Slimes","floor":1.0,"turns":3.0},{"damage":1.0,"enemies":"Jaw Worm","floor":5.0,"turns":2.0},{"damage":27.0,"enemies":"Replay:BlueRogue","floor":7.0,"turns":6.0},{"damage":0,"enemies":"Cultist","floor":9,"turns":3},{"damage":0,"enemies":"Cultist","floor":10,"turns":1},{"damage":9,"enemies":"3 Sentries","floor":11,"turns":2},{"damage":35,"enemies":"conspire:2 RoseBushes","floor":12,"turns":3},{"damage":8,"enemies":"Lagavulin","floor":13,"turns":4},{"damage":8,"enemies":"Large Slime","floor":14,"turns":4},{"damage":0,"enemies":"Slime Boss","floor":16,"turns":3},{"damage":2,"enemies":"3 Byrds","floor":18,"turns":4},{"damage":0,"enemies":"Chosen","floor":20,"turns":3},{"damage":6,"enemies":"Shelled Parasite and Fungi","floor":22,"turns":2},{"damage":1,"enemies":"Centurion and Healer","floor":24,"turns":2},{"damage":1,"enemies":"conspire:HollyBat","floor":31,"turns":4},{"damage":19,"enemies":"conspire:MysteriousRune","floor":33,"turns":3},{"damage":21,"enemies":"Orb Walker","floor":35,"turns":3},{"damage":1,"enemies":"3 Darklings","floor":39,"turns":2},{"damage":0,"enemies":"4 Shapes","floor":42,"turns":2},{"damage":0,"enemies":"Spire Growth","floor":45,"turns":2},{"damage":31,"enemies":"Writhing Mass","floor":47,"turns":4},{"damage":31,"enemies":"4 Shapes","floor":48,"turns":12},{"damage":49,"enemies":"Time Eater","floor":50,"turns":3}],"seed_played":"6559883624431404396","potions_obtained":[{"floor":5.0,"key":"DuplicationPotion"},{"floor":10,"key":"AttackPotion"},{"floor":11,"key":"Weak Potion"},{"floor":13,"key":"CultistPotion"},{"floor":14,"key":"ColorlessPotion"},{"floor":18,"key":"BlessingOfTheForge"},{"floor":19,"key":"Cursed Concoction"},{"floor":19,"key":"Block Potion"},{"floor":22,"key":"SteroidPotion"},{"floor":33,"key":"SteroidPotion"},{"floor":47,"key":"Swift Potion"},{"floor":48,"key":"SkillPotion"}],"is_trial":false,"path_per_floor":["M","?","T","?","M","R","E","R","MIM","M","E","M","E","M","R","B",null,"M","?","M","?","M","R","M","R","T","R","$","?","$","M","R","B",null,"M","?","?","$","M","R","$","M","T","R","M","T","M","M","R","B"],"character_chosen":"THE_VACANT","items_purchased":["CultistPotion","DuplicationPotion","Sling","EntropicBrew"],"campfire_rested":2,"item_purchase_floors":[28,28,30,38],"current_hp_per_floor":[88,88,88,88,87,87,70,70,70,70,61,26,18,10,39,39,98,96,96,96,87,81,81,80,80,80,80,80,80,80,79,79,60,98,77,77,77,77,76,76,76,76,76,76,76,76,45,14,43,0,0],"gold":106,"neow_bonus":"TEN_PERCENT_HP_BONUS","is_daily":false,"chose_seed":false,"campfire_upgraded":8,"win_rate":0.0,"timestamp":1610836058,"path_taken":["M","?","?","?","M","R","E","R","MIM","M","E","M","E","?","R","BOSS","M","?","M","?","M","R","M","R","T","R","$","?","$","M","R","BOSS","M","?","?","$","?","R","?","M","T","R","M","?","?","M","R","BOSS"],"items_purchased_type":["Potion","Potion","Relic","Potion"],"build_version":"2020-12-22","purchased_purges":2,"victory":false,"max_hp_per_floor":[88,88,88,88,88,88,98,98,98,98,98,98,98,98,98,98,98,98,98,98,98,98,98,98,98,98,98,98,98,98,98,98,98,98,98,98,98,98,98,98,98,98,98,98,98,98,98,98,98,98,98],"card_choices":[{"not_picked":["theVacant:GraveDigger","theVacant:GraveWave"],"picked":"theVacant:Cower","floor":1.0},{"not_picked":["theVacant:Sneeze","theVacant:Barrage"],"picked":"theVacant:CursedBlast","floor":5.0},{"not_picked":["theVacant:Voidstone","theVacant:Spinshield"],"picked":"theVacant:Threat","floor":7.0},{"not_picked":["theVacant:GraveDigger","theVacant:WaitInWrath"],"picked":"theVacant:IntoTheAbyss","floor":9},{"not_picked":["theVacant:Thoughtseize","theVacant:Yeet"],"picked":"theVacant:Enrage","floor":10},{"not_picked":["theVacant:EyePoke","theVacant:ShriekingBlast"],"picked":"theVacant:Threat","floor":11},{"not_picked":["theVacant:Barrage","theVacant:Fling"],"picked":"theVacant:PitOfDespair","floor":12},{"not_picked":["theVacant:Fling","theVacant:Yeet"],"picked":"theVacant:DarkStrike","floor":13},{"not_picked":["theVacant:Barrage","theVacant:Reconnect"],"picked":"theVacant:Jab","floor":14},{"not_picked":["theVacant:TimeSkip","theVacant:Exorcise"],"picked":"theVacant:Rejection","floor":16},{"not_picked":["theVacant:GraveWave+1","theVacant:CursedBlast"],"picked":"theVacant:Husk","floor":18},{"not_picked":["theVacant:BurdenBreak","theVacant:OnSecondThought"],"picked":"theVacant:Anguish+1","floor":20},{"not_picked":["theVacant:ShutAway","theVacant:GraveDigger","theVacant:Spinshield"],"picked":"SKIP","floor":22},{"not_picked":["theVacant:EmptyShield","theVacant:Thoughtseize+1"],"picked":"theVacant:ShriekingBlast+1","floor":24},{"not_picked":["theVacant:ForgeSoul","theVacant:WaitInWrath","theVacant:EmbraceDarkness"],"picked":"SKIP","floor":31},{"not_picked":["theVacant:Carve","theVacant:ShriekingBlast","theVacant:HolyWater"],"picked":"SKIP","floor":35},{"not_picked":["theVacant:Jab+1","theVacant:Thoughtseize+1"],"picked":"theVacant:VoidEmbrace","floor":39},{"not_picked":["theVacant:FranticBlow+1","theVacant:Expand+1"],"picked":"theVacant:SurpriseAttack+1","floor":42},{"not_picked":["theVacant:GraveDigger+1","theVacant:GraveWave","theVacant:Barrage"],"picked":"SKIP","floor":45},{"not_picked":["theVacant:Dig+1","theVacant:CursedBlast+1","theVacant:Barrage+1"],"picked":"SKIP","floor":47},{"not_picked":["theVacant:GraveDigger+1","theVacant:TwistFate+1"],"picked":"theVacant:Husk","floor":48}],"player_experience":318850,"relics_obtained":[{"floor":2.0,"key":"Ring of Fury"},{"floor":3.0,"key":"Bottled Lightning"},{"floor":7.0,"key":"Pear"},{"floor":9,"key":"hubris:ToyBattleship"},{"floor":11,"key":"ReplayFunnel"},{"floor":13,"key":"Torii"},{"floor":26,"key":"Blue Candle"},{"floor":43,"key":"Bottled Tornado"},{"floor":46,"key":"White Beast Statue"}],"event_choices":[{"damage_healed":0.0,"max_hp_gain":0.0,"max_hp_loss":0.0,"gold_gain":0.0,"event_name":"Accursed Blacksmith","player_choice":"Forge","floor":4.0,"gold_loss":0.0,"damage_taken":0.0,"cards_upgraded":["theVacant:Crunch"]},{"damage_healed":0,"gold_gain":0,"player_choice":"Bought 2 Potions","damage_taken":0,"max_hp_gain":0,"max_hp_loss":0,"event_name":"The Woman in Blue","floor":19,"gold_loss":0},{"damage_healed":0,"gold_gain":75,"player_choice":"Touch","damage_taken":9,"max_hp_gain":0,"max_hp_loss":0,"event_name":"FaceTrader","floor":21,"gold_loss":0},{"cards_removed":["Hallucinations"],"damage_healed":0,"gold_gain":0,"player_choice":"Give","damage_taken":0,"max_hp_gain":0,"max_hp_loss":0,"event_name":"betterNote:BetterNote","floor":29,"gold_loss":0,"cards_obtained":["None"]},{"cards_removed":["theVacant:VacantStarterDefend"],"damage_healed":0,"gold_gain":0,"player_choice":"Removed Skill","damage_taken":0,"max_hp_gain":0,"max_hp_loss":0,"event_name":"Falling","floor":36,"gold_loss":0},{"damage_healed":0,"gold_gain":0,"player_choice":"Obtain Plague Curse","damage_taken":0,"max_hp_gain":0,"max_hp_loss":0,"event_name":"Plague Doctor","floor":37,"gold_loss":0,"cards_obtained":["theForsaken:PlagueCurse"]}],"is_beta":false,"boss_relics":[{"not_picked":["Runesmith:UraniumAnvil","Runic Pyramid"],"picked":"ReplayTheSpireMod:DimensionalGlitch"},{"not_picked":["hubris:RunicObelisk","Sozu"],"picked":"Philosopher\u0027s Stone"}],"items_purged_floors":[30,38],"is_endless":false,"potions_floor_spawned":[5,10,11,13,14,18,22,33,42,47,48],"killed_by":"Time Eater","ascension_level":0}}