{"host":"1pwde2j81wdvsae3","time":1610795669,"event":{"mods":["BaseMod","Minty Spire (QoL Compilation)","Replay The Spire","Shop Mod","StSLib"],"gold_per_floor":[110,129,129,149,39,39,65,65,139,173,190,190,222,2,2,73,73,90,108,0,0,0,35,35,35,60,71,91,110,128,161,161,240,240,251,19,32,0,13,13,26,26,99,99,99],"floor_reached":44,"language":"ZHS","playtime":1554,"items_purged":[],"score":797,"play_id":"5d60ea10-d1c5-4038-8736-360b77e57b19","local_time":"20210116191429","is_ascension_mode":true,"campfire_choices":[{"data":"Bash","floor":6.0,"key":"SMITH"},{"data":"Limit Break","floor":8.0,"key":"SMITH"},{"floor":12.0,"key":"REST"},{"floor":15.0,"key":"REST"},{"floor":25.0,"key":"REST"},{"floor":32,"key":"REST"},{"floor":40,"key":"REST"},{"floor":42,"key":"REST"}],"circlet_count":0,"master_deck":["AscendersBane","Strike_R+1","Strike_R+1","Strike_R+1","Strike_R+1","Strike_R+1","Defend_R+1","Defend_R+1","Defend_R+1","Defend_R+1","Bash+1","Armaments","Cleave","Armaments+1","Demon Form","Fire Breathing","Fire Breathing","Clash","Limit Break+1","Headbutt","ReplayTheSpireMod:Corrosion Curse","Reaper","Battle Trance","Feed","Sentinel","ReplayTheSpireMod:Stacked","Run Through","Metallicize","Power Through","Havoc+1","ReplayTheSpireMod:Corrosion Curse+1","Immolate","Bludgeon","Wild Strike","Inflame","ReplayReversal","Heavy Blade","Flex"],"relics":["Burning Blood","Pen Nib","Replay:Bottled Steam","Replay:Rubber Ducky","Kunai","HandDrill","ChewingGum","Bag of Marbles","Regal Pillow","Bronze Scales","Mark of Pain","OrangePellets","Red Mask","Ornamental Fan"],"acts_visited":["Exordium","TheCity","TheBeyond"],"potions_floor_usage":[31,31,44],"damage_taken":[{"damage":1.0,"enemies":"Cultist","floor":1.0,"turns":4.0},{"damage":4.0,"enemies":"2 Louse","floor":2.0,"turns":3.0},{"damage":7.0,"enemies":"Jaw Worm","floor":4.0,"turns":3.0},{"damage":30.0,"enemies":"3 Sentries","floor":7.0,"turns":5.0},{"damage":20.0,"enemies":"Lagavulin","floor":10.0,"turns":7.0},{"damage":9.0,"enemies":"Looter","floor":11.0,"turns":3.0},{"damage":55.0,"enemies":"Gremlin Nob","floor":13.0,"turns":6.0},{"damage":36.0,"enemies":"Slime Boss","floor":16.0,"turns":5.0},{"damage":14.0,"enemies":"Shell Parasite","floor":18.0,"turns":6.0},{"damage":20.0,"enemies":"2 Thieves","floor":19.0,"turns":4.0},{"damage":54.0,"enemies":"Slavers","floor":23.0,"turns":6.0},{"damage":35.0,"enemies":"Shelled Parasite and Fungi","floor":27.0,"turns":7.0},{"damage":29.0,"enemies":"Snake Plant","floor":28.0,"turns":5.0},{"damage":18,"enemies":"3 Cultists","floor":29,"turns":6},{"damage":11,"enemies":"Shelled Parasite and Fungi","floor":30,"turns":7},{"damage":48,"enemies":"Gremlin Leader","floor":31,"turns":8},{"damage":51,"enemies":"Collector","floor":33,"turns":11},{"damage":16,"enemies":"3 Darklings","floor":35,"turns":2},{"damage":0,"enemies":"3 Shapes","floor":37,"turns":1},{"damage":34,"enemies":"Sphere and 2 Shapes","floor":39,"turns":5},{"damage":42,"enemies":"3 Darklings","floor":41,"turns":3},{"damage":125,"enemies":"Giant Head","floor":44,"turns":8}],"seed_played":"-1842168484536018741","potions_obtained":[{"floor":10.0,"key":"AttackPotion"},{"floor":11.0,"key":"Death Potion"},{"floor":16.0,"key":"Weak Potion"},{"floor":28.0,"key":"EssenceOfSteel"},{"floor":30,"key":"SteroidPotion"},{"floor":33,"key":"LiquidBronze"},{"floor":39,"key":"PowerPotion"}],"is_trial":false,"path_per_floor":["M","M","?","M","$","R","E","R","T","E","M","R","E","$","R","B",null,"M","M","?","?","?","E","$","R","T","M","M","M","M","E","R","B",null,"M","$","M","?","M","R","M","R","T","E"],"character_chosen":"IRONCLAD","items_purchased":["Fire Breathing","Clash","HandDrill","Battle Trance","OrangePellets","Inflame"],"campfire_rested":6,"item_purchase_floors":[5,5,14,14,36,36],"current_hp_per_floor":[77,79,79,78,78,78,54,54,54,40,37,61,12,12,36,19,65,57,53,53,53,79,45,45,69,69,54,46,43,45,42,82,37,74,64,64,70,70,54,86,50,86,86,0,0],"gold":99,"neow_bonus":"THREE_CARDS","is_daily":false,"chose_seed":false,"campfire_upgraded":2,"win_rate":0.0,"timestamp":1610795669,"path_taken":["M","?","?","M","$","R","E","R","T","E","M","R","E","?","R","BOSS","M","M","?","?","?","E","?","R","T","M","M","M","M","E","R","BOSS","M","$","?","?","M","R","M","R","T","E"],"items_purchased_type":["Card","Card","Relic","Card","Relic","Card"],"build_version":"2020-12-22","purchased_purges":0,"victory":false,"max_hp_per_floor":[80,80,80,80,80,80,80,80,80,80,80,80,80,80,80,80,80,80,80,80,80,80,80,80,80,80,83,86,86,86,86,86,86,86,86,86,86,86,86,86,86,86,86,86,86],"card_choices":[{"not_picked":["Run Through","Sever Soul"],"picked":"Armaments","floor":0.0},{"not_picked":["Run Through","Heavy Blade"],"picked":"Cleave","floor":1.0},{"not_picked":["Iron Wave","Dual Wield"],"picked":"Armaments","floor":2.0},{"not_picked":["ReplayTheSpireMod:Limb From Limb","Replay:Undeath\u0027s Touch"],"picked":"Demon Form","floor":4.0},{"not_picked":["Replay:Undeath\u0027s Touch","Fire Breathing"],"picked":"Limit Break","floor":7.0},{"not_picked":["Searing Blow","Dropkick"],"picked":"Headbutt","floor":10.0},{"not_picked":["Life Link","Massacre"],"picked":"ReplayTheSpireMod:Corrosion Curse","floor":11.0},{"not_picked":["Shrug It Off","Havoc"],"picked":"Reaper","floor":13.0},{"not_picked":["Demonic Infusion","Eclipse"],"picked":"Feed","floor":16.0},{"not_picked":["Rampage","Pommel Strike"],"picked":"Sentinel","floor":18.0},{"not_picked":["Seeing Red","Uppercut"],"picked":"ReplayTheSpireMod:Stacked","floor":19.0},{"not_picked":["Sever Soul","Headbutt"],"picked":"Run Through","floor":23.0},{"not_picked":["Disarm","Twin Strike"],"picked":"Metallicize","floor":27.0},{"not_picked":["Rage","Sword Boomerang"],"picked":"Power Through","floor":28.0},{"not_picked":["Heavy Blade","Warcry"],"picked":"Havoc+1","floor":29},{"not_picked":["Run Through","Clash"],"picked":"ReplayTheSpireMod:Corrosion Curse+1","floor":30},{"not_picked":["Eclipse","Heavy Blade"],"picked":"Immolate","floor":31},{"not_picked":["Fiend Fire","Brutality"],"picked":"Bludgeon","floor":33},{"not_picked":["Perfected Strike+1","ReplayTheSpireMod:Limb From Limb"],"picked":"Wild Strike","floor":35},{"not_picked":["Combust","Dark Embrace"],"picked":"ReplayReversal","floor":37},{"not_picked":["ReplayTheSpireMod:Strike From Hell","Clash"],"picked":"Heavy Blade","floor":39},{"not_picked":["Sever Soul+1","Armaments"],"picked":"Flex","floor":41}],"player_experience":213831,"relics_obtained":[{"floor":7.0,"key":"Pen Nib"},{"floor":9.0,"key":"Replay:Bottled Steam"},{"floor":10.0,"key":"Replay:Rubber Ducky"},{"floor":13.0,"key":"Kunai"},{"floor":23.0,"key":"Bag of Marbles"},{"floor":26.0,"key":"Regal Pillow"},{"floor":31,"key":"Bronze Scales"},{"floor":43,"key":"Ornamental Fan"}],"event_choices":[{"damage_healed":0.0,"max_hp_gain":0.0,"max_hp_loss":0.0,"gold_gain":0.0,"event_name":"Living Wall","player_choice":"Grow","floor":3.0,"gold_loss":0.0,"damage_taken":0.0,"cards_upgraded":["Armaments"]},{"damage_healed":0.0,"max_hp_gain":0.0,"max_hp_loss":0.0,"gold_gain":0.0,"event_name":"Masked Bandits","player_choice":"Paid Fearfully","floor":20.0,"gold_loss":108.0,"damage_taken":0.0},{"damage_healed":0.0,"max_hp_gain":0.0,"max_hp_loss":0.0,"gold_gain":0.0,"event_name":"Back to Basics","player_choice":"Simplicity","floor":21.0,"gold_loss":0.0,"damage_taken":0.0,"cards_upgraded":["Strike_R","Strike_R","Strike_R","Strike_R","Strike_R","Defend_R","Defend_R","Defend_R","Defend_R"]},{"damage_healed":26.0,"max_hp_gain":0.0,"max_hp_loss":0.0,"gold_gain":0.0,"event_name":"The Library","player_choice":"Heal","floor":22.0,"gold_loss":0.0,"damage_taken":0.0},{"damage_healed":0,"gold_gain":0,"player_choice":"Paid","damage_taken":0,"relics_obtained":["Red Mask"],"max_hp_gain":0,"max_hp_loss":0,"event_name":"Tomb of Lord Red Mask","floor":38,"gold_loss":32}],"is_beta":false,"boss_relics":[{"not_picked":["Ectoplasm","Electric Blood"],"picked":"ChewingGum"},{"not_picked":["SacredBark","Sozu"],"picked":"Mark of Pain"}],"items_purged_floors":[],"is_endless":false,"potions_floor_spawned":[10,11,13,16,28,30,33,39],"killed_by":"Giant Head","ascension_level":13}}