{"host":"lzzv50t0ea3gz1kk","time":1610796112,"event":{"mods":["ATMod(°¢èªMod)","Act Like it!","BaseMod","Gensokyo","Hallownest","Hermit","Marisa£¨ìFÓê¡¡Ä§ÀíÉ³£©","Minty Spire (QoL Compilation)","Replay The Spire","Robot Space Explorer","StSLib","The Animator"],"gold_per_floor":[112,112,316,316,327,354,354,370,370,370,384,85,85,100,100,202,202,219,219,219,230,250,250,265,284,284,303,258,258,276,311,311,413,413,432,347,710,710,727,727,761,761,809,842,858,858,876,876,876,876],"floor_reached":51,"language":"ZHS","playtime":2559,"items_purged":[],"score":1101,"play_id":"daef9346-e5f1-47ea-b07d-3ea4cc737bf3","local_time":"20210116192152","is_ascension_mode":true,"campfire_choices":[{"data":"Twin Strike","floor":7.0,"key":"SMITH"},{"floor":15.0,"key":"DIG"},{"data":"Demon Form","floor":23.0,"key":"SMITH"},{"data":"Sword Boomerang","floor":29.0,"key":"SMITH"},{"data":"ReplayTheSpireMod:Limb From Limb","floor":32.0,"key":"SMITH"},{"data":"Bloodletting","floor":40.0,"key":"SMITH"},{"data":"AT_ShrugMaster","floor":42.0,"key":"SMITH"},{"data":"Immolate","floor":46.0,"key":"SMITH"},{"data":"AT_ChampionStep","floor":49,"key":"SMITH"}],"circlet_count":0,"master_deck":["Strike_R","Strike_R","Strike_R","Defend_R","Defend_R","Defend_R","Defend_R","Bash","AT_ChampionStep+1","Sword Boomerang+1","Spot Weakness","Twin Strike+1","Metallicize+1","Demon Form+1","Shame","ReplayTheSpireMod:Limb From Limb+1","Armaments+1","Brutality","ReplayTheSpireMod:Restless Dread","Cleave+1","AT_CaressingTears+1","Hallownest:skillKingdomsEdgeMap","Bloodletting+1","AT_ShrugMaster+1","Immolate+1"],"relics":["Burning Blood","AT_ATBox","NeowsBlessing","Hallownest:DreamNailRelic","Replay:Ringing Soul","AT_RabadonDeathcap","Garlic","Centennial Puzzle","AT_TrinityForce","Ring of Misfortune","WarpedTongs","Replay:PocketPolymizer","Singing Bowl","Mark of Pain","Old Coin","Hallownest:BeastSealRelic","Anchor","AT_ArchangelStaff","Sundial"],"acts_visited":["Hallownest:Greenpath","Hallownest:CityofTears","Hallownest:KingdomsEdge"],"potions_floor_usage":[50,50],"damage_taken":[{"damage":0.0,"enemies":"Hallownest:monsterHuskGuard","floor":1.0,"turns":1.0},{"damage":0.0,"enemies":"Hallownest:2_Baldur","floor":5.0,"turns":1.0},{"damage":0.0,"enemies":"Hallownest:eliteCrystalGuardian","floor":6.0,"turns":1.0},{"damage":5.0,"enemies":"2_ Uuma","floor":8.0,"turns":3.0},{"damage":0.0,"enemies":"Hallownest:monsterAspidMother","floor":11.0,"turns":5.0},{"damage":9.0,"enemies":"Hallownest:1_Ooma_and_2_Uuma","floor":14.0,"turns":5.0},{"damage":37.0,"enemies":"Hallownest:BossHornet","floor":16.0,"turns":12.0},{"damage":0.0,"enemies":"Hallownest:Flukemon_and_Top","floor":18.0,"turns":5.0},{"damage":2.0,"enemies":"Hallownest:3_Youths","floor":21.0,"turns":5.0},{"damage":0.0,"enemies":"Hallownest:monsterShrumalOgre","floor":22.0,"turns":4.0},{"damage":4.0,"enemies":"Hallownest:2_Flukemon","floor":24.0,"turns":4.0},{"damage":4.0,"enemies":"Hallownest:3_Mistakes","floor":25.0,"turns":7.0},{"damage":3.0,"enemies":"Hallownest:Warrior_and_Youth","floor":27.0,"turns":5.0},{"damage":0.0,"enemies":"Hallownest:2_Husk_Sentries","floor":30.0,"turns":3.0},{"damage":1.0,"enemies":"Hallownest:eliteWatcherKnight","floor":31.0,"turns":10.0},{"damage":24.0,"enemies":"Hallownest:BossGrimm","floor":33.0,"turns":6.0},{"damage":0.0,"enemies":"Hallownest:Shield_Heavy","floor":35.0,"turns":5.0},{"damage":26.0,"enemies":"Hallownest:2_Primals","floor":37.0,"turns":3.0},{"damage":15.0,"enemies":"Hallownest:3_Siblings","floor":39.0,"turns":3.0},{"damage":26.0,"enemies":"Hallownest:eliteHiveKnight","floor":41.0,"turns":4.0},{"damage":2.0,"enemies":"Hallownest:eliteCollector","floor":44.0,"turns":3.0},{"damage":4.0,"enemies":"Hallownest:Xero_Hu_Marmu","floor":45.0,"turns":3.0},{"damage":0,"enemies":"Hallownest:Shield_Sturdy","floor":47,"turns":1},{"damage":0,"enemies":"Hallownest:Shield_Sturdy","floor":48,"turns":1},{"damage":4,"enemies":"Hallownest:BossGreyPrinceZote","floor":50,"turns":5}],"seed_played":"454504053094584748","potions_obtained":[{"floor":5.0,"key":"Languid Potion"},{"floor":11.0,"key":"Adrenaline Potion"},{"floor":22.0,"key":"PowerPotion"},{"floor":24.0,"key":"Weak Potion"},{"floor":33.0,"key":"Weak Potion"},{"floor":39.0,"key":"AttackPotion"},{"floor":45.0,"key":"BlessingOfTheForge"},{"floor":47,"key":"Reflective Coating"}],"is_trial":false,"path_per_floor":["M","?","?","?","M","E","R","M","T","$","M","$","$","M","R","B",null,"M","?","?","M","M","R","M","M","T","M","?","R","M","E","R","B",null,"M","?","?","?","M","R","E","R","T","E","M","R","M","?","R","B",null],"character_chosen":"IRONCLAD","items_purchased":["Metallicize+1","Garlic"],"campfire_rested":0,"item_purchase_floors":[12,12],"current_hp_per_floor":[80,80,80,80,80,80,80,80,80,80,80,83,83,80,80,52,86,86,89,92,95,98,98,98,101,101,101,101,104,107,110,110,94,112,114,117,100,100,97,100,86,89,89,99,107,110,118,124,124,134],"gold":876,"neow_bonus":"THREE_ENEMY_KILL","is_daily":false,"chose_seed":false,"campfire_upgraded":8,"win_rate":0.0,"timestamp":1610796112,"path_taken":["M","?","?","?","?","E","R","M","T","?","?","?","$","M","R","BOSS","M","?","?","?","M","R","?","M","T","M","?","R","M","E","R","BOSS","M","?","?","?","?","R","E","R","T","E","M","R","M","?","R","BOSS"],"items_purchased_type":["Card","Relic"],"build_version":"2020-12-22","purchased_purges":0,"victory":true,"max_hp_per_floor":[80,80,80,80,80,80,80,80,80,80,80,83,83,83,83,86,86,86,89,92,95,98,98,98,101,101,101,101,104,107,110,110,112,112,114,117,120,120,122,125,127,130,130,132,134,137,139,139,139,139],"card_choices":[{"not_picked":["Run Through","Iron Wave"],"picked":"Sword Boomerang","floor":1.0},{"not_picked":["Anger","Iron Wave"],"picked":"Spot Weakness","floor":3.0},{"not_picked":["Thunderclap","ReplayReversal"],"picked":"Twin Strike","floor":5.0},{"not_picked":["Entrench","Clothesline","Bludgeon"],"picked":"SKIP","floor":6.0},{"not_picked":["Wild Strike","Sword Boomerang","Havoc"],"picked":"SKIP","floor":8.0},{"not_picked":["Heavy Blade","Impervious","Twin Strike"],"picked":"SKIP","floor":11.0},{"not_picked":["Headbutt","Massacre","Run Through"],"picked":"SKIP","floor":14.0},{"not_picked":["Immolate","Eclipse"],"picked":"Demon Form","floor":16.0},{"not_picked":["Iron Wave","Flame Barrier","Body Slam"],"picked":"SKIP","floor":18.0},{"not_picked":["Body Slam","True Grit"],"picked":"ReplayTheSpireMod:Limb From Limb","floor":21.0},{"not_picked":["Barricade","Hemokinesis"],"picked":"Armaments+1","floor":22.0},{"not_picked":["Pommel Strike","Replay:Undeath\u0027s Touch","Shockwave"],"picked":"SKIP","floor":24.0},{"not_picked":["Pommel Strike","Replay:Undeath\u0027s Touch","Shockwave"],"picked":"SKIP","floor":24.0},{"not_picked":["Heavy Blade","Sentinel"],"picked":"Brutality","floor":25.0},{"not_picked":["Hemokinesis","AT_CaressingTears","Run Through"],"picked":"SKIP","floor":27.0},{"not_picked":["Evolve","Rupture"],"picked":"Cleave+1","floor":30.0},{"not_picked":["Defy Death+1","Sword Boomerang"],"picked":"AT_CaressingTears+1","floor":31.0},{"not_picked":["Fiend Fire","Barricade","Corruption"],"picked":"Singing Bowl","floor":33.0},{"not_picked":["Anger","Thunderclap","AT_ShrugMaster+1"],"picked":"Singing Bowl","floor":35.0},{"not_picked":["Iron Wave+1","Dark Embrace+1"],"picked":"Bloodletting","floor":37.0},{"not_picked":["Headbutt","Twin Strike+1","Entrench"],"picked":"Singing Bowl","floor":39.0},{"not_picked":["Evolve","Wild Strike","Impervious"],"picked":"Singing Bowl","floor":41.0},{"not_picked":["True Grit+1","Abandon","Headbutt+1"],"picked":"Singing Bowl","floor":44.0},{"not_picked":["Clothesline+1","Flex+1","Twin Strike"],"picked":"Singing Bowl","floor":45.0},{"not_picked":["Sever Soul+1","Heavy Blade","Wild Strike+1"],"picked":"Singing Bowl","floor":47}],"player_experience":323060,"relics_obtained":[{"floor":6.0,"key":"Replay:Ringing Soul"},{"floor":9.0,"key":"AT_RabadonDeathcap"},{"floor":15.0,"key":"Centennial Puzzle"},{"floor":19.0,"key":"Ring of Misfortune"},{"floor":26.0,"key":"Replay:PocketPolymizer"},{"floor":31.0,"key":"Singing Bowl"},{"floor":37.0,"key":"Old Coin"},{"floor":41.0,"key":"Anchor"},{"floor":43.0,"key":"AT_ArchangelStaff"},{"floor":44.0,"key":"Sundial"}],"event_choices":[],"is_beta":false,"boss_relics":[{"not_picked":["Calling Bell","AT_MortalBlade"],"picked":"AT_TrinityForce"},{"not_picked":["Runic Dome","Astrolabe"],"picked":"Mark of Pain"}],"items_purged_floors":[],"is_endless":false,"potions_floor_spawned":[5,11,22,24,25,33,39,45,47],"ascension_level":3}}