{"host":"szp1d6dso4pv7ddl","time":1610835738,"event":{"mods":["AchievementEnabler","Alarm Clock","BaseMod","Bestiary","Block Reminder","Colored Map","Colored Powertips","Curses Come First","Dark Map","Displayed Cursed Tome","Highlight Path","Minty Spire (QoL Compilation)","Permanent Neow","Quick Restart","Relic Sorter","Relic Stats","StSLib","Synergy Search"],"gold_per_floor":[119,119,119,35,35,75,100,100,100],"floor_reached":8,"language":"ENG","playtime":122,"items_purged":[],"score":115,"play_id":"6deec90d-3991-4f1f-b4b2-b7c930a6b261","local_time":"20210116142218","is_ascension_mode":true,"campfire_choices":[],"circlet_count":0,"master_deck":["Strike_B","Strike_B","Strike_B","Strike_B","Defend_B","Defend_B","Defend_B+1","Defend_B","Zap+1","Dualcast","Gash","Sweeping Beam"],"relics":["Cracked Core","NeowsBlessing","Golden Idol","Happy Flower","Meat on the Bone"],"acts_visited":["Exordium"],"potions_floor_usage":[],"damage_taken":[{"damage":0,"enemies":"2 Louse","floor":1,"turns":1},{"damage":0,"enemies":"Gremlin Nob","floor":6,"turns":1},{"damage":0,"enemies":"Small Slimes","floor":7,"turns":1},{"damage":51,"enemies":"Lagavulin","floor":8,"turns":6}],"seed_played":"3212214547665637853","potions_obtained":[],"is_trial":false,"path_per_floor":["M","?","?","$","?","E","M","E"],"character_chosen":"DEFECT","items_purchased":["Trip"],"campfire_rested":0,"item_purchase_floors":[4],"current_hp_per_floor":[68,50,35,35,35,35,47,0,0],"gold":100,"neow_bonus":"THREE_ENEMY_KILL","is_daily":false,"chose_seed":false,"campfire_upgraded":0,"win_rate":0.0,"timestamp":1610835738,"path_taken":["M","?","?","?","?","E","?","E"],"items_purchased_type":["Card"],"build_version":"2020-12-22","purchased_purges":0,"victory":false,"max_hp_per_floor":[75,75,75,75,75,75,75,75,75],"relic_stats":{"Happy Flower":[2],"counters":[4,9],"Golden Idol":13,"obtain_stats":[{"NeowsBlessing":0,"Happy Flower":5,"Golden Idol":2,"Cracked Core":0,"Meat on the Bone":6},{"NeowsBlessing":0,"Happy Flower":1,"Golden Idol":1,"Cracked Core":0,"Meat on the Bone":2},{"NeowsBlessing":0,"Happy Flower":1,"Golden Idol":1,"Cracked Core":0,"Meat on the Bone":2}],"Meat on the Bone":12},"card_choices":[{"not_picked":["Ball Lightning","Sweeping Beam"],"picked":"Gash","floor":1},{"not_picked":["Hologram","Leap"],"picked":"Sweeping Beam","floor":6},{"not_picked":["Steam","Chill","Leap"],"picked":"SKIP","floor":7}],"player_experience":1193606,"relics_obtained":[{"floor":6,"key":"Meat on the Bone"}],"event_choices":[{"damage_healed":0,"gold_gain":0,"player_choice":"Take Damage","damage_taken":18,"relics_obtained":["Golden Idol"],"max_hp_gain":0,"max_hp_loss":0,"event_name":"Golden Idol","floor":2,"gold_loss":0},{"damage_healed":0,"gold_gain":0,"player_choice":"Entered Light","damage_taken":15,"max_hp_gain":0,"max_hp_loss":0,"event_name":"Shining Light","floor":3,"gold_loss":0,"cards_upgraded":["Defend_B","Zap"]},{"cards_removed":["Trip"],"damage_healed":0,"gold_gain":0,"player_choice":"Gave Card","damage_taken":0,"relics_obtained":["Happy Flower"],"max_hp_gain":0,"max_hp_loss":0,"event_name":"WeMeetAgain","floor":5,"gold_loss":0}],"is_beta":false,"boss_relics":[],"items_purged_floors":[],"is_endless":false,"potions_floor_spawned":[],"killed_by":"Lagavulin","ascension_level":9}}