{"host":"yvb207ks1sg3cxef","time":1610780423,"event":{"mods":["2.2 Compatiblity","BaseMod","Bestiary","Colored Powertips","Minty Spire (QoL Compilation)","Permanent Neow","Quick Restart","Relic Stats","StSLib"],"gold_per_floor":[218,32,3,18,18,18,44,44,68,68,79,139,157,157,157,261,261,276,276,276,94,94,123,123,135,135,135,135],"floor_reached":27,"language":"ENG","playtime":998,"items_purged":["Strike_P","Strike_P"],"score":341,"play_id":"e1b85416-f392-451f-a7d8-3e957a8d1222","local_time":"20210116123023","is_ascension_mode":true,"campfire_choices":[{"data":"BattleHymn","floor":6.0,"key":"SMITH"},{"data":"Tantrum","floor":8.0,"key":"SMITH"},{"data":"Indignation","floor":10.0,"key":"SMITH"},{"data":"EmptyFist","floor":15.0,"key":"SMITH"},{"data":"Scrawl","floor":24.0,"key":"SMITH"}],"circlet_count":0,"master_deck":["AscendersBane","Strike_P+1","Strike_P+1","Defend_P","Defend_P","Defend_P","Defend_P","Eruption+1","Vigilance","CutThroughFate","Sanctity","BattleHymn+1","Tantrum+1","Indignation+1","EmptyFist+1","Halt","LessonLearned","Perseverance","FearNoEvil","Scrawl+1","Establishment"],"relics":["PureWater","TungstenRod","Tiny Chest","Whetstone","Ice Cream","Coffee Dripper","Nloth\u0027s Gift","Meat on the Bone","Art of War"],"acts_visited":["Exordium","TheCity"],"potions_floor_usage":[25],"damage_taken":[{"damage":3.0,"enemies":"2 Louse","floor":1.0,"turns":3.0},{"damage":6.0,"enemies":"Jaw Worm","floor":4.0,"turns":6.0},{"damage":14.0,"enemies":"Lagavulin","floor":7.0,"turns":5.0},{"damage":1.0,"enemies":"Small Slimes","floor":11.0,"turns":2.0},{"damage":7.0,"enemies":"Lagavulin Event","floor":12.0,"turns":3.0},{"damage":8.0,"enemies":"Exordium Wildlife","floor":13.0,"turns":4.0},{"damage":56.0,"enemies":"Hexaghost","floor":16.0,"turns":10.0},{"damage":0.0,"enemies":"Spheric Guardian","floor":18.0,"turns":3.0},{"damage":41.0,"enemies":"Slavers","floor":23.0,"turns":5.0},{"damage":0,"enemies":"Shell Parasite","floor":25,"turns":1},{"damage":33,"enemies":"Book of Stabbing","floor":27,"turns":5}],"seed_played":"5289337393729588379","potions_obtained":[{"floor":1.0,"key":"Block Potion"},{"floor":11.0,"key":"BottledMiracle"},{"floor":12.0,"key":"LiquidBronze"},{"floor":13.0,"key":"Energy Potion"},{"floor":23.0,"key":"SteroidPotion"}],"is_trial":false,"path_per_floor":["M","$","?","M","?","R","E","R","T","R","M","?","M","?","R","B",null,"M","T","?","$","?","E","R","M","T","E"],"character_chosen":"WATCHER","items_purchased":["Sanctity","BattleHymn","FearNoEvil"],"campfire_rested":0,"item_purchase_floors":[2,2,21],"current_hp_per_floor":[62,62,62,56,44,44,30,30,30,30,29,22,14,72,72,16,58,58,58,58,58,58,17,17,29,29,0,0],"gold":135,"neow_bonus":"HUNDRED_GOLD","is_daily":false,"chose_seed":false,"campfire_upgraded":5,"win_rate":0.0,"timestamp":1610780423,"path_taken":["M","$","?","M","?","R","E","R","T","R","M","?","?","?","R","BOSS","M","?","?","?","?","E","R","M","T","E"],"items_purchased_type":["Card","Card","Card"],"build_version":"2020-12-22","purchased_purges":2,"victory":false,"max_hp_per_floor":[72,72,72,72,72,72,72,72,72,72,72,72,72,72,72,72,72,72,72,72,72,72,72,72,72,72,72,72],"relic_stats":{"counters":[11,47],"Tiny Chest":1,"Nloth\u0027s Gift":5,"Art of War":[0],"Whetstone":["Strike_P","Strike_P"],"obtain_stats":[{"Ice Cream":12,"Vajra":19,"Tiny Chest":7,"Coffee Dripper":17,"Nloth\u0027s Gift":22,"Art of War":26,"Whetstone":9,"PureWater":0,"TungstenRod":5,"Meat on the Bone":23},{"Ice Cream":5,"Vajra":8,"Tiny Chest":3,"Coffee Dripper":7,"Nloth\u0027s Gift":8,"Art of War":10,"Whetstone":3,"PureWater":0,"TungstenRod":2,"Meat on the Bone":9},{"Ice Cream":19,"Vajra":36,"Tiny Chest":14,"Coffee Dripper":33,"Nloth\u0027s Gift":36,"Art of War":42,"Whetstone":14,"PureWater":0,"TungstenRod":9,"Meat on the Bone":41}],"TungstenRod":29,"Meat on the Bone":12},"card_choices":[{"not_picked":["ReachHeaven","Fasting2"],"picked":"CutThroughFate","floor":1.0},{"not_picked":["Study","FlyingSleeves"],"picked":"Tantrum","floor":4.0},{"not_picked":["Study","Pray"],"picked":"Indignation","floor":7.0},{"not_picked":["WreathOfFlame","Crescendo"],"picked":"Collect","floor":11.0},{"not_picked":["Evaluate","Indignation"],"picked":"EmptyFist","floor":12.0},{"not_picked":["WindmillStrike","SandsOfTime"],"picked":"Halt","floor":13.0},{"not_picked":["Ragnarok","DeusExMachina"],"picked":"LessonLearned","floor":16.0},{"not_picked":["EmptyFist","Crescendo"],"picked":"Perseverance","floor":18.0},{"not_picked":["MasterReality","Alpha"],"picked":"Scrawl","floor":23.0},{"not_picked":["Judgement","LikeWater"],"picked":"Establishment","floor":25}],"player_experience":352133,"relics_obtained":[{"floor":7.0,"key":"Tiny Chest"},{"floor":9.0,"key":"Whetstone"},{"floor":12.0,"key":"Ice Cream"},{"floor":19.0,"key":"Vajra"},{"floor":23.0,"key":"Meat on the Bone"},{"floor":26,"key":"Art of War"}],"event_choices":[{"damage_healed":0.0,"max_hp_gain":0.0,"max_hp_loss":0.0,"gold_gain":0.0,"event_name":"World of Goop","player_choice":"Left Gold","floor":3.0,"gold_loss":29.0,"damage_taken":0.0},{"damage_healed":0.0,"max_hp_gain":0.0,"max_hp_loss":0.0,"gold_gain":0.0,"event_name":"Scrap Ooze","player_choice":"Success","floor":5.0,"gold_loss":0.0,"damage_taken":12.0,"relics_obtained":["TungstenRod"]},{"damage_healed":0.0,"max_hp_gain":0.0,"max_hp_loss":0.0,"gold_gain":0.0,"event_name":"Dead Adventurer","player_choice":"Searched \u00272\u0027 times","floor":12.0,"gold_loss":0.0,"damage_taken":0.0},{"cards_removed":["Collect"],"damage_healed":58.0,"max_hp_gain":0.0,"max_hp_loss":0.0,"gold_gain":0.0,"event_name":"Bonfire Elementals","player_choice":"Offered Uncommon","floor":14.0,"gold_loss":0.0,"damage_taken":0.0},{"damage_healed":0.0,"max_hp_gain":0.0,"max_hp_loss":0.0,"gold_gain":0.0,"event_name":"Vampires","player_choice":"Ignored","floor":20.0,"gold_loss":0.0,"damage_taken":0.0},{"damage_healed":0.0,"max_hp_gain":0.0,"max_hp_loss":0.0,"gold_gain":0.0,"event_name":"N\u0027loth","player_choice":"Traded Relic","floor":22.0,"relics_lost":["Vajra"],"gold_loss":0.0,"damage_taken":0.0,"relics_obtained":["Nloth\u0027s Gift"]}],"is_beta":false,"boss_relics":[{"not_picked":["SacredBark","Pandora\u0027s Box"],"picked":"Coffee Dripper"}],"items_purged_floors":[2,21],"is_endless":false,"potions_floor_spawned":[1,11,12,13,23],"killed_by":"Book of Stabbing","ascension_level":10}}