{"host":"agbyy69nq62afhwx","time":1610801200,"event":{"mods":["BaseMod","Colored Map","DeckTracker","Highlight Path","Keyboard Shortcuts","Minty Spire (QoL Compilation)","Quick Restart","StSLib","SuperFastMode","everything is the same but u backflip on backflip"],"gold_per_floor":[116,134,134,134,134,134,165,165,165,165,165],"floor_reached":10,"language":"KOR","playtime":87,"items_purged":[],"score":169,"play_id":"09beeaed-450f-46b3-843b-e51279d73a11","local_time":"20210116214640","is_ascension_mode":true,"campfire_choices":[{"data":"Calculated Gamble","floor":6.0,"key":"SMITH"},{"data":"Leg Sweep","floor":8.0,"key":"SMITH"}],"circlet_count":0,"master_deck":["AscendersBane","Strike_G","Strike_G","Strike_G","Strike_G","Defend_G","Defend_G","Defend_G","Defend_G","Defend_G","Survivor","Neutralize","Backflip","Calculated Gamble+1","Leg Sweep+1","Dash"],"relics":["Ring of the Snake","NeowsBlessing","Golden Idol","White Beast Statue","FossilizedHelix"],"acts_visited":["Exordium"],"potions_floor_usage":[],"damage_taken":[{"damage":0.0,"enemies":"Small Slimes","floor":1.0,"turns":1.0},{"damage":0.0,"enemies":"2 Louse","floor":2.0,"turns":1.0},{"damage":0.0,"enemies":"3 Sentries","floor":7.0,"turns":1.0},{"damage":0,"enemies":"Lagavulin","floor":10,"turns":1}],"seed_played":"6447926390270282667","potions_obtained":[{"floor":1.0,"key":"FearPotion"}],"is_trial":false,"path_per_floor":["M","M","?","?","?","R","E","R","T","E"],"character_chosen":"THE_SILENT","items_purchased":[],"campfire_rested":0,"item_purchase_floors":[],"current_hp_per_floor":[59,59,59,59,59,59,59,59,59,59,59],"gold":165,"neow_bonus":"THREE_ENEMY_KILL","is_daily":false,"chose_seed":false,"campfire_upgraded":2,"win_rate":0.0,"timestamp":1610801200,"path_taken":["M","M","?","?","?","R","E","R","T","E"],"items_purchased_type":[],"build_version":"2020-12-22","purchased_purges":0,"victory":false,"max_hp_per_floor":[66,66,66,60,60,60,60,60,60,60,60],"card_choices":[{"not_picked":["Setup","Deadly Poison"],"picked":"Backflip","floor":1.0},{"not_picked":["Caltrops","Flying Knee"],"picked":"Calculated Gamble","floor":2.0},{"not_picked":["Terror","Poisoned Stab"],"picked":"Dash","floor":7.0}],"player_experience":408424,"relics_obtained":[{"floor":7.0,"key":"White Beast Statue"},{"floor":9.0,"key":"FossilizedHelix"}],"event_choices":[{"damage_healed":0.0,"max_hp_gain":0.0,"max_hp_loss":0.0,"gold_gain":0.0,"event_name":"Liars Game","player_choice":"Ignored","floor":3.0,"gold_loss":0.0,"damage_taken":0.0},{"damage_healed":0.0,"max_hp_gain":0.0,"max_hp_loss":6.0,"gold_gain":0.0,"event_name":"Golden Idol","player_choice":"Lose Max HP","floor":4.0,"gold_loss":0.0,"damage_taken":0.0,"relics_obtained":["Golden Idol"]},{"damage_healed":0.0,"max_hp_gain":0.0,"max_hp_loss":0.0,"gold_gain":0.0,"cards_transformed":["Strike_G"],"event_name":"Living Wall","player_choice":"Change","floor":5.0,"gold_loss":0.0,"damage_taken":0.0,"cards_obtained":["Leg Sweep"]}],"is_beta":false,"boss_relics":[],"items_purged_floors":[],"is_endless":false,"potions_floor_spawned":[1],"killed_by":"Lagavulin","ascension_level":18}}