{"host":"kvh5342rl0c7vxi5","time":1610762887,"event":{"mods":["BaseMod","Downfall","Hermit","Jorbs\u0027s Wanderer Trilogy","Minty Spire (QoL Compilation)","Quick Restart","StSLib","SuperFastMode","The Poker Player"],"gold_per_floor":[117,117,18,18,31,64,64,127,152,152,179,179,179,179,179,373,373,411,439,474,474,474,474,474],"floor_reached":23,"language":"ENG","playtime":558,"items_purged":["hermit:Strike_Hermit"],"score":300,"play_id":"6032cd0c-aab3-41d6-8f83-2c7f015e975e","local_time":"20210115210807","is_ascension_mode":true,"campfire_choices":[{"data":"hermit:Headshot","floor":7.0,"key":"SMITH"},{"data":"hermit:Brawl","floor":12.0,"key":"SMITH"},{"data":"hermit:Vantage","floor":15.0,"key":"SMITH"}],"circlet_count":0,"master_deck":["hermit:Strike_Hermit+1","hermit:Strike_Hermit+1","hermit:Defend_Hermit","hermit:Defend_Hermit","hermit:Defend_Hermit","hermit:Snapshot","hermit:Covet","hermit:Headshot+1","hermit:Vantage+1","hermit:Roulette+1","hermit:DeadOrAlive+1","hermit:Brawl+1","hermit:OverwhelmingPower","hermit:Quickdraw+1","hermit:Determination","hermit:Gestalt+1","Shame","Writhe"],"relics":["hermit:Momento","NeowsBlessing","Whetstone","Art of War","hermit:RyeStalk","Golden Idol","Toxic Egg 2","Cursed Key","Gremlin Horn","Girya"],"acts_visited":["Exordium","TheCity"],"potions_floor_usage":[20,23],"damage_taken":[{"damage":0.0,"enemies":"2 Louse","floor":1.0,"turns":1.0},{"damage":0.0,"enemies":"Cultist","floor":5.0,"turns":1.0},{"damage":0.0,"enemies":"Gremlin Nob","floor":6.0,"turns":1.0},{"damage":25.0,"enemies":"Lagavulin","floor":8.0,"turns":4.0},{"damage":0.0,"enemies":"Jaw Worm","floor":11.0,"turns":2.0},{"damage":23.0,"enemies":"The Guardian","floor":16.0,"turns":8.0},{"damage":18.0,"enemies":"Shell Parasite","floor":18.0,"turns":3.0},{"damage":13,"enemies":"2 Thieves","floor":19,"turns":4},{"damage":7,"enemies":"Snake Plant","floor":20,"turns":5},{"damage":22,"enemies":"Slavers","floor":23,"turns":2}],"seed_played":"8160617682590149226","potions_obtained":[{"floor":1.0,"key":"Strength Potion"},{"floor":16.0,"key":"Fruit Juice"},{"floor":20,"key":"SneckoOil"}],"is_trial":false,"path_per_floor":["M","?","$","?","M","E","R","E","T","?","M","R","?","T","R","B",null,"M","M","M","?","?","E"],"character_chosen":"HERMIT","items_purchased":["hermit:Vantage"],"campfire_rested":0,"item_purchase_floors":[3],"current_hp_per_floor":[68,53,53,53,53,53,53,28,28,28,28,28,28,28,28,5,53,35,22,20,20,20,0,0],"gold":474,"neow_bonus":"THREE_ENEMY_KILL","is_daily":false,"chose_seed":false,"campfire_upgraded":3,"win_rate":0.0,"timestamp":1610762887,"path_taken":["M","?","$","?","?","E","R","E","T","?","?","R","?","?","R","BOSS","M","M","?","?","?","E"],"items_purchased_type":["Card"],"build_version":"2020-12-22","purchased_purges":1,"victory":false,"max_hp_per_floor":[75,75,75,75,75,75,75,75,75,75,75,75,69,69,69,69,69,69,69,74,74,74,74,74],"card_choices":[{"not_picked":["hermit:HoleUp","hermit:Coalescence"],"picked":"hermit:Headshot","floor":1.0},{"not_picked":["hermit:BodyArmor","hermit:Vantage"],"picked":"hermit:Roulette","floor":5.0},{"not_picked":["hermit:WideOpen","hermit:Maintenance"],"picked":"hermit:DeadOrAlive","floor":6.0},{"not_picked":["hermit:FinalCanter","hermit:Roulette"],"picked":"hermit:Brawl","floor":8.0},{"not_picked":["hermit:Vantage","hermit:TrackingShot","hermit:Snipe"],"picked":"SKIP","floor":11.0},{"not_picked":["hermit:RoundhouseKick","hermit:FromBeyond+1"],"picked":"hermit:OverwhelmingPower","floor":16.0},{"not_picked":["hermit:CursedWeapon","hermit:TrackingShot"],"picked":"hermit:Quickdraw+1","floor":18.0},{"not_picked":["hermit:PistolWhip","hermit:TrackingShot"],"picked":"hermit:Determination","floor":19},{"not_picked":["hermit:HighCaliber","hermit:Coalescence+1"],"picked":"hermit:Gestalt+1","floor":20}],"player_experience":532085,"relics_obtained":[{"floor":6.0,"key":"Whetstone"},{"floor":8.0,"key":"Art of War"},{"floor":9.0,"key":"hermit:RyeStalk"},{"floor":14.0,"key":"Toxic Egg 2"}],"event_choices":[{"damage_healed":0.0,"max_hp_gain":0.0,"max_hp_loss":0.0,"gold_gain":0.0,"event_name":"Shining Light","player_choice":"Entered Light","floor":2.0,"gold_loss":0.0,"damage_taken":15.0,"cards_upgraded":["hermit:Strike_Hermit","hermit:Strike_Hermit"]},{"cards_removed":["hermit:Strike_Hermit"],"damage_healed":0.0,"max_hp_gain":0.0,"max_hp_loss":0.0,"gold_gain":0.0,"event_name":"Purifier","player_choice":"Purged","floor":4.0,"gold_loss":0.0,"damage_taken":0.0},{"cards_removed":["hermit:Defend_Hermit"],"damage_healed":0.0,"max_hp_gain":0.0,"max_hp_loss":0.0,"gold_gain":0.0,"event_name":"Bonfire Elementals","player_choice":"Offered Basic","floor":10.0,"gold_loss":0.0,"damage_taken":0.0},{"damage_healed":0.0,"max_hp_gain":0.0,"max_hp_loss":6.0,"gold_gain":0.0,"event_name":"Golden Idol","player_choice":"Lose Max HP","floor":13.0,"gold_loss":0.0,"damage_taken":0.0,"relics_obtained":["Golden Idol"]},{"damage_healed":0,"gold_gain":0,"player_choice":"Stole Relic","damage_taken":0,"relics_obtained":["Gremlin Horn"],"max_hp_gain":0,"max_hp_loss":0,"event_name":"Addict","floor":21,"gold_loss":0,"cards_obtained":["Shame"]},{"damage_healed":0,"gold_gain":0,"player_choice":"Opened","damage_taken":0,"relics_obtained":["Girya"],"max_hp_gain":0,"max_hp_loss":0,"event_name":"The Mausoleum","floor":22,"gold_loss":0,"cards_obtained":["Writhe"]}],"is_beta":false,"boss_relics":[{"not_picked":["SacredBark","hermit:ClaspedLocket"],"picked":"Cursed Key"}],"items_purged_floors":[3],"is_endless":false,"potions_floor_spawned":[1,16,20],"killed_by":"Slavers","ascension_level":7}}