{"host":"oehe2dxjvdgux73m","time":1610800955,"event":{"mods":["AchievementEnabler","BaseMod","Colored Map","Colored Powertips","DeckTracker","Keyboard Shortcuts","Minty Spire (QoL Compilation)","Permanent Neow","Quick Restart","StSLib","SuperFastMode"],"gold_per_floor":[116,41,41,41,52,52,85,105,184,184,216,19,52,52,52,126,126,98,74,74,91,91,91,123,136,136,48,48,75,75,100,100,175,175,195,195,120,23,23,23,52,52,76,127,145,163,182,194,194,194],"floor_reached":51,"language":"KOR","playtime":2151,"items_purged":[],"score":1503,"play_id":"0589ddf6-60d1-498e-a0d5-ec4d4400a534","local_time":"20210116214235","is_ascension_mode":true,"campfire_choices":[{"data":"Predator","floor":6.0,"key":"SMITH"},{"data":"Blade Dance","floor":10.0,"key":"SMITH"},{"floor":15.0,"key":"REST"},{"data":"Adrenaline","floor":23.0,"key":"SMITH"},{"floor":32.0,"key":"REST"},{"data":"Calculated Gamble","floor":40.0,"key":"SMITH"},{"floor":42.0,"key":"REST"},{"floor":49.0,"key":"REST"}],"circlet_count":0,"master_deck":["AscendersBane","Strike_G+1","Defend_G+1","Defend_G","Defend_G","Defend_G","Defend_G","Survivor","Neutralize+1","Predator+1","Backflip+1","Noxious Fumes","PiercingWail","Blade Dance+1","Backflip","Terror","Blade Dance+1","Adrenaline+1","Acrobatics","PiercingWail","Adrenaline+1","Crippling Poison","Wraith Form v2+1","Finisher","Calculated Gamble+1","Backflip","Accuracy+1","Flechettes+1"],"relics":["Ring of the Snake","NeowsBlessing","Toy Ornithopter","Ninja Scroll","Regal Pillow","DollysMirror","Art of War","Busted Crown","Juzu Bracelet","Bottled Lightning","Whetstone","War Paint","Sozu","Pear","Meat on the Bone","Potion Belt","Dead Branch"],"acts_visited":["Exordium","TheCity","TheBeyond"],"potions_floor_usage":[],"damage_taken":[{"damage":0.0,"enemies":"Cultist","floor":1.0,"turns":1.0},{"damage":0.0,"enemies":"Jaw Worm","floor":5.0,"turns":1.0},{"damage":0.0,"enemies":"3 Sentries","floor":7.0,"turns":1.0},{"damage":1.0,"enemies":"2 Louse","floor":8.0,"turns":3.0},{"damage":30.0,"enemies":"Lagavulin","floor":11.0,"turns":6.0},{"damage":3.0,"enemies":"Gremlin Nob","floor":13.0,"turns":3.0},{"damage":12.0,"enemies":"Slime Boss","floor":16.0,"turns":11.0},{"damage":1.0,"enemies":"2 Thieves","floor":18.0,"turns":4.0},{"damage":0.0,"enemies":"Chosen","floor":21.0,"turns":3.0},{"damage":7.0,"enemies":"Gremlin Leader","floor":24.0,"turns":6.0},{"damage":6.0,"enemies":"Snake Plant","floor":25.0,"turns":4.0},{"damage":42.0,"enemies":"Slavers","floor":29.0,"turns":9.0},{"damage":0.0,"enemies":"Book of Stabbing","floor":31.0,"turns":4.0},{"damage":20.0,"enemies":"Champ","floor":33.0,"turns":12.0},{"damage":11.0,"enemies":"3 Shapes","floor":35.0,"turns":4.0},{"damage":25.0,"enemies":"Reptomancer","floor":41.0,"turns":9.0},{"damage":30.0,"enemies":"2 Orb Walkers","floor":44.0,"turns":6.0},{"damage":0.0,"enemies":"Orb Walker","floor":45.0,"turns":1.0},{"damage":0.0,"enemies":"Maw","floor":46.0,"turns":4.0},{"damage":1.0,"enemies":"Sphere and 2 Shapes","floor":47.0,"turns":6.0},{"damage":16.0,"enemies":"Spire Growth","floor":48.0,"turns":3.0},{"damage":42,"enemies":"Awakened One","floor":50,"turns":15}],"seed_played":"5672278380330513821","potions_obtained":[{"floor":5.0,"key":"Poison Potion"},{"floor":7.0,"key":"BlessingOfTheForge"},{"floor":13.0,"key":"SkillPotion"},{"floor":18.0,"key":"PowerPotion"},{"floor":29.0,"key":"SkillPotion"}],"is_trial":false,"path_per_floor":["M","?","?","?","M","R","E","M","T","R","E","$","E","?","R","B",null,"M","$","?","M","?","R","E","M","T","$","?","E","T","E","R","B",null,"M","?","$","?","?","R","E","R","T","?","M","M","M","M","R","B",null],"character_chosen":"THE_SILENT","items_purchased":["Terror","DollysMirror","PiercingWail","Wraith Form v2","Calculated Gamble"],"campfire_rested":4,"item_purchase_floors":[12,12,19,27,37],"current_hp_per_floor":[59,59,39,39,39,39,39,38,38,38,13,13,10,3,37,35,58,57,57,57,62,62,62,55,49,49,49,49,7,7,12,46,26,56,45,45,45,55,55,55,30,66,66,48,48,48,47,43,72,42],"gold":194,"neow_bonus":"THREE_ENEMY_KILL","is_daily":false,"chose_seed":false,"campfire_upgraded":4,"win_rate":0.0,"timestamp":1610800955,"path_taken":["M","?","?","?","?","R","E","M","T","R","E","?","E","?","R","BOSS","M","$","?","?","?","R","E","M","T","$","?","E","?","E","R","BOSS","M","?","$","?","?","R","E","R","T","?","M","M","M","M","R","BOSS"],"items_purchased_type":["Card","Relic","Card","Card","Card"],"build_version":"2020-12-22","purchased_purges":0,"victory":true,"max_hp_per_floor":[66,66,66,66,66,66,66,66,66,66,66,66,66,66,66,66,66,66,66,66,66,66,66,66,66,66,66,66,66,66,66,66,66,66,66,66,66,76,72,72,72,72,72,72,72,72,72,72,72,72],"card_choices":[{"not_picked":["Deflect","Quick Slash"],"picked":"Predator","floor":1.0},{"not_picked":["Poisoned Stab","Skewer"],"picked":"PiercingWail","floor":5.0},{"not_picked":["Flying Knee","Endless Agony","Cloak And Dagger"],"picked":"SKIP","floor":7.0},{"not_picked":["Well Laid Plans","Calculated Gamble"],"picked":"Blade Dance","floor":8.0},{"not_picked":["Outmaneuver","Flechettes"],"picked":"Backflip","floor":11.0},{"not_picked":["Cloak And Dagger","Dash","Poisoned Stab"],"picked":"SKIP","floor":13.0},{"not_picked":["Corpse Explosion","A Thousand Cuts"],"picked":"Adrenaline","floor":16.0},{"not_picked":[],"picked":"Acrobatics","floor":18.0},{"not_picked":["Catalyst"],"picked":"SKIP","floor":21.0},{"not_picked":[],"picked":"Crippling Poison","floor":24.0},{"not_picked":["Deadly Poison"],"picked":"SKIP","floor":25.0},{"not_picked":["Deflect"],"picked":"SKIP","floor":29.0},{"not_picked":[],"picked":"Finisher","floor":31.0},{"not_picked":["Flying Knee"],"picked":"SKIP","floor":35.0},{"not_picked":[],"picked":"Backflip","floor":41.0},{"not_picked":[],"picked":"Accuracy+1","floor":44.0},{"not_picked":[],"picked":"Flechettes+1","floor":45.0},{"not_picked":["Bane"],"picked":"SKIP","floor":46.0},{"not_picked":["Dodge and Roll"],"picked":"SKIP","floor":47.0},{"not_picked":["Cloak And Dagger"],"picked":"SKIP","floor":48.0}],"player_experience":232507,"relics_obtained":[{"floor":7.0,"key":"Toy Ornithopter"},{"floor":9.0,"key":"Ninja Scroll"},{"floor":11.0,"key":"Regal Pillow"},{"floor":13.0,"key":"Art of War"},{"floor":24.0,"key":"Juzu Bracelet"},{"floor":26.0,"key":"Bottled Lightning"},{"floor":30.0,"key":"Whetstone"},{"floor":31.0,"key":"War Paint"},{"floor":41.0,"key":"Meat on the Bone"},{"floor":43.0,"key":"Potion Belt"},{"floor":44.0,"key":"Dead Branch"}],"event_choices":[{"cards_removed":["Strike_G"],"damage_healed":0.0,"max_hp_gain":0.0,"max_hp_loss":0.0,"gold_gain":0.0,"event_name":"The Cleric","player_choice":"Card Removal","floor":2.0,"gold_loss":75.0,"damage_taken":0.0},{"damage_healed":0.0,"max_hp_gain":0.0,"max_hp_loss":0.0,"gold_gain":0.0,"event_name":"Shining Light","player_choice":"Entered Light","floor":3.0,"gold_loss":0.0,"damage_taken":20.0,"cards_upgraded":["Neutralize","Defend_G"]},{"damage_healed":0.0,"max_hp_gain":0.0,"max_hp_loss":0.0,"gold_gain":0.0,"event_name":"Match and Keep!","player_choice":"2 cards matched","floor":4.0,"gold_loss":0.0,"damage_taken":0.0,"cards_obtained":["Backflip","Noxious Fumes"]},{"cards_removed":["Strike_G"],"damage_healed":0.0,"max_hp_gain":0.0,"max_hp_loss":0.0,"gold_gain":0.0,"event_name":"Golden Wing","player_choice":"Card Removal","floor":14.0,"gold_loss":0.0,"damage_taken":7.0},{"cards_removed":["Strike_G"],"damage_healed":0.0,"max_hp_gain":0.0,"max_hp_loss":0.0,"gold_gain":0.0,"event_name":"Bonfire Elementals","player_choice":"Offered Basic","floor":20.0,"gold_loss":0.0,"damage_taken":0.0},{"damage_healed":0.0,"max_hp_gain":0.0,"max_hp_loss":0.0,"gold_gain":0.0,"event_name":"Duplicator","player_choice":"Copied","floor":22.0,"gold_loss":0.0,"damage_taken":0.0,"cards_obtained":["Adrenaline"]},{"cards_removed":["Strike_G"],"damage_healed":0.0,"max_hp_gain":0.0,"max_hp_loss":0.0,"gold_gain":0.0,"event_name":"Back to Basics","player_choice":"Elegance","floor":28.0,"gold_loss":0.0,"damage_taken":0.0},{"damage_healed":0.0,"max_hp_gain":0.0,"max_hp_loss":0.0,"gold_gain":0.0,"event_name":"Upgrade Shrine","player_choice":"Upgraded","floor":36.0,"gold_loss":0.0,"damage_taken":0.0,"cards_upgraded":["Wraith Form v2"]},{"damage_healed":0.0,"max_hp_gain":0.0,"max_hp_loss":0.0,"gold_gain":0.0,"event_name":"WeMeetAgain","player_choice":"Paid Gold","floor":38.0,"gold_loss":97.0,"damage_taken":0.0,"relics_obtained":["Pear"]},{"damage_healed":0.0,"max_hp_gain":0.0,"max_hp_loss":4.0,"gold_gain":0.0,"event_name":"Winding Halls","player_choice":"Max HP","floor":39.0,"gold_loss":0.0,"damage_taken":0.0},{"damage_healed":0.0,"max_hp_gain":0.0,"max_hp_loss":0.0,"gold_gain":0.0,"event_name":"Mysterious Sphere","player_choice":"Fight","floor":44.0,"gold_loss":0.0,"damage_taken":0.0}],"is_beta":false,"boss_relics":[{"not_picked":["Runic Pyramid","Snecko Eye"],"picked":"Busted Crown"},{"not_picked":["SacredBark","Runic Dome"],"picked":"Sozu"}],"items_purged_floors":[],"is_endless":false,"potions_floor_spawned":[5,7,13,18,29,44,45,46],"ascension_level":17}}