{"host":"9pqy5lt7vda52ebm","time":1610763368,"event":{"mods":["BaseMod","Fox Events","Minty Spire (QoL Compilation)","Optimize The Spire","Quick Restart","StSLib","TheWitcher"],"gold_per_floor":[120,151,226,262,262,278,278],"floor_reached":6,"language":"ENG","playtime":850,"items_purged":[],"score":45,"play_id":"f566a85c-5d51-4127-a8d8-3af467cd82c0","local_time":"20210115211608","is_ascension_mode":true,"campfire_choices":[],"circlet_count":0,"master_deck":["SnafuTest:DefaultCommonAttack","SnafuTest:DefaultCommonAttack","SnafuTest:DefaultCommonAttack","SnafuTest:BountyHunt","SnafuTest:DefaultCommonSkill","SnafuTest:DefaultCommonSkill","SnafuTest:DefaultCommonSkill","SnafuTest:SignAard","Finesse","SnafuTest:PayBank","SnafuTest:ExcessiveLevies","SnafuTest:NoPass"],"relics":["SnafuTest:UnstableMutagenRelic","SnafuTest:GriffinRelic"],"acts_visited":["Exordium"],"potions_floor_usage":[6],"damage_taken":[{"damage":0,"enemies":"Jaw Worm","floor":1,"turns":5},{"damage":3,"enemies":"Small Slimes","floor":2,"turns":6},{"damage":0,"enemies":"2 Louse","floor":4,"turns":4},{"damage":11,"enemies":"Lagavulin","floor":6,"turns":10}],"seed_played":"7577963423634833885","potions_obtained":[{"floor":2,"key":"EssenceOfSteel"},{"floor":4,"key":"DuplicationPotion"}],"is_trial":false,"path_per_floor":["M","M","?","M","?","E"],"character_chosen":"THE_WITCHER","items_purchased":[],"campfire_rested":0,"item_purchase_floors":[],"current_hp_per_floor":[75,72,61,61,58,47,47],"gold":278,"neow_bonus":"RANDOM_COLORLESS","is_daily":false,"chose_seed":false,"campfire_upgraded":0,"win_rate":0.0,"timestamp":1610763368,"path_taken":["M","M","?","M","?","E"],"items_purchased_type":[],"build_version":"2020-12-22","purchased_purges":0,"victory":false,"max_hp_per_floor":[75,75,75,75,75,75,75],"card_choices":[{"not_picked":["Good Instincts","Mind Blast"],"picked":"Finesse","floor":0},{"not_picked":["SnafuTest:PowerAlwaysOnRoads","SnafuTest:BombSamum"],"picked":"SnafuTest:PayBank","floor":1},{"not_picked":["SnafuTest:SpellIncendiaryShower","SnafuTest:SignIgni"],"picked":"SnafuTest:ExcessiveLevies","floor":2},{"not_picked":["SnafuTest:PayHappyHour","SnafuTest:PowerFireDamnation"],"picked":"SnafuTest:NoPass","floor":4}],"player_experience":389868,"relics_obtained":[],"event_choices":[{"damage_healed":0,"gold_gain":75,"player_choice":"Gather Gold","damage_taken":11,"max_hp_gain":0,"max_hp_loss":0,"event_name":"World of Goop","floor":3,"gold_loss":0},{"damage_healed":0,"gold_gain":0,"player_choice":"Success","damage_taken":3,"relics_obtained":["SnafuTest:GriffinRelic"],"max_hp_gain":0,"max_hp_loss":0,"event_name":"Scrap Ooze","floor":5,"gold_loss":0}],"is_beta":false,"boss_relics":[],"items_purged_floors":[],"is_endless":false,"potions_floor_spawned":[2,4],"killed_by":"Lagavulin","ascension_level":5}}