{"host":"dlqyscxstsnu98l1","time":1610826020,"event":{"mods":["AchievementEnabler","BaseMod","Bestiary","Colored Map","Colored Powertips","Conspire","GifTheSpireLib","Highlight Path","Minty Spire (QoL Compilation)","Random Character Button","Replay The Spire","SacredBarkPlus","StSLib"],"gold_per_floor":[116,133,133,58,72,97,97,112,112,131,193,193,193],"floor_reached":12,"language":"ENG","playtime":511,"items_purged":["Defend_P"],"score":84,"play_id":"0a23a4d1-3a38-4088-aceb-719d41602e41","local_time":"20210116134020","is_ascension_mode":true,"campfire_choices":[{"data":"PathToVictory","floor":7,"key":"SMITH"}],"circlet_count":0,"master_deck":["Strike_P","Strike_P","Strike_P","Strike_P","Defend_P","Defend_P","Defend_P","Eruption","Vigilance","PathToVictory+1","JustLucky","Study","PathToVictory"],"relics":["PureWater","Bag of Marbles","Orichalcum","Regal Pillow","conspire:Dentures"],"acts_visited":["Exordium"],"potions_floor_usage":[6,11],"damage_taken":[{"damage":7,"enemies":"Small Slimes","floor":1,"turns":5},{"damage":0,"enemies":"Cultist","floor":2,"turns":2},{"damage":3,"enemies":"Jaw Worm","floor":5,"turns":2},{"damage":28,"enemies":"Lagavulin","floor":6,"turns":7},{"damage":0,"enemies":"Large Slime","floor":8,"turns":4},{"damage":10,"enemies":"3 Louse","floor":10,"turns":4},{"damage":13,"enemies":"Lagavulin Event","floor":11,"turns":4},{"damage":4,"enemies":"3 Sentries","floor":12,"turns":3}],"seed_played":"5926210758522237581","potions_obtained":[{"floor":2,"key":"Cursed Concoction"},{"floor":10,"key":"BlessingOfTheForge"}],"is_trial":false,"path_per_floor":["M","M","?","$","M","E","R","M","T","M","?","E"],"character_chosen":"WATCHER","items_purchased":[],"campfire_rested":0,"item_purchase_floors":[],"current_hp_per_floor":[65,65,65,65,62,34,34,34,34,24,11,7,7],"gold":193,"neow_bonus":"RANDOM_COMMON_RELIC","is_daily":false,"chose_seed":false,"campfire_upgraded":1,"win_rate":0.0,"timestamp":1610826020,"path_taken":["M","M","?","?","M","E","R","M","T","M","?","E"],"items_purchased_type":[],"build_version":"2020-12-22","purchased_purges":1,"victory":false,"max_hp_per_floor":[72,72,72,72,72,72,72,72,72,72,72,72,72],"card_choices":[{"not_picked":["Evaluate","Consecrate","SignatureMove"],"picked":"SKIP","floor":1},{"not_picked":["Replay:ManipulateFuture","Adaptation","BattleHymn"],"picked":"SKIP","floor":2},{"not_picked":["Evaluate","Protect"],"picked":"PathToVictory","floor":5},{"not_picked":["LessonLearned","CrushJoints"],"picked":"JustLucky","floor":6},{"not_picked":["TalkToTheHand","CrushJoints"],"picked":"Study","floor":8},{"not_picked":["Prostrate","SashWhip","Wallop"],"picked":"SKIP","floor":10},{"not_picked":["CrushJoints","Replay:ManipulateFuture"],"picked":"PathToVictory","floor":11}],"player_experience":65585,"relics_obtained":[{"floor":6,"key":"Orichalcum"},{"floor":9,"key":"Regal Pillow"},{"floor":11,"key":"conspire:Dentures"}],"event_choices":[{"damage_healed":0,"gold_gain":0,"player_choice":"0 cards matched","damage_taken":0,"max_hp_gain":0,"max_hp_loss":0,"event_name":"Match and Keep!","floor":3,"gold_loss":0,"cards_obtained":[]},{"damage_healed":0,"gold_gain":0,"player_choice":"Searched \u00272\u0027 times","damage_taken":0,"max_hp_gain":0,"max_hp_loss":0,"event_name":"Dead Adventurer","floor":11,"gold_loss":0}],"is_beta":false,"boss_relics":[],"items_purged_floors":[4],"is_endless":false,"potions_floor_spawned":[2,10],"killed_by":"3 Sentries","ascension_level":1}}