{"host":"rq107ve574byxhfs","time":1610840814,"event":{"mods":["AchievementEnabler","BaseMod","Colored Map","Minty Spire (QoL Compilation)","StSLib","SuperFastMode","everything is the same but u backflip on backflip"],"gold_per_floor":[112,112,112,37,55,86,110,110,137,151,169,189,189,230,230,326,326,349,111,111,111,131,131,171,171,171,121,121,121,121,161,161,254,254,272,272,182,207,225,225,256,274,343,368,368,38,38,77,77,77,77,77],"floor_reached":51,"language":"KOR","playtime":1607,"items_purged":["Darkness","Rip and Tear","Redo"],"score":1702,"play_id":"beed06ea-6cb2-44d1-918b-2aa345032147","local_time":"20210117084654","is_ascension_mode":true,"campfire_choices":[{"data":"Zap","floor":8.0,"key":"SMITH"},{"data":"Chaos","floor":13.0,"key":"SMITH"},{"data":"Barrage","floor":15.0,"key":"SMITH"},{"data":"Buffer","floor":23.0,"key":"SMITH"},{"data":"Seek","floor":25.0,"key":"SMITH"},{"data":"Seek","floor":28.0,"key":"SMITH"},{"data":"Coolheaded","floor":30.0,"key":"SMITH"},{"floor":32.0,"key":"REST"},{"data":"Fission","floor":40.0,"key":"SMITH"},{"data":"Hologram","floor":47.0,"key":"SMITH"},{"floor":49.0,"key":"RECALL"}],"circlet_count":0,"master_deck":["AscendersBane","Zap+1","Dualcast","Glacier","Hologram+1","Capacitor","Turbo","Chaos+1","Barrage+1","Buffer+1","Chill","Compile Driver","Seek+1","Genetic Algorithm","Seek+1","White Noise+1","Coolheaded+1","Electrodynamics","Fission+1","Capacitor"],"relics":["FrozenCore","NeowsBlessing","Golden Idol","Juzu Bracelet","DataDisk","Anchor","Pandora\u0027s Box","Runic Capacitor","Centennial Puzzle","Smiling Mask","Boot","Art of War","OrangePellets","Lantern","White Beast Statue"],"acts_visited":["Exordium","TheCity","TheBeyond"],"potions_floor_usage":[51],"damage_taken":[{"damage":0.0,"enemies":"2 Louse","floor":1.0,"turns":1.0},{"damage":0.0,"enemies":"Small Slimes","floor":5.0,"turns":1.0},{"damage":0.0,"enemies":"Lagavulin","floor":6.0,"turns":1.0},{"damage":0.0,"enemies":"Cultist","floor":7.0,"turns":3.0},{"damage":2.0,"enemies":"2 Fungi Beasts","floor":10.0,"turns":3.0},{"damage":12.0,"enemies":"Lots of Slimes","floor":11.0,"turns":6.0},{"damage":11.0,"enemies":"Looter","floor":12.0,"turns":4.0},{"damage":5.0,"enemies":"Gremlin Nob","floor":14.0,"turns":3.0},{"damage":0.0,"enemies":"Hexaghost","floor":16.0,"turns":8.0},{"damage":5.0,"enemies":"2 Thieves","floor":18.0,"turns":4.0},{"damage":8.0,"enemies":"Shell Parasite","floor":22.0,"turns":3.0},{"damage":24.0,"enemies":"Slavers","floor":24.0,"turns":6.0},{"damage":22.0,"enemies":"Gremlin Leader","floor":31.0,"turns":6.0},{"damage":0.0,"enemies":"Collector","floor":33.0,"turns":6.0},{"damage":12.0,"enemies":"3 Darklings","floor":35.0,"turns":3.0},{"damage":0.0,"enemies":"Orb Walker","floor":38.0,"turns":3.0},{"damage":0.0,"enemies":"4 Shapes","floor":39.0,"turns":4.0},{"damage":22.0,"enemies":"Reptomancer","floor":41.0,"turns":4.0},{"damage":0.0,"enemies":"Sphere and 2 Shapes","floor":42.0,"turns":3.0},{"damage":0.0,"enemies":"Writhing Mass","floor":44.0,"turns":4.0},{"damage":0.0,"enemies":"Nemesis","floor":48.0,"turns":5.0},{"damage":24.0,"enemies":"Time Eater","floor":50.0,"turns":11.0},{"damage":4,"enemies":"Awakened One","floor":51,"turns":4}],"seed_played":"-8955238807427686804","potions_obtained":[{"floor":7.0,"key":"Swift Potion"},{"floor":10.0,"key":"SpeedPotion"},{"floor":11.0,"key":"Fire Potion"},{"floor":12.0,"key":"Dexterity Potion"},{"floor":14.0,"key":"ColorlessPotion"},{"floor":18.0,"key":"Regen Potion"},{"floor":33.0,"key":"Ancient Potion"},{"floor":41.0,"key":"PowerPotion"},{"floor":42.0,"key":"EssenceOfDarkness"}],"is_trial":false,"path_per_floor":["M","?","?","?","M","E","M","R","T","M","M","M","R","E","R","B",null,"M","$","?","?","M","R","E","R","T","$","R","?","R","E","R","B",null,"M","?","$","M","M","R","E","M","T","M","?","$","R","E","R","B","B"],"character_chosen":"DEFECT","items_purchased":["Runic Capacitor","Capacitor","OrangePellets","Lantern"],"campfire_rested":1,"item_purchase_floors":[19,37,46,46],"current_hp_per_floor":[64,40,40,40,40,40,40,40,40,38,26,15,15,10,10,10,56,51,51,51,51,43,43,33,33,33,33,33,33,33,11,32,32,61,49,49,49,49,49,49,27,27,27,27,27,27,27,27,27,3,0,0],"gold":77,"neow_bonus":"THREE_ENEMY_KILL","is_daily":false,"chose_seed":false,"campfire_upgraded":9,"win_rate":0.0,"timestamp":1610840814,"path_taken":["M","?","?","?","M","E","M","R","T","M","M","M","R","E","R","BOSS","M","$","?","?","M","R","E","R","T","$","R","?","R","E","R","BOSS","M","?","$","M","M","R","E","M","T","M","?","$","R","E","R","BOSS","BOSS"],"items_purchased_type":["Relic","Card","Relic","Relic"],"build_version":"2020-12-22","purchased_purges":3,"victory":false,"max_hp_per_floor":[71,71,71,71,71,71,71,71,71,71,71,71,71,71,71,71,71,71,71,71,71,71,71,71,71,71,71,71,71,71,71,71,71,71,71,71,71,71,71,71,71,71,71,71,71,71,71,71,71,71,71,71],"card_choices":[{"not_picked":["Barrage","Redo"],"picked":"Glacier","floor":1.0},{"not_picked":["Recycle","Beam Cell"],"picked":"Capacitor","floor":5.0},{"not_picked":["Undo","Conserve Battery"],"picked":"Rip and Tear","floor":6.0},{"not_picked":["Stack","Lockon"],"picked":"Turbo","floor":7.0},{"not_picked":["Coolheaded","Leap"],"picked":"Chaos","floor":10.0},{"not_picked":["Redo","Scrape"],"picked":"Barrage","floor":11.0},{"not_picked":["Barrage","Glacier","Reprogram"],"picked":"SKIP","floor":12.0},{"not_picked":["Streamline","Conserve Battery","Compile Driver"],"picked":"SKIP","floor":14.0},{"not_picked":["Streamline","Conserve Battery"],"picked":"Compile Driver","floor":14.0},{"not_picked":["Ball Lightning","Cold Snap"],"picked":"Genetic Algorithm","floor":18.0},{"not_picked":["Ball Lightning","Rebound+1"],"picked":"White Noise+1","floor":22.0},{"not_picked":["Darkness","Glacier"],"picked":"Coolheaded","floor":24.0},{"not_picked":["Hologram","Steam+1"],"picked":"Electrodynamics","floor":31.0},{"not_picked":["Creative AI","Rainbow"],"picked":"Fission","floor":33.0},{"not_picked":["Beam Cell","Hello World","Sweeping Beam"],"picked":"SKIP","floor":35.0},{"not_picked":["Hologram","Turbo","Gash"],"picked":"SKIP","floor":38.0},{"not_picked":["Turbo","BootSequence","Coolheaded+1"],"picked":"SKIP","floor":39.0},{"not_picked":["Tempest","Barrage","Turbo"],"picked":"SKIP","floor":41.0},{"not_picked":["Go for the Eyes","Auto Shields","Barrage"],"picked":"SKIP","floor":42.0},{"not_picked":["BootSequence","Cold Snap","Reinforced Body"],"picked":"SKIP","floor":44.0},{"not_picked":["BootSequence","Cold Snap","Reinforced Body"],"picked":"SKIP","floor":44.0},{"not_picked":["Hello World","Chill+1","Turbo"],"picked":"SKIP","floor":48.0}],"player_experience":1330314,"relics_obtained":[{"floor":6.0,"key":"Juzu Bracelet"},{"floor":9.0,"key":"DataDisk"},{"floor":14.0,"key":"Anchor"},{"floor":24.0,"key":"Centennial Puzzle"},{"floor":26.0,"key":"Smiling Mask"},{"floor":31.0,"key":"Boot"},{"floor":41.0,"key":"Art of War"},{"floor":48.0,"key":"White Beast Statue"}],"event_choices":[{"damage_healed":0.0,"max_hp_gain":0.0,"max_hp_loss":0.0,"gold_gain":0.0,"event_name":"Golden Idol","player_choice":"Take Damage","floor":2.0,"gold_loss":0.0,"damage_taken":24.0,"relics_obtained":["Golden Idol"]},{"damage_healed":0.0,"max_hp_gain":0.0,"max_hp_loss":0.0,"gold_gain":0.0,"cards_transformed":["Strike_B"],"event_name":"Living Wall","player_choice":"Change","floor":3.0,"gold_loss":0.0,"damage_taken":0.0,"cards_obtained":["Hologram"]},{"cards_removed":["Strike_B"],"damage_healed":0.0,"max_hp_gain":0.0,"max_hp_loss":0.0,"gold_gain":0.0,"event_name":"The Cleric","player_choice":"Card Removal","floor":4.0,"gold_loss":75.0,"damage_taken":0.0},{"damage_healed":0.0,"max_hp_gain":0.0,"max_hp_loss":0.0,"gold_gain":0.0,"event_name":"Match and Keep!","player_choice":"1 cards matched","floor":20.0,"gold_loss":0.0,"damage_taken":0.0,"cards_obtained":["Seek"]},{"damage_healed":0.0,"max_hp_gain":0.0,"max_hp_loss":0.0,"gold_gain":0.0,"event_name":"Cursed Tome","player_choice":"Ignored","floor":21.0,"gold_loss":0.0,"damage_taken":0.0},{"cards_removed":["Compile Driver"],"damage_healed":0.0,"max_hp_gain":0.0,"max_hp_loss":0.0,"gold_gain":0.0,"event_name":"Back to Basics","player_choice":"Elegance","floor":29.0,"gold_loss":0.0,"damage_taken":0.0},{"damage_healed":0.0,"max_hp_gain":0.0,"max_hp_loss":0.0,"gold_gain":0.0,"cards_transformed":["Melter"],"event_name":"Transmorgrifier","player_choice":"Transformed","floor":36.0,"gold_loss":0.0,"damage_taken":0.0,"cards_obtained":["Redo"]},{"damage_healed":0.0,"max_hp_gain":0.0,"max_hp_loss":0.0,"gold_gain":0.0,"event_name":"Tomb of Lord Red Mask","player_choice":"Ignored","floor":45.0,"gold_loss":0.0,"damage_taken":0.0}],"is_beta":false,"boss_relics":[{"not_picked":["Nuclear Battery","Velvet Choker"],"picked":"Pandora\u0027s Box"},{"not_picked":["SacredBark","Black Star"],"picked":"FrozenCore"}],"items_purged_floors":[19,27,37],"is_endless":false,"potions_floor_spawned":[7,10,11,12,14,18,33,41,42,44],"killed_by":"Awakened One","ascension_level":20}}