{"host":"xnlvqftufi8t6vnl","time":1610839942,"event":{"mods":["BaseMod","Downfall","Minty Spire (QoL Compilation)","StSLib"],"gold_per_floor":[99,114,114,114,127,52,120,45,45,76,87,117,149,261,283,394,406,318,349,372,404,255,267,321,385,108,126,126,156,156,179,191,289,289,289,308,358,419,432,482,482,580,630,659,674,674,687,34,48,48,48,80,7,7,7,7,7,7],"floor_reached":56,"language":"ENG","playtime":14172,"items_purged":[],"score":861,"play_id":"83713920-10c2-4447-99c8-2efd8051ad7e","local_time":"20210116173222","is_ascension_mode":false,"campfire_choices":[{"floor":1.0,"key":"RECALL"},{"data":"hexamod:Hexaguard","floor":6.0,"key":"SMITH"},{"data":"hexamod:Float","floor":8.0,"key":"SMITH"},{"data":"hexamod:Rewind","floor":18.0,"key":"SMITH"},{"data":"hexamod:GhostOfSpirePast","floor":28.0,"key":"SMITH"},{"floor":30.0,"key":"REST"},{"data":"hexamod:HexaLevel","floor":35,"key":"SMITH"},{"floor":46,"key":"REST"},{"data":"hexamod:Rewind","floor":54,"key":"SMITH"}],"circlet_count":0,"master_deck":["hexamod:Strike","hexamod:Strike","hexamod:Strike","hexamod:Strike","hexamod:Defend","hexamod:Defend","hexamod:Defend","hexamod:Defend","hexamod:Sear","hexamod:Float+1","hexamod:BurningTouch+1","hexamod:Hexaguard+1","hexamod:Rewind+1","hexamod:ThermalTransfer","hexamod:HeatShield","hexamod:TimeOfNeed","hexamod:TimeWarp+1","hexamod:Rewind+1","hexamod:HeatMetal+1","hexamod:PhantomFireball+1","hexamod:ThermalTransfer","hexamod:GhostOfSpirePast+1","hexamod:Hexaguard","hexamod:RadiantFlame+1","hexamod:EtherealExpedition+1","hexamod:GhostflameBarrier","hexamod:Rewind","hexamod:HexaLevel+1","hexamod:RetreatToShadows+1","hexamod:PhantomCloak+1","expansioncontent:Chronoboost","expansioncontent:AwakenDeath","hexamod:PhantomCloak","hexamod:SpectralAdrenaline+1","hexamod:TimeWarp","hexamod:Hexaguard","hexamod:TimeWarp","hexamod:RainOfEmbers+1","hexamod:ExtraCrispy"],"relics":["hexamod:SpiritBrand","downfall:HeartBlessingRed","downfall:HeartBlessingBlue","MealTicket","MawBank","downfall:CloakOfManyFaces","CultistMask","FaceOfCleric","NlothsMask","GremlinMask","SsserpentHead","SlaversCollar","downfall:HeartBlessingGreen","Bronze Scales","Lee\u0027s Waffle","Bottled Tornado","Sling","Lantern","hexamod:IceCube","Gremlin Horn","CaptainsWheel","White Beast Statue","Unceasing Top","Orrery","Ornamental Fan"],"acts_visited":["Exordium","TheCity","TheBeyond","TheEnding"],"potions_floor_usage":[44,45,47,50,50,50,55,55],"damage_taken":[{"damage":2.0,"enemies":"2 Louse","floor":2.0,"turns":3.0},{"damage":0.0,"enemies":"Small Slimes","floor":5.0,"turns":3.0},{"damage":0.0,"enemies":"Cultist","floor":9.0,"turns":1.0},{"damage":20.0,"enemies":"Lagavulin","floor":10.0,"turns":7.0},{"damage":7.0,"enemies":"Blue Slaver","floor":11.0,"turns":3.0},{"damage":15.0,"enemies":"3 Sentries","floor":12.0,"turns":8.0},{"damage":11.0,"enemies":"Gremlin Gang","floor":13.0,"turns":4.0},{"damage":0.0,"enemies":"downfall:FaceTrader","floor":14.0,"turns":6.0},{"damage":0.0,"enemies":"Large Slime","floor":15.0,"turns":6.0},{"damage":7.0,"enemies":"downfall:Silent","floor":16.0,"turns":7.0},{"damage":8.0,"enemies":"Spheric Guardian","floor":19.0,"turns":7.0},{"damage":0.0,"enemies":"Chosen","floor":20.0,"turns":4.0},{"damage":20.0,"enemies":"Sentry and Sphere","floor":21.0,"turns":8.0},{"damage":0.0,"enemies":"downfall:FleeingMerchant","floor":22.0,"turns":4.0},{"damage":9.0,"enemies":"Snecko","floor":23.0,"turns":4.0},{"damage":0.0,"enemies":"3 Cultists","floor":25.0,"turns":6.0},{"damage":0.0,"enemies":"downfall:FleeingMerchant","floor":26.0,"turns":4.0},{"damage":4.0,"enemies":"Snake Plant","floor":27.0,"turns":3.0},{"damage":46.0,"enemies":"Gremlin Leader","floor":29.0,"turns":5.0},{"damage":0.0,"enemies":"downfall:FleeingMerchant","floor":31.0,"turns":4.0},{"damage":23.0,"enemies":"Snecko","floor":32.0,"turns":7.0},{"damage":34.0,"enemies":"IC_MUSHROOM_ARCHETYPE","floor":33.0,"turns":7.0},{"damage":13,"enemies":"Orb Walker","floor":36,"turns":4},{"damage":0,"enemies":"3 Darklings","floor":38,"turns":4},{"damage":18,"enemies":"Writhing Mass","floor":39,"turns":6},{"damage":29,"enemies":"2 Orb Walkers","floor":42,"turns":6},{"damage":17,"enemies":"Giant Head","floor":44,"turns":9},{"damage":21,"enemies":"4 Shapes","floor":45,"turns":5},{"damage":36,"enemies":"3 Darklings","floor":47,"turns":6},{"damage":0,"enemies":"Spire Growth","floor":49,"turns":4},{"damage":51,"enemies":"WA_ARCHETYPE_DIVINITY","floor":50,"turns":12},{"damage":29,"enemies":"downfall:CharBossMerchant","floor":52,"turns":8},{"damage":31,"enemies":"downfall:NeowBoss","floor":55,"turns":18},{"damage":101,"enemies":"downfall:NeowBossFinal","floor":56,"turns":3}],"seed_played":"-8822222757219315171","potions_obtained":[{"floor":5.0,"key":"SneckoOil"},{"floor":10.0,"key":"Energy Potion"},{"floor":12.0,"key":"Fire Potion"},{"floor":13.0,"key":"LiquidMemories"},{"floor":20.0,"key":"Strength Potion"},{"floor":25.0,"key":"Energy Potion"},{"floor":33.0,"key":"hexamod:DoubleChargePotion"},{"floor":36,"key":"BlessingOfTheForge"},{"floor":42,"key":"champ:CounterPotion"},{"floor":44,"key":"Energy Potion"},{"floor":47,"key":"Fruit Juice"},{"floor":49,"key":"PowerPotion"},{"floor":52,"key":"BlessingOfTheForge"}],"is_trial":false,"path_per_floor":["R","M","?","?","M","R","T","R","M","E","M","E","M","?","M","B",null,"R","M","M","M","$","M","T","M","$","M","R","E","R","$","M","B",null,"R","M","?","M","M","?","T","?","?","E","M","R","M","$","M","B",null,"E","$","R","B","B"],"character_chosen":"THE_SPIRIT","items_purchased":["Bronze Scales","hexamod:GhostOfSpirePast","hexamod:Hexaguard","Lee\u0027s Waffle","Sling","Lantern","Unceasing Top","hexamod:TimeWarp","Orrery","hexamod:SoulburnPotion","LiquidBronze"],"campfire_rested":2,"item_purchase_floors":[22,26,26,26,31,31,48,48,48,48,53],"current_hp_per_floor":[77,75,75,75,75,75,75,85,85,65,58,43,32,32,33,27,89,89,82,83,64,80,72,72,73,103,100,100,55,86,102,80,47,108,108,96,88,89,72,62,62,34,34,18,21,55,25,40,41,41,122,94,109,109,79,0,0,0],"gold":7,"neow_bonus":"TEN_PERCENT_HP_BONUS","is_daily":false,"chose_seed":false,"campfire_upgraded":6,"win_rate":0.0,"timestamp":1610839942,"path_taken":["R","M","?","?","?","R","T","R","M","E","M","E","M","?","M","BOSS","R","M","M","M","$","M","T","?","$","M","R","E","R","$","M","BOSS","R","M","?","?","M","?","T","?","?","E","M","R","M","$","M","BOSS","E","$","R","BOSS","BOSS"],"items_purchased_type":["Relic","Card","Card","Relic","Relic","Relic","Relic","Card","Relic","Potion","Potion"],"build_version":"2020-12-22","purchased_purges":0,"victory":false,"max_hp_per_floor":[77,77,77,77,77,77,77,87,87,87,87,87,87,87,88,89,89,89,90,91,92,93,94,94,95,103,104,104,105,105,106,107,108,108,108,109,109,110,111,111,111,112,112,113,114,114,120,120,121,122,122,123,123,123,124,124,124,124],"card_choices":[{"not_picked":["hexamod:SpectersWail","hexamod:Firestarter"],"picked":"hexamod:BurningTouch","floor":2.0},{"not_picked":["hexamod:NightmareStrike","hexamod:NecessarySacrifice"],"picked":"hexamod:Hexaguard","floor":5.0},{"not_picked":["hexamod:NightmareStrike","hexamod:HauntingEcho"],"picked":"hexamod:Rewind","floor":9.0},{"not_picked":["hexamod:Again","hexamod:Hexaguard"],"picked":"hexamod:ThermalTransfer","floor":10.0},{"not_picked":["hexamod:HeatCrush","hexamod:RetreatToShadows","hexamod:CatchUp"],"picked":"SKIP","floor":11.0},{"not_picked":["hexamod:AdvancingGuard","hexamod:NightmareGuise"],"picked":"hexamod:HeatShield","floor":12.0},{"not_picked":["hexamod:NightmareStrike","hexamod:NightmareGuise"],"picked":"hexamod:TimeOfNeed","floor":13.0},{"not_picked":["hexamod:FourthSeal","hexamod:GhostflameBarrier","hexamod:ShieldOfDarkness"],"picked":"SKIP","floor":15.0},{"not_picked":["hexamod:SixthSeal","hexamod:FifthSeal"],"picked":"hexamod:TimeWarp","floor":16.0},{"not_picked":["hexamod:SwordOfDarkness","hexamod:GhostLash","hexamod:HeatCrush"],"picked":"SKIP","floor":19.0},{"not_picked":["hexamod:NightmareStrike","hexamod:SwordOfDarkness"],"picked":"hexamod:Rewind","floor":20.0},{"not_picked":["hexamod:CatchUp+1","hexamod:GhostLash+1"],"picked":"hexamod:HeatMetal+1","floor":21.0},{"not_picked":["hexamod:Incineration","hexamod:Firestarter"],"picked":"hexamod:PhantomFireball+1","floor":22.0},{"not_picked":["hexamod:HeatMetal","hexamod:GhostLash+1","hexamod:SkipABeat"],"picked":"SKIP","floor":23.0},{"not_picked":["hexamod:RecurringNightmare","hexamod:InspiringFlames"],"picked":"hexamod:ThermalTransfer","floor":25.0},{"not_picked":["hexamod:SecondSeal","hexamod:Firestarter","hexamod:SpectersWail"],"picked":"SKIP","floor":26.0},{"not_picked":["hexamod:GhostOfSpireFuture+1","hexamod:NightmareGuise"],"picked":"hexamod:RadiantFlame+1","floor":27.0},{"not_picked":["hexamod:NecessarySacrifice","hexamod:RadiantFlame"],"picked":"hexamod:EtherealExpedition+1","floor":29.0},{"not_picked":["hexamod:ParanormalForm","hexamod:FourthSeal"],"picked":"hexamod:GhostflameBarrier","floor":31.0},{"not_picked":["hexamod:Firestarter","hexamod:SpectersWail"],"picked":"hexamod:Rewind","floor":32.0},{"not_picked":["hexamod:GhostOfSpirePresent","hexamod:FlameSwitch"],"picked":"hexamod:HexaLevel","floor":33.0},{"not_picked":["hexamod:FirstSeal","hexamod:NightmareStrike"],"picked":"hexamod:RetreatToShadows+1","floor":36},{"not_picked":["hexamod:GhostLash","hexamod:InspiringFlames+1"],"picked":"hexamod:PhantomCloak+1","floor":38},{"not_picked":["hexamod:GhostOfSpireFuture+1","hexamod:FourthSeal","hexamod:AdvancingGuard"],"picked":"SKIP","floor":39},{"not_picked":["expansioncontent:YouAreMine","expansioncontent:LastStand"],"picked":"expansioncontent:Chronoboost","floor":40},{"not_picked":["expansioncontent:PolyBeam","expansioncontent:LastStand"],"picked":"expansioncontent:AwakenDeath","floor":40},{"not_picked":["hexamod:SwordOfDarkness+1","hexamod:NecessarySacrifice"],"picked":"hexamod:PhantomCloak","floor":44},{"not_picked":["hexamod:DynamicBlow+1","hexamod:SpectersWail+1","hexamod:FastForward"],"picked":"SKIP","floor":45},{"not_picked":["hexamod:HeatCrush","hexamod:SpectersWail+1"],"picked":"hexamod:SpectralAdrenaline+1","floor":47},{"not_picked":["hexamod:TimeOfNeed","hexamod:NightmareGuise+1"],"picked":"hexamod:Hexaguard","floor":48},{"not_picked":["hexamod:RainOfEmbers+1","hexamod:SwordOfDarkness+1"],"picked":"hexamod:TimeWarp","floor":48},{"not_picked":["hexamod:BurningTouch","hexamod:HauntingEcho"],"picked":"hexamod:RainOfEmbers+1","floor":48},{"not_picked":["hexamod:FastForward","hexamod:HeatMetal"],"picked":"hexamod:ExtraCrispy","floor":49},{"not_picked":["hexamod:ThermalTransfer","hexamod:ChargedBarrage+1","hexamod:RecurringNightmare"],"picked":"SKIP","floor":52}],"player_experience":85837,"relics_obtained":[{"floor":10.0,"key":"MealTicket"},{"floor":12.0,"key":"MawBank"},{"floor":14.0,"key":"downfall:CloakOfManyFaces"},{"floor":29.0,"key":"Bottled Tornado"},{"floor":41,"key":"Gremlin Horn"},{"floor":42,"key":"CaptainsWheel"},{"floor":44,"key":"White Beast Statue"},{"floor":52,"key":"Ornamental Fan"}],"event_choices":[{"damage_healed":0.0,"max_hp_gain":0.0,"max_hp_loss":0.0,"gold_gain":0.0,"event_name":"Upgrade Shrine","player_choice":"Upgraded","floor":4.0,"gold_loss":0.0,"damage_taken":0.0,"cards_upgraded":["hexamod:BurningTouch"]},{"damage_healed":0,"gold_gain":0,"player_choice":"Fight","damage_taken":0,"max_hp_gain":0,"max_hp_loss":0,"event_name":"Mysterious Sphere","floor":42,"gold_loss":0}],"is_beta":false,"boss_relics":[{"not_picked":["Runic Dome","Calling Bell"],"picked":"SlaversCollar"},{"not_picked":["Circlet","Black Star"],"picked":"hexamod:IceCube"}],"items_purged_floors":[],"is_endless":false,"potions_floor_spawned":[5,10,12,13,15,20,25,27,32,33,36,42,44,45,47,49,52],"killed_by":"downfall:NeowBossFinal","ascension_level":0}}