{"host":"1ijykob380qbj7yg","time":1610826307,"event":{"mods":["BaseMod","GifTheSpireLib","Hubris","Marisa£®ÏF”Í°°ƒß¿Ì…≥£©","Minty Spire (QoL Compilation)","StSLib","The Cursed","[IsaacMod]“‘»ˆº‚À˛"],"gold_per_floor":[118,134,59,59,70,104,104,117,117,117,149,33,33,0,0,79,79,90,90,90,90,106,139,149,175,175,206,306,341,354,367,367,438,438,456,473,473,487,161,161,0,0,0,51,51,61,95,108,108,108,108,108,8,39,39],"floor_reached":56,"language":"ZHS","playtime":3324,"items_purged":["TheCursedMod:Strike_TheCursed","TheCursedMod:Strike_TheCursed","TheCursedMod:Defend_TheCursed"],"score":1877,"play_id":"49d55dde-8cfc-4858-bfd7-746200ec8f47","local_time":"20210117034507","is_ascension_mode":true,"campfire_choices":[{"data":"DoctorFetus","floor":7.0,"key":"SMITH"},{"data":"TheCursedMod:CleanUpWorkshop","floor":10.0,"key":"SMITH"},{"data":"TheCursedMod:AntiAging","floor":13.0,"key":"SMITH"},{"data":"TheCursedMod:CursedWand","floor":15.0,"key":"SMITH"},{"data":"TheCursedMod:NeowsMight","floor":32,"key":"SMITH"},{"floor":40,"key":"RECALL"},{"data":"TheCursedMod:NeowsMight","floor":42,"key":"SMITH"},{"data":"TheCursedMod:ReleasedStrength","floor":49,"key":"SMITH"},{"data":"TheCursedMod:SpitefulPray","floor":52,"key":"SMITH"}],"circlet_count":0,"master_deck":["TheCursedMod:SurpriseAttack","TheCursedMod:Strike_TheCursed","TheCursedMod:Strike_TheCursed","TheCursedMod:Defend_TheCursed","TheCursedMod:Defend_TheCursed","TheCursedMod:Defend_TheCursed","TheCursedMod:CursedWand+1","TheCursedMod:CleanUpWorkshop+1","TheCursedMod:Dregs","DoctorFetus+1","TheCursedMod:SpitefulPray+1","TheCursedMod:BlessingInDisguise","TheCursedMod:DoubleShield","TheCursedMod:AbyssShockwave","TheCursedMod:AntiAging+1","TheCursedMod:Obscuration","TheCursedMod:CursedBlade","TheCursedMod:NeowsMight+1","TheCursedMod:SmokeScreen","TheCursedMod:NeowsMight+1","TheCursedMod:AshesToAshes","TheCursedMod:WearCloak","TheCursedMod:ReleasedStrength+1","TheCursedMod:CursedAmulet","TheCursedMod:SurpriseAttack","TheCursedMod:StunningStrike","Writhe","TheCursedMod:SurpriseAttack+1","Parasite"],"relics":["HushsDoor","BookofShadows","hubris:TerracottaHorce","hubris:Towel","Nunchaku","The Courier","hubris:TenFootPole","MagicMushroom","NineLifeCat","hubris:Icosahedron","TheCursedMod:Tack","hubris:PeanutButter","hubris:SphereOfDissonance","hubris:BottledRain","Turnip","Frozen Egg 2","Du-Vu Doll","TheCursedMod:FourLeafCloverCharm","GuppysTail","GuppysHairball","SatanicBible","Oddly Smooth Stone","Red Mask","MagicMushroom","D6","Pen Nib"],"acts_visited":["TheCity","TheBeyond","TheEnding"],"potions_floor_usage":[28,31,33,55,55],"damage_taken":[{"damage":2.0,"enemies":"Small Slimes","floor":1.0,"turns":4.0},{"damage":4.0,"enemies":"2 Louse","floor":2.0,"turns":3.0},{"damage":0.0,"enemies":"Cultist","floor":5.0,"turns":3.0},{"damage":22.0,"enemies":"3 Sentries","floor":6.0,"turns":5.0},{"damage":12.0,"enemies":"3 Louse","floor":8.0,"turns":4.0},{"damage":8.0,"enemies":"Lagavulin","floor":11.0,"turns":5.0},{"damage":0.0,"enemies":"Looter","floor":14.0,"turns":5.0},{"damage":9.0,"enemies":"The Guardian","floor":16.0,"turns":9.0},{"damage":1.0,"enemies":"3 Byrds","floor":18.0,"turns":2.0},{"damage":0.0,"enemies":"2 Thieves","floor":22.0,"turns":2.0},{"damage":3.0,"enemies":"Book of Stabbing","floor":23.0,"turns":7.0},{"damage":0.0,"enemies":"Snake Plant","floor":24.0,"turns":4.0},{"damage":14.0,"enemies":"Slavers","floor":25.0,"turns":2.0},{"damage":50.0,"enemies":"Gremlin Leader","floor":27.0,"turns":8.0},{"damage":0,"enemies":"Colosseum Slavers","floor":28,"turns":2},{"damage":0,"enemies":"Colosseum Nobs","floor":28,"turns":4},{"damage":0,"enemies":"Slavers","floor":29,"turns":3},{"damage":0,"enemies":"Centurion and Healer","floor":30,"turns":5},{"damage":0,"enemies":"Snecko","floor":31,"turns":4},{"damage":30,"enemies":"hubris:MusketHawk","floor":33,"turns":8},{"damage":0,"enemies":"Orb Walker","floor":35,"turns":1},{"damage":0,"enemies":"3 Shapes","floor":36,"turns":1},{"damage":0,"enemies":"Maw","floor":38,"turns":2},{"damage":0,"enemies":"2 Orb Walkers","floor":44,"turns":2},{"damage":0,"enemies":"Spire Growth","floor":46,"turns":2},{"damage":0,"enemies":"Nemesis","floor":47,"turns":1},{"damage":0,"enemies":"Transient","floor":48,"turns":5},{"damage":0,"enemies":"Time Eater","floor":50,"turns":3},{"damage":0,"enemies":"Shield and Spear","floor":54,"turns":3},{"damage":0,"enemies":"Delirium","floor":55,"turns":31}],"seed_played":"-3120395120294712330","potions_obtained":[{"floor":1.0,"key":"Energy Potion"},{"floor":5.0,"key":"DuplicationPotion"},{"floor":6.0,"key":"Dexterity Potion"},{"floor":11.0,"key":"GamblersBrew"},{"floor":18.0,"key":"FearPotion"},{"floor":25.0,"key":"AttackPotion"},{"floor":27.0,"key":"Fire Potion"},{"floor":29,"key":"SpeedPotion"},{"floor":35,"key":"DistilledChaos"},{"floor":46,"key":"PowerPotion"},{"floor":48,"key":"Dexterity Potion"}],"is_trial":false,"path_per_floor":["M","M","$","?","M","E","R","M","T","R","E","$","R","M","R","B",null,"M","?","?","$","M","E","M","E","T","E","?","E","M","M","R","B",null,"M","M","?","M","$","R","?","R","T","?","$","M","E","M","R","B",null,"R","$","E","B",null],"character_chosen":"THE_CURSED","items_purchased":["TheCursedMod:Obscuration","NineLifeCat","GuppysTail","GuppysHairball","SatanicBible","Oddly Smooth Stone"],"campfire_rested":0,"item_purchase_floors":[12,17,34,34,39,39],"current_hp_per_floor":[66,62,62,62,62,40,40,28,28,28,20,20,20,23,23,17,19,18,18,18,18,22,19,20,7,7,25,28,28,31,34,34,7,15,15,15,17,17,17,17,17,17,17,24,24,24,24,24,24,24,24,24,24,24,27],"gold":39,"neow_bonus":"BOSS_RELIC","is_daily":false,"chose_seed":false,"campfire_upgraded":8,"win_rate":0.0,"timestamp":1610826307,"path_taken":["M","M","$","?","M","E","R","?","T","R","E","$","R","M","R","BOSS","BOSS","M","?","?","$","M","E","M","E","T","E","?","E","M","M","R","BOSS","M","M","?","M","?","R","?","R","T","?","$","?","E","M","R","BOSS","R","$","E","BOSS"],"items_purchased_type":["Card","Relic","Relic","Relic","Relic","Relic"],"build_version":"2020-12-22","purchased_purges":3,"victory":true,"max_hp_per_floor":[75,75,75,75,75,75,75,75,75,75,75,75,75,78,78,81,19,19,19,19,19,22,22,22,22,22,25,28,28,31,34,34,37,17,17,17,17,17,17,17,17,17,17,24,24,24,24,24,24,24,24,24,24,24,27],"card_choices":[{"not_picked":[],"picked":"DoctorFetus","floor":0.0},{"not_picked":["TheCursedMod:CursedBoomerang","TheCursedMod:TroublousMinions","TheCursedMod:RavingStaff"],"picked":"SKIP","floor":1.0},{"not_picked":["TheCursedMod:CursedShiv","TheCursedMod:VitalStrike"],"picked":"TheCursedMod:SpitefulPray","floor":2.0},{"not_picked":["TheCursedMod:TacticalStrike","TheCursedMod:Stigma"],"picked":"TheCursedMod:BlessingInDisguise","floor":5.0},{"not_picked":["TheCursedMod:AshesToAshes","TheCursedMod:CircleOfFocus"],"picked":"TheCursedMod:DoubleShield","floor":6.0},{"not_picked":["TheCursedMod:CursedBoomerang","TheCursedMod:CursedMace"],"picked":"TheCursedMod:AbyssShockwave","floor":8.0},{"not_picked":["TheCursedMod:WearCloak","TheCursedMod:Wield"],"picked":"TheCursedMod:AntiAging","floor":11.0},{"not_picked":["TheCursedMod:CircleOfAmplification","TheCursedMod:SpitefulStrike"],"picked":"TheCursedMod:CursedBlade","floor":14.0},{"not_picked":["TheCursedMod:DarkBarrier","TheCursedMod:CursedRelics"],"picked":"TheCursedMod:NeowsMight","floor":16.0},{"not_picked":["TheCursedMod:Evocation","TheCursedMod:CircleOfCorruption"],"picked":"TheCursedMod:SmokeScreen","floor":18.0},{"not_picked":["TheCursedMod:Wield","TheCursedMod:CursedMace+1","TheCursedMod:Hemoplague"],"picked":"SKIP","floor":22.0},{"not_picked":["TheCursedMod:ManaBullet","TheCursedMod:ManaCirculation","TheCursedMod:Torture"],"picked":"SKIP","floor":23.0},{"not_picked":["TheCursedMod:DoubleShield","TheCursedMod:CursedShiv"],"picked":"TheCursedMod:AshesToAshes","floor":24.0},{"not_picked":["TheCursedMod:CircleOfFlame","TheCursedMod:VitalStrike"],"picked":"TheCursedMod:WearCloak","floor":25.0},{"not_picked":["TheCursedMod:CursedArmor","TheCursedMod:VitalStrike"],"picked":"TheCursedMod:ReleasedStrength","floor":27.0},{"not_picked":["TheCursedMod:CircleOfCorruption","TheCursedMod:TacticalStrike"],"picked":"TheCursedMod:CursedAmulet","floor":28},{"not_picked":["TheCursedMod:CircleOfCorruption+1","TheCursedMod:Stigma","TheCursedMod:BlessingInDisguise"],"picked":"SKIP","floor":29},{"not_picked":["TheCursedMod:CircleOfCorruption","TheCursedMod:Torture+1","TheCursedMod:SmokeScreen"],"picked":"SKIP","floor":30},{"not_picked":["TheCursedMod:CursedShiv","TheCursedMod:Neurasthenia"],"picked":"TheCursedMod:SurpriseAttack","floor":31},{"not_picked":["TheCursedMod:Neurasthenia","TheCursedMod:UltimatePain"],"picked":"TheCursedMod:StunningStrike","floor":33},{"not_picked":["TheCursedMod:ReleasedKnowledge","TheCursedMod:CursedShiv","TheCursedMod:TacticalStrike"],"picked":"SKIP","floor":35},{"not_picked":["TheCursedMod:SoulCrush","TheCursedMod:VitalStrike+1","TheCursedMod:PrepareRite"],"picked":"SKIP","floor":36},{"not_picked":["TheCursedMod:Wield","TheCursedMod:TacticalStrike","TheCursedMod:SoulCrush"],"picked":"SKIP","floor":38},{"not_picked":["TheCursedMod:CircleOfFlame+1","TheCursedMod:FleshFromBone","TheCursedMod:SoulCrush+1"],"picked":"SKIP","floor":46},{"not_picked":["TheCursedMod:TacticalStrike","TheCursedMod:SpitefulPlan+1"],"picked":"TheCursedMod:SurpriseAttack+1","floor":47},{"not_picked":["TheCursedMod:SurpriseAttack","TheCursedMod:HellsGateOpen+1","TheCursedMod:CircleOfBlood"],"picked":"SKIP","floor":48},{"not_picked":["TheCursedMod:CircleOfWindfury","TheCursedMod:Mangle","TheCursedMod:ReleasedKnowledge"],"picked":"SKIP","floor":54}],"player_experience":409776,"relics_obtained":[{"floor":6.0,"key":"Nunchaku"},{"floor":9.0,"key":"The Courier"},{"floor":11.0,"key":"hubris:TenFootPole"},{"floor":23.0,"key":"TheCursedMod:Tack"},{"floor":25.0,"key":"hubris:PeanutButter"},{"floor":26.0,"key":"hubris:SphereOfDissonance"},{"floor":27.0,"key":"hubris:BottledRain"},{"floor":28,"key":"Turnip"},{"floor":28,"key":"Frozen Egg 2"},{"floor":29,"key":"Du-Vu Doll"},{"floor":44,"key":"Diplopia"},{"floor":47,"key":"D6"},{"floor":54,"key":"Pen Nib"}],"event_choices":[{"damage_healed":0.0,"max_hp_gain":0.0,"max_hp_loss":0.0,"gold_gain":0.0,"event_name":"The Library","player_choice":"Read","floor":20.0,"gold_loss":0.0,"damage_taken":0.0,"cards_obtained":["TheCursedMod:NeowsMight"]},{"damage_healed":0,"gold_gain":0,"player_choice":"Fight","damage_taken":0,"max_hp_gain":0,"max_hp_loss":0,"event_name":"Colosseum","floor":28,"gold_loss":0},{"damage_healed":0,"gold_gain":0,"player_choice":"Fought Nobs","damage_taken":0,"max_hp_gain":0,"max_hp_loss":0,"event_name":"Colosseum","floor":28,"gold_loss":0},{"damage_healed":4,"gold_gain":0,"player_choice":"Writhe","damage_taken":0,"max_hp_gain":0,"max_hp_loss":0,"event_name":"Winding Halls","floor":37,"gold_loss":0,"cards_obtained":["Writhe"]},{"damage_healed":0,"gold_gain":0,"player_choice":"Paid","damage_taken":0,"relics_obtained":["Red Mask"],"max_hp_gain":0,"max_hp_loss":0,"event_name":"Tomb of Lord Red Mask","floor":41,"gold_loss":161},{"damage_healed":0,"gold_gain":0,"player_choice":"Fight","damage_taken":0,"max_hp_gain":0,"max_hp_loss":0,"event_name":"Mysterious Sphere","floor":44,"gold_loss":0}],"is_beta":false,"boss_relics":[{"not_picked":["Empty Cage","Runic Dome"],"picked":"MagicMushroom"},{"not_picked":[]},{"not_picked":["Black Star","hubris:RunicObelisk"],"picked":"TheCursedMod:FourLeafCloverCharm"},{"not_picked":[]}],"items_purged_floors":[3,12,53],"is_endless":false,"potions_floor_spawned":[1,5,6,11,18,25,27,29,35,46,48],"ascension_level":14}}