{"host":"jl3raagrljzztomj","time":1610767402,"event":{"mods":["Aspiration","BaseMod","Better Third Choice","BetterRewards","Colored Map","Colored Powertips","Custom Start","Hermit","Highlight Path","Marked Mod","Minty Spire (QoL Compilation)","Permanent Neow","Relic Stats","StSLib","SuperFastMode","The Runesmith"],"gold_per_floor":[118,66,66,86,33,33,53,53,100,61,61,77,252,266,266,364,364,374,391,666,679,679,705,630,643,670,670,329,341,341,371,371,473,473,493,503,503,503,1,34,34,46,46,46,57,111,111,125,125,125,125],"floor_reached":50,"language":"ENG","playtime":1661,"items_purged":["Doubt","Regret","Strike_G"],"score":600,"play_id":"8e76f863-292f-47ba-86e3-a0d9572d7a97","local_time":"20210115212322","is_ascension_mode":false,"campfire_choices":[{"data":"Burst","floor":6,"key":"SMITH"},{"data":"Distraction","floor":8,"key":"SMITH"},{"data":"Cloak And Dagger","floor":11,"key":"SMITH"},{"data":"Cloak And Dagger","floor":15,"key":"SMITH"},{"floor":27,"key":"REST"},{"floor":30,"key":"REST"},{"floor":32,"key":"REST"},{"floor":41,"key":"REST"},{"floor":44,"key":"REST"},{"floor":47,"key":"REST"},{"data":"Madness","floor":49,"key":"SMITH"}],"circlet_count":0,"master_deck":["Strike_G","Strike_G+1","Strike_G","Defend_G","Defend_G","Defend_G","Defend_G","Defend_G","Survivor","Neutralize+1","Burst+1","Distraction+1","Blade Dance","Cloak And Dagger+1","Cloak And Dagger+1","Blade Dance","Infinite Blades","Storm of Steel","Blade Dance+1","Concentrate+1","Blade Dance+1","Infinite Blades","Accuracy","Madness","Infinite Blades","Finisher","Night Terror","CurseOfTheBell","Backstab","Madness","Madness+1","Dramatic Entrance","Infinite Blades","Terror+1","Parasite","Cloak And Dagger+1"],"relics":["Ring of the Snake","Oddly Smooth Stone","WristBlade","aspiration:DSix","Orichalcum","Vajra","Whetstone","Calling Bell","Potion Belt","White Beast Statue","Girya","Mango","Bottled Tornado","Happy Flower","Shuriken"],"acts_visited":["Exordium","TheCity","TheBeyond"],"potions_floor_usage":[16,31,31,31,40,40,50,50,50,50,50],"damage_taken":[{"damage":2,"enemies":"Small Slimes","floor":1,"turns":5},{"damage":0,"enemies":"Cultist","floor":4,"turns":5},{"damage":0,"enemies":"2 Louse","floor":7,"turns":2},{"damage":9,"enemies":"Blue Slaver","floor":12,"turns":3},{"damage":1,"enemies":"Red Slaver","floor":14,"turns":4},{"damage":48,"enemies":"Slime Boss","floor":16,"turns":13},{"damage":4,"enemies":"3 Byrds","floor":18,"turns":4},{"damage":0,"enemies":"Chosen","floor":19,"turns":3},{"damage":11,"enemies":"Snecko","floor":21,"turns":3},{"damage":13,"enemies":"Gremlin Leader","floor":23,"turns":4},{"damage":19,"enemies":"Snake Plant","floor":25,"turns":4},{"damage":0,"enemies":"Chosen and Byrds","floor":29,"turns":3},{"damage":19,"enemies":"Book of Stabbing","floor":31,"turns":4},{"damage":26,"enemies":"Champ","floor":33,"turns":7},{"damage":13,"enemies":"Orb Walker","floor":35,"turns":3},{"damage":9,"enemies":"3 Shapes","floor":36,"turns":8},{"damage":39,"enemies":"Nemesis","floor":40,"turns":5},{"damage":0,"enemies":"Transient","floor":42,"turns":5},{"damage":16,"enemies":"Writhing Mass","floor":45,"turns":5},{"damage":0,"enemies":"2 Orb Walkers","floor":46,"turns":2},{"damage":10,"enemies":"Spire Growth","floor":48,"turns":2},{"damage":67,"enemies":"Time Eater","floor":50,"turns":6}],"seed_played":"-953992552256974923","potions_obtained":[{"floor":7,"key":"EssenceOfSteel"},{"floor":16,"key":"EssenceOfSteel"},{"floor":21,"key":"AttackPotion"},{"floor":23,"key":"LiquidBronze"},{"floor":35,"key":"Swift Potion"},{"floor":36,"key":"GhostInAJar"},{"floor":40,"key":"AttackPotion"},{"floor":42,"key":"SteroidPotion"},{"floor":45,"key":"PowerPotion"},{"floor":46,"key":"AttackPotion"},{"floor":48,"key":"Energy Potion"}],"is_trial":false,"path_per_floor":["M","$","?","M","$","R","M","R","T","$","R","M","?","M","R","B",null,"M","M","?","M","?","E","$","M","T","R","$","M","R","E","R","B",null,"M","M","?","?","$","E","R","M","T","R","M","?","R","M","R","B"],"character_chosen":"THE_SILENT","items_purchased":["Blade Dance","Cloak And Dagger","Infinite Blades","Vajra","Madness","Mango","Infinite Blades"],"campfire_rested":6,"item_purchase_floors":[2,5,10,28,28,39,39],"current_hp_per_floor":[68,68,68,68,68,68,68,68,68,68,68,59,59,58,58,10,70,66,66,66,55,55,42,42,23,23,44,44,44,65,46,67,41,70,57,48,39,39,53,14,39,39,39,64,48,48,73,63,63,0,0],"gold":125,"neow_bonus":"ONE_RANDOM_RARE_CARD","is_daily":false,"chose_seed":false,"campfire_upgraded":5,"win_rate":0.0,"timestamp":1610767402,"path_taken":["M","$","?","M","?","R","M","R","T","$","R","?","?","M","R","BOSS","M","M","?","?","?","E","?","?","T","R","$","M","R","E","R","BOSS","M","M","?","?","$","E","R","M","T","R","M","?","R","?","R","BOSS"],"items_purchased_type":["Card","Card","Card","Relic","Card","Relic","Card"],"build_version":"2020-12-22","purchased_purges":3,"victory":false,"max_hp_per_floor":[70,70,70,70,70,70,70,70,70,70,70,70,70,70,70,70,70,70,70,70,70,70,70,70,70,70,70,70,70,70,70,70,70,70,70,70,70,70,84,84,84,84,84,84,84,84,84,84,84,84,84],"relic_stats":{"Happy Flower":[5],"counters":[22,100],"Shuriken":[8],"Whetstone":["Strike_G","Neutralize"],"Orichalcum":[60],"obtain_stats":[{"Potion Belt":34,"Girya":34,"Happy Flower":43,"Oddly Smooth Stone":9,"Vajra":28,"Mango":39,"Whetstone":31,"Orichalcum":26,"Bottled Tornado":40,"White Beast Statue":34,"Calling Bell":34,"WristBlade":17,"Shuriken":46,"aspiration:DSix":23,"Ring of the Snake":0},{"Potion Belt":14,"Girya":14,"Happy Flower":18,"Oddly Smooth Stone":3,"Vajra":11,"Mango":16,"Whetstone":13,"Orichalcum":11,"Bottled Tornado":17,"White Beast Statue":14,"Calling Bell":14,"WristBlade":6,"Shuriken":20,"aspiration:DSix":10,"Ring of the Snake":0},{"Potion Belt":64,"Girya":64,"Happy Flower":85,"Oddly Smooth Stone":12,"Vajra":50,"Mango":75,"Whetstone":57,"Orichalcum":50,"Bottled Tornado":80,"White Beast Statue":64,"Calling Bell":64,"WristBlade":32,"Shuriken":92,"aspiration:DSix":46,"Ring of the Snake":0}],"Ring of the Snake":[44]},"card_choices":[{"not_picked":["Flying Knee","Backflip"],"picked":"Distraction","floor":1},{"not_picked":["Sucker Punch","Acrobatics"],"picked":"Cloak And Dagger","floor":4},{"not_picked":["Venomology","Backflip"],"picked":"Blade Dance","floor":7},{"not_picked":["Dagger Spray","Crippling Poison","Reflex"],"picked":"SKIP","floor":12},{"not_picked":["Dagger Spray","Dagger Throw","Deadly Poison"],"picked":"SKIP","floor":14},{"not_picked":["Unload","Corpse Explosion"],"picked":"Storm of Steel","floor":16},{"not_picked":["Dagger Throw+1","Terror"],"picked":"Blade Dance+1","floor":18},{"not_picked":["Blade Dance","Terror+1"],"picked":"Concentrate+1","floor":19},{"not_picked":["Predator","PiercingWail"],"picked":"Blade Dance+1","floor":21},{"not_picked":["Backflip+1","Glass Knife"],"picked":"Infinite Blades","floor":23},{"not_picked":["PiercingWail","Outmaneuver"],"picked":"Accuracy","floor":25},{"not_picked":["PiercingWail","Cloak And Dagger+1"],"picked":"Infinite Blades","floor":29},{"not_picked":["Endless Agony","Blade Dance+1"],"picked":"Finisher","floor":31},{"not_picked":["Venomology","Wraith Form v2"],"picked":"Night Terror","floor":33},{"not_picked":["Deadly Poison","Flying Knee+1"],"picked":"Backstab","floor":35},{"not_picked":["Masterful Stab+1","Sucker Punch","Flying Knee+1"],"picked":"SKIP","floor":36},{"not_picked":["Mind Blast","Sadistic Nature"],"picked":"Dramatic Entrance","floor":38},{"not_picked":["Acrobatics+1","Blade Dance"],"picked":"Terror+1","floor":40},{"not_picked":["Quick Slash","Slice+1","Dodge and Roll"],"picked":"SKIP","floor":42},{"not_picked":["Underhanded Strike+1","Well Laid Plans","Skewer+1"],"picked":"SKIP","floor":45},{"not_picked":["Outmaneuver","Deflect+1"],"picked":"Cloak And Dagger+1","floor":48}],"player_experience":969815,"relics_obtained":[{"floor":9,"key":"Oddly Smooth Stone"},{"floor":23,"key":"aspiration:DSix"},{"floor":26,"key":"Orichalcum"},{"floor":31,"key":"Whetstone"},{"floor":34,"key":"Potion Belt"},{"floor":34,"key":"White Beast Statue"},{"floor":34,"key":"Girya"},{"floor":40,"key":"Bottled Tornado"},{"floor":43,"key":"Happy Flower"},{"floor":46,"key":"Shuriken"}],"event_choices":[{"cards_removed":["Strike_G"],"damage_healed":0,"gold_gain":0,"player_choice":"Offered Basic","damage_taken":0,"max_hp_gain":0,"max_hp_loss":0,"event_name":"Bonfire Elementals","floor":3,"gold_loss":0},{"damage_healed":0,"gold_gain":175,"player_choice":"AGREE","damage_taken":77,"max_hp_gain":0,"max_hp_loss":0,"event_name":"betterThird:BetterSerpent","floor":13,"gold_loss":0},{"damage_healed":0,"gold_gain":275,"player_choice":"Desecrate","damage_taken":0,"max_hp_gain":0,"max_hp_loss":0,"event_name":"Golden Shrine","floor":20,"gold_loss":0,"cards_obtained":["Regret"]},{"damage_healed":0,"gold_gain":0,"player_choice":"Ignored","damage_taken":0,"max_hp_gain":0,"max_hp_loss":0,"event_name":"NoteForYourself","floor":22,"gold_loss":0},{"damage_healed":0,"gold_gain":0,"player_choice":"Embrace Madness","damage_taken":9,"max_hp_gain":0,"max_hp_loss":0,"event_name":"Winding Halls","floor":37,"gold_loss":0,"cards_obtained":["Madness","Madness"]},{"damage_healed":0,"gold_gain":0,"player_choice":"Memory 1","damage_taken":0,"max_hp_gain":0,"max_hp_loss":0,"event_name":"SensoryStone","floor":38,"gold_loss":0},{"damage_healed":0,"gold_gain":0,"player_choice":"Fight","damage_taken":0,"max_hp_gain":0,"max_hp_loss":0,"event_name":"Mysterious Sphere","floor":46,"gold_loss":0}],"is_beta":false,"boss_relics":[{"not_picked":["Tiny House","Fusion Hammer"],"picked":"WristBlade"},{"not_picked":["Runic Pyramid","aspiration:FutureDiary"],"picked":"Calling Bell"}],"items_purged_floors":[24,28,39],"is_endless":false,"potions_floor_spawned":[7,16,21,23,35,36,40,42,45,46,48],"killed_by":"Time Eater","ascension_level":0}}