{"host":"2tgyrzvaa7l04o2e","time":1610835798,"event":{"mods":["BaseMod","Highlight Path","Minty Spire (QoL Compilation)","Permanent Neow","Relic Stats"],"gold_per_floor":[115,127,302,302,320,354,354,382,382,413,433,433,461,480,480,575,575,592,592,603,518,63,63,63,93,140,140,166,182,26,54,54,149,149,165,211,211,229,229,229,257,267,322,336,336,351,351,376,376,376,376],"floor_reached":50,"language":"ENG","playtime":2487,"items_purged":[],"score":825,"play_id":"6ff44180-b915-4aed-aea4-4f2542e63830","local_time":"20210116232318","is_ascension_mode":true,"campfire_choices":[{"data":"Eruption","floor":7,"key":"SMITH"},{"floor":12,"key":"REST"},{"floor":15,"key":"REST"},{"data":"Judgement","floor":23,"key":"SMITH"},{"floor":27,"key":"REST"},{"floor":32,"key":"REST"},{"floor":40,"key":"RECALL"},{"floor":45,"key":"REST"},{"data":"TalkToTheHand","floor":47,"key":"SMITH"},{"data":"Ragnarok","floor":49,"key":"SMITH"}],"circlet_count":0,"master_deck":["Strike_P","Strike_P","Strike_P","Defend_P","Defend_P","Defend_P","Defend_P","Eruption+1","Vigilance","Devotion+1","FlyingSleeves","EmptyFist","Meditate","Consecrate","Conclude","MentalFortress","EmptyFist","FlyingSleeves","Prostrate","Brilliance","FearNoEvil","Judgement+1","CutThroughFate","Protect","LikeWater","Protect+1","Ragnarok+1","TalkToTheHand+1","WheelKick","DeceiveReality+1","Worship+1","CrushJoints+1","FlurryOfBlows+1","CutThroughFate+1"],"relics":["PureWater","Art of War","Mercury Hourglass","Omamori","Regal Pillow","Happy Flower","Philosopher\u0027s Stone","Gremlin Horn","Orichalcum","Pantograph","Mummified Hand","Bag of Preparation","PreservedInsect","Potion Belt","Centennial Puzzle","Cursed Key","Unceasing Top","StrikeDummy","HornCleat"],"acts_visited":["Exordium","TheCity","TheBeyond"],"potions_floor_usage":[6,8,11,20,31,33,36,36,50,50,50],"damage_taken":[{"damage":0,"enemies":"Cultist","floor":1,"turns":4},{"damage":2,"enemies":"Jaw Worm","floor":2,"turns":3},{"damage":0,"enemies":"2 Louse","floor":5,"turns":4},{"damage":30,"enemies":"Gremlin Nob","floor":6,"turns":4},{"damage":5,"enemies":"3 Sentries","floor":8,"turns":3},{"damage":17,"enemies":"Lagavulin","floor":10,"turns":7},{"damage":0,"enemies":"Lots of Slimes","floor":11,"turns":2},{"damage":16,"enemies":"Gremlin Nob","floor":13,"turns":3},{"damage":0,"enemies":"Large Slime","floor":14,"turns":3},{"damage":33,"enemies":"Hexaghost","floor":16,"turns":9},{"damage":8,"enemies":"Spheric Guardian","floor":18,"turns":3},{"damage":8,"enemies":"3 Byrds","floor":20,"turns":2},{"damage":29,"enemies":"Book of Stabbing","floor":25,"turns":4},{"damage":12,"enemies":"Gremlin Leader","floor":28,"turns":4},{"damage":0,"enemies":"Snake Plant","floor":29,"turns":3},{"damage":8,"enemies":"Slavers","floor":31,"turns":3},{"damage":18,"enemies":"Collector","floor":33,"turns":4},{"damage":7,"enemies":"3 Darklings","floor":35,"turns":3},{"damage":38,"enemies":"2 Orb Walkers","floor":36,"turns":4},{"damage":0,"enemies":"3 Shapes","floor":38,"turns":3},{"damage":0,"enemies":"Reptomancer","floor":41,"turns":3},{"damage":19,"enemies":"Spire Growth","floor":42,"turns":4},{"damage":22,"enemies":"Maw","floor":44,"turns":6},{"damage":15,"enemies":"Sphere and 2 Shapes","floor":46,"turns":5},{"damage":5,"enemies":"Giant Head","floor":48,"turns":7},{"damage":63,"enemies":"Awakened One","floor":50,"turns":8}],"seed_played":"-3667171984557764905","potions_obtained":[{"floor":2,"key":"Swift Potion"},{"floor":6,"key":"PowerPotion"},{"floor":10,"key":"Energy Potion"},{"floor":13,"key":"Explosive Potion"},{"floor":14,"key":"BottledMiracle"},{"floor":18,"key":"Dexterity Potion"},{"floor":29,"key":"CultistPotion"},{"floor":31,"key":"Block Potion"},{"floor":35,"key":"SkillPotion"},{"floor":42,"key":"Fire Potion"},{"floor":44,"key":"Block Potion"},{"floor":46,"key":"Explosive Potion"}],"is_trial":false,"path_per_floor":["M","M","?","?","M","E","R","E","T","E","M","R","E","M","R","B",null,"M","?","M","?","$","R","?","E","T","R","E","M","$","E","R","B",null,"M","?","?","M","?","R","E","M","T","M","R","M","R","E","R","B"],"character_chosen":"WATCHER","items_purchased":["Orichalcum","Protect","Pantograph","Potion Belt"],"campfire_rested":5,"item_purchase_floors":[22,22,22,30],"current_hp_per_floor":[65,63,63,56,56,26,26,21,21,4,4,38,22,22,56,23,55,47,47,39,39,39,39,39,10,10,44,32,32,32,24,58,47,61,54,16,57,57,57,57,57,38,38,16,48,33,33,28,28,0,0],"gold":376,"neow_bonus":"THREE_RARE_CARDS","is_daily":false,"chose_seed":false,"campfire_upgraded":4,"win_rate":0.0,"timestamp":1610835798,"path_taken":["M","M","?","?","M","E","R","E","T","E","M","R","E","M","R","BOSS","M","?","?","?","$","R","?","E","T","R","E","M","$","E","R","BOSS","M","?","?","M","?","R","E","M","T","?","R","M","R","E","R","BOSS"],"items_purchased_type":["Relic","Card","Relic","Relic"],"build_version":"2020-12-22","purchased_purges":0,"victory":false,"max_hp_per_floor":[65,65,65,65,65,65,65,65,65,65,65,65,65,65,65,65,65,65,65,65,65,65,65,65,65,65,65,65,65,65,65,65,65,65,65,65,57,57,57,57,57,57,57,57,57,57,57,57,57,57,57],"relic_stats":{"Regal Pillow":75,"Happy Flower":[26],"Gremlin Horn":[21,21],"counters":[26,108],"PreservedInsect":222,"Bag of Preparation":[26],"Orichalcum":[60],"Cursed Key":1,"Mercury Hourglass":[363],"Centennial Puzzle":[24],"Mummified Hand":[30],"Pantograph":32,"Art of War":[5],"obtain_stats":[{"Potion Belt":30,"Regal Pillow":10,"Happy Flower":13,"Gremlin Horn":21,"PreservedInsect":28,"Omamori":9,"Bag of Preparation":26,"Orichalcum":22,"Cursed Key":34,"Mercury Hourglass":8,"Centennial Puzzle":31,"HornCleat":48,"Mummified Hand":25,"Pantograph":22,"Philosopher\u0027s Stone":17,"Art of War":6,"PureWater":0,"StrikeDummy":41,"Unceasing Top":36},{"Potion Belt":15,"Regal Pillow":6,"Happy Flower":8,"Gremlin Horn":12,"PreservedInsect":14,"Omamori":5,"Bag of Preparation":13,"Orichalcum":12,"Cursed Key":17,"Mercury Hourglass":5,"Centennial Puzzle":16,"HornCleat":25,"Mummified Hand":13,"Pantograph":12,"Philosopher\u0027s Stone":10,"Art of War":4,"PureWater":0,"StrikeDummy":21,"Unceasing Top":19},{"Potion Belt":58,"Regal Pillow":25,"Happy Flower":30,"Gremlin Horn":47,"PreservedInsect":55,"Omamori":18,"Bag of Preparation":51,"Orichalcum":47,"Cursed Key":65,"Mercury Hourglass":18,"Centennial Puzzle":61,"HornCleat":100,"Mummified Hand":51,"Pantograph":47,"Philosopher\u0027s Stone":42,"Art of War":15,"PureWater":0,"StrikeDummy":78,"Unceasing Top":72}],"Unceasing Top":[0]},"card_choices":[{"not_picked":["MasterReality","DevaForm"],"picked":"Devotion","floor":0},{"not_picked":["BowlingBash","Swivel"],"picked":"FlyingSleeves","floor":1},{"not_picked":["CarveReality","FlyingSleeves"],"picked":"EmptyFist","floor":2},{"not_picked":["PathToVictory","Nirvana"],"picked":"Meditate","floor":5},{"not_picked":["JustLucky","Alpha"],"picked":"Consecrate","floor":6},{"not_picked":["Study","Crescendo"],"picked":"Conclude","floor":8},{"not_picked":["Consecrate","PathToVictory"],"picked":"MentalFortress","floor":10},{"not_picked":["LikeWater","ForeignInfluence"],"picked":"EmptyFist","floor":11},{"not_picked":["Weave","EmptyFist"],"picked":"FlyingSleeves","floor":13},{"not_picked":["Crescendo","EmptyFist"],"picked":"Prostrate","floor":14},{"not_picked":["MasterReality","DeusExMachina"],"picked":"Brilliance","floor":16},{"not_picked":["WheelKick+1","ClearTheMind+1"],"picked":"FearNoEvil","floor":18},{"not_picked":["JustLucky","Swivel"],"picked":"CutThroughFate","floor":20},{"not_picked":["FollowUp","BowlingBash","Omniscience"],"picked":"SKIP","floor":25},{"not_picked":["FlyingSleeves","Prostrate"],"picked":"LikeWater","floor":28},{"not_picked":["Crescendo","ForeignInfluence"],"picked":"Protect+1","floor":29},{"not_picked":["Worship","Fasting2","Prostrate"],"picked":"SKIP","floor":31},{"not_picked":["SpiritShield","Alpha"],"picked":"Ragnarok","floor":33},{"not_picked":["PathToVictory","FlurryOfBlows"],"picked":"TalkToTheHand","floor":35},{"not_picked":["EmptyBody","Consecrate+1"],"picked":"WheelKick","floor":36},{"not_picked":["PathToVictory","ClearTheMind+1"],"picked":"DeceiveReality+1","floor":38},{"not_picked":["Halt+1","FlurryOfBlows"],"picked":"Worship+1","floor":41},{"not_picked":["FlyingSleeves+1","ThirdEye"],"picked":"CrushJoints+1","floor":42},{"not_picked":["JustLucky","EmptyFist+1"],"picked":"FlurryOfBlows+1","floor":44},{"not_picked":["Conclude+1","Wireheading"],"picked":"CutThroughFate+1","floor":46},{"not_picked":["BowlingBash","Collect","FollowUp+1"],"picked":"SKIP","floor":48}],"player_experience":623573,"relics_obtained":[{"floor":6,"key":"Art of War"},{"floor":8,"key":"Mercury Hourglass"},{"floor":9,"key":"Omamori"},{"floor":10,"key":"Regal Pillow"},{"floor":13,"key":"Happy Flower"},{"floor":25,"key":"Mummified Hand"},{"floor":26,"key":"Bag of Preparation"},{"floor":28,"key":"PreservedInsect"},{"floor":31,"key":"Centennial Puzzle"},{"floor":36,"key":"Unceasing Top"},{"floor":41,"key":"StrikeDummy"},{"floor":48,"key":"HornCleat"}],"event_choices":[{"damage_healed":0,"gold_gain":175,"player_choice":"AGREE","damage_taken":0,"max_hp_gain":0,"max_hp_loss":0,"event_name":"Liars Game","floor":3,"gold_loss":0,"cards_obtained":["Doubt"]},{"cards_removed":["Doubt"],"damage_healed":0,"gold_gain":0,"player_choice":"Card Removal","damage_taken":7,"max_hp_gain":0,"max_hp_loss":0,"event_name":"Golden Wing","floor":4,"gold_loss":0},{"damage_healed":0,"gold_gain":0,"cards_transformed":["Strike_P"],"player_choice":"Transformed","damage_taken":0,"max_hp_gain":0,"max_hp_loss":0,"event_name":"Transmorgrifier","floor":19,"gold_loss":0,"cards_obtained":["Judgement"]},{"damage_healed":0,"gold_gain":0,"player_choice":"Obtained Relic","damage_taken":0,"relics_obtained":["Gremlin Horn"],"max_hp_gain":0,"max_hp_loss":0,"event_name":"Addict","floor":21,"gold_loss":85},{"damage_healed":0,"gold_gain":0,"player_choice":"Upgraded","damage_taken":0,"max_hp_gain":0,"max_hp_loss":0,"event_name":"Upgrade Shrine","floor":24,"gold_loss":0,"cards_upgraded":["Devotion"]},{"damage_healed":0,"gold_gain":0,"player_choice":"Fight","damage_taken":0,"max_hp_gain":0,"max_hp_loss":0,"event_name":"Mysterious Sphere","floor":36,"gold_loss":0},{"damage_healed":57,"gold_gain":0,"player_choice":"Heal","damage_taken":0,"max_hp_gain":0,"max_hp_loss":8,"event_name":"The Moai Head","floor":37,"gold_loss":0},{"damage_healed":0,"gold_gain":0,"player_choice":"0 cards matched","damage_taken":0,"max_hp_gain":0,"max_hp_loss":0,"event_name":"Match and Keep!","floor":39,"gold_loss":0,"cards_obtained":[]}],"is_beta":false,"boss_relics":[{"not_picked":["Tiny House","Snecko Eye"],"picked":"Philosopher\u0027s Stone"},{"not_picked":["Velvet Choker","Black Star"],"picked":"Cursed Key"}],"items_purged_floors":[],"is_endless":false,"potions_floor_spawned":[2,6,10,13,14,18,29,31,35,42,44,46],"killed_by":"Awakened One","ascension_level":7}}