{"host":"baymyijz6sxaqj5s","time":1610796040,"event":{"mods":["AchievementEnabler","BaseMod","Colored Map","Colored Powertips","DeckTracker","Highlight Path","KOR Keyword Fix","Keyboard Shortcuts","Minty Spire (QoL Compilation)","StSLib","SuperFastMode"],"gold_per_floor":[112,112,127,202,202,202,217,217,217,228,238,203,215,227,227,227,227],"floor_reached":16,"language":"KOR","playtime":548,"items_purged":[],"score":94,"play_id":"c1d1893d-80cb-42f1-bf6d-38d61dd9b612","local_time":"20210116202040","is_ascension_mode":false,"campfire_choices":[{"floor":6,"key":"REST"},{"data":"Vigilance","floor":8,"key":"SMITH"},{"floor":15,"key":"REST"}],"circlet_count":0,"master_deck":["Strike_P","Strike_P","Strike_P","Strike_P","Defend_P","Defend_P","Defend_P","Defend_P","Eruption","Vigilance+1","EmptyBody","EmptyMind","PathToVictory","Prostrate","FearNoEvil"],"relics":["PureWater","Oddly Smooth Stone","Bronze Scales"],"acts_visited":["Exordium"],"potions_floor_usage":[13,16],"damage_taken":[{"damage":2,"enemies":"2 Louse","floor":1,"turns":4},{"damage":2,"enemies":"Small Slimes","floor":3,"turns":4},{"damage":0,"enemies":"Cultist","floor":7,"turns":3},{"damage":1,"enemies":"Lots of Slimes","floor":10,"turns":5},{"damage":21,"enemies":"Exordium Wildlife","floor":11,"turns":2},{"damage":0,"enemies":"Blue Slaver","floor":13,"turns":3},{"damage":0,"enemies":"3 Louse","floor":14,"turns":3},{"damage":119,"enemies":"Slime Boss","floor":16,"turns":17}],"seed_played":"-8851642366636315221","potions_obtained":[{"floor":3,"key":"FairyPotion"},{"floor":11,"key":"Fruit Juice"},{"floor":14,"key":"Weak Potion"}],"is_trial":false,"path_per_floor":["M","?","M","?","?","R","M","R","T","M","M","?","M","M","R","B"],"character_chosen":"WATCHER","items_purchased":[],"campfire_rested":2,"item_purchase_floors":[],"current_hp_per_floor":[77,77,75,64,31,54,54,54,54,53,32,51,56,56,81,0,0],"gold":227,"neow_bonus":"TEN_PERCENT_HP_BONUS","is_daily":false,"chose_seed":false,"campfire_upgraded":1,"win_rate":0.0,"timestamp":1610796040,"path_taken":["M","?","M","?","?","R","M","R","T","M","M","?","M","M","R","BOSS"],"items_purchased_type":[],"build_version":"2020-12-22","purchased_purges":0,"victory":false,"max_hp_per_floor":[79,79,79,79,79,79,79,79,79,79,79,79,84,84,84,84,84],"card_choices":[{"not_picked":["FollowUp","Halt","BowlingBash"],"picked":"SKIP","floor":1},{"not_picked":["FlyingSleeves","Worship"],"picked":"EmptyBody","floor":3},{"not_picked":["FlyingSleeves","FlurryOfBlows"],"picked":"EmptyMind","floor":7},{"not_picked":["Evaluate","ConjureBlade"],"picked":"PathToVictory","floor":10},{"not_picked":["Halt","EmptyFist"],"picked":"Prostrate","floor":11},{"not_picked":["FollowUp","FlyingSleeves"],"picked":"FearNoEvil","floor":13},{"not_picked":["Consecrate","Fasting2","ClearTheMind"],"picked":"SKIP","floor":14}],"player_experience":40764,"relics_obtained":[{"floor":9,"key":"Bronze Scales"}],"event_choices":[{"damage_healed":0,"gold_gain":0,"player_choice":"Ignored","damage_taken":0,"max_hp_gain":0,"max_hp_loss":0,"event_name":"Golden Idol","floor":2,"gold_loss":0},{"damage_healed":0,"gold_gain":75,"player_choice":"Gather Gold","damage_taken":11,"max_hp_gain":0,"max_hp_loss":0,"event_name":"World of Goop","floor":4,"gold_loss":0},{"damage_healed":0,"gold_gain":0,"player_choice":"Success","damage_taken":33,"relics_obtained":["Oddly Smooth Stone"],"max_hp_gain":0,"max_hp_loss":0,"event_name":"Scrap Ooze","floor":5,"gold_loss":0},{"damage_healed":19,"gold_gain":0,"player_choice":"Healed","damage_taken":0,"max_hp_gain":0,"max_hp_loss":0,"event_name":"The Cleric","floor":12,"gold_loss":35}],"is_beta":false,"boss_relics":[],"items_purged_floors":[],"is_endless":false,"potions_floor_spawned":[3,11,14],"killed_by":"Slime Boss","ascension_level":0}}