{"host":"4rvk26w7t08d5zdj","time":1610784506,"event":{"mods":["AchievementEnabler","BaseMod","Colored Powertips","Conspire","Energized Spire","GifTheSpireLib","Minty Spire (QoL Compilation)","Rare Cards Sparkle","StSLib","The Animator","The Blue Laboratory"],"gold_per_floor":[31,62,72,92,107,136,136,136,162,179,210,228,130,155,155,262,262,278,326,326,338,366,366,378,378,378,378,402,415,14,30,30,129,129,142,142,142,158,198,198,198,198,198,198,211,52,52,0,0,0,0],"floor_reached":50,"language":"ENG","playtime":3920,"items_purged":[],"score":502,"play_id":"dd6a269c-7da8-46e6-9bd5-fe09ab573bed","local_time":"20210116000826","is_ascension_mode":false,"campfire_choices":[{"floor":8,"key":"REST"},{"data":"animator:SuzuneAmano","floor":15,"key":"SMITH"},{"floor":27,"key":"REST"},{"floor":32,"key":"REST"},{"floor":40,"key":"REST"},{"floor":42,"key":"REST"},{"data":"animator:HomuraAkemi","floor":44,"key":"SMITH"},{"floor":49,"key":"REST"}],"circlet_count":0,"master_deck":["animator:Defend_MadokaMagica+1","animator:IrohaTamaki","animator:YuiTsuruno","animator:NagisaMomoe","animator:DwarfShaman","animator:KyokoSakura","animator:KyokoSakura","animator:GoblinSlayer","animator:EmiyaShirou","animator:SuzuneAmano+1","animator:ElricAlphonse","animator:Strike_AccelWorld+1","animator:Strike_Fate+1","animator:Strike_Konosuba+1","animator:Defend_MadokaMagica+1","animator:Defend_Kancolle+1","animator:Defend_OnePunchMan+1","animator:IrohaTamaki","animator:HomuraAkemi+1","animator:Alexander+1","animator:SayakaMiki","animator:DwarfShaman+1","animator:Chung","animator:Rena","animator:MamiTomoe+1","animator:CowGirl","animator:Caster","animator:YachiyoNanami","animator:ElricAlphonse","animator:YuiTsuruno","animator:ElricAlphonse","animator:Benimaru+1","animator:Saber","animator:LizardPriest+1","animator:Pride+1","animator:Emilia","animator:OrikoMikuni+1","animator:Chung+1","animator:RinTohsaka","animator:Caster","animator:Shizu","animator:Eve","animator:MadokaKaname","Pride"],"relics":["animator:LivingPicture","animator:TheMissingPiece","Shuriken","Champion Belt","Smiling Mask","conspire:SpecialSausage","Red Mask","Prayer Wheel","Ginger","Vajra","Medical Kit","Empty Cage","Question Card"],"acts_visited":["Exordium","TheCity","TheBeyond"],"potions_floor_usage":[14,16,21,33,35,47,50,50,50],"damage_taken":[{"damage":2,"enemies":"Cultist","floor":1,"turns":5},{"damage":0,"enemies":"2 Louse","floor":2,"turns":3},{"damage":0,"enemies":"conspire:RoseBush","floor":3,"turns":3},{"damage":8,"enemies":"Blue Slaver","floor":4,"turns":5},{"damage":0,"enemies":"conspire:2 RoseBushes","floor":5,"turns":4},{"damage":32,"enemies":"3 Sentries","floor":6,"turns":6},{"damage":0,"enemies":"Large Slime","floor":10,"turns":4},{"damage":0,"enemies":"Exordium Wildlife","floor":11,"turns":4},{"damage":0,"enemies":"Looter","floor":12,"turns":4},{"damage":0,"enemies":"3 Louse","floor":14,"turns":3},{"damage":26,"enemies":"Hexaghost","floor":16,"turns":7},{"damage":3,"enemies":"Chosen","floor":18,"turns":5},{"damage":19,"enemies":"2 Thieves","floor":19,"turns":3},{"damage":12,"enemies":"3 Cultists","floor":21,"turns":4},{"damage":23,"enemies":"Masked Bandits","floor":22,"turns":5},{"damage":1,"enemies":"Cultist and Chosen","floor":24,"turns":4},{"damage":0,"enemies":"Snake Plant","floor":28,"turns":3},{"damage":1,"enemies":"Snecko","floor":29,"turns":4},{"damage":3,"enemies":"conspire:HollyBat","floor":31,"turns":8},{"damage":52,"enemies":"Automaton","floor":33,"turns":7},{"damage":0,"enemies":"3 Shapes","floor":35,"turns":5},{"damage":9,"enemies":"3 Darklings","floor":38,"turns":5},{"damage":47,"enemies":"Spire Growth","floor":39,"turns":6},{"damage":14,"enemies":"Sphere and 2 Shapes","floor":45,"turns":4},{"damage":0,"enemies":"Maw","floor":47,"turns":1},{"damage":113,"enemies":"conspire:OrnateMirror","floor":50,"turns":10}],"seed_played":"3851003600425644437","potions_obtained":[{"floor":4,"key":"blueLaboratory:FruitPunch"},{"floor":11,"key":"blueLaboratory:CorrosionFlask"},{"floor":14,"key":"Strength Potion"},{"floor":18,"key":"GamblersBrew"},{"floor":22,"key":"PowerPotion"},{"floor":24,"key":"blueLaboratory:AbyssPotion"},{"floor":31,"key":"blueLaboratory:FrostheartPotion"},{"floor":35,"key":"blueLaboratory:ExaltedPotion"},{"floor":37,"key":"SmokeBomb"}],"is_trial":false,"path_per_floor":["M","M","M","M","M","E","?","R","T","M","M","M","?","M","R","B",null,"M","M","?","M","?","T","M","?","T","R","M","M","$","M","R","B",null,"M","?","?","M","M","R","?","R","T","R","M","$","M","$","R","B"],"character_chosen":"THE_ANIMATOR","items_purchased":["Vajra","animator:ElricAlphonse","animator:YuiTsuruno","Medical Kit","animator:MadokaKaname","PowerPotion"],"campfire_rested":6,"item_purchase_floors":[30,30,30,30,46,48],"current_hp_per_floor":[76,76,76,69,69,37,37,60,60,61,61,61,61,63,63,38,83,80,61,61,49,26,26,27,27,27,52,52,51,51,48,73,22,86,86,86,86,77,30,55,55,80,80,80,66,66,66,66,86,0,0],"gold":0,"neow_bonus":"TWENTY_PERCENT_HP_BONUS","is_daily":false,"chose_seed":false,"campfire_upgraded":2,"win_rate":0.0,"timestamp":1610784506,"path_taken":["M","M","M","M","?","E","?","R","T","M","M","M","?","M","R","BOSS","M","M","?","M","?","?","M","?","T","R","?","M","$","M","R","BOSS","M","?","?","?","M","R","?","R","T","R","M","$","M","?","R","BOSS"],"items_purchased_type":["Relic","Card","Card","Relic","Card","Potion"],"build_version":"2020-12-22","purchased_purges":0,"victory":false,"max_hp_per_floor":[78,78,78,79,79,79,79,79,79,80,80,80,80,82,82,83,83,83,83,83,83,83,83,85,85,85,85,85,85,85,85,85,86,86,86,86,86,86,86,86,86,86,86,86,86,86,86,86,86,86,86],"card_choices":[{"not_picked":["animator:Millim","animator:DwarfShaman"],"picked":"animator:NagisaMomoe","floor":1},{"not_picked":["animator:ElricEdward","animator:Kuribayashi"],"picked":"animator:Alexander","floor":2},{"not_picked":["animator:ShinjiMatou","animator:Alexander"],"picked":"animator:DwarfShaman","floor":3},{"not_picked":["animator:OrikoMikuni","animator:IrohaTamaki"],"picked":"animator:KyokoSakura","floor":4},{"not_picked":["animator:Priestess","animator:Alexander"],"picked":"animator:KyokoSakura","floor":5},{"not_picked":["animator:Hakurou","animator:IrohaTamaki"],"picked":"animator:GoblinSlayer","floor":6},{"not_picked":["animator:Elsword","animator:Alexander"],"picked":"animator:EmiyaShirou","floor":10},{"not_picked":["animator:YuiTsuruno","animator:KyokoSakura"],"picked":"animator:SuzuneAmano","floor":11},{"not_picked":["animator:YuiTsuruno","animator:Ara"],"picked":"animator:ElricAlphonse","floor":12},{"not_picked":["animator:Berserker","animator:Elsword"],"picked":"animator:IrohaTamaki","floor":14},{"not_picked":["animator:GoblinSlayer","animator:SwordMaiden"],"picked":"animator:HomuraAkemi","floor":16},{"not_picked":["animator:YuiTsuruno","animator:Add"],"picked":"animator:Alexander+1","floor":18},{"not_picked":["animator:OrikoMikuni","animator:YuiTsuruno"],"picked":"animator:SayakaMiki","floor":19},{"not_picked":["animator:Add","animator:CowGirl"],"picked":"animator:DwarfShaman+1","floor":21},{"not_picked":["animator:Bozes","animator:RoryMercury"],"picked":"animator:Chung","floor":22},{"not_picked":["animator:Add+1","animator:ItamiYouji"],"picked":"animator:Rena","floor":24},{"not_picked":["animator:YuiTsuruno","animator:GazelDwargon+1"],"picked":"animator:MamiTomoe+1","floor":24},{"not_picked":["animator:SakuraMatou","animator:Hakurou+1"],"picked":"animator:CowGirl","floor":28},{"not_picked":["animator:Shuna","animator:ElricEdward"],"picked":"animator:Caster","floor":28},{"not_picked":["animator:NagisaMomoe","animator:MamiTomoe"],"picked":"animator:YachiyoNanami","floor":29},{"not_picked":["animator:MaesHughes","animator:Add+1","animator:Ain"],"picked":"SKIP","floor":29},{"not_picked":["animator:MaesHughes","animator:Add+1","animator:Ain"],"picked":"SKIP","floor":29},{"not_picked":["animator:Gluttony","animator:Alexander"],"picked":"animator:ElricAlphonse","floor":31},{"not_picked":["animator:Priestess","animator:RoyMustang"],"picked":"animator:Benimaru+1","floor":31},{"not_picked":["animator:Father","animator:PinaCoLada"],"picked":"animator:Saber","floor":33},{"not_picked":["animator:Tyuule","animator:Spearman+1"],"picked":"animator:LizardPriest+1","floor":35},{"not_picked":["animator:Elsword+1","animator:Spearman"],"picked":"animator:Pride+1","floor":35},{"not_picked":["animator:IchigoKurosaki","animator:LimeBell"],"picked":"animator:Emilia","floor":36},{"not_picked":["animator:Elsword","animator:Assassin"],"picked":"animator:OrikoMikuni+1","floor":38},{"not_picked":["animator:Ara","animator:Kuribayashi+1","animator:Ciel+1"],"picked":"SKIP","floor":38},{"not_picked":["animator:Spearman","animator:Ara"],"picked":"animator:Chung+1","floor":39},{"not_picked":["animator:Alexander","animator:Lancer"],"picked":"animator:RinTohsaka","floor":39},{"not_picked":["animator:Illya","animator:ElricEdward+1","animator:OrikoMikuni+1"],"picked":"animator:Eve","floor":45},{"not_picked":["animator:Ciel+1","animator:MaesHughes","animator:Hakurou","animator:Berserker+1"],"picked":"SKIP","floor":45}],"player_experience":1042067,"relics_obtained":[{"floor":6,"key":"Shuriken"},{"floor":9,"key":"Smiling Mask"},{"floor":22,"key":"Red Mask"},{"floor":23,"key":"Prayer Wheel"},{"floor":26,"key":"Ginger"},{"floor":43,"key":"Question Card"}],"event_choices":[{"damage_healed":0,"gold_gain":0,"player_choice":"Searched \u00271\u0027 times","damage_taken":0,"relics_obtained":["Champion Belt"],"max_hp_gain":0,"max_hp_loss":0,"event_name":"Dead Adventurer","floor":7,"gold_loss":0},{"damage_healed":0,"gold_gain":0,"player_choice":"Simplicity","damage_taken":0,"max_hp_gain":0,"max_hp_loss":0,"event_name":"Back to Basics","floor":20,"gold_loss":0,"cards_upgraded":["animator:Strike_MadokaMagica","animator:Defend_MadokaMagica","animator:Strike_AccelWorld","animator:Strike_Fate","animator:Strike_Konosuba","animator:Defend_MadokaMagica","animator:Defend_Kancolle","animator:Defend_OnePunchMan"]},{"damage_healed":0,"gold_gain":0,"player_choice":"Fought Bandits","damage_taken":0,"max_hp_gain":0,"max_hp_loss":0,"event_name":"Masked Bandits","floor":22,"gold_loss":0},{"damage_healed":0,"gold_gain":0,"player_choice":"Leave","damage_taken":0,"max_hp_gain":0,"max_hp_loss":0,"event_name":"conspire:Investor","floor":25,"gold_loss":0},{"damage_healed":0,"gold_gain":0,"player_choice":"Memory 1","damage_taken":0,"max_hp_gain":0,"max_hp_loss":0,"event_name":"SensoryStone","floor":36,"gold_loss":0},{"damage_healed":0,"gold_gain":0,"player_choice":"Got Potions","damage_taken":0,"max_hp_gain":0,"max_hp_loss":0,"event_name":"Lab","floor":37,"gold_loss":0},{"damage_healed":0,"gold_gain":0,"player_choice":"2 cards matched","damage_taken":0,"max_hp_gain":0,"max_hp_loss":0,"event_name":"Match and Keep!","floor":41,"gold_loss":0,"cards_obtained":["animator:Caster","animator:Shizu"]}],"is_beta":false,"boss_relics":[{"not_picked":["Cursed Key","animator:HolyGrailRelic"],"picked":"conspire:SpecialSausage"},{"not_picked":["Coffee Dripper","Philosopher\u0027s Stone"],"picked":"Empty Cage"}],"items_purged_floors":[],"is_endless":false,"potions_floor_spawned":[4,11,14,18,22,24,31,35,38],"killed_by":"conspire:OrnateMirror","ascension_level":0}}