{"host":"baymyijz6sxaqj5s","time":1610786929,"event":{"mods":["AchievementEnabler","BaseMod","Colored Map","Colored Powertips","DeckTracker","Highlight Path","KOR Keyword Fix","Keyboard Shortcuts","Minty Spire (QoL Compilation)","Quick Restart","StSLib","SuperFastMode"],"gold_per_floor":[112,123,133,153,170,170,182,108,108,128,128,228,244,74,74,179,229,154,79,79,79],"floor_reached":20,"language":"KOR","playtime":720,"items_purged":[],"score":208,"play_id":"4da195f2-d87f-49a4-b6d1-8e4e0c79e1bb","local_time":"20210116174849","is_ascension_mode":true,"campfire_choices":[{"data":"Survivor","floor":6,"key":"SMITH"},{"floor":11,"key":"REST"},{"data":"Backflip","floor":15,"key":"SMITH"}],"circlet_count":0,"master_deck":["Strike_G","Strike_G","Strike_G","Strike_G","Defend_G","Defend_G","Defend_G","Defend_G","Defend_G","Survivor+1","Neutralize","Escape Plan+1","Blur","Backflip+1","Acrobatics","Noxious Fumes","Deadly Poison","Outmaneuver","Deadly Poison","After Image","All Out Attack"],"relics":["Ring of the Snake","InkBottle","MealTicket","Tiny House"],"acts_visited":["Exordium","TheCity"],"potions_floor_usage":[5,16,16,16,18],"damage_taken":[{"damage":1,"enemies":"Cultist","floor":1,"turns":4},{"damage":0,"enemies":"Small Slimes","floor":2,"turns":3},{"damage":12,"enemies":"Jaw Worm","floor":3,"turns":6},{"damage":0,"enemies":"Blue Slaver","floor":4,"turns":6},{"damage":0,"enemies":"2 Fungi Beasts","floor":5,"turns":5},{"damage":21,"enemies":"Large Slime","floor":7,"turns":12},{"damage":1,"enemies":"Blue Slaver","floor":10,"turns":6},{"damage":1,"enemies":"2 Fungi Beasts","floor":13,"turns":5},{"damage":5,"enemies":"Hexaghost","floor":16,"turns":9},{"damage":31,"enemies":"2 Thieves","floor":18,"turns":5},{"damage":48,"enemies":"Masked Bandits","floor":20,"turns":3}],"seed_played":"-4285186320734154333","potions_obtained":[{"floor":3,"key":"Fire Potion"},{"floor":7,"key":"LiquidMemories"},{"floor":10,"key":"DistilledChaos"},{"floor":13,"key":"PowerPotion"},{"floor":17,"key":"SneckoOil"}],"is_trial":false,"path_per_floor":["M","M","M","M","M","R","M","$","T","M","R","?","M","$","R","B",null,"M","?","?"],"character_chosen":"THE_SILENT","items_purchased":["Noxious Fumes","MealTicket","Deadly Poison"],"campfire_rested":1,"item_purchase_floors":[8,14,14],"current_hp_per_floor":[76,76,64,64,64,64,43,43,43,42,65,65,64,64,64,59,78,47,47,0,0],"gold":79,"neow_bonus":"TEN_PERCENT_HP_BONUS","is_daily":false,"chose_seed":false,"campfire_upgraded":2,"win_rate":0.0,"timestamp":1610786929,"path_taken":["M","M","?","M","M","R","M","$","T","?","R","?","M","?","R","BOSS","M","?","?"],"items_purchased_type":["Card","Relic","Card"],"build_version":"2020-12-22","purchased_purges":0,"victory":false,"max_hp_per_floor":[77,77,77,77,77,77,77,77,77,77,77,77,77,77,77,77,82,82,82,82,82],"card_choices":[{"not_picked":["Acrobatics","Riddle With Holes"],"picked":"Escape Plan","floor":1},{"not_picked":["Flechettes","Sucker Punch"],"picked":"Blur","floor":2},{"not_picked":["Blade Dance","Heel Hook","Flying Knee"],"picked":"SKIP","floor":3},{"not_picked":["Flying Knee","Dagger Spray"],"picked":"Backflip","floor":4},{"not_picked":["Blade Dance","Prepared"],"picked":"Acrobatics","floor":5},{"not_picked":["Caltrops","Slice","Bane"],"picked":"SKIP","floor":7},{"not_picked":["Underhanded Strike","Flying Knee"],"picked":"Deadly Poison","floor":10},{"not_picked":["Bane","Backstab"],"picked":"Outmaneuver","floor":13},{"not_picked":["Bullet Time","Malaise"],"picked":"After Image","floor":16},{"not_picked":["Quick Slash","Cloak And Dagger"],"picked":"All Out Attack","floor":17},{"not_picked":["Slice","Underhanded Strike","PiercingWail"],"picked":"SKIP","floor":18}],"player_experience":91979,"relics_obtained":[{"floor":9,"key":"InkBottle"}],"event_choices":[{"damage_healed":0,"gold_gain":100,"player_choice":"Pray","damage_taken":0,"max_hp_gain":0,"max_hp_loss":0,"event_name":"Golden Shrine","floor":12,"gold_loss":0},{"cards_removed":["Strike_G"],"damage_healed":0,"gold_gain":0,"player_choice":"Gave Gold","damage_taken":0,"max_hp_gain":0,"max_hp_loss":0,"event_name":"Beggar","floor":19,"gold_loss":75},{"damage_healed":0,"gold_gain":0,"player_choice":"Fought Bandits","damage_taken":0,"max_hp_gain":0,"max_hp_loss":0,"event_name":"Masked Bandits","floor":20,"gold_loss":0}],"is_beta":false,"boss_relics":[{"not_picked":["Cursed Key","Snecko Eye"],"picked":"Tiny House"}],"items_purged_floors":[],"is_endless":false,"potions_floor_spawned":[3,7,10,13],"killed_by":"Masked Bandits","ascension_level":5}}