{"host":"5nrsd95zehlinljn","time":1610822430,"event":{"mods":["2.2 Compatiblity","BaseMod","Beaked The Cultist","Better Note","Friendly Minions","GifTheSpireLib","GungeonMod","Minty Spire (QoL Compilation)","StS++","StSLib","everything is the same but u backflip on backflip","thorton"],"gold_per_floor":[109,109,109,109,34,75,75,88,88,110,112,134,169,172,175,303,309,340,52,44,63,64,65,65],"floor_reached":23,"language":"ENG","playtime":3784,"items_purged":["Defend_R"],"score":279,"play_id":"35ce5f9a-a137-421a-a030-dae3a0b7ff18","local_time":"20210116184030","is_ascension_mode":true,"campfire_choices":[{"floor":7.0,"key":"REST"},{"floor":11.0,"key":"REST"},{"floor":15.0,"key":"REST"}],"circlet_count":0,"master_deck":["Strike_R","Strike_R","Strike_R","Strike_R","Defend_R","Defend_R","Bash","Metallicize+1","Flame Barrier","Metallicize","Warcry","Impervious","Juggernaut","Clothesline+1","Fire Breathing","Iron Wave+1"],"relics":["Burning Blood","Golden Idol","Juzu Bracelet","thethorton:BankDeed","Mummified Hand","Runic Cube","Self Forming Clay"],"acts_visited":["Exordium","TheCity"],"potions_floor_usage":[20,23],"damage_taken":[{"damage":1.0,"enemies":"Cultist","floor":1.0,"turns":3.0},{"damage":72.0,"enemies":"Lagavulin","floor":6.0,"turns":12.0},{"damage":11.0,"enemies":"Small Slimes","floor":8.0,"turns":5.0},{"damage":2.0,"enemies":"2 Louse","floor":10.0,"turns":4.0},{"damage":11.0,"enemies":"Lots of Slimes","floor":12.0,"turns":6.0},{"damage":22.0,"enemies":"Gremlin Nob","floor":13.0,"turns":4.0},{"damage":17.0,"enemies":"The Guardian","floor":16.0,"turns":20.0},{"damage":9.0,"enemies":"3 Byrds","floor":18.0,"turns":4.0},{"damage":22,"enemies":"2 Thieves","floor":20,"turns":4},{"damage":38,"enemies":"3 Cultists","floor":21,"turns":7},{"damage":30,"enemies":"Slavers","floor":23,"turns":3}],"seed_played":"-7602422256674910579","potions_obtained":[{"floor":1.0,"key":"StSpp:SecondWindPotion"},{"floor":10.0,"key":"SpeedPotion"},{"floor":12.0,"key":"Fire Potion"},{"floor":13.0,"key":"Weak Potion"},{"floor":18.0,"key":"SpeedPotion"},{"floor":21,"key":"Energy Potion"}],"is_trial":false,"path_per_floor":["M","?","?","?","$","E","R","M","T","M","R","M","E","?","R","B",null,"M","$","M","M","?","E"],"character_chosen":"IRONCLAD","items_purchased":["Self Forming Clay","Fire Breathing"],"campfire_rested":3,"item_purchase_floors":[19,19],"current_hp_per_floor":[85,81,74,74,74,8,32,27,27,31,55,50,34,34,58,47,73,70,70,54,22,22,0,0],"gold":65,"neow_bonus":"TEN_PERCENT_HP_BONUS","is_daily":false,"chose_seed":false,"campfire_upgraded":0,"win_rate":0.0,"timestamp":1610822430,"path_taken":["M","?","?","?","$","E","R","M","T","M","R","M","E","?","R","BOSS","M","?","M","M","?","E"],"items_purchased_type":["Relic","Card"],"build_version":"2020-12-22","purchased_purges":1,"victory":false,"max_hp_per_floor":[88,81,81,81,81,81,81,81,81,81,81,81,81,81,81,81,81,81,81,81,81,81,81,81],"card_choices":[{"not_picked":["Combust","Anger"],"picked":"Metallicize","floor":1.0},{"not_picked":["Twin Strike","Hemokinesis","Havoc"],"picked":"SKIP","floor":6.0},{"not_picked":["Twin Strike","Shrug It Off"],"picked":"Flame Barrier","floor":8.0},{"not_picked":["Shrug It Off","StSpp:Succumb"],"picked":"Metallicize","floor":10.0},{"not_picked":["Iron Wave","Searing Blow"],"picked":"Warcry","floor":12.0},{"not_picked":["Pommel Strike","Heavy Blade"],"picked":"Impervious","floor":13.0},{"not_picked":["Limit Break","StSpp:BladeOfBlood"],"picked":"Juggernaut","floor":16.0},{"not_picked":["Iron Wave","Twin Strike"],"picked":"Clothesline+1","floor":18.0},{"not_picked":["Perfected Strike+1","Flex","Rupture"],"picked":"SKIP","floor":20},{"not_picked":["Disarm","Feel No Pain"],"picked":"Iron Wave+1","floor":21}],"player_experience":2697929,"relics_obtained":[{"floor":6.0,"key":"Juzu Bracelet"},{"floor":9.0,"key":"thethorton:BankDeed"},{"floor":13.0,"key":"Mummified Hand"}],"event_choices":[{"damage_healed":0.0,"max_hp_gain":0.0,"max_hp_loss":7.0,"gold_gain":0.0,"event_name":"Golden Idol","player_choice":"Lose Max HP","floor":2.0,"gold_loss":0.0,"damage_taken":0.0,"relics_obtained":["Golden Idol"]},{"cards_removed":["Strike_R"],"damage_healed":0.0,"max_hp_gain":0.0,"max_hp_loss":0.0,"gold_gain":0.0,"event_name":"Golden Wing","player_choice":"Card Removal","floor":3.0,"gold_loss":0.0,"damage_taken":7.0},{"damage_healed":0.0,"max_hp_gain":0.0,"max_hp_loss":0.0,"gold_gain":0.0,"event_name":"Upgrade Shrine","player_choice":"Upgraded","floor":4.0,"gold_loss":0.0,"damage_taken":0.0,"cards_upgraded":["Metallicize"]},{"cards_removed":["Defend_R"],"damage_healed":0.0,"max_hp_gain":0.0,"max_hp_loss":0.0,"gold_gain":0.0,"event_name":"Bonfire Elementals","player_choice":"Offered Basic","floor":14.0,"gold_loss":0.0,"damage_taken":0.0},{"damage_healed":0,"gold_gain":0,"player_choice":"Ignored","damage_taken":0,"max_hp_gain":0,"max_hp_loss":0,"event_name":"Ghosts","floor":22,"gold_loss":0}],"is_beta":false,"boss_relics":[{"not_picked":["StSpp:PileOfSugar","Ectoplasm"],"picked":"Runic Cube"}],"items_purged_floors":[5],"is_endless":false,"potions_floor_spawned":[1,10,12,13,18,21],"killed_by":"Slavers","ascension_level":8}}