{"host":"yvb207ks1sg3cxef","time":1610797635,"event":{"mods":["2.2 Compatiblity","BaseMod","Bestiary","Colored Powertips","Minty Spire (QoL Compilation)","Permanent Neow","Quick Restart","Relic Stats","StSLib"],"gold_per_floor":[109,122,122,82,102,102,133,133,133,146,146,179,179,179,179],"floor_reached":14,"language":"ENG","playtime":539,"items_purged":[],"score":196,"play_id":"a0293444-fc6b-4d16-a993-697a23713b5e","local_time":"20210116171715","is_ascension_mode":true,"campfire_choices":[{"data":"Skewer","floor":6,"key":"SMITH"},{"data":"Footwork","floor":8,"key":"SMITH"}],"circlet_count":0,"master_deck":["AscendersBane","Strike_G","Strike_G","Strike_G","Strike_G","Strike_G","Defend_G","Defend_G","Defend_G","Defend_G","Defend_G","Survivor","Neutralize","Skewer+1","Backflip","Predator+1","Footwork+1","Backflip"],"relics":["Ring of the Snake","Nunchaku","Golden Idol","Pear","Frozen Egg 2","Ninja Scroll","Question Card"],"acts_visited":["Exordium"],"potions_floor_usage":[12],"damage_taken":[{"damage":0,"enemies":"2 Louse","floor":1,"turns":3},{"damage":2,"enemies":"Jaw Worm","floor":2,"turns":8},{"damage":0,"enemies":"Small Slimes","floor":5,"turns":6},{"damage":24,"enemies":"3 Sentries","floor":7,"turns":11},{"damage":1,"enemies":"2 Fungi Beasts","floor":10,"turns":3},{"damage":25,"enemies":"Lagavulin","floor":12,"turns":9},{"damage":20,"enemies":"3 Sentries","floor":14,"turns":8}],"seed_played":"2188151056897290061","potions_obtained":[{"floor":1,"key":"SpeedPotion"},{"floor":10,"key":"CunningPotion"}],"is_trial":false,"path_per_floor":["M","M","?","?","M","R","E","R","T","M","T","E","?","E"],"character_chosen":"THE_SILENT","items_purchased":[],"campfire_rested":0,"item_purchase_floors":[],"current_hp_per_floor":[59,57,57,57,57,57,43,43,43,42,42,17,17,0,0],"gold":179,"neow_bonus":"RANDOM_COMMON_RELIC","is_daily":false,"chose_seed":false,"campfire_upgraded":2,"win_rate":0.0,"timestamp":1610797635,"path_taken":["M","M","?","?","M","R","E","R","T","M","?","E","?","E"],"items_purchased_type":[],"build_version":"2020-12-22","purchased_purges":0,"victory":false,"max_hp_per_floor":[66,66,60,60,60,60,70,70,70,70,70,70,70,70,70],"relic_stats":{"Nunchaku":[8],"counters":[7,48],"Golden Idol":20,"Question Card":0,"obtain_stats":[{"Nunchaku":0,"Pear":7,"Golden Idol":3,"Ninja Scroll":11,"Frozen Egg 2":9,"Question Card":12,"Ring of the Snake":0},{"Nunchaku":0,"Pear":4,"Golden Idol":2,"Ninja Scroll":5,"Frozen Egg 2":4,"Question Card":6,"Ring of the Snake":0},{"Nunchaku":0,"Pear":28,"Golden Idol":11,"Ninja Scroll":31,"Frozen Egg 2":28,"Question Card":40,"Ring of the Snake":0}],"Ring of the Snake":[14]},"card_choices":[{"not_picked":["Concentrate","Sucker Punch"],"picked":"Skewer","floor":1},{"not_picked":["Dodge and Roll","Eviscerate"],"picked":"Backflip","floor":2},{"not_picked":["Well Laid Plans","Blur"],"picked":"Predator","floor":5},{"not_picked":["Prepared","Calculated Gamble"],"picked":"Footwork","floor":7},{"not_picked":["Underhanded Strike","Bane","Acrobatics"],"picked":"SKIP","floor":10},{"not_picked":["PiercingWail","Distraction"],"picked":"Backflip","floor":12}],"player_experience":360902,"relics_obtained":[{"floor":7,"key":"Pear"},{"floor":9,"key":"Frozen Egg 2"},{"floor":11,"key":"Ninja Scroll"},{"floor":12,"key":"Question Card"}],"event_choices":[{"damage_healed":0,"gold_gain":0,"player_choice":"Lose Max HP","damage_taken":0,"relics_obtained":["Golden Idol"],"max_hp_gain":0,"max_hp_loss":6,"event_name":"Golden Idol","floor":3,"gold_loss":0},{"damage_healed":0,"gold_gain":0,"player_choice":"Left Gold","damage_taken":0,"max_hp_gain":0,"max_hp_loss":0,"event_name":"World of Goop","floor":4,"gold_loss":40},{"damage_healed":0,"gold_gain":0,"player_choice":"Grow","damage_taken":0,"max_hp_gain":0,"max_hp_loss":0,"event_name":"Living Wall","floor":13,"gold_loss":0,"cards_upgraded":["Predator"]}],"is_beta":false,"boss_relics":[],"items_purged_floors":[],"is_endless":false,"potions_floor_spawned":[1,10],"killed_by":"3 Sentries","ascension_level":20}}