{"host":"6eswuwtz6j8isipc","time":1610813080,"event":{"mods":["BaseMod","Better Third Choice","BetterRewards","Conspire","Hubris","Infinite Spire","Minty Spire (QoL Compilation)","Replay The Spire","Spicy Shops","StSLib","The Cursed"],"gold_per_floor":[111,111,111,111,130,159,38,54,54,20,38,56,56,88,88,191,291,307,325,64,64,74,109,74,109,109,24,24,75,75,93,93,198,198,213,213,143,168,184,184,84,94,120,120,146,161,161,172,172,274,274,280,38,47,47,55,87,87,65,65,65,65,77,54,65,65,147,147,153,513,524,629,631,631,540,540,612,612,621,621,643,429,429,424,424],"floor_reached":84,"language":"ENG","playtime":56274,"items_purged":["TheCursedMod:Dregs","TheCursedMod:Strike_TheCursed","TheCursedMod:Strike_TheCursed","TheCursedMod:Strike_TheCursed","TheCursedMod:Strike_TheCursed","Concentrate+1"],"score":1308,"play_id":"dd927de9-ca5e-4d2c-9527-d94cbf64191c","local_time":"20210116110440","is_ascension_mode":false,"campfire_choices":[{"data":"TheCursedMod:LuckyCharm","floor":13.0,"key":"SMITH"},{"floor":15.0,"key":"DIG"},{"floor":28.0,"key":"RECALL"},{"floor":32.0,"key":"DIG"},{"data":"TheCursedMod:AntiAging","floor":40.0,"key":"SMITH"},{"data":"TheCursedMod:CleanUpWorkshop","floor":49.0,"key":"SMITH"},{"data":"TheCursedMod:ManaCirculation","floor":61.0,"key":"SMITH"},{"data":"Concentrate","floor":66.0,"key":"SMITH"},{"data":"After Image","floor":74.0,"key":"SMITH"},{"data":"hubris:Rewind","floor":76.0,"key":"SMITH"},{"data":"TheCursedMod:LuckyCharm","floor":78.0,"key":"SMITH"},{"data":"TheCursedMod:SaltUponWound","floor":83,"key":"PURGE"}],"circlet_count":0,"master_deck":["TheCursedMod:Defend_TheCursed","TheCursedMod:Defend_TheCursed","TheCursedMod:Defend_TheCursed","TheCursedMod:CursedWand","TheCursedMod:CleanUpWorkshop+1","TheCursedMod:LuckyCharm+1","TheCursedMod:SurpriseAttack","ReplayTheSpireMod:IOU","ReplayTheSpireMod:IOU","TheCursedMod:CursedRelics+1","TheCursedMod:CursedSpellbook","ReplayTheSpireMod:IOU","ReplayTheSpireMod:IOU","ReplayTheSpireMod:IOU","ReplayTheSpireMod:IOU","ReplayTheSpireMod:IOU","TheCursedMod:FleshFromBone","TheCursedMod:SpitefulPray","TheCursedMod:DemonSword","ReplayTheSpireMod:IOU","ReplayTheSpireMod:IOU","ReplayTheSpireMod:IOU","TheCursedMod:HellfireBreathing","Replay:Fractal Strike","TheCursedMod:SpitefulPlan","TheCursedMod:LuckyCharm+1","TheCursedMod:DemonicPact","TheCursedMod:ManaCirculation+1","TheCursedMod:LuckyCharm+1","After Image+1","hubris:Rewind+1"],"relics":["TheCursedMod:BlackMagic101","NeowsBlessing","hubris:Towel","Sundial","Replay:Wax Seal","hubris:OldNail","hubris:Potato","ClockworkSouvenir","PreservedInsect","Lizard Tail","Replay:Wanted Poster","Torii","hubris:Spice","Centennial Puzzle","Vajra","Ornamental Fan","Tiny Chest","Pocketwatch","Omamori","Ice Cream","hubris:TenFootPole","Blue Doll","hubris:GlazedTorus","hubris:Icosahedron","Runic Dome","Membership Card","Meat on the Bone","hubris:DisguiseKit","betterThird:SlimedRelic","hubris:Backtick","Replay:Bottled Steam","TheCursedMod:SoulVessel","Bird Faced Urn","TungstenRod","ReplayFunnel"],"acts_visited":["Exordium","TheCity","TheBeyond","Exordium","TheCity"],"potions_floor_usage":[],"damage_taken":[{"damage":0.0,"enemies":"Cultist","floor":1.0,"turns":1.0},{"damage":0.0,"enemies":"2 Louse","floor":5.0,"turns":1.0},{"damage":0.0,"enemies":"Gremlin Nob","floor":6.0,"turns":1.0},{"damage":0.0,"enemies":"infinitespire:Voidling","floor":8.0,"turns":4.0},{"damage":11.0,"enemies":"Blue Slaver","floor":11.0,"turns":4.0},{"damage":3.0,"enemies":"Looter","floor":12.0,"turns":4.0},{"damage":9.0,"enemies":"3 Sentries","floor":14.0,"turns":13.0},{"damage":12.0,"enemies":"Slime Boss","floor":16.0,"turns":23.0},{"damage":46.0,"enemies":"conspire:FuzzyDice","floor":18.0,"turns":8.0},{"damage":0.0,"enemies":"3 Byrds","floor":19.0,"turns":8.0},{"damage":8.0,"enemies":"Snake Plant","floor":22.0,"turns":4.0},{"damage":0.0,"enemies":"Nightmare","floor":23.0,"turns":6.0},{"damage":3.0,"enemies":"Replay:Snechameleon","floor":25.0,"turns":4.0},{"damage":1.0,"enemies":"conspire:MimicChest","floor":29.0,"turns":7.0},{"damage":0.0,"enemies":"Centurion and Healer","floor":31.0,"turns":4.0},{"damage":8.0,"enemies":"Collector","floor":33.0,"turns":7.0},{"damage":0.0,"enemies":"Orb Walker","floor":35.0,"turns":3.0},{"damage":1.0,"enemies":"3 Shapes","floor":39.0,"turns":4.0},{"damage":0.0,"enemies":"3 Darklings","floor":42.0,"turns":3.0},{"damage":0.0,"enemies":"R_Hoarder","floor":45.0,"turns":3.0},{"damage":19.0,"enemies":"Maw","floor":46.0,"turns":4.0},{"damage":0.0,"enemies":"Transient","floor":48.0,"turns":5.0},{"damage":21.0,"enemies":"Time Eater","floor":50.0,"turns":4.0},{"damage":0.0,"enemies":"Jaw Worm","floor":52.0,"turns":1.0},{"damage":0.0,"enemies":"2 Louse","floor":54.0,"turns":2.0},{"damage":0.0,"enemies":"conspire:RoseBush","floor":56.0,"turns":1.0},{"damage":0.0,"enemies":"Lagavulin","floor":57.0,"turns":1.0},{"damage":0.0,"enemies":"2 Fungi Beasts","floor":63.0,"turns":1.0},{"damage":0.0,"enemies":"Looter","floor":65.0,"turns":1.0},{"damage":34.0,"enemies":"Hexaghost","floor":67.0,"turns":5.0},{"damage":23.0,"enemies":"2 Thieves","floor":69.0,"turns":2.0},{"damage":0.0,"enemies":"Spheric Guardian","floor":71.0,"turns":1.0},{"damage":16.0,"enemies":"Centurion and Healer","floor":72.0,"turns":3.0},{"damage":0.0,"enemies":"Cultist and Chosen","floor":73.0,"turns":3.0},{"damage":43.0,"enemies":"Nightmare","floor":75.0,"turns":4.0},{"damage":0.0,"enemies":"Sentry and Sphere","floor":79.0,"turns":2.0},{"damage":0.0,"enemies":"Book of Stabbing","floor":81.0,"turns":1.0},{"damage":65,"enemies":"LordOfAnnihilation","floor":84,"turns":1}],"seed_played":"-1584204371849788442","potions_obtained":[{"floor":4.0,"key":"conspire:TimeTravelPotion"},{"floor":4.0,"key":"Reflective Coating"},{"floor":4.0,"key":"Reflective Coating"},{"floor":5.0,"key":"AttackPotion"},{"floor":11.0,"key":"PowerPotion"},{"floor":18.0,"key":"Energy Potion"},{"floor":19.0,"key":"Weak Potion"},{"floor":35.0,"key":"Weak Potion"},{"floor":54.0,"key":"GamblersBrew"}],"is_trial":false,"path_per_floor":["M","?","?","?","M","E","$","M","T","$","M","M","R","E","R","B",null,"M","M","$","?","M","NM","$","E","T","?","R","?","AVR","M","R","B",null,"M","?","$","T","M","R","NS","M","T","$","E","M","?","M","R","B",null,"M","$","M","AVR","M","E","?","?","T","R","T","M","$","M","R","B",null,"M","?","M","M","M","R","NM","R","T","R","M","?","E","$","R","B"],"character_chosen":"THE_CURSED","items_purchased":["Replay:Wax Seal","TheCursedMod:CursedRelics","hubris:Potato","ClockworkSouvenir","Torii","hubris:Spice","TheCursedMod:HellfireBreathing","TheCursedMod:SpitefulPlan","Ice Cream","Membership Card","hubris:Spice","hubris:Spice","TheCursedMod:LuckyCharm+1","ReplayFunnel"],"campfire_rested":0,"item_purchase_floors":[7,7,10,10,20,20,20,24,37,53,53,64,64,82],"current_hp_per_floor":[75,75,75,75,75,75,75,75,75,75,64,61,61,52,52,40,75,52,52,60,40,32,32,32,29,29,29,29,28,28,28,28,20,91,91,91,91,91,92,92,92,92,92,92,92,73,73,73,73,52,93,93,85,85,85,85,77,77,72,69,69,61,61,53,53,53,31,53,30,13,27,23,35,35,39,39,39,39,45,45,46,46,46,0,0],"gold":424,"neow_bonus":"THREE_ENEMY_KILL","is_daily":false,"chose_seed":false,"campfire_upgraded":8,"win_rate":0.0,"timestamp":1610813080,"path_taken":["M","?","?","?","?","E","$","M","T","?","?","M","R","E","R","BOSS","M","M","$","?","M","NM","$","E","T","?","R","?","AVR","?","R","BOSS","M","?","?","?","M","R","NS","M","T","$","E","M","?","M","R","BOSS","M","$","M","AVR","M","E","?","?","T","R","?","M","$","M","R","BOSS","BOSS","M","?","?","M","M","R","NM","R","T","R","M","?","E","$","R","BOSS"],"items_purchased_type":["Relic","Card","Relic","Relic","Relic","Relic","Card","Card","Relic","Relic","Relic","Relic","Card","Relic"],"build_version":"2020-12-22","purchased_purges":6,"victory":false,"max_hp_per_floor":[75,75,75,75,75,75,75,75,75,75,75,75,75,75,75,75,75,75,75,83,83,83,83,83,83,83,83,83,83,83,83,83,83,91,91,91,91,91,93,93,93,93,93,93,93,93,93,93,93,93,93,93,85,85,85,85,77,77,77,69,69,61,61,53,53,53,53,53,53,53,55,55,55,55,55,55,55,55,55,55,55,55,55,55,55],"card_choices":[{"not_picked":["TheCursedMod:SmokeScreen","TheCursedMod:SoulCrush"],"picked":"TheCursedMod:LuckyCharm","floor":1.0},{"not_picked":["TheCursedMod:SoulCrush","TheCursedMod:CursedShiv"],"picked":"TheCursedMod:SurpriseAttack","floor":5.0},{"not_picked":["TheCursedMod:CursedShiv","TheCursedMod:WearCloak"],"picked":"TheCursedMod:SaltUponWound","floor":6.0},{"not_picked":["TheCursedMod:CursedRelics","TheCursedMod:TacticalStrike"],"picked":"TheCursedMod:CursedSpellbook","floor":8.0},{"not_picked":["TheCursedMod:CursedAmulet","TheCursedMod:BloodBarrier","TheCursedMod:Stigma"],"picked":"SKIP","floor":11.0},{"not_picked":["TheCursedMod:CursedAmulet","TheCursedMod:BloodBarrier","TheCursedMod:Stigma"],"picked":"SKIP","floor":11.0},{"not_picked":["TheCursedMod:HellfireBreathing","TheCursedMod:Torture"],"picked":"TheCursedMod:FleshFromBone","floor":12.0},{"not_picked":["TheCursedMod:TroublousMinions","TheCursedMod:Stretching"],"picked":"TheCursedMod:SpitefulPray","floor":14.0},{"not_picked":["TheCursedMod:Neurasthenia","TheCursedMod:StunningStrike"],"picked":"TheCursedMod:DemonSword","floor":16.0},{"not_picked":["TheCursedMod:CircleOfFocus+1","TheCursedMod:SurpriseAttack","TheCursedMod:TacticalStrike"],"picked":"SKIP","floor":18.0},{"not_picked":["TheCursedMod:Obscuration","TheCursedMod:SpitefulStrike"],"picked":"TheCursedMod:RapidMovement+1","floor":19.0},{"not_picked":["infinitespire:DeathsTouch","infinitespire:TheBestDefense"],"picked":"Replay:Fractal Strike","floor":21.0},{"not_picked":["TheCursedMod:CircleOfCorruption","TheCursedMod:TacticalStrike+1","TheCursedMod:Stigma"],"picked":"SKIP","floor":22.0},{"not_picked":["TheCursedMod:BloodBarrier","TheCursedMod:CursedBlade","TheCursedMod:Stigma"],"picked":"SKIP","floor":23.0},{"not_picked":["TheCursedMod:CursedAmulet","TheCursedMod:CursedMace+1"],"picked":"TheCursedMod:LuckyCharm","floor":25.0},{"not_picked":["TheCursedMod:CursedBlade+1","TheCursedMod:BloodBarrier+1","TheCursedMod:RavingStaff+1"],"picked":"SKIP","floor":31.0},{"not_picked":["TheCursedMod:OutForBlood","TheCursedMod:NeowsMight"],"picked":"TheCursedMod:AntiAging","floor":33.0},{"not_picked":["TheCursedMod:Wield","TheCursedMod:SmokeScreen","TheCursedMod:Grudge+1"],"picked":"SKIP","floor":35.0},{"not_picked":["TheCursedMod:SaltUponWound+1","TheCursedMod:AbyssShockwave+1","TheCursedMod:SoulCrush"],"picked":"SKIP","floor":39.0},{"not_picked":["TheCursedMod:CursedShiv+1","TheCursedMod:Hemoplague","TheCursedMod:CircleOfAmplification+1"],"picked":"SKIP","floor":42.0},{"not_picked":["TheCursedMod:Stigma","TheCursedMod:SaltUponWound+1"],"picked":"TheCursedMod:DemonicPact","floor":45.0},{"not_picked":["TheCursedMod:CircleOfFlame","TheCursedMod:Stretching+1","TheCursedMod:CursedMace+1"],"picked":"SKIP","floor":46.0},{"not_picked":["TheCursedMod:BlessingInDisguise+1","TheCursedMod:AshesToAshes+1"],"picked":"hubris:SpiceAddiction","floor":48.0},{"not_picked":["TheCursedMod:ForbiddenAlchemy","TheCursedMod:CollectTribute"],"picked":"TheCursedMod:ManaCirculation","floor":50.0},{"not_picked":["TheCursedMod:Stretching","TheCursedMod:SpitefulStrike","TheCursedMod:CursedAmulet"],"picked":"SKIP","floor":52.0},{"not_picked":["hubris:SpiceAddiction","TheCursedMod:Stigma","TheCursedMod:Stretching"],"picked":"SKIP","floor":54.0},{"not_picked":["TheCursedMod:CursedStaff","TheCursedMod:PrepareRite","TheCursedMod:Obscuration"],"picked":"SKIP","floor":56.0},{"not_picked":["TheCursedMod:Torture","TheCursedMod:TacticalStrike","TheCursedMod:Evocation"],"picked":"SKIP","floor":57.0},{"not_picked":["TheCursedMod:CursedSpellbook","hubris:SpiceAddiction","TheCursedMod:RavingStaff","Distraction"],"picked":"SKIP","floor":63.0},{"not_picked":["hubris:SpiceAddiction","TheCursedMod:FuryStrike","TheCursedMod:Stretching"],"picked":"Concentrate","floor":65.0},{"not_picked":["TheCursedMod:CollectTribute","TheCursedMod:ShockAndAwe","hubris:SpiceAddiction"],"picked":"After Image","floor":67.0},{"not_picked":["TheCursedMod:PrepareRite","TheCursedMod:FleshFromBone","TheCursedMod:CircleOfBlood","hubris:SpiceAddiction"],"picked":"SKIP","floor":69.0},{"not_picked":["TheCursedMod:Evocation","TheCursedMod:FleshFromBone","TheCursedMod:RavingStaff","Deflect"],"picked":"SKIP","floor":71.0},{"not_picked":["TheCursedMod:SpitefulPray","TheCursedMod:Stigma","TheCursedMod:FuryStrike+1","Quick Slash"],"picked":"SKIP","floor":72.0},{"not_picked":["TheCursedMod:Wield","TheCursedMod:WearCloak","TheCursedMod:RavingStaff","Dodge and Roll"],"picked":"SKIP","floor":73.0},{"not_picked":["infinitespire:Fortify","infinitespire:Starlight"],"picked":"hubris:Rewind","floor":75.0},{"not_picked":["TheCursedMod:CursedAmulet","hubris:SpiceAddiction","TheCursedMod:ManaCirculation","Outmaneuver"],"picked":"SKIP","floor":75.0},{"not_picked":["hubris:SpiceAddiction","TheCursedMod:SpitefulStrike","TheCursedMod:FleshFromBone","Dagger Throw"],"picked":"SKIP","floor":79.0},{"not_picked":["TheCursedMod:Stretching","TheCursedMod:Torture","TheCursedMod:VitalStrike","Replay:Bag of Tricks"],"picked":"SKIP","floor":81.0}],"player_experience":1305544,"relics_obtained":[{"floor":6.0,"key":"Sundial"},{"floor":9.0,"key":"hubris:OldNail"},{"floor":14.0,"key":"PreservedInsect"},{"floor":15.0,"key":"Lizard Tail"},{"floor":23.0,"key":"Centennial Puzzle"},{"floor":25.0,"key":"Vajra"},{"floor":29.0,"key":"Tiny Chest"},{"floor":32.0,"key":"Omamori"},{"floor":38.0,"key":"hubris:TenFootPole"},{"floor":43.0,"key":"Blue Doll"},{"floor":45.0,"key":"hubris:GlazedTorus"},{"floor":57.0,"key":"hubris:Spice"},{"floor":60.0,"key":"hubris:Spice"},{"floor":62.0,"key":"hubris:Spice"},{"floor":75.0,"key":"TheCursedMod:SoulVessel"},{"floor":77.0,"key":"Bird Faced Urn"},{"floor":81.0,"key":"TungstenRod"}],"event_choices":[{"damage_healed":0.0,"max_hp_gain":0.0,"max_hp_loss":0.0,"gold_gain":0.0,"event_name":"Lab","player_choice":"Got Potions","floor":4.0,"gold_loss":0.0,"damage_taken":0.0},{"damage_healed":0.0,"max_hp_gain":0.0,"max_hp_loss":0.0,"gold_gain":0.0,"event_name":"Addict","player_choice":"Obtained Relic","floor":27.0,"gold_loss":85.0,"damage_taken":0.0,"relics_obtained":["Ornamental Fan"]},{"damage_healed":0.0,"max_hp_gain":0.0,"max_hp_loss":0.0,"gold_gain":0.0,"event_name":"Accursed Blacksmith","player_choice":"Forge","floor":36.0,"gold_loss":0.0,"damage_taken":0.0,"cards_upgraded":["TheCursedMod:CursedRelics"]},{"damage_healed":0.0,"max_hp_gain":0.0,"max_hp_loss":0.0,"gold_gain":0.0,"event_name":"betterThird:BetterGoop","player_choice":"Slimed","floor":59.0,"gold_loss":22.0,"damage_taken":11.0},{"damage_healed":0.0,"max_hp_gain":0.0,"max_hp_loss":0.0,"gold_gain":360.0,"event_name":"Knowing Skull","player_choice":"GOLD GOLD GOLD GOLD ","floor":70.0,"potions_obtained":[],"gold_loss":0.0,"damage_taken":36.0,"cards_obtained":[]}],"is_beta":false,"boss_relics":[{"not_picked":["SacredBark","conspire:SeveredTorchhead"],"picked":"Replay:Wanted Poster"},{"not_picked":["hubris:Spice","conspire:RoyalGoblet"],"picked":"hubris:Spice"},{"not_picked":["Ring of Chaos","hubris:GrandSneckoEye"],"picked":"Runic Dome"},{"not_picked":["hubris:Spice","hubris:Spice"],"picked":"hubris:Backtick"}],"items_purged_floors":[10,30,53,55,82,82],"is_endless":true,"potions_floor_spawned":[5,11,12,14,18,19,23,35,42,45,54,65,72,75],"killed_by":"LordOfAnnihilation","ascension_level":0}}