{"host":"3oowddqpmj34xmzc","time":1610814750,"event":{"mods":["100% Spire Juice","2.2 Compatiblity","Act Like it!","Arknights The Spire","Aspiration","BaseMod","Better Third Choice","CapriCore","Conspire","Gensokyo","Gold Saver","Gremlin Mod","GungeonMod","Hallownest","Hermit","Koishi","Marisa£®ÏF”Í°°ƒß¿Ì…≥£©","Minty Spire (QoL Compilation)","Pale of the Ancients","Reimu£®≤©¿ˆ¡È√Œ£©","Relic Stats","Remilia£®¿Ÿ√◊¿Ú—«£©","Replay The Spire","Robot Space Explorer","Spicy Shops","StSLib","The Construct","The Gatherer","The Immortal","The Marked","The Poker Player","The Servant 0.9.4","The Vixen","WarShipGirlsR/’ΩΩ¢…Ÿ≈ÆR mod","Yakumo Yukari mod","Youmu£®ªÍ∆«—˝√Œ£©","Yuyuko","[GremlinLeader]The Maniac"],"gold_per_floor":[356,356,376,376,376,376,392,405,405,365,365,385,6,23,23,126,226,213,488,145,96,112,112,142,174,174,219,254,303,330,372,372,485,485,511,538,568,568,60,110,110,144,144,169,211,56,6,33,33,33],"floor_reached":51,"language":"ZHS","playtime":4807,"items_purged":["Regret","ats:Strike V","ats:Defend"],"score":879,"play_id":"57a5b541-8a30-42a0-a9f5-0db1f5a59df3","local_time":"20210117003230","is_ascension_mode":false,"campfire_choices":[{"data":"ats:Armor Crushing Shot","floor":6,"key":"SMITH"},{"data":"ats:Soul Rend","floor":15,"key":"SMITH"},{"data":"Apotheosis","floor":23,"key":"SMITH"},{"data":"Bash","floor":32,"key":"SMITH"},{"data":"ats:Flexible Camouflage","floor":41,"key":"SMITH"},{"data":"ats:Demon Strength","floor":49,"key":"SMITH"}],"circlet_count":0,"master_deck":["ats:Strike G","ats:Armor Crushing Shot+1","ats:Defend","ats:Defend","ats:Defend","ats:Emotion Absorption+1","ats:Poison Spread","ats:Soul Rend+1","ats:Shell Defense","ats:Calcification","Apotheosis+1","ats:Revitalization","ats:Disruption Kick","ats:Spore Proliferation","ats:Red Shift+1","ats:Revitalization","ats:Shell Defense","ats:Overload+1","ats:Revitalization+1","ats:Charging Defense","ats:Very Hot Blade+1","ats:Healing Strengthening+1","ats:Flexible Camouflage+1","ats:Magnetic Hammer+1","ats:Shell Defense","ats:Calcification","ats:Blood Oath+1","ats:Part Time Job+1","ats:Assault Order+1","ats:Charging Defense+1","ats:Burning Ground+1","ats:Ignite","ats:Counter Healing Mode","ats:Directed Diagnosis","ats:Revitalization+1","ats:Disruption Kick","ats:Demon Strength+1","ats:Consecutive Shot Auto","ats:Neurotoxin"],"relics":["ats:Sanity","aspiration:Nostalgia","hermit:Momento","DemoMod:Relodestone","PaintedHorse:ReiMu","Pear","Replay:Wanted Poster","ReplayTheSpireMod:ShopPack","Orrery","Potion Belt","Bag of Preparation","ClockworkSouvenir","ReplayTheSpireMod:Lightbulb","ats:Originium","ats:Gyao","Chameleon Ring","Iron Hammer","Anchor","Gremlin Food","Astrolabe","ats:Hidden Killer","DemoMod:PinkGuonStone","BargainBundle","aspiration:HiddenCompartment","Incense Burner","Pocketwatch"],"acts_visited":["Exordium","TheCity","TheBeyond"],"potions_floor_usage":[24,31,50,50],"damage_taken":[{"damage":7,"enemies":"Small Slimes","floor":1,"turns":5},{"damage":10,"enemies":"Cultist","floor":3,"turns":5},{"damage":0,"enemies":"2 Louse","floor":7,"turns":2},{"damage":15,"enemies":"Gremlin Gang","floor":8,"turns":8},{"damage":4,"enemies":"2 Fungi Beasts","floor":12,"turns":4},{"damage":3,"enemies":"Looter","floor":14,"turns":4},{"damage":27,"enemies":"The Guardian","floor":16,"turns":17},{"damage":19,"enemies":"2 Thieves","floor":18,"turns":4},{"damage":21,"enemies":"Chosen","floor":22,"turns":9},{"damage":80,"enemies":"Slavers","floor":24,"turns":11},{"damage":26,"enemies":"Shelled Parasite and Fungi","floor":25,"turns":8},{"damage":134,"enemies":"Gremlin Leader","floor":27,"turns":17},{"damage":22,"enemies":"Sentry and Sphere","floor":28,"turns":4},{"damage":73,"enemies":"Book of Stabbing","floor":29,"turns":10},{"damage":1,"enemies":"Cultist and Chosen","floor":30,"turns":7},{"damage":9,"enemies":"Slavers","floor":31,"turns":8},{"damage":38,"enemies":"Champ","floor":33,"turns":16},{"damage":0,"enemies":"3 Shapes","floor":35,"turns":6},{"damage":28,"enemies":"3 Darklings","floor":36,"turns":12},{"damage":41,"enemies":"Sphere and 2 Shapes","floor":37,"turns":7},{"damage":42,"enemies":"Nemesis","floor":40,"turns":10},{"damage":18,"enemies":"Spire Growth","floor":42,"turns":8},{"damage":37,"enemies":"Writhing Mass","floor":44,"turns":8},{"damage":74,"enemies":"R_Hoarder","floor":45,"turns":18},{"damage":14,"enemies":"3 Darklings","floor":48,"turns":6},{"damage":81,"enemies":"Time Eater","floor":50,"turns":13}],"seed_played":"-6054988534966770781","potions_obtained":[{"floor":1,"key":"PowerPotion"},{"floor":12,"key":"SpeedPotion"},{"floor":16,"key":"Milkshake"},{"floor":27,"key":"DemoMod:LeadSkinPotion"},{"floor":28,"key":"EssenceOfSteel"},{"floor":29,"key":"Ancient Potion"},{"floor":31,"key":"Elixir"},{"floor":35,"key":"SteroidPotion"},{"floor":40,"key":"Strength Potion"}],"is_trial":false,"path_per_floor":["M","?","M","?","?","R","M","M","T","?","T","M","$","M","R","B",null,"M","?","$","$","M","R","E","M","T","E","M","E","M","E","R","B",null,"M","M","M","?","$","E","R","M","T","M","E","$","?","M","R","B",null],"character_chosen":"DOCTOR_CLASS","items_purchased":["ats:Calcification","Apotheosis","Dexterity Potion","ReplayTheSpireMod:ShopPack","Orrery","ats:Overload+1","Potion Belt","Bag of Preparation","ClockworkSouvenir","Dexterity Potion","ReplayTheSpireMod:Lightbulb","ats:Hidden Killer","DemoMod:PinkGuonStone","BargainBundle","ats:Counter Healing Mode","ats:Demon Strength","ats:Consecutive Shot Auto"],"campfire_rested":0,"item_purchase_floors":[13,13,13,20,20,21,21,21,21,21,21,39,39,39,39,46,46],"current_hp_per_floor":[65,58,48,48,48,48,48,36,36,36,46,42,42,40,40,76,82,64,64,64,64,82,82,82,82,82,82,70,82,82,82,82,82,82,82,82,82,82,89,89,89,89,89,89,89,89,89,86,86,85],"gold":33,"neow_bonus":"NOSTALGIA","is_daily":false,"chose_seed":false,"campfire_upgraded":6,"win_rate":0.0,"timestamp":1610814750,"path_taken":["M","?","?","?","?","R","M","?","T","?","?","M","$","M","R","BOSS","M","?","?","$","M","R","E","M","T","E","M","E","M","E","R","BOSS","M","M","M","?","$","E","R","M","T","M","E","$","?","M","R","BOSS"],"items_purchased_type":["Card","Card","Potion","Relic","Relic","Card","Relic","Relic","Relic","Potion","Relic","Relic","Relic","Relic","Card","Card","Card"],"build_version":"2020-12-22","purchased_purges":3,"victory":true,"max_hp_per_floor":[72,72,72,72,72,72,72,72,72,72,82,82,82,82,82,82,82,82,82,82,82,82,82,82,82,82,82,82,82,82,82,82,82,82,82,82,82,82,89,89,89,89,89,89,89,89,89,89,89,89],"relic_stats":{"counters":[26,227],"Astrolabe":["ats:Blood Oath","ats:Part Time Job","ats:Assault Order"],"Bag of Preparation":[36],"obtain_stats":[{"DemoMod:GlassGuonStoneRelic":1,"Bag of Preparation":21,"Incense Burner":43,"ClockworkSouvenir":21,"Replay:Wanted Poster":17,"Chameleon Ring":26,"Iron Hammer":27,"ats:Sanity":0,"Potion Belt":21,"Gremlin Food":31,"BargainBundle":39,"Pear":11,"aspiration:Nostalgia":0,"Astrolabe":34,"ats:Hidden Killer":39,"DemoMod:PinkGuonStone":39,"aspiration:HiddenCompartment":40,"ats:Gyao":24,"Anchor":29,"ats:Originium":24,"PaintedHorse:ReiMu":10,"Orrery":20,"DemoMod:Relodestone":9,"ReplayTheSpireMod:Lightbulb":21,"hermit:Momento":0,"ReplayTheSpireMod:ShopPack":20,"Pocketwatch":45},{"DemoMod:GlassGuonStoneRelic":1,"Bag of Preparation":8,"Incense Burner":22,"ClockworkSouvenir":8,"Replay:Wanted Poster":7,"Chameleon Ring":11,"Iron Hammer":12,"ats:Sanity":0,"Potion Belt":8,"Gremlin Food":16,"BargainBundle":20,"Pear":4,"aspiration:Nostalgia":0,"Astrolabe":17,"ats:Hidden Killer":20,"DemoMod:PinkGuonStone":20,"aspiration:HiddenCompartment":21,"ats:Gyao":10,"Anchor":14,"ats:Originium":10,"PaintedHorse:ReiMu":4,"Orrery":8,"DemoMod:Relodestone":4,"ReplayTheSpireMod:Lightbulb":8,"hermit:Momento":0,"ReplayTheSpireMod:ShopPack":8,"Pocketwatch":24},{"DemoMod:GlassGuonStoneRelic":5,"Bag of Preparation":49,"Incense Burner":182,"ClockworkSouvenir":49,"Replay:Wanted Poster":45,"Chameleon Ring":77,"Iron Hammer":94,"ats:Sanity":0,"Potion Belt":49,"Gremlin Food":123,"BargainBundle":164,"Pear":20,"aspiration:Nostalgia":0,"Astrolabe":139,"ats:Hidden Killer":164,"DemoMod:PinkGuonStone":164,"aspiration:HiddenCompartment":174,"ats:Gyao":69,"Anchor":108,"ats:Originium":69,"PaintedHorse:ReiMu":20,"Orrery":49,"DemoMod:Relodestone":20,"ReplayTheSpireMod:Lightbulb":49,"hermit:Momento":0,"ReplayTheSpireMod:ShopPack":49,"Pocketwatch":208}],"Pocketwatch":[3]},"card_choices":[{"not_picked":["ats:Flexible Camouflage","ats:Consecutive Shot Auto","ats:Powerful Strike"],"picked":"SKIP","floor":1},{"not_picked":["ats:Powerful Strike","ats:Assault Order"],"picked":"ats:Poison Spread","floor":3},{"not_picked":["ats:Ignite","ats:Leaping Hammer"],"picked":"ats:Soul Rend","floor":7},{"not_picked":["ats:Ignite","ats:Composite Medical Shells"],"picked":"ats:Shell Defense","floor":8},{"not_picked":["ats:Assault Order","ats:Curse Doll","ats:Ignite"],"picked":"SKIP","floor":12},{"not_picked":["ats:Assault Order","ats:Collapsing Strike"],"picked":"ats:Revitalization","floor":14},{"not_picked":["ats:Nebulous Foxfire","ats:Roar Of Ursus"],"picked":"ats:Disruption Kick","floor":16},{"not_picked":["ats:Consecutive Shot Auto+1","ats:Powerful Strike"],"picked":"ats:Spore Proliferation","floor":18},{"not_picked":["ats:Shell Defense","ats:Hammer On+1"],"picked":"ats:Red Shift+1","floor":20},{"not_picked":["ats:Explosion Area Strengthen+1","ats:Roar Of Ursus"],"picked":"ats:Revitalization","floor":20},{"not_picked":["ats:Assault Order","ats:Explosion Area Strengthen"],"picked":"ats:Shell Defense","floor":20},{"not_picked":["ats:Closed Bolt Burst Fire","ats:Song Of Battle+1"],"picked":"ats:Revitalization+1","floor":22},{"not_picked":["ats:Collapsing Strike","ats:Powerful Strike+1","ats:Assault Order+1"],"picked":"SKIP","floor":24},{"not_picked":["ats:Mental Burst","ats:Explosion Area Strengthen"],"picked":"ats:Charging Defense","floor":25},{"not_picked":["ats:Ignite","ats:Leaping Hammer"],"picked":"ats:Very Hot Blade+1","floor":27},{"not_picked":["ats:Very Hot Blade","ats:Assault Order"],"picked":"ats:Healing Strengthening+1","floor":28},{"not_picked":["ats:Rapid Magazine","ats:Leaping Hammer+1"],"picked":"ats:Flexible Camouflage","floor":29},{"not_picked":["ats:Leaping Hammer","ats:Flexible Camouflage"],"picked":"ats:Magnetic Hammer+1","floor":30},{"not_picked":["ats:Steam Pump","ats:Flame Of Heaven"],"picked":"ats:Shell Defense","floor":31},{"not_picked":["ats:Fractured Body","ats:Echo Reverb"],"picked":"ats:Calcification","floor":33},{"not_picked":["ats:Shell Defense","ats:Part Time Job"],"picked":"ats:Charging Defense+1","floor":35},{"not_picked":["ats:Blood Oath","ats:Ignite"],"picked":"ats:Burning Ground+1","floor":36},{"not_picked":["ats:Flexible Camouflage","ats:Sword Rain+1"],"picked":"ats:Ignite","floor":37},{"not_picked":["ats:Guardian Obelisk","ats:Leaping Hammer+1","ats:Healing Drone+1"],"picked":"SKIP","floor":40},{"not_picked":["ats:Powerful Strike","ats:Childhood Dance"],"picked":"ats:Directed Diagnosis","floor":42},{"not_picked":["ats:Shell Defense","ats:Beaten Up+1"],"picked":"ats:Revitalization+1","floor":44},{"not_picked":["ats:Steam Pump","ats:Ignite"],"picked":"ats:Disruption Kick","floor":45},{"not_picked":["ats:Apocalypse","ats:Beaten Up+1"],"picked":"ats:Neurotoxin","floor":48}],"player_experience":230424,"relics_obtained":[{"floor":9,"key":"DemoMod:Relodestone"},{"floor":11,"key":"Pear"},{"floor":24,"key":"ats:Originium"},{"floor":24,"key":"ats:Gyao"},{"floor":26,"key":"Chameleon Ring"},{"floor":27,"key":"ats:Originium"},{"floor":27,"key":"Iron Hammer"},{"floor":29,"key":"ats:Originium"},{"floor":29,"key":"Anchor"},{"floor":31,"key":"Gremlin Food"},{"floor":40,"key":"aspiration:HiddenCompartment"},{"floor":43,"key":"Incense Burner"},{"floor":45,"key":"Pocketwatch"}],"event_choices":[{"damage_healed":0,"gold_gain":0,"player_choice":"Damaged","damage_taken":7,"max_hp_gain":0,"max_hp_loss":0,"event_name":"Wheel of Change","floor":2,"gold_loss":0},{"damage_healed":0,"gold_gain":0,"player_choice":"1 cards matched","damage_taken":0,"max_hp_gain":0,"max_hp_loss":0,"event_name":"Match and Keep!","floor":5,"gold_loss":0,"cards_obtained":["Bash"]},{"damage_healed":0,"gold_gain":0,"player_choice":"»˚«Æ","damage_taken":0,"relics_obtained":["PaintedHorse:ReiMu"],"max_hp_gain":0,"max_hp_loss":0,"event_name":"yidonshenshe","floor":10,"gold_loss":40},{"damage_healed":0,"gold_gain":275,"player_choice":"Desecrate","damage_taken":0,"max_hp_gain":0,"max_hp_loss":0,"event_name":"Golden Shrine","floor":19,"gold_loss":0,"cards_obtained":["Regret"]},{"damage_healed":0,"gold_gain":0,"player_choice":"Memory 1","damage_taken":0,"max_hp_gain":0,"max_hp_loss":0,"event_name":"SensoryStone","floor":38,"gold_loss":0}],"is_beta":false,"boss_relics":[{"not_picked":["aspiration:ServantSkillbook","conspire:SlowCooker"],"picked":"Replay:Wanted Poster"},{"not_picked":["Snecko Eye","Sozu"],"picked":"Astrolabe"}],"items_purged_floors":[20,21,39],"is_endless":false,"potions_floor_spawned":[1,12,16,27,28,29,31,35,40,42,45],"ascension_level":0}}