{"host":"t9zjxed0utvsfjwc","time":1610797253,"event":{"mods":["2.2 Compatiblity","Aspiration","BaseMod","Better Altar","Better Match","Better Note","Better Sensory Stone","Better Skull","Better Third Choice","Block Reminder","Colored Map","Colored Powertips","Hermit","Highlight Path","Hubris","Infinite Spire","Ironclad Rager","Minty Spire (QoL Compilation)","Quick Restart","Replay The Spire","StSLib","The Cursed","The Marked","Unceasing Turn Reminder","everything is the same but u backflip on backflip"],"gold_per_floor":[369,145,165,165,165,200,200,200,224,224,251,262,280,14,14,103,103,103,103],"floor_reached":18,"language":"ENG","playtime":696,"items_purged":["theMarked:Strike","hermit:Defend_Hermit"],"score":193,"play_id":"8faaeb28-7048-4a46-ae91-3e5c504f8f1e","local_time":"20210116114053","is_ascension_mode":false,"campfire_choices":[{"data":"Eruption","floor":7,"key":"SMITH"},{"data":"hermit:Scavenge","floor":10,"key":"SMITH"},{"data":"hermit:Maintenance","floor":15,"key":"SMITH"}],"circlet_count":0,"master_deck":["hermit:Strike_Hermit","hermit:Strike_Hermit","hermit:Strike_Hermit","hermit:Strike_Hermit","hermit:Defend_Hermit+1","hermit:Defend_Hermit+1","hermit:Snapshot","hermit:Covet","Eruption+1","hermit:Ricochet","hermit:Scavenge+1","infinitespire:UltimateForm","hermit:Quickdraw","hermit:WideOpen","hermit:Maintenance","hermit:Maintenance+1"],"relics":["hermit:Momento","War Paint","hubris:Icosahedron","Smiling Mask","Boot","infinitespire:Lychee Nut","Omamori","hermit:BartenderGlass"],"acts_visited":["Exordium","TheCity"],"potions_floor_usage":[11,16,16],"damage_taken":[{"damage":1,"enemies":"Jaw Worm","floor":1,"turns":3},{"damage":16,"enemies":"Small Slimes","floor":3,"turns":2},{"damage":18,"enemies":"Gremlin Nob","floor":6,"turns":4},{"damage":12,"enemies":"Lagavulin","floor":11,"turns":2},{"damage":0,"enemies":"Cultist","floor":12,"turns":1},{"damage":0,"enemies":"Looter","floor":13,"turns":2},{"damage":42,"enemies":"The Guardian","floor":16,"turns":6},{"damage":0,"enemies":"Shell Parasite","floor":18,"turns":1}],"seed_played":"7099714533672083263","potions_obtained":[{"floor":11,"key":"Fire Potion"},{"floor":12,"key":"hermit:Tonic"}],"is_trial":false,"path_per_floor":["M","$","M","?","?","E","R","?","T","R","E","M","M","$","R","B",null,"M"],"character_chosen":"HERMIT","items_purchased":["War Paint","Omamori","hermit:Maintenance"],"campfire_rested":0,"item_purchase_floors":[2,14,14],"current_hp_per_floor":[74,74,58,58,39,57,57,57,57,57,45,45,48,48,48,12,56,56,56],"gold":103,"neow_bonus":"TWO_FIFTY_GOLD","is_daily":false,"chose_seed":false,"campfire_upgraded":3,"win_rate":0.0,"timestamp":1610797253,"path_taken":["M","$","M","?","?","E","R","?","T","R","E","M","?","$","R","BOSS","M"],"items_purchased_type":["Relic","Relic","Card"],"build_version":"2020-12-22","purchased_purges":2,"victory":false,"max_hp_per_floor":[75,75,75,75,75,75,75,75,75,75,56,56,56,56,56,56,56,56,56],"card_choices":[{"not_picked":["hermit:LowProfile","hermit:Determination"],"picked":"hermit:Ricochet","floor":1},{"not_picked":["hermit:HoleUp","hermit:Dive"],"picked":"hermit:Scavenge","floor":3},{"not_picked":["infinitespire:FutureSight","infinitespire:DeathsTouch"],"picked":"infinitespire:UltimateForm","floor":5},{"not_picked":["hermit:Vantage","hermit:Gestalt","hermit:CalledShot"],"picked":"SKIP","floor":6},{"not_picked":["hermit:ItchyTrigger","hermit:NoHoldsBarred"],"picked":"hermit:Quickdraw","floor":11},{"not_picked":["hermit:Misfire","hermit:Shortfuse","hermit:Feint"],"picked":"SKIP","floor":12},{"not_picked":["hermit:Roulette","hermit:ItchyTrigger"],"picked":"hermit:WideOpen","floor":13}],"player_experience":345129,"relics_obtained":[{"floor":6,"key":"Smiling Mask"},{"floor":9,"key":"Boot"},{"floor":11,"key":"infinitespire:Lychee Nut"}],"event_choices":[],"is_beta":false,"boss_relics":[{"not_picked":["hubris:VirtuousBlindfold","Coffee Dripper"],"picked":"hermit:BartenderGlass"}],"items_purged_floors":[2,14],"is_endless":false,"potions_floor_spawned":[11,12],"killed_by":"Shell Parasite","ascension_level":0}}