{"host":"8suwxzmsh8pwn3fh","time":1610775322,"event":{"mods":["AchievementEnabler","BaseMod","Colored Map","Curses Come First","Dark Map","Hubris","Infinite Spire","Minty Spire (QoL Compilation)","Replay The Spire","StSLib"],"gold_per_floor":[109,59,59,59,72,72,89,89,114,137,180,206,65,65,65,167,167,187,198,123,137,137,167,167,183,183,183,183,183],"floor_reached":28,"language":"ENG","playtime":1171,"items_purged":["Strike_P"],"score":238,"play_id":"efe8a2c5-04b7-4519-866c-c1c5323480e9","local_time":"20210116063522","is_ascension_mode":false,"campfire_choices":[{"data":"Dramatic Entrance","floor":6,"key":"SMITH"},{"data":"Perseverance","floor":8,"key":"SMITH"},{"data":"Alpha","floor":15,"key":"SMITH"},{"floor":24,"key":"REST"}],"circlet_count":0,"master_deck":["Strike_P","Strike_P","Strike_P","Defend_P","Defend_P","Defend_P","Defend_P","Vigilance","Dramatic Entrance+1","Perseverance+1","SandsOfTime","Replay:Hum","Alpha+1","Replay:LoomingThreat","ForeignInfluence","FlyingSleeves","Replay:LoomingThreat","Replay:AtTheReady","SandsOfTime","infinitespire:Starlight"],"relics":["PureWater","MawBank","Tiny Chest","Orrery","Philosopher\u0027s Stone","Orichalcum","Du-Vu Doll"],"acts_visited":["Exordium","TheCity"],"potions_floor_usage":[11,18,21,23],"damage_taken":[{"damage":0,"enemies":"2 Louse","floor":1,"turns":2},{"damage":0,"enemies":"Small Slimes","floor":5,"turns":3},{"damage":0,"enemies":"Cultist","floor":7,"turns":5},{"damage":0,"enemies":"Blue Slaver","floor":10,"turns":4},{"damage":3,"enemies":"3 Sentries","floor":11,"turns":10},{"damage":0,"enemies":"2 Fungi Beasts","floor":12,"turns":4},{"damage":35,"enemies":"Hexaghost","floor":16,"turns":6},{"damage":4,"enemies":"Spheric Guardian","floor":18,"turns":3},{"damage":8,"enemies":"Chosen","floor":19,"turns":3},{"damage":20,"enemies":"Centurion and Healer","floor":21,"turns":5},{"damage":17,"enemies":"Gremlin Leader","floor":23,"turns":6},{"damage":36,"enemies":"Snake Plant","floor":25,"turns":4},{"damage":0,"enemies":"Sentry and Sphere","floor":28,"turns":1}],"seed_played":"-7073077110850135028","potions_obtained":[{"floor":5,"key":"BlessingOfTheForge"},{"floor":12,"key":"Regen Potion"},{"floor":16,"key":"GamblersBrew"},{"floor":21,"key":"Reflective Coating"}],"is_trial":false,"path_per_floor":["M","?","$","?","M","R","M","R","T","M","E","M","$","?","R","B",null,"M","M","$","M","AVR","E","R","M","T","?","M"],"character_chosen":"WATCHER","items_purchased":["Orrery"],"campfire_rested":1,"item_purchase_floors":[13],"current_hp_per_floor":[72,72,72,72,72,72,72,72,72,72,69,69,69,69,69,34,72,72,64,64,44,44,37,58,32,32,19,19,19],"gold":183,"neow_bonus":"RANDOM_COLORLESS","is_daily":false,"chose_seed":false,"campfire_upgraded":3,"win_rate":0.0,"timestamp":1610775322,"path_taken":["M","?","$","?","M","R","?","R","T","M","E","M","$","?","R","BOSS","M","M","$","M","AVR","E","R","M","T","?","M"],"items_purchased_type":["Relic"],"build_version":"2020-12-22","purchased_purges":1,"victory":false,"max_hp_per_floor":[72,72,72,72,72,72,72,72,72,72,72,72,72,72,72,72,72,72,72,72,72,72,72,72,72,72,77,77,77],"card_choices":[{"not_picked":["Deep Breath","Madness"],"picked":"Dramatic Entrance","floor":0},{"not_picked":["FlyingSleeves","ClearTheMind"],"picked":"Perseverance","floor":1},{"not_picked":["Meditate","Replay:AtTheReady","Weave"],"picked":"SKIP","floor":5},{"not_picked":["Replay:Anticipation","Vengeance"],"picked":"SandsOfTime","floor":7},{"not_picked":["Wireheading","Fasting2","EmptyBody"],"picked":"SKIP","floor":10},{"not_picked":["ThirdEye","FearNoEvil"],"picked":"Replay:Hum","floor":11},{"not_picked":["Replay:Battleflow","Protect","SignatureMove"],"picked":"SKIP","floor":12},{"not_picked":["LikeWater","Devotion"],"picked":"Alpha","floor":13},{"not_picked":["Prostrate","Halt"],"picked":"Replay:LoomingThreat","floor":13},{"not_picked":["BattleHymn","JustLucky"],"picked":"ForeignInfluence","floor":13},{"not_picked":["BowlingBash","Worship"],"picked":"FlyingSleeves","floor":13},{"not_picked":["ConjureBlade","Vault"],"picked":"Replay:LoomingThreat","floor":16},{"not_picked":["Replay:Cycle","PathToVictory"],"picked":"Replay:AtTheReady","floor":18},{"not_picked":["ClearTheMind+1","Halt"],"picked":"SandsOfTime","floor":19},{"not_picked":["Prostrate","FollowUp+1","WaveOfTheHand"],"picked":"SKIP","floor":21},{"not_picked":["Worship","FlurryOfBlows","Wish"],"picked":"SKIP","floor":23},{"not_picked":["PathToVictory","Halt","WreathOfFlame"],"picked":"SKIP","floor":25}],"player_experience":378490,"relics_obtained":[{"floor":9,"key":"MawBank"},{"floor":11,"key":"Tiny Chest"},{"floor":23,"key":"Orichalcum"},{"floor":26,"key":"Du-Vu Doll"}],"event_choices":[{"cards_removed":["Eruption"],"damage_healed":0,"gold_gain":0,"player_choice":"Card Removal","damage_taken":0,"max_hp_gain":0,"max_hp_loss":0,"event_name":"The Cleric","floor":2,"gold_loss":50},{"damage_healed":0,"gold_gain":0,"player_choice":"0 cards matched","damage_taken":0,"max_hp_gain":0,"max_hp_loss":0,"event_name":"Match and Keep!","floor":4,"gold_loss":0,"cards_obtained":[]},{"damage_healed":0,"gold_gain":0,"player_choice":"Ignored","damage_taken":0,"max_hp_gain":0,"max_hp_loss":0,"event_name":"Shining Light","floor":14,"gold_loss":0},{"damage_healed":0,"gold_gain":0,"player_choice":"Shed Blood","damage_taken":18,"max_hp_gain":5,"max_hp_loss":0,"event_name":"Forgotten Altar","floor":27,"gold_loss":0}],"is_beta":false,"boss_relics":[{"not_picked":["infinitespire:Cupcake","ChewingGum"],"picked":"Philosopher\u0027s Stone"}],"items_purged_floors":[20],"is_endless":false,"potions_floor_spawned":[5,12,16,21],"killed_by":"Sentry and Sphere","ascension_level":0}}