{"host":"u1dfzl6o6mfmauc3","time":1610765302,"event":{"mods":["100% Spire Juice","2.2 Compatiblity","AchievementEnabler","BaseMod","Block Reminder","Challenge The Spire","Dark Map","Hermit","Minty Spire (QoL Compilation)","Relic Stats","Robot Space Explorer","StSLib","The Disciple","The Marked"],"gold_per_floor":[365,315,315,12,12,56,56,79,79,79,79,100,133,152,152,280,280,299,315,315,4,24,47,47,81,154,192,117,151,151,182,182,305,305,318,318,337,337,283,283,327,343,424,218,231,274,607,640,640,640,640,640,166,193,193],"floor_reached":56,"language":"ENG","playtime":2287,"items_purged":["Strike_B","Pain","Strike_B+1"],"score":1668,"play_id":"b8c7133e-7774-4d9b-87a5-5683927fbba6","local_time":"20210115214822","is_ascension_mode":true,"campfire_choices":[{"data":"Coolheaded","floor":7,"key":"SMITH"},{"data":"Self Repair","floor":11,"key":"SMITH"},{"floor":15,"key":"REST"},{"data":"Barrage","floor":30,"key":"SMITH"},{"data":"Barrage","floor":32,"key":"SMITH"},{"data":"Seek","floor":40,"key":"SMITH"},{"floor":49,"key":"RECALL"},{"data":"Coolheaded","floor":52,"key":"SMITH"}],"circlet_count":0,"master_deck":["Defend_B","Defend_B+1","Defend_B","Defend_B","Zap","Dualcast","Coolheaded+1","Go for the Eyes","Self Repair+1","Lockon","Barrage+1","Reinforced Body","Electrodynamics+1","Glacier+1","Defragment+1","Chill","Coolheaded+1","Barrage+1","Doom and Gloom","Core Surge","Seek+1","Ball Lightning+1","Biased Cognition+1","Defragment+1","Creative AI+1","Heatsinks+1","Coolheaded"],"relics":["Cracked Core","Ginger","Runic Capacitor","Pocketwatch","Frozen Egg 2","MealTicket","Nuclear Battery","PreservedInsect","Question Card","Bottled Lightning","InkBottle","Smiling Mask","Oddly Smooth Stone","Runic Dome","WarpedTongs","HornCleat","Thread and Needle","DollysMirror","Happy Flower","Lizard Tail","Strawberry","Lee\u0027s Waffle","Turnip"],"acts_visited":["Exordium","TheCity","TheBeyond","TheEnding"],"potions_floor_usage":[13,55,55,55],"damage_taken":[{"damage":1,"enemies":"Cultist","floor":1,"turns":3},{"damage":24,"enemies":"Lagavulin","floor":6,"turns":9},{"damage":2,"enemies":"Jaw Worm","floor":8,"turns":5},{"damage":7,"enemies":"Small Slimes","floor":12,"turns":3},{"damage":15,"enemies":"3 Sentries","floor":13,"turns":7},{"damage":13,"enemies":"2 Fungi Beasts","floor":14,"turns":4},{"damage":19,"enemies":"Slime Boss","floor":16,"turns":11},{"damage":12,"enemies":"Chosen","floor":18,"turns":4},{"damage":2,"enemies":"Shell Parasite","floor":19,"turns":4},{"damage":0,"enemies":"Centurion and Healer","floor":22,"turns":4},{"damage":0,"enemies":"Snecko","floor":23,"turns":5},{"damage":0,"enemies":"Gremlin Leader","floor":25,"turns":9},{"damage":15,"enemies":"Slavers","floor":27,"turns":5},{"damage":0,"enemies":"Gremlin Leader","floor":29,"turns":5},{"damage":11,"enemies":"Book of Stabbing","floor":31,"turns":5},{"damage":14,"enemies":"Collector","floor":33,"turns":8},{"damage":14,"enemies":"3 Shapes","floor":35,"turns":3},{"damage":10,"enemies":"Orb Walker","floor":37,"turns":3},{"damage":0,"enemies":"Nemesis","floor":41,"turns":3},{"damage":12,"enemies":"Spire Growth","floor":42,"turns":3},{"damage":0,"enemies":"Maw","floor":45,"turns":4},{"damage":3,"enemies":"Reptomancer","floor":46,"turns":4},{"damage":13,"enemies":"Nemesis","floor":48,"turns":5},{"damage":0,"enemies":"Donu and Deca","floor":50,"turns":7},{"damage":2,"enemies":"Shield and Spear","floor":54,"turns":4},{"damage":67,"enemies":"The Heart","floor":55,"turns":9}],"seed_played":"-6284123523897148881","potions_obtained":[{"floor":6,"key":"CultistPotion"},{"floor":14,"key":"PowerPotion"},{"floor":22,"key":"Swift Potion"},{"floor":33,"key":"Explosive Potion"}],"is_trial":false,"path_per_floor":["M","?","?","$","?","E","R","M","T","?","R","M","E","M","R","B",null,"M","M","?","$","M","M","$","E","T","E","?","E","R","E","R","B",null,"M","?","M","?","?","R","E","M","T","$","M","E","?","E","R","B",null,"R","$","E","B",null],"character_chosen":"DEFECT","items_purchased":["Runic Capacitor","Go for the Eyes","Fire Potion","Self Repair","PreservedInsect","Chill","DollysMirror","Strawberry","Lee\u0027s Waffle","Heatsinks+1","Coolheaded"],"campfire_rested":1,"item_purchase_floors":[4,4,4,4,21,21,44,53,53,53,53],"current_hp_per_floor":[67,67,60,60,60,36,36,41,41,28,28,31,26,23,41,22,63,61,63,63,63,63,63,63,63,63,58,58,63,63,62,62,58,63,59,59,59,59,59,59,59,57,57,63,63,63,63,60,60,63,63,63,77,77,10],"gold":193,"neow_bonus":"TWO_FIFTY_GOLD","is_daily":false,"chose_seed":false,"campfire_upgraded":6,"win_rate":0.0,"timestamp":1610765302,"path_taken":["M","?","?","$","?","E","R","M","T","?","R","M","E","M","R","BOSS","M","M","?","$","M","M","$","E","T","E","?","E","R","E","R","BOSS","M","?","?","?","?","R","E","M","T","$","?","E","?","E","R","BOSS","R","$","E","BOSS"],"items_purchased_type":["Relic","Card","Potion","Card","Relic","Card","Relic","Relic","Relic","Card","Card"],"build_version":"2020-12-22","purchased_purges":3,"victory":true,"max_hp_per_floor":[68,68,68,68,63,63,63,63,63,63,63,63,63,63,63,63,63,63,63,63,63,63,63,63,63,63,63,63,63,63,63,63,63,63,63,63,63,63,63,63,63,63,63,63,63,63,63,63,63,63,63,63,77,77,77],"relic_stats":{"Lee\u0027s Waffle":7,"Happy Flower":[8],"counters":[26,136],"PreservedInsect":393,"Ginger":[15],"Question Card":12,"Smiling Mask":125,"WarpedTongs":[40],"Lizard Tail":0,"MealTicket":6,"Turnip":[2],"obtain_stats":[{"Lee\u0027s Waffle":53,"Happy Flower":46,"Golden Idol":5,"Oddly Smooth Stone":31,"Thread and Needle":41,"PreservedInsect":21,"Runic Capacitor":4,"Ginger":3,"Frozen Egg 2":9,"Question Card":25,"Smiling Mask":29,"Nuclear Battery":17,"WarpedTongs":36,"Runic Dome":34,"Lizard Tail":48,"HornCleat":39,"DollysMirror":44,"Strawberry":53,"MealTicket":13,"Turnip":54,"Bottled Lightning":26,"Cracked Core":0,"InkBottle":27,"Pocketwatch":6},{"Lee\u0027s Waffle":24,"Happy Flower":22,"Golden Idol":1,"Oddly Smooth Stone":15,"Thread and Needle":19,"PreservedInsect":9,"Runic Capacitor":1,"Ginger":1,"Frozen Egg 2":3,"Question Card":12,"Smiling Mask":14,"Nuclear Battery":7,"WarpedTongs":17,"Runic Dome":16,"Lizard Tail":23,"HornCleat":18,"DollysMirror":20,"Strawberry":24,"MealTicket":5,"Turnip":25,"Bottled Lightning":12,"Cracked Core":0,"InkBottle":13,"Pocketwatch":2},{"Lee\u0027s Waffle":123,"Happy Flower":111,"Golden Idol":3,"Oddly Smooth Stone":83,"Thread and Needle":100,"PreservedInsect":50,"Runic Capacitor":3,"Ginger":3,"Frozen Egg 2":17,"Question Card":68,"Smiling Mask":78,"Nuclear Battery":42,"WarpedTongs":94,"Runic Dome":91,"Lizard Tail":116,"HornCleat":97,"DollysMirror":103,"Strawberry":123,"MealTicket":27,"Turnip":127,"Bottled Lightning":68,"Cracked Core":0,"InkBottle":73,"Pocketwatch":12}],"InkBottle":[25],"Pocketwatch":[162]},"card_choices":[{"not_picked":["Go for the Eyes","Leap"],"picked":"Coolheaded","floor":1},{"not_picked":["Capacitor","Sweeping Beam","Go for the Eyes"],"picked":"SKIP","floor":6},{"not_picked":["Go for the Eyes","Recycle","Tempest"],"picked":"SKIP","floor":8},{"not_picked":["Compile Driver","Melter"],"picked":"Lockon","floor":12},{"not_picked":["Hyperbeam","Sunder"],"picked":"Barrage","floor":13},{"not_picked":["Static Discharge+1","Blizzard"],"picked":"Reinforced Body","floor":14},{"not_picked":["Rainbow","Biased Cognition+1"],"picked":"Electrodynamics+1","floor":16},{"not_picked":["Genetic Algorithm","Reprogram"],"picked":"Glacier+1","floor":18},{"not_picked":["Compile Driver","FTL+1"],"picked":"Defragment+1","floor":19},{"not_picked":["Turbo","White Noise"],"picked":"Coolheaded","floor":22},{"not_picked":["Sunder","Streamline"],"picked":"Barrage","floor":23},{"not_picked":["White Noise","Sweeping Beam"],"picked":"Doom and Gloom","floor":25},{"not_picked":["Self Repair+1","Gash","Skim"],"picked":"Core Surge","floor":27},{"not_picked":["Conserve Battery","Leap","Streamline"],"picked":"Seek","floor":29},{"not_picked":["Go for the Eyes","Seek","BootSequence"],"picked":"Ball Lightning+1","floor":31},{"not_picked":["Reboot","Creative AI+1","Seek"],"picked":"Biased Cognition+1","floor":33},{"not_picked":["Turbo+1","Force Field","Streamline","Gash"],"picked":"SKIP","floor":35},{"not_picked":["Double Energy+1","Auto Shields+1","Tempest","Go for the Eyes+1"],"picked":"SKIP","floor":37},{"not_picked":["Darkness+1","Scrape","Streamline","BootSequence+1"],"picked":"SKIP","floor":41},{"not_picked":["Streamline","Conserve Battery","Reprogram+1","Force Field"],"picked":"SKIP","floor":42},{"not_picked":["Ball Lightning","Barrage","Gash+1","Chaos"],"picked":"SKIP","floor":45},{"not_picked":["Reinforced Body+1","Steam+1","Turbo"],"picked":"Creative AI+1","floor":46},{"not_picked":["Beam Cell+1","Hello World+1","Go for the Eyes+1","Melter+1"],"picked":"SKIP","floor":48},{"not_picked":["Streamline+1","Beam Cell","Redo+1","Coolheaded"],"picked":"SKIP","floor":54}],"player_experience":75266,"relics_obtained":[{"floor":6,"key":"Pocketwatch"},{"floor":9,"key":"Frozen Egg 2"},{"floor":13,"key":"MealTicket"},{"floor":25,"key":"Question Card"},{"floor":26,"key":"Bottled Lightning"},{"floor":27,"key":"InkBottle"},{"floor":29,"key":"Smiling Mask"},{"floor":31,"key":"Oddly Smooth Stone"},{"floor":41,"key":"Thread and Needle"},{"floor":46,"key":"Happy Flower"},{"floor":48,"key":"Lizard Tail"},{"floor":54,"key":"Turnip"}],"event_choices":[{"cards_removed":["Strike_B"],"damage_healed":0,"gold_gain":0,"player_choice":"Card Removal","damage_taken":0,"max_hp_gain":0,"max_hp_loss":0,"event_name":"The Cleric","floor":2,"gold_loss":50},{"damage_healed":0,"gold_gain":0,"player_choice":"Success","damage_taken":7,"relics_obtained":["Ginger"],"max_hp_gain":0,"max_hp_loss":0,"event_name":"Scrap Ooze","floor":3,"gold_loss":0},{"damage_healed":0,"gold_gain":0,"player_choice":"Lose Max HP","damage_taken":0,"relics_obtained":["Golden Idol"],"max_hp_gain":0,"max_hp_loss":5,"event_name":"Golden Idol","floor":5,"gold_loss":0},{"damage_healed":0,"gold_gain":0,"player_choice":"Entered Light","damage_taken":13,"max_hp_gain":0,"max_hp_loss":0,"event_name":"Shining Light","floor":10,"gold_loss":0,"cards_upgraded":["Defend_B","Strike_B"]},{"damage_healed":0,"gold_gain":0,"player_choice":"Ignored","damage_taken":0,"max_hp_gain":0,"max_hp_loss":0,"event_name":"Vampires","floor":20,"gold_loss":0},{"cards_removed":["Strike_B"],"damage_healed":0,"gold_gain":0,"player_choice":"Gave Gold","damage_taken":0,"max_hp_gain":0,"max_hp_loss":0,"event_name":"Beggar","floor":28,"gold_loss":75},{"damage_healed":0,"gold_gain":0,"player_choice":"Rummage","damage_taken":0,"relics_obtained":["WarpedTongs"],"max_hp_gain":0,"max_hp_loss":0,"event_name":"Accursed Blacksmith","floor":36,"gold_loss":0,"cards_obtained":["Pain"]},{"damage_healed":0,"gold_gain":0,"player_choice":"Ignored","damage_taken":0,"max_hp_gain":0,"max_hp_loss":0,"event_name":"Tomb of Lord Red Mask","floor":38,"gold_loss":0},{"damage_healed":0,"gold_gain":0,"player_choice":"Paid Gold","damage_taken":0,"relics_obtained":["HornCleat"],"max_hp_gain":0,"max_hp_loss":0,"event_name":"WeMeetAgain","floor":39,"gold_loss":54},{"damage_healed":0,"gold_gain":333,"player_choice":"Gave Idol","damage_taken":0,"max_hp_gain":0,"max_hp_loss":0,"event_name":"The Moai Head","floor":47,"relics_lost":["Golden Idol"],"gold_loss":0}],"is_beta":false,"boss_relics":[{"not_picked":["Inserter","Runic Pyramid"],"picked":"Nuclear Battery"},{"not_picked":["Calling Bell","Busted Crown"],"picked":"Runic Dome"}],"items_purged_floors":[21,44,53],"is_endless":false,"potions_floor_spawned":[6,14,22,23,25,33,35,41,46,54],"ascension_level":4}}