{"host":"7bzprrpqr2usgpra","time":1610796225,"event":{"mods":["ATMod(阿瑾Mod)","BaseMod","BetterRewards","Downfall","Energized Spire","HololiveMod","Lobotomy","Minty Spire (QoL Compilation)","MostiFishMod","Quick Restart","Spicy Shops","StSLib","TestMod","[IsaacMod]以撒尖塔"],"gold_per_floor":[99,117,117,117,130,143,167,309,378,269,308,252,316,766,803,990,990,990,1093,1103,1081,1088,1133,1160,1160,860,885,900,900,931,449,468,591,591,591,611,665,716,716,770,770,795,795,920,477,522,-878,-844,-820,-799,-799,-759,-759,-759,-689,-689,-689],"floor_reached":55,"language":"ZHS","playtime":3099,"items_purged":["downfall:Icky","downfall:Icky","downfall:Icky","downfall:Haunted"],"score":1129,"play_id":"e640f3be-e94c-464b-b8f9-812aab2bc15b","local_time":"20210116192345","is_ascension_mode":false,"campfire_choices":[{"data":"AT_EssenceShift","floor":1,"key":"SMITH"},{"floor":18,"key":"RECALL"},{"floor":26,"key":"REST"},{"data":"champ:MurderStrike","floor":29,"key":"SMITH"},{"data":"champ:SwordThrow","floor":35,"key":"SMITH"},{"data":"EpicFetus","floor":54,"key":"SMITH"}],"circlet_count":0,"master_deck":["champ:Strike","champ:Strike","champ:Strike","champ:Strike","champ:Defend","champ:Defend","champ:Defend","champ:Execute","champ:Taunt","EpicFetus+1","AT_EssenceShift+1","champ:FanOfKnives","Parasite","Decay","Regret","champ:BerserkersShout","champ:ShieldWall","champ:EnragedBash","champ:PerfectedStrike","champ:FanOfKnives","champ:Duel","champ:Devastate","champ:MurderStrike+1","champ:FocusedDefense","champ:VampiricStrike","champ:FaceSlap","champ:HeartStrike","champ:IronFortress","champ:GutPunch+1","champ:CrookedStrike","expansioncontent:QuickStudy+1","champ:StrikeOfGenius","champ:SwordThrow+1","champ:StanceDance+1","champ:RapidStrikes+1","champ:Encircle+1","expansioncontent:AwakenDeath","champ:UltimateStance+1","testmod-SunMoon","champ:SteelEdge","champ:EndlessRage"],"relics":["champ:ChampionCrown","AT_ATBox","testmod-TestBox","HushsDoor","GuanYuAspect","Leech","testmod-HarvestTotem","Darkstone Periapt","AT_RedNoBalance","SalivaCoin","CloakClasp","AT_SunfireAegis","Cauldron","AT_ChloranthyRing","ExusiaiGun","Toxic Egg 2","downfall:HeartBlessingRed","downfall:HeartBlessingGreen","downfall:HeartBlessingBlue","Blood Vial","Anchor","bronze:MakeshiftBattery","Ornamental Fan","Blue Candle","Nunchaku","AT_TimeSand","AT_RedTearstoneRing","DaveBox","SynthV:MejaisSoulstealer","Gambling Chip","AT_EbonyIvory"],"acts_visited":["Exordium","TheCity","TheBeyond","TheEnding"],"potions_floor_usage":[16],"damage_taken":[{"damage":18,"enemies":"Jaw Worm","floor":2,"turns":2},{"damage":9,"enemies":"Small Slimes","floor":5,"turns":4},{"damage":15,"enemies":"2 Louse","floor":6,"turns":3},{"damage":45,"enemies":"2 Louse","floor":8,"turns":5},{"damage":42,"enemies":"Exordium Thugs","floor":9,"turns":5},{"damage":25,"enemies":"downfall:FleeingMerchant","floor":10,"turns":4},{"damage":32,"enemies":"Exordium Wildlife","floor":11,"turns":4},{"damage":23,"enemies":"downfall:FleeingMerchant","floor":12,"turns":4},{"damage":22,"enemies":"Lagavulin","floor":13,"turns":4},{"damage":18,"enemies":"Blue Slaver","floor":15,"turns":3},{"damage":71,"enemies":"IC_STATUS_ARCHETYPE","floor":16,"turns":9},{"damage":52,"enemies":"3 Byrds","floor":19,"turns":3},{"damage":0,"enemies":"Spheric Guardian","floor":20,"turns":1},{"damage":75,"enemies":"downfall:FleeingMerchant","floor":21,"turns":3},{"damage":35,"enemies":"Shelled Parasite and Fungi","floor":23,"turns":2},{"damage":0,"enemies":"Slavers","floor":27,"turns":1},{"damage":0,"enemies":"3 Cultists","floor":28,"turns":2},{"damage":10,"enemies":"Chosen and Byrds","floor":30,"turns":2},{"damage":0,"enemies":"Snecko","floor":32,"turns":1},{"damage":27,"enemies":"DF_ARCHETYPE_CLAW","floor":33,"turns":3},{"damage":0,"enemies":"3 Shapes","floor":36,"turns":1},{"damage":22,"enemies":"3 Darklings","floor":37,"turns":4},{"damage":25,"enemies":"Maw","floor":38,"turns":1},{"damage":30,"enemies":"Reptomancer","floor":40,"turns":1},{"damage":105,"enemies":"Transient","floor":44,"turns":5},{"damage":10,"enemies":"Giant Head","floor":46,"turns":1},{"damage":0,"enemies":"Reptomancer","floor":48,"turns":1},{"damage":5,"enemies":"4 Shapes","floor":49,"turns":2},{"damage":15,"enemies":"SI_POISON_ARCHETYPE","floor":50,"turns":2},{"damage":5,"enemies":"downfall:CharBossMerchant","floor":52,"turns":2},{"damage":27,"enemies":"downfall:NeowBoss","floor":55,"turns":15}],"seed_played":"6143847345836274659","potions_obtained":[{"floor":2,"key":"ColorlessPotion"},{"floor":6,"key":"champ:OpenerPotion"},{"floor":12,"key":"CultistPotion"},{"floor":15,"key":"Fruit Juice"},{"floor":16,"key":"Block Potion"}],"is_trial":false,"path_per_floor":["R","M","?","?","M","M","T","?","M","$","M","$","E","?","M","B",null,"R","M","M","$","?","M","T","?","R","E","M","R","M","$","M","B",null,"R","M","M","M","?","E","T","T","?","M","$","E","?","E","M","B",null,"E","$","R","B"],"character_chosen":"THE_CHAMP","items_purchased":["AT_SunfireAegis","Cauldron","Toxic Egg 2","champ:IronFortress","Anchor","expansioncontent:QuickStudy","AT_TimeSand","testmod-SunMoon"],"campfire_rested":1,"item_purchase_floors":[10,12,21,21,31,31,45,45],"current_hp_per_floor":[86,96,132,144,85,88,88,111,121,144,130,156,156,192,192,199,202,202,202,202,202,161,172,172,172,232,232,232,232,232,232,232,232,227,227,227,227,227,227,227,227,227,227,227,227,227,227,227,227,227,227,227,227,227,224,224,224],"gold":-689,"neow_bonus":"TEN_PERCENT_HP_BONUS","is_daily":false,"chose_seed":false,"campfire_upgraded":4,"win_rate":0.0,"timestamp":1610796225,"path_taken":["R","M","?","?","?","M","T","?","M","$","M","$","E","?","M","BOSS","R","M","M","$","?","?","T","?","R","E","M","R","M","$","M","BOSS","R","M","M","M","?","E","T","?","?","M","$","E","?","E","M","BOSS","E","$","R","BOSS"],"items_purchased_type":["Relic","Relic","Relic","Card","Relic","Card","Relic","Card"],"build_version":"2020-12-22","purchased_purges":4,"victory":false,"max_hp_per_floor":[108,108,144,156,156,156,156,156,156,156,156,156,156,192,192,202,202,202,202,202,202,212,212,212,212,232,232,232,232,232,232,232,232,227,227,227,227,227,227,227,227,227,227,227,227,227,227,227,227,227,227,227,227,227,227,227,227],"card_choices":[{"not_picked":[],"picked":"EpicFetus","floor":0},{"not_picked":["champ:DefensiveShout","champ:EnGarde"],"picked":"champ:FanOfKnives","floor":2},{"not_picked":["champ:ShieldSlam","champ:StanceDance"],"picked":"champ:BerserkersShout","floor":5},{"not_picked":["champ:SkillfulDodge","champ:FlashCut"],"picked":"champ:ShieldWall","floor":6},{"not_picked":["champ:BladeFlurry","champ:RecklessLeap"],"picked":"champ:EnragedBash","floor":8},{"not_picked":["champ:Haymaker","champ:Circumvent"],"picked":"champ:PerfectedStrike","floor":9},{"not_picked":["champ:Backstep","champ:GutPunch"],"picked":"champ:FanOfKnives","floor":10},{"not_picked":["champ:BladeFlurry","champ:BringItOn"],"picked":"champ:Duel","floor":11},{"not_picked":["champ:PerfectedStrike","champ:CrownThrow"],"picked":"champ:Devastate","floor":12},{"not_picked":["champ:GladiatorStyle","champ:Duel"],"picked":"champ:MurderStrike","floor":13},{"not_picked":["champ:GutPunch","champ:EnGarde"],"picked":"champ:FocusedDefense","floor":15},{"not_picked":["champ:DancingMaster","champ:ShieldThrow"],"picked":"champ:VampiricStrike","floor":16},{"not_picked":["champ:PerfectedStrike","champ:FanOfKnives+1"],"picked":"champ:FaceSlap","floor":19},{"not_picked":["champ:AdrenalArmor","champ:BerserkersShout"],"picked":"champ:HeartStrike","floor":20},{"not_picked":["champ:Circumvent","champ:SetATrap+1","champ:PerfectedStrike+1"],"picked":"SKIP","floor":21},{"not_picked":["champ:FalseCounter+1","champ:Haymaker+1"],"picked":"champ:GutPunch+1","floor":23},{"not_picked":["champ:SetATrap+1","champ:DefensiveShout+1","champ:ArenaPreparation+1"],"picked":"SKIP","floor":27},{"not_picked":["champ:Haymaker","champ:AdrenalArmor+1"],"picked":"champ:CrookedStrike","floor":28},{"not_picked":["champ:PerfectedStrike","champ:Circumvent+1","champ:GutPunch+1"],"picked":"SKIP","floor":30},{"not_picked":["champ:HeartStrike+1","champ:Duel+1"],"picked":"champ:StrikeOfGenius","floor":32},{"not_picked":["champ:VampiricStrike","champ:StrikeOfGenius"],"picked":"champ:SwordThrow","floor":33},{"not_picked":["champ:PreciseThrust","champ:PerfectedStrike"],"picked":"champ:StanceDance+1","floor":36},{"not_picked":["champ:EnGarde+1","champ:BladeFlurry+1"],"picked":"champ:RapidStrikes+1","floor":37},{"not_picked":["champ:CalledShot+1","champ:GutPunch"],"picked":"champ:Encircle+1","floor":38},{"not_picked":["champ:DefensiveShout+1","champ:Parry+1","champ:HeartStrike+1"],"picked":"SKIP","floor":40},{"not_picked":["expansioncontent:YouAreMine+1","expansioncontent:Hexaburn"],"picked":"expansioncontent:AwakenDeath","floor":43},{"not_picked":["champ:Shatter","champ:ArenaPreparation+1"],"picked":"champ:UltimateStance+1","floor":44},{"not_picked":["champ:CrookedStrike+1","champ:PreemptiveStrike+1"],"picked":"champ:SteelEdge","floor":46},{"not_picked":["champ:SkillfulDodge+1","champ:CrownThrow+1","champ:FaceSlap+1"],"picked":"SKIP","floor":48},{"not_picked":["champ:Duel+1","champ:FalseCounter+1"],"picked":"champ:EndlessRage","floor":49},{"not_picked":["champ:ArenaPreparation+1","champ:Shatter","champ:FancyFootwork+1"],"picked":"SKIP","floor":52}],"player_experience":271391,"relics_obtained":[{"floor":7,"key":"SalivaCoin"},{"floor":8,"key":"CloakClasp"},{"floor":13,"key":"AT_ChloranthyRing"},{"floor":27,"key":"Blood Vial"},{"floor":40,"key":"Ornamental Fan"},{"floor":41,"key":"Blue Candle"},{"floor":42,"key":"Nunchaku"},{"floor":46,"key":"AT_RedTearstoneRing"},{"floor":48,"key":"Gambling Chip"},{"floor":52,"key":"AT_EbonyIvory"}],"event_choices":[{"damage_healed":0,"gold_gain":0,"player_choice":"Box","damage_taken":0,"relics_obtained":["AT_SilverBalance"],"max_hp_gain":0,"max_hp_loss":0,"event_name":"Big Fish","floor":4,"gold_loss":0,"cards_obtained":["Regret"]},{"damage_healed":0,"gold_gain":0,"player_choice":"Ignored","damage_taken":0,"max_hp_gain":0,"max_hp_loss":0,"event_name":"Ghosts","floor":25,"gold_loss":0},{"cards_removed":["champ:Defend"],"damage_healed":0,"gold_gain":0,"player_choice":"Removed Skill","damage_taken":0,"max_hp_gain":0,"max_hp_loss":0,"event_name":"Falling","floor":39,"gold_loss":0},{"damage_healed":0,"gold_gain":0,"player_choice":"Swap Relic","damage_taken":0,"relics_obtained":["DaveBox"],"max_hp_gain":0,"max_hp_loss":0,"event_name":"给自己的盒子","floor":47,"relics_lost":["DaveBox"],"gold_loss":0}],"is_beta":false,"boss_relics":[{"not_picked":["testmod-Nine","ChiXiaoBlade"],"picked":"ExusiaiGun"},{"not_picked":[]},{"not_picked":["Velvet Choker","Empty Cage"],"picked":"bronze:MakeshiftBattery"},{"not_picked":[]}],"items_purged_floors":[21,31,31,34],"is_endless":false,"potions_floor_spawned":[2,6,15,16,20,23,28,30,32,37,40,48],"killed_by":"downfall:NeowBoss","ascension_level":0}}