{"host":"b3acx0fd85ri4t7i","time":1610786747,"event":{"mods":["BaseMod","Colored Powertips","Minty Spire (QoL Compilation)","Quick Restart","Relic Stats","Replay The Spire","StSLib","[功能]功能增强和修复MOD"],"gold_per_floor":[116,135,135,145,73,73,73,73],"floor_reached":7,"language":"ZHS","playtime":337,"items_purged":["Strike_B","Defend_B","Strike_B","Defend_B"],"score":78,"play_id":"3c37a2e9-f336-43b7-aa05-3219d8cb1a06","local_time":"20210116164547","is_ascension_mode":true,"campfire_choices":[{"data":"Crystallizer","floor":6.0,"key":"SMITH"}],"circlet_count":0,"master_deck":["AscendersBane","Strike_B","Strike_B+1","Defend_B","Defend_B","Zap","Dualcast+1","Panic Button","Crystallizer+1","Reinforced Body","FIFO Queue"],"relics":["Cracked Core","Replay:PocketPolymizer","Replay:Mystery Machine"],"acts_visited":["Exordium"],"potions_floor_usage":[],"damage_taken":[{"damage":7.0,"enemies":"Jaw Worm","floor":1.0,"turns":4.0},{"damage":3.0,"enemies":"2 Louse","floor":4.0,"turns":2.0},{"damage":58,"enemies":"Gremlin Nob","floor":7,"turns":4}],"seed_played":"3424734723163470177","potions_obtained":[{"floor":1.0,"key":"Fire Potion"},{"floor":4.0,"key":"SpeedPotion"}],"is_trial":false,"path_per_floor":["M","?","?","M","$","R","E"],"character_chosen":"DEFECT","items_purchased":["FIFO Queue","Replay:Mystery Machine"],"campfire_rested":0,"item_purchase_floors":[5,5],"current_hp_per_floor":[57,57,57,54,54,54,0,0],"gold":73,"neow_bonus":"UPGRADE_CARD","is_daily":false,"chose_seed":false,"campfire_upgraded":1,"win_rate":0.0,"timestamp":1610786747,"path_taken":["M","?","?","M","$","R","E"],"items_purchased_type":["Card","Relic"],"build_version":"2020-12-22","purchased_purges":4,"victory":false,"max_hp_per_floor":[71,71,71,71,71,71,71,71],"relic_stats":{"counters":[3,10],"obtain_stats":[{"Replay:PocketPolymizer":2,"Replay:Mystery Machine":5,"Cracked Core":0},{"Replay:PocketPolymizer":1,"Replay:Mystery Machine":2,"Cracked Core":0},{"Replay:PocketPolymizer":4,"Replay:Mystery Machine":6,"Cracked Core":0}]},"card_choices":[{"not_picked":["Glacier","ReplaySort"],"picked":"Panic Button","floor":1.0},{"not_picked":["ReplayGash","Doom and Gloom","Undo"],"picked":"SKIP","floor":1.0},{"not_picked":["Steam","Beam Cell","Consume"],"picked":"SKIP","floor":1.0},{"not_picked":["Gash","Reinforced Body"],"picked":"Crystallizer","floor":2.0},{"not_picked":["Reprogram","Ball Lightning"],"picked":"Reinforced Body","floor":4.0},{"not_picked":["Glacier","Blizzard","ReplayGash"],"picked":"SKIP","floor":4.0},{"not_picked":["Beam Cell","Go for the Eyes","Auto Shields"],"picked":"SKIP","floor":4.0}],"player_experience":301358,"relics_obtained":[{"floor":2.0,"key":"Replay:PocketPolymizer"}],"event_choices":[],"is_beta":false,"boss_relics":[],"items_purged_floors":[5,5,5,5],"is_endless":false,"potions_floor_spawned":[1,4],"killed_by":"Gremlin Nob","ascension_level":20}}