{"host":"5p9hybygolzp0efr","time":1610798635,"event":{"mods":["AchievementEnabler","BaseMod","Bestiary","Colored Map","Minty Spire (QoL Compilation)","Permanent Neow","Relic Stats"],"gold_per_floor":[116,131,4,14,32,32,61,80,80,112,112,132,150,169,169,269,269,284,284,284,284,294,294,294,294],"floor_reached":24,"language":"ENG","playtime":1541,"items_purged":[],"score":270,"play_id":"3ab97c7e-7fd0-4c8a-8e11-7709f8819842","local_time":"20210116200355","is_ascension_mode":true,"campfire_choices":[{"data":"Eruption","floor":6.0,"key":"SMITH"},{"data":"CrushJoints","floor":11,"key":"SMITH"},{"floor":15,"key":"REST"},{"floor":23,"key":"REST"}],"circlet_count":0,"master_deck":["Eruption+1","Vigilance","Wireheading","LikeWater","Conclude","JustLucky","CarveReality","CrushJoints+1","Meditate","Injury","CutThroughFate","Protect","Nirvana","FlurryOfBlows","InnerPeace","ThirdEye","ReachHeaven","BowlingBash","EmptyFist","BowlingBash","TalkToTheHand","Collect","MentalFortress","WindmillStrike","Wallop","Tantrum+1"],"relics":["Cursed Key","Dream Catcher","Eternal Feather","Art of War","Pandora\u0027s Box","Nilry\u0027s Codex"],"acts_visited":["Exordium","TheCity"],"potions_floor_usage":[16],"damage_taken":[{"damage":0.0,"enemies":"Cultist","floor":1.0,"turns":2.0},{"damage":5.0,"enemies":"2 Louse","floor":2.0,"turns":3.0},{"damage":0.0,"enemies":"Jaw Worm","floor":4.0,"turns":5.0},{"damage":4.0,"enemies":"2 Fungi Beasts","floor":5.0,"turns":4.0},{"damage":0.0,"enemies":"Lagavulin","floor":7.0,"turns":4.0},{"damage":9,"enemies":"Exordium Thugs","floor":8,"turns":2},{"damage":13,"enemies":"3 Sentries","floor":10,"turns":4},{"damage":3,"enemies":"Blue Slaver","floor":12,"turns":4},{"damage":6,"enemies":"3 Louse","floor":13,"turns":2},{"damage":15,"enemies":"2 Fungi Beasts","floor":14,"turns":3},{"damage":18,"enemies":"The Guardian","floor":16,"turns":7},{"damage":12,"enemies":"Chosen","floor":18,"turns":5},{"damage":4,"enemies":"Shell Parasite","floor":22,"turns":6},{"damage":76,"enemies":"Gremlin Leader","floor":24,"turns":6}],"seed_played":"-4232484882729356678","potions_obtained":[{"floor":5.0,"key":"BottledMiracle"},{"floor":7,"key":"EntropicBrew"},{"floor":18,"key":"LiquidMemories"}],"is_trial":false,"path_per_floor":["M","M","$","M","M","R","E","M","T","E","R","M","M","M","R","B",null,"M","?","?","?","M","R","E"],"character_chosen":"WATCHER","items_purchased":["Conclude","Strength Potion"],"campfire_rested":2,"item_purchase_floors":[3,3],"current_hp_per_floor":[72,67,67,67,63,63,63,54,54,41,50,47,41,26,59,41,72,60,44,31,31,27,65,0,0],"gold":294,"neow_bonus":"BOSS_RELIC","is_daily":false,"chose_seed":false,"campfire_upgraded":2,"win_rate":0.0,"timestamp":1610798635,"path_taken":["M","M","$","M","?","R","E","M","T","E","R","M","M","M","R","BOSS","M","?","?","?","?","R","E"],"items_purchased_type":["Card","Potion"],"build_version":"2020-12-22","purchased_purges":0,"victory":false,"max_hp_per_floor":[72,72,72,72,72,72,72,72,72,72,72,72,72,72,72,72,72,72,72,77,77,77,77,77,77],"relic_stats":{"Dream Catcher":2,"counters":[14,57],"Eternal Feather":36,"Pandora\u0027s Box":["ThirdEye","ReachHeaven","BowlingBash","EmptyFist","BowlingBash","ForeignInfluence","TalkToTheHand","Collect"],"Art of War":[1],"Cursed Key":1,"obtain_stats":[{"Dream Catcher":7,"Nilry\u0027s Codex":19,"Eternal Feather":9,"Pandora\u0027s Box":17,"Art of War":10,"PureWater":0,"Cursed Key":0},{"Dream Catcher":5,"Nilry\u0027s Codex":12,"Eternal Feather":6,"Pandora\u0027s Box":11,"Art of War":7,"PureWater":0,"Cursed Key":0},{"Dream Catcher":18,"Nilry\u0027s Codex":45,"Eternal Feather":20,"Pandora\u0027s Box":40,"Art of War":24,"PureWater":0,"Cursed Key":0}]},"card_choices":[{"not_picked":["ClearTheMind","Fasting2"],"picked":"Wireheading","floor":1.0},{"not_picked":["Fasting2","EmptyBody"],"picked":"LikeWater","floor":2.0},{"not_picked":["DeceiveReality","Halt"],"picked":"JustLucky","floor":4.0},{"not_picked":["Judgement","SignatureMove"],"picked":"CarveReality","floor":5.0},{"not_picked":["DeceiveReality","SignatureMove"],"picked":"CrushJoints","floor":7},{"not_picked":["ClearTheMind","Nirvana"],"picked":"Meditate","floor":8},{"not_picked":["FlurryOfBlows","EmptyBody"],"picked":"CutThroughFate","floor":10},{"not_picked":["EmptyBody","FlyingSleeves"],"picked":"Protect","floor":12},{"not_picked":["EmptyFist","Crescendo"],"picked":"Nirvana","floor":13},{"not_picked":["Adaptation","Crescendo"],"picked":"FlurryOfBlows","floor":14},{"not_picked":["Scrawl","EmptyBody"],"picked":"InnerPeace","floor":15},{"not_picked":["Crescendo","ThirdEye"],"picked":"MentalFortress","floor":18},{"not_picked":["BattleHymn","WheelKick"],"picked":"Wallop","floor":22},{"not_picked":["CutThroughFate+1","FlyingSleeves"],"picked":"Tantrum+1","floor":23}],"player_experience":474392,"relics_obtained":[{"floor":7,"key":"Dream Catcher"},{"floor":9,"key":"Eternal Feather"},{"floor":10,"key":"Art of War"},{"floor":19,"key":"Nilry\u0027s Codex"}],"event_choices":[{"damage_healed":0,"gold_gain":0,"player_choice":"Obtained Book","damage_taken":16,"max_hp_gain":0,"max_hp_loss":0,"event_name":"Cursed Tome","floor":19,"gold_loss":0},{"damage_healed":0,"gold_gain":0,"player_choice":"Shed Blood","damage_taken":18,"max_hp_gain":5,"max_hp_loss":0,"event_name":"Forgotten Altar","floor":20,"gold_loss":0},{"damage_healed":0,"gold_gain":0,"cards_transformed":["ForeignInfluence"],"player_choice":"Transformed","damage_taken":0,"max_hp_gain":0,"max_hp_loss":0,"event_name":"Transmorgrifier","floor":21,"gold_loss":0,"cards_obtained":["WindmillStrike"]}],"is_beta":false,"boss_relics":[{"not_picked":["Runic Dome","Tiny House"],"picked":"Pandora\u0027s Box"}],"items_purged_floors":[],"is_endless":false,"potions_floor_spawned":[5,7,8,14,18],"killed_by":"Gremlin Leader","ascension_level":3}}