{"host":"8xi53560pl5zaoq2","time":1610775633,"event":{"mods":["BaseMod","Colored Map","Highlight Path","Minty Spire (QoL Compilation)","StSLib","Synergy Search"],"gold_per_floor":[359,371,388,27,27,27,37,51,78,78,109,109,209,228,228,228,228],"floor_reached":16,"language":"ENG","playtime":744,"items_purged":["Strike_R"],"score":173,"play_id":"a07a7478-392f-48cb-89d0-71739f5b6322","local_time":"20210115224033","is_ascension_mode":true,"campfire_choices":[{"data":"True Grit","floor":6,"key":"SMITH"},{"floor":10,"key":"REST"},{"data":"Bash","floor":12,"key":"SMITH"},{"data":"Defend_R","floor":15,"key":"SMITH"}],"circlet_count":0,"master_deck":["AscendersBane","Strike_R","Strike_R","Strike_R","Strike_R","Defend_R+1","Defend_R","Defend_R","Defend_R","Bash+1","Clash+1","True Grit+1","Metallicize","Feed","Impervious+1","Spot Weakness","Carnage","Clash"],"relics":["Burning Blood","Membership Card","Bag of Marbles","Oddly Smooth Stone","Anchor"],"acts_visited":["Exordium"],"potions_floor_usage":[11,11],"damage_taken":[{"damage":15,"enemies":"Cultist","floor":1,"turns":5},{"damage":0,"enemies":"2 Louse","floor":2,"turns":4},{"damage":2,"enemies":"Jaw Worm","floor":3,"turns":3},{"damage":0,"enemies":"3 Louse","floor":7,"turns":5},{"damage":17,"enemies":"Lots of Slimes","floor":8,"turns":8},{"damage":24,"enemies":"3 Sentries","floor":11,"turns":8},{"damage":8,"enemies":"Exordium Thugs","floor":14,"turns":5},{"damage":44,"enemies":"Slime Boss","floor":16,"turns":6}],"seed_played":"8612117215936774584","potions_obtained":[{"floor":2,"key":"FearPotion"},{"floor":8,"key":"LiquidBronze"}],"is_trial":false,"path_per_floor":["M","M","M","$","?","R","M","M","T","R","E","R","?","M","R","B"],"character_chosen":"IRONCLAD","items_purchased":["Membership Card","Bag of Marbles","Feed","Impervious"],"campfire_rested":1,"item_purchase_floors":[4,4,4,4],"current_hp_per_floor":[41,47,51,51,36,36,45,37,37,61,46,46,46,44,44,0,0],"gold":228,"neow_bonus":"TWO_FIFTY_GOLD","is_daily":false,"chose_seed":false,"campfire_upgraded":3,"win_rate":0.0,"timestamp":1610775633,"path_taken":["M","M","?","$","?","R","M","M","T","R","E","R","?","M","R","BOSS"],"items_purchased_type":["Relic","Relic","Card","Card"],"build_version":"2020-12-22","purchased_purges":1,"victory":false,"max_hp_per_floor":[75,75,75,75,75,75,78,81,81,81,84,84,84,84,84,84,84],"card_choices":[{"not_picked":["Pommel Strike","Burning Pact"],"picked":"Clash","floor":1},{"not_picked":["Perfected Strike","Clash"],"picked":"True Grit","floor":2},{"not_picked":["Perfected Strike","Havoc"],"picked":"Metallicize","floor":3},{"not_picked":["Sentinel","Pommel Strike","Dual Wield"],"picked":"SKIP","floor":7},{"not_picked":["Sever Soul","Cleave"],"picked":"Spot Weakness","floor":8},{"not_picked":["Anger","Sentinel"],"picked":"Carnage","floor":11},{"not_picked":["Immolate","Iron Wave"],"picked":"Clash","floor":14}],"player_experience":1298655,"relics_obtained":[{"floor":9,"key":"Oddly Smooth Stone"},{"floor":11,"key":"Anchor"}],"event_choices":[{"damage_healed":0,"gold_gain":0,"player_choice":"Entered Light","damage_taken":15,"max_hp_gain":0,"max_hp_loss":0,"event_name":"Shining Light","floor":5,"gold_loss":0,"cards_upgraded":["Clash","Impervious"]},{"damage_healed":0,"gold_gain":100,"player_choice":"Pray","damage_taken":0,"max_hp_gain":0,"max_hp_loss":0,"event_name":"Golden Shrine","floor":13,"gold_loss":0}],"is_beta":false,"boss_relics":[],"items_purged_floors":[4],"is_endless":false,"potions_floor_spawned":[2,8],"killed_by":"Slime Boss","ascension_level":14}}