{"host":"sq5mqutoqaetm0s6","time":1610835044,"event":{"mods":["AchievementEnabler","BaseMod","BetterRewards","CatGirl Mod","Colored Map","Colored Powertips","DeckTracker","Downfall","Duelist Mod","Googly Eyes","Highlight Path","Hubris","Infinite Spire","Minty Spire (QoL Compilation)","Quick Restart","Shop Mod","StSLib","SuperFastMode","The Administrix","The Construct","The Jungle"],"gold_per_floor":[144,157,174,186,201,227,244,244,319,319,329,348,348,359,359,460,460,471,471,471,26,42,75,75,93,145,145,145,161,161,436,436,436,436],"floor_reached":33,"language":"ENG","playtime":2160,"items_purged":[],"score":271,"play_id":"767ab5f3-50fd-4f73-affa-26965ed1d152","local_time":"20210116231044","is_ascension_mode":false,"campfire_choices":[{"data":"theDuelist:GravityAxe","floor":13,"key":"SMITH"},{"data":"theDuelist:ScrapFactory","floor":15,"key":"SMITH"},{"data":"theDuelist:DokiDoki","floor":24,"key":"SMITH"},{"floor":30,"key":"REST"},{"data":"theDuelist:CombinationAttack","floor":32,"key":"SMITH"}],"circlet_count":0,"master_deck":["theDuelist:BeaverWarrior+1","theDuelist:BeaverWarrior","theDuelist:CastleWalls","theDuelist:CastleWalls","theDuelist:FinalFlame","theDuelist:ScrapFactory+1","theDuelist:KamionTimelord+1","theDuelist:MagnumShield","theDuelist:GaiaMidNightSun","theDuelist:BigKoala","theDuelist:GravityAxe+1","theDuelist:Wiretap","theDuelist:ElectromagneticShield+1","theDuelist:DokiDoki+1","theDuelist:MeteorDestruction","theDuelist:RainbowKuriboh","theDuelist:FusionFire+1","theDuelist:KamionTimelord+1","theDuelist:PowerKaishin+1","theDuelist:FrontierWiseman","theDuelist:UnderworldCannon+1","theDuelist:KamionTimelord","theDuelist:SphereKuriboh+1","theDuelist:CombinationAttack+1","Slimebound:Tackle+1","Slimebound:Tackle+1","Slimebound:Tackle+1","theDuelist:BerserkerCrush","Regret"],"relics":["theDuelist:MillenniumPuzzle","theDuelist:CardPoolRelic","theDuelist:CardPoolBasicRelic","theDuelist:BoosterPackPoolRelic","theDuelist:CardPoolAddRelic","theDuelist:CardPoolMinusRelic","theDuelist:CardPoolSaveRelic","theDuelist:CardPoolOptionsRelic","Oddly Smooth Stone","Eternal Feather","Astrolabe","hubris:Towel","Matryoshka","MerchantsRug","Whetstone","hubris:DeckOfHolding","Bronze Scales","Happy Flower","theDuelist:ElectricBurst"],"acts_visited":["Exordium","TheCity"],"potions_floor_usage":[33,33,33],"damage_taken":[{"damage":0,"enemies":"Cultist","floor":1,"turns":4},{"damage":0,"enemies":"Small Slimes","floor":2,"turns":3},{"damage":0,"enemies":"2 Louse","floor":3,"turns":4},{"damage":2,"enemies":"Exordium Thugs","floor":4,"turns":6},{"damage":5,"enemies":"Exordium Wildlife","floor":5,"turns":6},{"damage":1,"enemies":"Lagavulin","floor":6,"turns":8},{"damage":0,"enemies":"Looter","floor":7,"turns":4},{"damage":25,"enemies":"Gremlin Gang","floor":11,"turns":6},{"damage":0,"enemies":"3 Louse","floor":12,"turns":5},{"damage":1,"enemies":"Exordium Wildlife","floor":14,"turns":3},{"damage":5,"enemies":"The Guardian","floor":16,"turns":11},{"damage":16,"enemies":"3 Byrds","floor":18,"turns":6},{"damage":24,"enemies":"2 Thieves","floor":22,"turns":3},{"damage":11,"enemies":"Gremlin Leader","floor":23,"turns":6},{"damage":0,"enemies":"Snecko","floor":25,"turns":3},{"damage":40,"enemies":"Centurion and Healer","floor":29,"turns":7},{"damage":69,"enemies":"Collector","floor":33,"turns":11}],"seed_played":"-3777465514955967501","potions_obtained":[{"floor":5,"key":"SteroidPotion"},{"floor":7,"key":"Guardian:BlockOnCardUsePotion"},{"floor":10,"key":"EssenceOfDarkness"},{"floor":22,"key":"SpeedPotion"}],"is_trial":false,"path_per_floor":["M","M","M","M","M","E","M","?","T","?","M","M","R","M","R","B",null,"M","?","?","$","M","E","R","M","T","?","T","M","R","?","R","B"],"character_chosen":"THE_DUELIST","items_purchased":["Matryoshka","MerchantsRug","theDuelist:UnderworldCannon"],"campfire_rested":1,"item_purchase_floors":[21,21,21],"current_hp_per_floor":[88,88,88,86,81,80,80,80,80,80,55,55,64,63,75,70,88,72,72,72,72,48,37,52,52,52,52,52,12,53,53,68,0,0],"gold":436,"neow_bonus":"TEN_PERCENT_HP_BONUS","is_daily":false,"chose_seed":false,"campfire_upgraded":4,"win_rate":0.0,"timestamp":1610835044,"path_taken":["M","M","M","?","M","E","M","?","T","?","M","M","R","?","R","BOSS","M","?","?","$","M","E","R","?","T","?","?","M","R","?","R","BOSS"],"items_purchased_type":["Relic","Relic","Card"],"build_version":"2020-12-22","purchased_purges":0,"victory":false,"max_hp_per_floor":[88,88,88,88,88,88,88,88,88,88,88,88,88,88,88,88,88,88,88,88,88,88,88,88,88,88,88,88,88,88,88,88,88,88],"card_choices":[{"not_picked":["theDuelist:HappyLover","theDuelist:Eva","theDuelist:RainbowKuriboh","theDuelist:RainbowOverdragon"],"picked":"theDuelist:KamionTimelord","floor":1},{"not_picked":["theDuelist:Hinotama","theDuelist:SilverApples","theDuelist:WormApocalypse","theDuelist:FrontierWiseman"],"picked":"theDuelist:MagnumShield","floor":2},{"not_picked":["theDuelist:ImperialOrder","theDuelist:ElectromagneticShield","theDuelist:MiraculousDescent","theDuelist:SwordsConcealing"],"picked":"theDuelist:WhiteHowling","floor":3},{"not_picked":["theDuelist:ClearKuriboh","theDuelist:Hinotama","theDuelist:MudGolem","theDuelist:SmashingGround"],"picked":"theDuelist:GaiaMidNightSun","floor":4},{"not_picked":["theDuelist:MythicalBeast","theDuelist:RainbowNeos","theDuelist:Eva","theDuelist:BattleFootballer"],"picked":"theDuelist:BigKoala","floor":5},{"not_picked":["theDuelist:WhiteHowling","theDuelist:Electrowhip","theDuelist:ElectromagneticShield","theDuelist:SwordsConcealing"],"picked":"theDuelist:GravityAxe","floor":6},{"not_picked":["theDuelist:RainbowOverdragon","theDuelist:RainbowGravity","theDuelist:GemArmadillo","theDuelist:RockSunrise"],"picked":"theDuelist:Wiretap","floor":7},{"not_picked":["theDuelist:WhiteHowling+1","theDuelist:ImperialOrder+1","theDuelist:GravityAxe+1","theDuelist:SwordsConcealing+1"],"picked":"theDuelist:ElectromagneticShield+1","floor":11},{"not_picked":["theDuelist:Eva","theDuelist:DummyGolem","theDuelist:PowerGiant","theDuelist:RainbowOverdragon"],"picked":"theDuelist:DokiDoki","floor":12},{"not_picked":["theDuelist:RainbowNeos","theDuelist:Invigoration","theDuelist:Downbeat","theDuelist:FrontierWiseman"],"picked":"theDuelist:MeteorDestruction","floor":14},{"not_picked":["theDuelist:RainbowNeos","theDuelist:KamionTimelord","theDuelist:Eva","theDuelist:RainbowOverdragon"],"picked":"theDuelist:RainbowKuriboh","floor":16},{"not_picked":["theDuelist:BlackPendant","theDuelist:Tuningware","theDuelist:PreventRat","theDuelist:BattleOx+1"],"picked":"theDuelist:FrontierWiseman","floor":18},{"not_picked":["theDuelist:RainbowNeos","theDuelist:HappyLover","theDuelist:Eva","theDuelist:Blockman"],"picked":"theDuelist:KamionTimelord","floor":22},{"not_picked":["theDuelist:MillenniumGolem","theDuelist:RedHeadedOni","theDuelist:Wiseman","theDuelist:GreenGraveOni"],"picked":"theDuelist:SphereKuriboh+1","floor":23},{"not_picked":["theDuelist:SpellShatteringArrow","theDuelist:DoubleTool","theDuelist:CoreBlaster","theDuelist:SpiralSpearStrike+1"],"picked":"theDuelist:CombinationAttack","floor":25},{"not_picked":["theDuelist:GravityBlaster+1","theDuelist:Invigoration","theDuelist:DarkBurningAttack+1","theDuelist:PotDuality+1"],"picked":"theDuelist:BerserkerCrush","floor":29}],"player_experience":47789,"relics_obtained":[{"floor":6,"key":"Oddly Smooth Stone"},{"floor":9,"key":"Eternal Feather"},{"floor":23,"key":"Whetstone"},{"floor":26,"key":"hubris:DeckOfHolding"},{"floor":26,"key":"Bronze Scales"},{"floor":28,"key":"Happy Flower"},{"floor":28,"key":"theDuelist:ElectricBurst"}],"event_choices":[{"damage_healed":0,"gold_gain":0,"player_choice":"Grow","damage_taken":0,"max_hp_gain":0,"max_hp_loss":0,"event_name":"Living Wall","floor":8,"gold_loss":0,"cards_upgraded":["theDuelist:KamionTimelord"]},{"damage_healed":0,"gold_gain":0,"player_choice":"Got Potions","damage_taken":0,"max_hp_gain":0,"max_hp_loss":0,"event_name":"Lab","floor":10,"gold_loss":0},{"damage_healed":0,"gold_gain":0,"player_choice":"Leave","duelist":true,"damage_taken":0,"max_hp_gain":0,"max_hp_loss":0,"event_name":"Tomb of the Nameless","floor":19,"gold_loss":0},{"damage_healed":0,"gold_gain":275,"player_choice":"Desecrate","damage_taken":0,"max_hp_gain":0,"max_hp_loss":0,"event_name":"Golden Shrine","floor":31,"gold_loss":0,"cards_obtained":["Regret"]}],"is_beta":false,"boss_relics":[{"not_picked":["Cursed Key","theDuelist:ElectricKey"],"picked":"Astrolabe"}],"items_purged_floors":[],"is_endless":false,"potions_floor_spawned":[5,7,11,12,16,22,25],"killed_by":"Collector","ascension_level":0}}