{"host":"opg65mucj6ra7dr1","time":1610786973,"event":{"mods":["BaseMod","DeckTracker","Keyboard Shortcuts","Minty Spire (QoL Compilation)","Permanent Neow","Quick Restart","everything is the same but u backflip on backflip"],"gold_per_floor":[115,115,134,58,68,94,194,219,219,232,6,17,17,47,47,149,149,162,177,11,22,22,22,33,33,33],"floor_reached":25,"language":"KOR","playtime":708,"items_purged":[],"score":335,"play_id":"64d8df1f-6653-43b8-9a50-87275e28e734","local_time":"20210116174933","is_ascension_mode":true,"campfire_choices":[{"data":"Catalyst","floor":13.0,"key":"SMITH"},{"data":"Strike_G","floor":15.0,"key":"PURGE"},{"floor":23,"key":"REST"}],"circlet_count":0,"master_deck":["Strike_G","Strike_G","Strike_G","Strike_G","Defend_G","Defend_G","Defend_G","Defend_G","Defend_G","Survivor","Neutralize","Backstab+1","Poisoned Stab","Footwork","Dagger Spray","Catalyst+1","Dagger Throw","Poisoned Stab","Bane","Backflip","Acrobatics","Night Terror","Setup","Bouncing Flask","Noxious Fumes","Deflect"],"relics":["Ring of the Snake","Torii","Juzu Bracelet","Bottled Flame","Sundial","TwistedFunnel","Peace Pipe","Sozu"],"acts_visited":["Exordium","TheCity"],"potions_floor_usage":[],"damage_taken":[{"damage":1.0,"enemies":"Small Slimes","floor":1.0,"turns":6.0},{"damage":6.0,"enemies":"Cultist","floor":3.0,"turns":3.0},{"damage":0.0,"enemies":"2 Louse","floor":5.0,"turns":1.0},{"damage":19.0,"enemies":"3 Sentries","floor":6.0,"turns":10.0},{"damage":0.0,"enemies":"Gremlin Nob","floor":8.0,"turns":2.0},{"damage":0.0,"enemies":"Exordium Wildlife","floor":10.0,"turns":3.0},{"damage":0.0,"enemies":"3 Louse","floor":12.0,"turns":2.0},{"damage":6.0,"enemies":"Lagavulin","floor":14.0,"turns":3.0},{"damage":7.0,"enemies":"The Guardian","floor":16.0,"turns":11.0},{"damage":21.0,"enemies":"Spheric Guardian","floor":18.0,"turns":6.0},{"damage":19.0,"enemies":"Chosen","floor":19.0,"turns":5.0},{"damage":11,"enemies":"3 Cultists","floor":21,"turns":5},{"damage":13,"enemies":"Snake Plant","floor":24,"turns":3},{"damage":0,"enemies":"Slavers","floor":25,"turns":1}],"seed_played":"-4591896978816788091","potions_obtained":[{"floor":3.0,"key":"FearPotion"},{"floor":8.0,"key":"DuplicationPotion"},{"floor":12.0,"key":"Fire Potion"},{"floor":16.0,"key":"Ancient Potion"}],"is_trial":false,"path_per_floor":["M","?","M","$","M","E","?","E","T","M","$","M","R","E","R","B",null,"M","M","$","M","$","R","M","E"],"character_chosen":"THE_SILENT","items_purchased":["Footwork","TwistedFunnel","Bane","Backflip","Bouncing Flask","Noxious Fumes","Deflect"],"campfire_rested":1,"item_purchase_floors":[4,11,11,11,20,20,20],"current_hp_per_floor":[62,62,56,56,56,37,37,37,37,37,37,37,37,31,31,24,53,32,13,13,2,2,20,7,7,7],"gold":33,"neow_bonus":"ONE_RARE_RELIC","is_daily":false,"chose_seed":false,"campfire_upgraded":1,"win_rate":0.0,"timestamp":1610786973,"path_taken":["M","?","M","$","M","E","?","E","T","M","$","M","R","E","R","BOSS","M","M","$","M","?","R","M","E"],"items_purchased_type":["Card","Relic","Card","Card","Card","Card","Card"],"build_version":"2020-12-22","purchased_purges":0,"victory":false,"max_hp_per_floor":[63,63,63,63,63,63,63,63,63,63,63,63,63,63,63,63,63,63,63,63,63,63,63,63,63,63],"card_choices":[{"not_picked":["Outmaneuver","Acrobatics"],"picked":"Backstab","floor":1.0},{"not_picked":["Deadly Poison","Expertise"],"picked":"Poisoned Stab","floor":3.0},{"not_picked":["Caltrops","Setup"],"picked":"Dagger Spray","floor":5.0},{"not_picked":["Underhanded Strike","Dash"],"picked":"Catalyst","floor":6.0},{"not_picked":["Cloak And Dagger","Dagger Spray"],"picked":"Dagger Throw","floor":8.0},{"not_picked":["Dagger Spray","Venomology"],"picked":"Poisoned Stab","floor":10.0},{"not_picked":["Slice","Accuracy"],"picked":"Acrobatics","floor":12.0},{"not_picked":["Endless Agony","Choke","Cloak And Dagger"],"picked":"SKIP","floor":14.0},{"not_picked":["Unload","After Image"],"picked":"Night Terror","floor":16.0},{"not_picked":["Dagger Throw+1","Blade Dance"],"picked":"Setup","floor":18.0},{"not_picked":["Quick Slash","Dagger Spray","Flying Knee"],"picked":"SKIP","floor":19.0},{"not_picked":["Cloak And Dagger","Accuracy","Outmaneuver"],"picked":"SKIP","floor":21},{"not_picked":["Unload","Setup+1","Riddle With Holes"],"picked":"SKIP","floor":24}],"player_experience":129685,"relics_obtained":[{"floor":6.0,"key":"Juzu Bracelet"},{"floor":8.0,"key":"Bottled Flame"},{"floor":9.0,"key":"Sundial"},{"floor":14.0,"key":"Peace Pipe"}],"event_choices":[{"damage_healed":0.0,"max_hp_gain":0.0,"max_hp_loss":0.0,"gold_gain":0.0,"event_name":"Upgrade Shrine","player_choice":"Upgraded","floor":2.0,"gold_loss":0.0,"damage_taken":0.0,"cards_upgraded":["Backstab"]},{"damage_healed":0.0,"max_hp_gain":0.0,"max_hp_loss":0.0,"gold_gain":100.0,"event_name":"Golden Shrine","player_choice":"Pray","floor":7.0,"gold_loss":0.0,"damage_taken":0.0}],"is_beta":false,"boss_relics":[{"not_picked":["SacredBark","Busted Crown"],"picked":"Sozu"}],"items_purged_floors":[],"is_endless":false,"potions_floor_spawned":[3,8,12,16,18,19],"killed_by":"Slavers","ascension_level":7}}