{"host":"cziotie8mnsl18m5","time":1610793202,"event":{"mods":["BaseMod","Minty Spire (QoL Compilation)","StSLib","The Animator","The Construct"],"gold_per_floor":[127,127,52,52,52,52,125,125,125,135,194,219,266,8,8,95,95,112,149,149,149,74,107,107,136,136,181,208,252,252,281,281,384,384,399,434,487,487,516,562,582,624,670,670,715,122,145,145,145,163,175,175,175,516,596,695,764,764,78,197,303,190,190,310,388,388,41,180,306,312],"floor_reached":71,"language":"ENG","playtime":8886,"items_purged":["animator:Defend","animator:Defend"],"score":3223,"play_id":"7466d84a-1d0b-4d27-b654-645f18224603","local_time":"20210116053322","is_ascension_mode":true,"campfire_choices":[{"data":"animator:AcuraAkari","floor":6.0,"key":"SMITH"},{"data":"animator:Chris","floor":8.0,"key":"SMITH"},{"floor":15.0,"key":"RECALL"},{"data":"animator:Guy","floor":24.0,"key":"SMITH"},{"data":"animator:Boros","floor":30.0,"key":"SMITH"},{"data":"animator:Kaijin","floor":32.0,"key":"SMITH"},{"floor":44.0,"key":"DIG"},{"floor":49.0,"key":"DIG"},{"floor":53.0,"key":"DIG"},{"floor":63.0,"key":"REST"}],"circlet_count":0,"master_deck":["AscendersBane","animator:AcuraAkari+1","animator:Gillette+1","animator:Shichika+1","animator:Chris+1","animator:Kaijin+1","animator:Fredrika+1","animator:Mitsurugi+1","animator:Sebas+1","animator:Boros+1","animator:Guy+1","animator:Guy+1","animator:Guy+1","animator:AcuraTooru+1","animator:Viivi+1","animator:FielNirvalen+1","animator:Saitama+1","animator:AcuraShin+1","animator:IzunaHatsuse+1","animator:Rimuru","animator:Ainz+1","animator:Verdia+1","animator:Hibiki+1","animator:Geryuganshoop+1","animator:Demiurge+1","animator:Chris+1","animator:GazelDwargon+1","animator:HigakiRinne+1","animator:Kazuma+1","animator:NononJakuzure+1","animator:Shiro+1","animator:Aqua+1","animator:FielNirvalen+1","animator:Shizu+1"],"relics":["animator:TheEgnaroPiece","animator:AncientMedallion"],"acts_visited":["Exordium","TheCity","TheBeyond","TheEnding","EYB:TheUnnamedReign"],"potions_floor_usage":[],"damage_taken":[{"damage":0.0,"enemies":"2 Louse","floor":1.0,"turns":1.0},{"damage":0.0,"enemies":"3 Sentries","floor":7.0,"turns":1.0},{"damage":0.0,"enemies":"Jaw Worm","floor":10.0,"turns":1.0},{"damage":10.0,"enemies":"Gremlin Nob","floor":11.0,"turns":3.0},{"damage":0.0,"enemies":"Small Slimes","floor":12.0,"turns":4.0},{"damage":14.0,"enemies":"Lagavulin","floor":13.0,"turns":4.0},{"damage":10.0,"enemies":"Hexaghost","floor":16.0,"turns":5.0},{"damage":0.0,"enemies":"Shell Parasite","floor":18.0,"turns":1.0},{"damage":0.0,"enemies":"3 Byrds","floor":19.0,"turns":3.0},{"damage":4.0,"enemies":"Slavers","floor":23.0,"turns":2.0},{"damage":3.0,"enemies":"Centurion and Healer","floor":25.0,"turns":3.0},{"damage":2.0,"enemies":"Gremlin Leader","floor":27.0,"turns":4.0},{"damage":11.0,"enemies":"Shelled Parasite and Fungi","floor":28.0,"turns":4.0},{"damage":0.0,"enemies":"animator:HornedBat","floor":29.0,"turns":5.0},{"damage":6.0,"enemies":"Cultist and Chosen","floor":31.0,"turns":5.0},{"damage":0.0,"enemies":"Collector","floor":33.0,"turns":5.0},{"damage":0.0,"enemies":"3 Darklings","floor":35.0,"turns":1.0},{"damage":0.0,"enemies":"3 Shapes","floor":36.0,"turns":4.0},{"damage":40.0,"enemies":"2 Orb Walkers","floor":37.0,"turns":4.0},{"damage":0.0,"enemies":"Maw","floor":39.0,"turns":4.0},{"damage":10.0,"enemies":"Nemesis","floor":40.0,"turns":4.0},{"damage":4.0,"enemies":"Jaw Worm Horde","floor":41.0,"turns":3.0},{"damage":1.0,"enemies":"Giant Head","floor":42.0,"turns":4.0},{"damage":0.0,"enemies":"Nemesis","floor":45.0,"turns":3.0},{"damage":1.0,"enemies":"Transient","floor":47.0,"turns":6.0},{"damage":26.0,"enemies":"Donu and Deca","floor":50.0,"turns":7.0},{"damage":0.0,"enemies":"Time Eater","floor":51.0,"turns":5.0},{"damage":67.0,"enemies":"animator:TRIPLE_SHAPES_WEAK","floor":55.0,"turns":8.0},{"damage":24.0,"enemies":"animator:UNNAMED_CULTIST_1","floor":56.0,"turns":12.0},{"damage":16.0,"enemies":"animator:UNNAMED_CULTIST_2","floor":60.0,"turns":11.0},{"damage":26.0,"enemies":"animator:LARGE_WISP","floor":61.0,"turns":8.0},{"damage":27.0,"enemies":"animator:ULTIMATE_WISP","floor":64.0,"turns":7.0},{"damage":36.0,"enemies":"animator:ULTIMATE_CUBE","floor":68.0,"turns":6.0},{"damage":44,"enemies":"animator:ULTIMATE_CRYSTAL","floor":69,"turns":5}],"seed_played":"3509734706486144857","potions_obtained":[{"floor":1.0,"key":"Strength Potion"},{"floor":10.0,"key":"EntropicBrew"},{"floor":18.0,"key":"SneckoOil"},{"floor":29.0,"key":"animator:FalseLifePotion"},{"floor":33.0,"key":"EssenceOfSteel"},{"floor":35.0,"key":"PowerPotion"},{"floor":55.0,"key":"animator:FalseLifePotion"},{"floor":56.0,"key":"animator:FalseLifePotion"},{"floor":60.0,"key":"animator:FalseLifePotion"},{"floor":61.0,"key":"animator:FalseLifePotion"},{"floor":64.0,"key":"animator:FalseLifePotion"},{"floor":68.0,"key":"animator:FalseLifePotion"}],"is_trial":false,"path_per_floor":["M","?","$","?","?","R","?","R","T","M","E","M","E","$","R","B",null,"M","M","?","?","?","E","R","M","T","E","M","E","R","M","R","B",null,"M","M","?","?","M","E","M","E","T","R","E","$","M","?","R","B","B",null,"R","??","M","M","T","?","$","M","M","?","R","E","T","?","$","E","E","B",null],"character_chosen":"THE_ANIMATOR","items_purchased":["PreservedInsect","Frozen Egg 2","Thread and Needle","animator:Shiro","animator:AncientMedallion","animator:AncientMedallion","animator:AncientMedallion","animator:FalseLifePotion"],"campfire_rested":1,"item_purchase_floors":[14,46,46,59,59,59,67,67],"current_hp_per_floor":[54,36,36,36,36,36,36,36,36,36,26,27,13,13,13,3,47,48,51,51,51,51,47,47,44,44,45,40,46,46,40,40,40,57,57,60,20,20,20,21,21,20,20,20,20,20,19,8,18,8,12,63,63,91,24,25,25,15,15,27,26,26,53,45,45,45,45,36,26,9],"gold":312,"neow_bonus":"THREE_ENEMY_KILL","is_daily":false,"chose_seed":false,"campfire_upgraded":5,"win_rate":0.0,"timestamp":1610793202,"path_taken":["M","?","$","?","?","R","?","R","T","M","E","M","E","$","R","BOSS","M","M","?","?","?","E","R","M","T","E","M","E","R","M","R","BOSS","M","M","?","?","?","E","M","E","T","R","E","$","M","?","R","BOSS","BOSS","R","??","M","M","T","?","$","M","M","?","R","E","T","?","$","E","E","BOSS"],"items_purchased_type":["Relic","Relic","Relic","Card","Relic","Relic","Relic","Potion"],"build_version":"2020-12-22","purchased_purges":2,"victory":true,"max_hp_per_floor":[60,60,60,60,60,60,60,60,60,60,60,61,61,61,61,61,61,62,62,62,62,62,62,62,62,62,62,63,63,63,63,63,63,63,63,63,63,63,63,70,70,70,70,70,70,70,70,70,80,80,80,80,80,91,91,92,92,92,92,92,92,92,92,92,92,92,92,92,92,92],"card_choices":[{"not_picked":["animator:Hakurou","animator:SilverFang"],"picked":"animator:Shichika","floor":1.0},{"not_picked":["animator:UneriGinkaku","animator:Hitei"],"picked":"animator:Chris","floor":7.0},{"not_picked":["animator:Hakurou","animator:DolaSchwi"],"picked":"animator:Kaijin","floor":10.0},{"not_picked":["animator:Gillette+1","animator:Viivi+1"],"picked":"animator:Fredrika","floor":11.0},{"not_picked":["animator:SilverFang","animator:Fredrika"],"picked":"animator:Mitsurugi+1","floor":12.0},{"not_picked":["animator:Jibril+1","animator:PandorasActor"],"picked":"animator:Sebas","floor":13.0},{"not_picked":["animator:Ainz","animator:Albedo+1"],"picked":"animator:Boros","floor":16.0},{"not_picked":["animator:MumenRider+1","animator:Verdia"],"picked":"animator:AcuraTooru+1","floor":18.0},{"not_picked":["animator:Guy","animator:Gillette+1"],"picked":"animator:Viivi+1","floor":19.0},{"not_picked":["animator:GazelDwargon","animator:Hitei","animator:Souei"],"picked":"SKIP","floor":23.0},{"not_picked":["animator:DolaSchwi+1","animator:Nanami"],"picked":"animator:FielNirvalen+1","floor":25.0},{"not_picked":["animator:Kazuma","animator:AcuraAkari"],"picked":"animator:Saitama","floor":27.0},{"not_picked":["animator:Guy","animator:Layla+1"],"picked":"animator:AcuraShin+1","floor":28.0},{"not_picked":["animator:Darkness","animator:Konayuki+1"],"picked":"animator:IzunaHatsuse","floor":29.0},{"not_picked":["animator:Evileye","animator:Demiurge"],"picked":"animator:Rimuru","floor":31.0},{"not_picked":["animator:Hans","animator:Eris"],"picked":"animator:Ainz","floor":33.0},{"not_picked":["animator:Shion+1","animator:Viivi+1","animator:Vanir+1"],"picked":"SKIP","floor":35.0},{"not_picked":["animator:Mitsurugi+1","animator:Vanir+1"],"picked":"animator:Verdia","floor":36.0},{"not_picked":["animator:TsurugaMeisai","animator:Verdia"],"picked":"animator:Geryuganshoop+1","floor":39.0},{"not_picked":["animator:Boros","animator:Gillette+1"],"picked":"animator:Demiurge+1","floor":40.0},{"not_picked":["animator:Mitsurugi+1","animator:Guy","animator:Cocytus+1"],"picked":"SKIP","floor":41.0},{"not_picked":["animator:Mitsurugi+1","animator:Darkness"],"picked":"animator:Chris+1","floor":42.0},{"not_picked":["animator:Shichika","animator:UneriGinkaku+1"],"picked":"animator:GazelDwargon","floor":45.0},{"not_picked":["animator:ChaikaBohdan+1","animator:DolaStephanie+1","animator:Benimaru+1"],"picked":"SKIP","floor":47.0},{"not_picked":["animator:DolaRiku","animator:AcuraTooru","animator:YunYun+1"],"picked":"SKIP","floor":55.0},{"not_picked":["animator:MetalKnight","animator:Entoma"],"picked":"animator:Kazuma","floor":56.0},{"not_picked":["animator:Magilou","animator:MisaKurobane"],"picked":"animator:NononJakuzure","floor":58.0},{"not_picked":["animator:Guy","animator:Genos"],"picked":"animator:Aqua+1","floor":60.0},{"not_picked":["animator:DolaSchwi","animator:ChaikaBohdan"],"picked":"animator:FielNirvalen","floor":61.0},{"not_picked":["animator:Layla","animator:Entoma","animator:Shion+1"],"picked":"SKIP","floor":64.0},{"not_picked":["animator:Rimuru","animator:Eris+1"],"picked":"animator:Shizu+1","floor":66.0},{"not_picked":["animator:MetalKnight","animator:Evileye","animator:IzunaHatsuse"],"picked":"SKIP","floor":68.0},{"not_picked":["animator:Genos","animator:MumenRider","animator:Shion"],"picked":"SKIP","floor":69}],"player_experience":2633564,"relics_obtained":[{"floor":7.0,"key":"Letter Opener"},{"floor":9.0,"key":"Sundial"},{"floor":11.0,"key":"Molten Egg 2"},{"floor":13.0,"key":"Shuriken"},{"floor":23.0,"key":"Paper Frog"},{"floor":26.0,"key":"HornCleat"},{"floor":27.0,"key":"Paper Crane"},{"floor":29.0,"key":"Vajra"},{"floor":37.0,"key":"Shovel"},{"floor":40.0,"key":"Strawberry"},{"floor":42.0,"key":"Blue Candle"},{"floor":44.0,"key":"animator:Buoy"},{"floor":45.0,"key":"MawBank"},{"floor":49.0,"key":"Pear"},{"floor":53.0,"key":"Bottled Lightning"},{"floor":54.0,"key":"animator:TheEgnaroPiece"},{"floor":54.0,"key":"animator:AncientMedallion"},{"floor":57.0,"key":"animator:AncientMedallion"},{"floor":62.0,"key":"animator:AncientMedallion"},{"floor":64.0,"key":"animator:AncientMedallion"},{"floor":65.0,"key":"animator:AncientMedallion"},{"floor":68.0,"key":"animator:AncientMedallion"},{"floor":69,"key":"animator:AncientMedallion"}],"event_choices":[{"damage_healed":0.0,"max_hp_gain":0.0,"max_hp_loss":0.0,"gold_gain":0.0,"event_name":"Shining Light","player_choice":"Entered Light","floor":2.0,"gold_loss":0.0,"damage_taken":18.0,"cards_upgraded":["animator:Defend_HitsugiNoChaika","animator:Strike"]},{"damage_healed":0.0,"max_hp_gain":0.0,"max_hp_loss":0.0,"gold_gain":0.0,"event_name":"Liars Game","player_choice":"Ignored","floor":4.0,"gold_loss":0.0,"damage_taken":0.0},{"cards_removed":["animator:Strike"],"damage_healed":0.0,"max_hp_gain":0.0,"max_hp_loss":0.0,"gold_gain":0.0,"event_name":"Living Wall","player_choice":"Forget","floor":5.0,"gold_loss":0.0,"damage_taken":0.0},{"damage_healed":0.0,"max_hp_gain":0.0,"max_hp_loss":0.0,"gold_gain":0.0,"event_name":"Dead Adventurer","player_choice":"Searched \u00271\u0027 times","floor":7.0,"gold_loss":0.0,"damage_taken":0.0},{"damage_healed":0.0,"max_hp_gain":0.0,"max_hp_loss":0.0,"gold_gain":0.0,"event_name":"Vampires","player_choice":"Ignored","floor":20.0,"gold_loss":0.0,"damage_taken":0.0},{"damage_healed":0.0,"max_hp_gain":0.0,"max_hp_loss":0.0,"gold_gain":0.0,"event_name":"Drug Dealer","player_choice":"Inject Mutagens","floor":21.0,"gold_loss":0.0,"damage_taken":0.0,"relics_obtained":["MutagenicStrength"]},{"cards_removed":["animator:Strike_HitsugiNoChaika"],"damage_healed":0.0,"max_hp_gain":0.0,"max_hp_loss":0.0,"gold_gain":0.0,"event_name":"Beggar","player_choice":"Gave Gold","floor":22.0,"gold_loss":75.0,"damage_taken":0.0},{"damage_healed":0.0,"max_hp_gain":0.0,"max_hp_loss":0.0,"gold_gain":0.0,"event_name":"Mysterious Sphere","player_choice":"Fight","floor":37.0,"gold_loss":0.0,"damage_taken":0.0},{"damage_healed":0.0,"max_hp_gain":0.0,"max_hp_loss":0.0,"gold_gain":0.0,"cards_transformed":["animator:Defend_HitsugiNoChaika"],"event_name":"Transmorgrifier","player_choice":"Transformed","floor":38.0,"gold_loss":0.0,"damage_taken":0.0,"cards_obtained":["animator:Hibiki"]},{"damage_healed":0.0,"max_hp_gain":0.0,"max_hp_loss":0.0,"gold_gain":0.0,"event_name":"Winding Halls","player_choice":"Embrace Madness","floor":48.0,"gold_loss":0.0,"damage_taken":11.0,"cards_obtained":["animator:HigakiRinne"]},{"damage_healed":0.0,"max_hp_gain":0.0,"max_hp_loss":0.0,"gold_gain":0.0,"event_name":"SensoryStone","player_choice":"Memory 3","floor":58.0,"gold_loss":0.0,"damage_taken":10.0}],"is_beta":false,"boss_relics":[{"not_picked":["construct:WeddingRing","Runic Dome"],"picked":"animator:RacePiece"},{"not_picked":["SacredBark","Pandora\u0027s Box"],"picked":"Fusion Hammer"}],"items_purged_floors":[3,14],"is_endless":false,"potions_floor_spawned":[1,10,13,18,25,29,31,33,35,40,42,47,55,61,68],"ascension_level":20}}