{"host":"6hzrz31j95f2y1pa","time":1610757422,"event":{"mods":["BaseMod","Colored Map","Downfall","Minty Spire (QoL Compilation)","StSLib"],"gold_per_floor":[99,99,109,127,127,155,201,26,83,97,97,110,120,120,140,140,140,140],"floor_reached":16,"language":"ENG","playtime":793,"items_purged":["Guardian:Defend_Guardian"],"score":128,"play_id":"a4a64c9e-fa5a-438f-a6cf-20168354ef92","local_time":"20210115193702","is_ascension_mode":true,"campfire_choices":[{"data":"Guardian:TwinSlam","floor":1,"key":"SMITH"},{"floor":11,"key":"REST"}],"circlet_count":0,"master_deck":["Guardian:Strike_Guardian","Guardian:Strike_Guardian","Guardian:Strike_Guardian","Guardian:Strike_Guardian","Guardian:Defend_Guardian","Guardian:Defend_Guardian","Guardian:Defend_Guardian","Guardian:CurlUp","Guardian:TwinSlam+1","Guardian:Recover","Guardian:Orbwalk","Guardian:BronzeArmor","Guardian:FloatingOrbs","Guardian:ChargeUp","Guardian:ShieldCharger","Guardian:Gem_Cyan","Guardian:ChargeCore","Guardian:Gem_Blue","Guardian:Gem_Green","Guardian:Gem_Cyan","Guardian:Gem_Fragmented"],"relics":["Guardian:ModeShifter","Bag of Preparation","Pen Nib","PreservedInsect","Tiny Chest","Akabeko","Guardian:PickAxe"],"acts_visited":["Exordium"],"potions_floor_usage":[14],"damage_taken":[{"damage":0,"enemies":"Small Slimes","floor":3,"turns":3},{"damage":12,"enemies":"Jaw Worm","floor":4,"turns":6},{"damage":13,"enemies":"Lagavulin","floor":6,"turns":10},{"damage":0,"enemies":"downfall:FleeingMerchant","floor":8,"turns":4},{"damage":16,"enemies":"Gremlin Nob","floor":9,"turns":3},{"damage":2,"enemies":"2 Louse","floor":10,"turns":2},{"damage":7,"enemies":"2 Fungi Beasts","floor":12,"turns":6},{"damage":4,"enemies":"Lots of Slimes","floor":13,"turns":6},{"damage":2,"enemies":"Lots of Slimes","floor":14,"turns":5},{"damage":8,"enemies":"Large Slime","floor":15,"turns":5},{"damage":27,"enemies":"WA_ARCHETYPE_RETAIN","floor":16,"turns":4}],"seed_played":"-1886897452560797092","potions_obtained":[{"floor":6,"key":"bronze:BurnAndBuffPotion"},{"floor":9,"key":"Energy Potion"},{"floor":10,"key":"Energy Potion"},{"floor":15,"key":"Guardian:DefensiveModePotion"}],"is_trial":false,"path_per_floor":["R","?","M","M","?","E","T","$","?","M","R","M","M","?","M","B"],"character_chosen":"GUARDIAN","items_purchased":["Guardian:Gem_Green","Guardian:FloatingOrbs"],"campfire_rested":1,"item_purchase_floors":[8,8],"current_hp_per_floor":[80,80,80,68,50,37,37,37,21,19,43,36,32,30,22,0,0,0],"gold":140,"neow_bonus":"RANDOM_COMMON_RELIC","is_daily":false,"chose_seed":false,"campfire_upgraded":1,"win_rate":0.0,"timestamp":1610757422,"path_taken":["R","?","M","M","?","E","T","$","?","M","R","M","M","?","M","BOSS"],"items_purchased_type":["Card","Card"],"build_version":"2020-12-22","purchased_purges":1,"victory":false,"max_hp_per_floor":[80,80,80,80,80,80,80,80,80,80,80,80,80,80,80,80,80,80],"card_choices":[{"not_picked":["Guardian:Gem_Lightblue","Guardian:TimeBomb"],"picked":"Guardian:Gem_White","floor":3},{"not_picked":["Guardian:Reroute","Guardian:Gem_Lightblue"],"picked":"Guardian:Recover","floor":4},{"not_picked":["Guardian:DonusPower","Guardian:ArmoredProtocol"],"picked":"Guardian:Orbwalk","floor":6},{"not_picked":["Guardian:PrismaticBarrier","Guardian:CrystalBeam"],"picked":"Guardian:BronzeArmor","floor":8},{"not_picked":["Guardian:Planning","Guardian:TemporalShield"],"picked":"Guardian:ChargeUp","floor":9},{"not_picked":["Guardian:PrimingBeam","Guardian:Suspension"],"picked":"Guardian:ShieldCharger","floor":10},{"not_picked":["Guardian:TimeBomb","Guardian:RollAttack"],"picked":"Guardian:Gem_Cyan","floor":12},{"not_picked":["Guardian:WalkerClaw","Guardian:Gem_Yellow"],"picked":"Guardian:ChargeCore","floor":13},{"not_picked":["Guardian:Gem_White","Guardian:Gem_Green"],"picked":"Guardian:Gem_Fragmented","floor":15}],"player_experience":1333866,"relics_obtained":[{"floor":6,"key":"PreservedInsect"},{"floor":7,"key":"Tiny Chest"},{"floor":9,"key":"Akabeko"}],"event_choices":[{"damage_healed":0,"gold_gain":0,"player_choice":"Success","damage_taken":18,"relics_obtained":["Pen Nib"],"max_hp_gain":0,"max_hp_loss":0,"event_name":"Scrap Ooze","floor":5,"gold_loss":0}],"is_beta":false,"boss_relics":[],"items_purged_floors":[8],"is_endless":false,"potions_floor_spawned":[6,9,10,12,15],"killed_by":"WA_ARCHETYPE_RETAIN","ascension_level":5}}