{"host":"x5anfo2w8aotfuta","time":1610830643,"event":{"mods":["AchievementEnabler","BaseMod","Bestiary","Block Reminder","Colored Map","Colored Powertips","DeckTracker","Highlight Path","Minty Spire (QoL Compilation)","Quick Restart","Rare Cards Sparkle","Relic Stats","StSLib"],"gold_per_floor":[113,126,31,31,49,49,77,77,77,96,126,126,14,32,32,134,134,147,160,172,172,122,122,122,122],"floor_reached":24,"language":"ENG","playtime":1549,"items_purged":["Strike_B"],"score":268,"play_id":"e5c094ab-a1e0-4dec-adf1-86ddf9f1c9df","local_time":"20210116125723","is_ascension_mode":true,"campfire_choices":[{"data":"Go for the Eyes","floor":6,"key":"SMITH"},{"data":"Coolheaded","floor":8,"key":"SMITH"},{"data":"Streamline","floor":12,"key":"SMITH"},{"data":"Hologram","floor":15,"key":"SMITH"},{"floor":23,"key":"REST"}],"circlet_count":0,"master_deck":["Defend_B","Defend_B","Defend_B","Zap","Dualcast","Go for the Eyes+1","Rip and Tear","Sunder","Compile Driver","Coolheaded+1","Streamline+1","Darkness","Capacitor","Hologram+1","Rainbow","Echo Form+1","Biased Cognition+1","Fusion+1","Steam+1","Self Repair+1","Leap+1","Barrage+1"],"relics":["Nuclear Battery","FaceOfCleric","Dream Catcher","Mercury Hourglass","Matryoshka","Astrolabe"],"acts_visited":["Exordium","TheCity"],"potions_floor_usage":[7,24],"damage_taken":[{"damage":3,"enemies":"Jaw Worm","floor":1,"turns":4},{"damage":1,"enemies":"Cultist","floor":2,"turns":4},{"damage":1,"enemies":"Small Slimes","floor":5,"turns":3},{"damage":18,"enemies":"Lagavulin","floor":7,"turns":7},{"damage":1,"enemies":"Looter","floor":10,"turns":2},{"damage":15,"enemies":"Gremlin Nob","floor":11,"turns":3},{"damage":7,"enemies":"Red Slaver","floor":14,"turns":3},{"damage":11,"enemies":"Hexaghost","floor":16,"turns":7},{"damage":34,"enemies":"2 Thieves","floor":18,"turns":4},{"damage":14,"enemies":"3 Byrds","floor":19,"turns":4},{"damage":17,"enemies":"Snake Plant","floor":20,"turns":4},{"damage":29,"enemies":"Slavers","floor":24,"turns":4}],"seed_played":"5416285981043418689","potions_obtained":[{"floor":2,"key":"Block Potion"},{"floor":10,"key":"PotionOfCapacity"},{"floor":20,"key":"Explosive Potion"}],"is_trial":false,"path_per_floor":["M","M","$","?","M","R","E","R","T","M","E","R","$","M","R","B",null,"M","M","M","?","?","R","E"],"character_chosen":"DEFECT","items_purchased":["Sunder","Compile Driver","Capacitor"],"campfire_rested":1,"item_purchase_floors":[3,3,13],"current_hp_per_floor":[65,64,64,64,64,64,47,47,47,47,33,33,33,27,27,17,65,32,19,13,13,13,38,9,9],"gold":122,"neow_bonus":"BOSS_RELIC","is_daily":false,"chose_seed":false,"campfire_upgraded":4,"win_rate":0.0,"timestamp":1610830643,"path_taken":["M","M","$","?","M","R","E","R","T","M","E","R","$","M","R","BOSS","M","M","?","?","?","R","E"],"items_purchased_type":["Card","Card","Card"],"build_version":"2020-12-22","purchased_purges":1,"victory":false,"max_hp_per_floor":[75,75,75,75,76,76,77,77,77,78,79,79,79,80,80,81,81,82,83,84,84,84,84,84,84],"relic_stats":{"Dream Catcher":1,"FaceOfCleric":9,"counters":[12,48],"Astrolabe":["Echo Form","Biased Cognition","Fusion"],"obtain_stats":[{"Dream Catcher":7,"Matryoshka":11,"FaceOfCleric":4,"Astrolabe":17,"Cracked Core":0,"Nuclear Battery":0,"Mercury Hourglass":9},{"Dream Catcher":4,"Matryoshka":6,"FaceOfCleric":2,"Astrolabe":8,"Cracked Core":0,"Nuclear Battery":0,"Mercury Hourglass":4},{"Dream Catcher":18,"Matryoshka":23,"FaceOfCleric":8,"Astrolabe":33,"Cracked Core":0,"Nuclear Battery":0,"Mercury Hourglass":18}],"Mercury Hourglass":[134]},"card_choices":[{"not_picked":["Conserve Battery","Steam"],"picked":"Go for the Eyes","floor":1},{"not_picked":["Tempest","Steam"],"picked":"Rip and Tear","floor":2},{"not_picked":["Rebound","Self Repair"],"picked":"Coolheaded","floor":5},{"not_picked":["Aggregate","Redo","Stack"],"picked":"SKIP","floor":7},{"not_picked":["Force Field","Reprogram"],"picked":"Streamline","floor":10},{"not_picked":["Barrage","Meteor Strike"],"picked":"Darkness","floor":11},{"not_picked":["Barrage","Scrape"],"picked":"Hologram","floor":14},{"not_picked":["Meteor Strike","Amplify"],"picked":"Rainbow","floor":16},{"not_picked":["Stack","Redo"],"picked":"Steam+1","floor":18},{"not_picked":["Melter","Capacitor"],"picked":"Self Repair+1","floor":19},{"not_picked":["Scrape+1","Barrage"],"picked":"Leap+1","floor":20},{"not_picked":["Reprogram+1","Blizzard"],"picked":"Barrage+1","floor":23}],"player_experience":455077,"relics_obtained":[{"floor":7,"key":"Dream Catcher"},{"floor":9,"key":"Mercury Hourglass"},{"floor":11,"key":"Matryoshka"}],"event_choices":[{"damage_healed":0,"gold_gain":0,"player_choice":"Trade","damage_taken":0,"relics_obtained":["FaceOfCleric"],"max_hp_gain":0,"max_hp_loss":0,"event_name":"FaceTrader","floor":4,"gold_loss":0},{"cards_removed":["Strike_B"],"damage_healed":0,"gold_gain":0,"player_choice":"Elegance","damage_taken":0,"max_hp_gain":0,"max_hp_loss":0,"event_name":"Back to Basics","floor":21,"gold_loss":0},{"damage_healed":0,"gold_gain":0,"player_choice":"Bet on Murderer","damage_taken":0,"max_hp_gain":0,"max_hp_loss":0,"event_name":"The Joust","floor":22,"gold_loss":50}],"is_beta":false,"boss_relics":[{"not_picked":["Tiny House","Busted Crown"],"picked":"Astrolabe"}],"items_purged_floors":[13],"is_endless":false,"potions_floor_spawned":[2,10,20],"killed_by":"Slavers","ascension_level":6}}