{"host":"cf32014d19ld5mat","time":1610796818,"event":{"mods":["AchievementEnabler","BaseMod","Block Reminder","Minty Spire (QoL Compilation)","Random Character Button","Relic Stats","StSLib"],"gold_per_floor":[109,109,122,135,135,135,149,180,204,237,15,34,78,101,101,222,222,236,161,184,99,111,123,135,179,191,203,215,246,276,317,329,341,341],"floor_reached":33,"language":"ENG","playtime":1282,"items_purged":["Strike_R"],"score":458,"play_id":"5d5931e6-e408-430a-984f-08a2171e10d3","local_time":"20210116113338","is_ascension_mode":true,"campfire_choices":[{"data":"Whirlwind","floor":6.0,"key":"SMITH"},{"data":"True Grit","floor":15.0,"key":"SMITH"},{"data":"Immolate","floor":23,"key":"SMITH"},{"data":"Reaper","floor":27,"key":"SMITH"},{"data":"Spot Weakness","floor":32,"key":"SMITH"}],"circlet_count":0,"master_deck":["AscendersBane","Strike_R","Strike_R","Strike_R+1","Defend_R","Defend_R+1","Defend_R+1","Defend_R","Bash+1","CurseOfTheBell","Shrug It Off","Whirlwind+1","Cleave","Immolate+1","True Grit+1","Spot Weakness+1","Reaper+1","Ghostly Armor+1","Flame Barrier+1","Disarm","Pommel Strike"],"relics":["Calling Bell","Dream Catcher","HornCleat","Gambling Chip","Bloody Idol","Vajra","War Paint","Bag of Preparation","Whetstone","Self Forming Clay","Sozu","MawBank","Bag of Marbles","Mercury Hourglass","Frozen Egg 2","Kunai"],"acts_visited":["Exordium","TheCity"],"potions_floor_usage":[16,16,33],"damage_taken":[{"damage":7.0,"enemies":"Small Slimes","floor":1.0,"turns":4.0},{"damage":3.0,"enemies":"2 Louse","floor":3.0,"turns":4.0},{"damage":6.0,"enemies":"Jaw Worm","floor":4.0,"turns":5.0},{"damage":6.0,"enemies":"Exordium Thugs","floor":7.0,"turns":3.0},{"damage":11.0,"enemies":"3 Sentries","floor":8.0,"turns":5.0},{"damage":20.0,"enemies":"Lagavulin","floor":10.0,"turns":4.0},{"damage":0.0,"enemies":"Exordium Wildlife","floor":12.0,"turns":1.0},{"damage":3.0,"enemies":"3 Sentries","floor":13.0,"turns":6.0},{"damage":0.0,"enemies":"Looter","floor":14.0,"turns":3.0},{"damage":4,"enemies":"Hexaghost","floor":16,"turns":9},{"damage":38,"enemies":"Chosen","floor":18,"turns":6},{"damage":0,"enemies":"Shell Parasite","floor":20,"turns":4},{"damage":25,"enemies":"Book of Stabbing","floor":25,"turns":5},{"damage":2,"enemies":"Centurion and Healer","floor":29,"turns":5},{"damage":0,"enemies":"Sentry and Sphere","floor":30,"turns":3},{"damage":15,"enemies":"Gremlin Leader","floor":31,"turns":6},{"damage":67,"enemies":"Champ","floor":33,"turns":16}],"seed_played":"1270504216965866657","potions_obtained":[{"floor":1.0,"key":"FearPotion"},{"floor":7.0,"key":"SpeedPotion"},{"floor":8.0,"key":"Strength Potion"},{"floor":14.0,"key":"FearPotion"},{"floor":16,"key":"SkillPotion"}],"is_trial":false,"path_per_floor":["M","?","M","M","?","R","M","E","T","E","$","M","E","M","R","B",null,"M","?","M","?","?","R","T","E","T","R","?","M","M","E","R","B"],"character_chosen":"IRONCLAD","items_purchased":["Whetstone"],"campfire_rested":0,"item_purchase_floors":[11],"current_hp_per_floor":[65,65,62,56,56,56,50,39,39,19,19,19,16,16,16,12,59,26,26,26,26,26,31,36,33,38,43,48,74,74,74,74,7,7],"gold":341,"neow_bonus":"BOSS_RELIC","is_daily":false,"chose_seed":false,"campfire_upgraded":5,"win_rate":0.0,"timestamp":1610796818,"path_taken":["M","?","M","M","?","R","M","E","T","E","$","M","E","M","R","BOSS","M","?","M","?","?","R","?","E","T","R","?","?","M","E","R","BOSS"],"items_purchased_type":["Relic"],"build_version":"2020-12-22","purchased_purges":1,"victory":false,"max_hp_per_floor":[80,74,74,74,74,74,74,74,74,74,74,74,74,74,74,74,74,74,74,74,74,74,74,74,74,74,74,74,74,74,74,74,74,74],"relic_stats":{"counters":[17,89],"Self Forming Clay":[42],"Bag of Preparation":[22],"Whetstone":["Strike_R","Bash"],"War Paint":["Defend_R","Defend_R"],"MawBank":144,"Mercury Hourglass":[75],"Sozu":2,"Dream Catcher":0,"Gambling Chip":[45],"Bloody Idol":42,"Kunai":[1],"obtain_stats":[{"Golden Idol":2,"Self Forming Clay":13,"Vajra":8,"Bag of Preparation":10,"Whetstone":11,"War Paint":9,"Frozen Egg 2":26,"MawBank":21,"Burning Blood":0,"Mercury Hourglass":25,"Calling Bell":0,"Sozu":17,"Dream Catcher":0,"HornCleat":0,"Gambling Chip":0,"Bloody Idol":22,"Bag of Marbles":24,"Kunai":31},{"Golden Idol":1,"Self Forming Clay":8,"Vajra":5,"Bag of Preparation":6,"Whetstone":6,"War Paint":5,"Frozen Egg 2":13,"MawBank":12,"Burning Blood":0,"Mercury Hourglass":13,"Calling Bell":0,"Sozu":10,"Dream Catcher":0,"HornCleat":0,"Gambling Chip":0,"Bloody Idol":12,"Bag of Marbles":12,"Kunai":16},{"Golden Idol":4,"Self Forming Clay":32,"Vajra":21,"Bag of Preparation":25,"Whetstone":25,"War Paint":21,"Frozen Egg 2":59,"MawBank":54,"Burning Blood":0,"Mercury Hourglass":59,"Calling Bell":0,"Sozu":44,"Dream Catcher":0,"HornCleat":0,"Gambling Chip":0,"Bloody Idol":54,"Bag of Marbles":54,"Kunai":73}]},"card_choices":[{"not_picked":["Havoc","Bloodletting"],"picked":"Shrug It Off","floor":1.0},{"not_picked":["Cleave","Sentinel"],"picked":"Whirlwind","floor":3.0},{"not_picked":["Pommel Strike","Blood for Blood"],"picked":"Cleave","floor":4.0},{"not_picked":["Flex","Heavy Blade","Perfected Strike"],"picked":"SKIP","floor":7.0},{"not_picked":["Wild Strike","Inflame"],"picked":"Immolate","floor":8.0},{"not_picked":["True Grit","Body Slam","Blood for Blood"],"picked":"SKIP","floor":10.0},{"not_picked":["Body Slam","Blood for Blood"],"picked":"True Grit","floor":10.0},{"not_picked":["Wild Strike","Body Slam","Twin Strike"],"picked":"SKIP","floor":12.0},{"not_picked":["Headbutt","Havoc","Entrench"],"picked":"SKIP","floor":13.0},{"not_picked":["Sword Boomerang","Heavy Blade"],"picked":"Spot Weakness","floor":14.0},{"not_picked":["Immolate","Impervious"],"picked":"Reaper","floor":16},{"not_picked":["Clothesline","Wild Strike","Anger+1"],"picked":"SKIP","floor":18},{"not_picked":["Impervious","Dark Embrace"],"picked":"Ghostly Armor+1","floor":20},{"not_picked":["Battle Trance","Evolve"],"picked":"Flame Barrier+1","floor":25},{"not_picked":["Headbutt","Whirlwind"],"picked":"Disarm","floor":29},{"not_picked":["Infernal Blade+1","Perfected Strike","Bloodletting"],"picked":"SKIP","floor":30},{"not_picked":["Carnage","Armaments"],"picked":"Pommel Strike","floor":31}],"player_experience":975208,"relics_obtained":[{"floor":0.0,"key":"Dream Catcher"},{"floor":0.0,"key":"HornCleat"},{"floor":0.0,"key":"Gambling Chip"},{"floor":8.0,"key":"Vajra"},{"floor":9.0,"key":"War Paint"},{"floor":10.0,"key":"Bag of Preparation"},{"floor":13.0,"key":"Self Forming Clay"},{"floor":24,"key":"Bag of Marbles"},{"floor":25,"key":"Mercury Hourglass"},{"floor":26,"key":"Frozen Egg 2"},{"floor":31,"key":"Kunai"}],"event_choices":[{"damage_healed":0.0,"max_hp_gain":0.0,"max_hp_loss":6.0,"gold_gain":0.0,"event_name":"Golden Idol","player_choice":"Lose Max HP","floor":2.0,"gold_loss":0.0,"damage_taken":0.0,"relics_obtained":["Golden Idol"]},{"damage_healed":0.0,"max_hp_gain":0.0,"max_hp_loss":0.0,"gold_gain":0.0,"event_name":"Liars Game","player_choice":"Ignored","floor":5.0,"gold_loss":0.0,"damage_taken":0.0},{"cards_removed":["Strike_R"],"damage_healed":0,"gold_gain":0,"player_choice":"Gave Gold","damage_taken":0,"max_hp_gain":0,"max_hp_loss":0,"event_name":"Beggar","floor":19,"gold_loss":75},{"damage_healed":0,"gold_gain":0,"player_choice":"Obtained Relic","damage_taken":0,"relics_obtained":["MawBank"],"max_hp_gain":0,"max_hp_loss":0,"event_name":"Addict","floor":21,"gold_loss":85},{"damage_healed":0,"gold_gain":0,"player_choice":"Gave Idol","damage_taken":0,"relics_obtained":["Bloody Idol"],"max_hp_gain":0,"max_hp_loss":0,"event_name":"Forgotten Altar","floor":22,"relics_lost":["Golden Idol"],"gold_loss":0},{"damage_healed":0,"gold_gain":0,"player_choice":"Ignored","damage_taken":0,"max_hp_gain":0,"max_hp_loss":0,"event_name":"Vampires","floor":28,"gold_loss":0}],"is_beta":false,"boss_relics":[{"not_picked":["Runic Dome","Ectoplasm"],"picked":"Sozu"}],"items_purged_floors":[11],"is_endless":false,"potions_floor_spawned":[1,7,8,14,16,25,29],"killed_by":"Champ","ascension_level":10}}