{"host":"3rixevx6n8b56xaj","time":1610773240,"event":{"mods":["2.2 Compatiblity","AchievementEnabler","Arknights The Spire","BaseMod","Colored Map","DeckTracker","Friendly Minions","Minty Spire (QoL Compilation)","Poor People Problems","StSLib","SuperFastMode"],"gold_per_floor":[112,287,306,316,316,316,341,155,155,155,155,174,193,207,207,305,305,323,323,342,67,166,195,213,128,155,155,166,195,214,90,90,185,185,197,211,261,278,278,278,306,306,306,324,324,338,353,388,388,388,388,388,12,47,47],"floor_reached":56,"language":"KOR","playtime":1960,"items_purged":["Doubt","Strike_B","Defend_B"],"score":1324,"play_id":"10c4b8cf-034a-47ec-ab5c-2b82cef6298a","local_time":"20210116140040","is_ascension_mode":false,"campfire_choices":[{"data":"White Noise","floor":6.0,"key":"SMITH"},{"data":"Sunder","floor":10.0,"key":"SMITH"},{"data":"Seek","floor":15.0,"key":"SMITH"},{"data":"Coolheaded","floor":27.0,"key":"SMITH"},{"data":"Heatsinks","floor":32.0,"key":"SMITH"},{"floor":40.0,"key":"RECALL"},{"floor":42.0,"key":"REST"},{"floor":49,"key":"REST"},{"floor":52,"key":"REST"}],"circlet_count":0,"master_deck":["Strike_B","Strike_B","Strike_B","Defend_B+1","Defend_B","Defend_B","Zap","Dualcast","Rainbow","Defragment+1","White Noise+1","Ball Lightning","Compile Driver","Seek+1","Storm","Sunder+1","Undo","Heatsinks+1","Electrodynamics","Loop+1","Coolheaded+1","Conserve Battery","Amplify","Storm+1","Coolheaded","Capacitor","Glacier","Deep Breath","Panacea","Purity","Double Energy","Defragment+1","Defragment","Lockon"],"relics":["FrozenCore","The Courier","Orrery","Matryoshka","HornCleat","Art of War","Happy Flower","Mercury Hourglass","Oddly Smooth Stone","Bottled Lightning","Medical Kit","Fusion Hammer","Turnip","Boot","Strawberry","Orichalcum","Bag of Preparation","TheAbacus","Bronze Scales"],"acts_visited":["Exordium","TheCity","TheBeyond","TheEnding"],"potions_floor_usage":[55,55,55],"damage_taken":[{"damage":1.0,"enemies":"Jaw Worm","floor":1.0,"turns":4.0},{"damage":2.0,"enemies":"Small Slimes","floor":3.0,"turns":3.0},{"damage":0.0,"enemies":"2 Louse","floor":4.0,"turns":2.0},{"damage":13.0,"enemies":"3 Sentries","floor":7.0,"turns":5.0},{"damage":0.0,"enemies":"Large Slime","floor":12.0,"turns":3.0},{"damage":4.0,"enemies":"Blue Slaver","floor":13.0,"turns":3.0},{"damage":1.0,"enemies":"2 Fungi Beasts","floor":14.0,"turns":3.0},{"damage":14.0,"enemies":"Hexaghost","floor":16.0,"turns":7.0},{"damage":3.0,"enemies":"3 Byrds","floor":18.0,"turns":3.0},{"damage":9.0,"enemies":"Shell Parasite","floor":20.0,"turns":5.0},{"damage":6.0,"enemies":"Slavers","floor":23.0,"turns":3.0},{"damage":14.0,"enemies":"Snake Plant","floor":24.0,"turns":5.0},{"damage":0.0,"enemies":"Sentry and Sphere","floor":28.0,"turns":4.0},{"damage":0.0,"enemies":"Gremlin Leader","floor":29.0,"turns":4.0},{"damage":5.0,"enemies":"Chosen and Byrds","floor":30.0,"turns":4.0},{"damage":0.0,"enemies":"Collector","floor":33.0,"turns":6.0},{"damage":2.0,"enemies":"3 Darklings","floor":35.0,"turns":3.0},{"damage":0.0,"enemies":"Orb Walker","floor":36.0,"turns":3.0},{"damage":0.0,"enemies":"Mind Bloom Boss Battle","floor":37.0,"turns":3.0},{"damage":7.0,"enemies":"Writhing Mass","floor":38.0,"turns":3.0},{"damage":3.0,"enemies":"Nemesis","floor":41.0,"turns":5.0},{"damage":10.0,"enemies":"Jaw Worm Horde","floor":44.0,"turns":2.0},{"damage":10,"enemies":"4 Shapes","floor":46,"turns":3},{"damage":0,"enemies":"Maw","floor":47,"turns":4},{"damage":36,"enemies":"Giant Head","floor":48,"turns":12},{"damage":8,"enemies":"Donu and Deca","floor":50,"turns":5},{"damage":4,"enemies":"Shield and Spear","floor":54,"turns":4},{"damage":48,"enemies":"The Heart","floor":55,"turns":5}],"seed_played":"2965984905857936234","potions_obtained":[{"floor":1.0,"key":"SmokeBomb"},{"floor":3.0,"key":"Swift Potion"},{"floor":7.0,"key":"SkillPotion"},{"floor":16.0,"key":"Weak Potion"},{"floor":24.0,"key":"Strength Potion"},{"floor":28.0,"key":"DistilledChaos"},{"floor":29.0,"key":"SmokeBomb"},{"floor":30.0,"key":"DistilledChaos"},{"floor":33.0,"key":"AttackPotion"},{"floor":35.0,"key":"Ancient Potion"},{"floor":38.0,"key":"BlessingOfTheForge"},{"floor":54,"key":"LiquidBronze"}],"is_trial":false,"path_per_floor":["M","?","M","M","?","R","E","$","T","R","?","M","M","M","R","B",null,"M","?","M","$","?","E","M","?","T","R","M","E","M","$","R","B",null,"M","M","?","M","?","R","E","R","T","M","?","M","M","E","R","B",null,"R","$","E","B",null],"character_chosen":"DEFECT","items_purchased":["Orrery","HornCleat","Medical Kit","Bag of Preparation","TheAbacus","Defragment"],"campfire_rested":3,"item_purchase_floors":[8,21,31,53,53,53],"current_hp_per_floor":[74,74,72,72,57,57,44,44,44,44,49,49,45,44,44,30,80,77,62,53,53,53,47,33,33,33,33,33,33,28,28,28,28,85,83,83,83,76,76,76,73,85,92,82,72,62,62,26,53,45,92,92,92,88,40],"gold":47,"neow_bonus":"ONE_RANDOM_RARE_CARD","is_daily":false,"chose_seed":false,"campfire_upgraded":5,"win_rate":0.0,"timestamp":1610773240,"path_taken":["M","?","M","M","?","R","E","$","T","R","?","M","M","M","R","BOSS","M","?","M","$","?","E","M","?","T","R","M","E","M","$","R","BOSS","M","M","?","M","?","R","E","R","T","M","?","M","M","E","R","BOSS","R","$","E","BOSS"],"items_purchased_type":["Relic","Relic","Relic","Relic","Relic","Card"],"build_version":"2020-12-22","purchased_purges":3,"victory":true,"max_hp_per_floor":[75,75,75,75,75,75,75,75,75,75,80,80,80,80,80,80,80,80,85,85,85,85,85,85,85,85,85,85,85,85,85,85,85,85,85,85,85,85,85,85,85,85,92,92,92,92,92,92,92,92,92,92,92,92,92],"card_choices":[{"not_picked":["Aggregate","Sweeping Beam"],"picked":"Defragment","floor":1.0},{"not_picked":["Hologram","Sweeping Beam"],"picked":"Rip and Tear","floor":3.0},{"not_picked":["Skim","Static Discharge"],"picked":"White Noise","floor":4.0},{"not_picked":["Darkness","Sweeping Beam"],"picked":"Ball Lightning","floor":7.0},{"not_picked":["Double Energy","Steam"],"picked":"Compile Driver","floor":8.0},{"not_picked":["Stack","Aggregate"],"picked":"Seek","floor":8.0},{"not_picked":["Redo","Stack"],"picked":"Storm","floor":8.0},{"not_picked":["Streamline","Rebound"],"picked":"Sunder","floor":8.0},{"not_picked":["Barrage","Steam Power"],"picked":"Undo","floor":12.0},{"not_picked":["Stack","Leap"],"picked":"Heatsinks","floor":13.0},{"not_picked":["Rebound","Turbo","Redo"],"picked":"SKIP","floor":14.0},{"not_picked":["Fission","Meteor Strike"],"picked":"Electrodynamics","floor":16.0},{"not_picked":["Capacitor","Sweeping Beam+1"],"picked":"Loop+1","floor":18.0},{"not_picked":["Steam+1","Tempest","Compile Driver+1"],"picked":"SKIP","floor":20.0},{"not_picked":["Steam+1","Aggregate"],"picked":"Coolheaded","floor":23.0},{"not_picked":["White Noise","Turbo","Hello World+1"],"picked":"SKIP","floor":24.0},{"not_picked":["Sweeping Beam","Leap"],"picked":"Conserve Battery","floor":28.0},{"not_picked":["Hologram","Skim","Leap"],"picked":"SKIP","floor":29.0},{"not_picked":["Blizzard","Genetic Algorithm","Gash"],"picked":"SKIP","floor":30.0},{"not_picked":["Buffer","Machine Learning"],"picked":"Amplify","floor":33.0},{"not_picked":["Leap","Ball Lightning"],"picked":"Storm+1","floor":35.0},{"not_picked":["Doom and Gloom+1","Redo","Steam"],"picked":"SKIP","floor":36.0},{"not_picked":["Hologram","Beam Cell+1"],"picked":"Coolheaded","floor":37.0},{"not_picked":["Turbo","Streamline+1"],"picked":"Capacitor","floor":38.0},{"not_picked":["Recycle","Conserve Battery+1"],"picked":"Glacier","floor":41.0},{"not_picked":["Hologram","Rebound","Ball Lightning"],"picked":"SKIP","floor":44.0},{"not_picked":["Mind Blast","Madness"],"picked":"Deep Breath","floor":45.0},{"not_picked":["Dramatic Entrance","Forethought"],"picked":"Panacea","floor":45.0},{"not_picked":["Impatience","Metamorphosis"],"picked":"Purity","floor":45.0},{"not_picked":["Darkness+1","Auto Shields","Barrage"],"picked":"SKIP","floor":46},{"not_picked":["Ball Lightning","Reprogram"],"picked":"Double Energy","floor":47},{"not_picked":["Doom and Gloom+1","Skim+1"],"picked":"Defragment+1","floor":48},{"not_picked":["Leap","Gash+1"],"picked":"Lockon","floor":54}],"player_experience":623131,"relics_obtained":[{"floor":7.0,"key":"The Courier"},{"floor":9.0,"key":"Matryoshka"},{"floor":23.0,"key":"Art of War"},{"floor":26.0,"key":"Mercury Hourglass"},{"floor":26.0,"key":"Oddly Smooth Stone"},{"floor":29.0,"key":"Bottled Lightning"},{"floor":37.0,"key":"Turnip"},{"floor":41.0,"key":"Boot"},{"floor":43.0,"key":"Strawberry"},{"floor":48,"key":"Orichalcum"},{"floor":54,"key":"Bronze Scales"}],"event_choices":[{"damage_healed":0.0,"max_hp_gain":0.0,"max_hp_loss":0.0,"gold_gain":175.0,"event_name":"Liars Game","player_choice":"AGREE","floor":2.0,"gold_loss":0.0,"damage_taken":0.0,"cards_obtained":["Doubt"]},{"damage_healed":0.0,"max_hp_gain":0.0,"max_hp_loss":0.0,"gold_gain":0.0,"event_name":"Shining Light","player_choice":"Entered Light","floor":5.0,"gold_loss":0.0,"damage_taken":15.0,"cards_upgraded":["Defragment","Defend_B"]},{"damage_healed":0.0,"max_hp_gain":5.0,"max_hp_loss":0.0,"gold_gain":0.0,"event_name":"Big Fish","player_choice":"Donut","floor":11.0,"gold_loss":0.0,"damage_taken":0.0},{"damage_healed":0.0,"max_hp_gain":5.0,"max_hp_loss":0.0,"gold_gain":0.0,"event_name":"Forgotten Altar","player_choice":"Shed Blood","floor":19.0,"gold_loss":0.0,"damage_taken":20.0},{"damage_healed":0.0,"max_hp_gain":0.0,"max_hp_loss":0.0,"gold_gain":99.0,"event_name":"Nest","player_choice":"Stole From Cult","floor":22.0,"gold_loss":0.0,"damage_taken":0.0},{"damage_healed":0.0,"max_hp_gain":0.0,"max_hp_loss":0.0,"gold_gain":0.0,"event_name":"Addict","player_choice":"Obtained Relic","floor":25.0,"gold_loss":85.0,"damage_taken":0.0,"relics_obtained":["Happy Flower"]},{"damage_healed":0.0,"max_hp_gain":0.0,"max_hp_loss":0.0,"gold_gain":0.0,"event_name":"MindBloom","player_choice":"Fight","floor":37.0,"gold_loss":0.0,"damage_taken":0.0},{"cards_removed":["Rip and Tear"],"damage_healed":0.0,"max_hp_gain":0.0,"max_hp_loss":0.0,"gold_gain":0.0,"event_name":"Falling","player_choice":"Removed Attack","floor":39.0,"gold_loss":0.0,"damage_taken":0.0},{"damage_healed":0.0,"max_hp_gain":0.0,"max_hp_loss":0.0,"gold_gain":0.0,"event_name":"SensoryStone","player_choice":"Memory 3","floor":45.0,"gold_loss":0.0,"damage_taken":10.0}],"is_beta":false,"boss_relics":[{"not_picked":["Philosopher\u0027s Stone","Inserter"],"picked":"FrozenCore"},{"not_picked":["Tiny House","Snecko Eye"],"picked":"Fusion Hammer"}],"items_purged_floors":[8,21,53],"is_endless":false,"potions_floor_spawned":[1,3,7,16,24,28,29,30,33,35,38,41,46,54],"ascension_level":0}}