{"host":"oehe2dxjvdgux73m","time":1610777991,"event":{"mods":["AchievementEnabler","BaseMod","Colored Map","Colored Powertips","DeckTracker","Keyboard Shortcuts","Minty Spire (QoL Compilation)","Permanent Neow","Quick Restart","StSLib","SuperFastMode"],"gold_per_floor":[119,137,137,287,212,212,212,212,212,212,241,241,255,267,267,345,345,362,377,377,197,214,240,258,4,4,24,35,35,35,68,68,68,68],"floor_reached":33,"language":"KOR","playtime":1316,"items_purged":["Strike_G","Strike_G"],"score":543,"play_id":"4df7af98-cf3b-488a-ab2d-18c449019e5d","local_time":"20210116151951","is_ascension_mode":true,"campfire_choices":[{"data":"Cloak And Dagger","floor":6.0,"key":"SMITH"},{"data":"Neutralize","floor":8.0,"key":"SMITH"},{"data":"Backstab","floor":10.0,"key":"SMITH"},{"data":"Underhanded Strike","floor":15.0,"key":"SMITH"},{"floor":29.0,"key":"REST"},{"floor":32.0,"key":"REST"}],"circlet_count":0,"master_deck":["AscendersBane","Strike_G+1","Strike_G","Strike_G","Defend_G","Defend_G","Defend_G","Defend_G","Defend_G","Survivor+1","Neutralize+1","Backstab+1","Cloak And Dagger+1","Acrobatics+1","Underhanded Strike+1","Prepared+1","Malaise+1","Quick Slash","PiercingWail+1","Blade Dance+1","Tactician+1","Dodge and Roll+1","Flechettes","Underhanded Strike+1","Underhanded Strike","Terror+1","Phantasmal Killer+1"],"relics":["Ring of the Snake","Omamori","Bag of Preparation","Blood Vial","Toxic Egg 2","Fusion Hammer","MealTicket","Paper Crane","Pear","Molten Egg 2"],"acts_visited":["Exordium","TheCity"],"potions_floor_usage":[33],"damage_taken":[{"damage":1.0,"enemies":"Cultist","floor":1.0,"turns":5.0},{"damage":0.0,"enemies":"Small Slimes","floor":2.0,"turns":3.0},{"damage":0.0,"enemies":"Gremlin Nob","floor":11.0,"turns":3.0},{"damage":0.0,"enemies":"Jaw Worm","floor":13.0,"turns":3.0},{"damage":5.0,"enemies":"2 Fungi Beasts","floor":14.0,"turns":3.0},{"damage":18.0,"enemies":"The Guardian","floor":16.0,"turns":12.0},{"damage":0.0,"enemies":"Shell Parasite","floor":18.0,"turns":4.0},{"damage":6.0,"enemies":"3 Byrds","floor":19.0,"turns":6.0},{"damage":4.0,"enemies":"Snake Plant","floor":22.0,"turns":5.0},{"damage":1.0,"enemies":"Gremlin Leader","floor":23.0,"turns":9.0},{"damage":0.0,"enemies":"Centurion and Healer","floor":24.0,"turns":6.0},{"damage":5.0,"enemies":"3 Cultists","floor":27.0,"turns":5.0},{"damage":3.0,"enemies":"Cultist and Chosen","floor":28.0,"turns":7.0},{"damage":1.0,"enemies":"Book of Stabbing","floor":31.0,"turns":4.0},{"damage":97,"enemies":"Champ","floor":33,"turns":8}],"seed_played":"6470225448875364339","potions_obtained":[{"floor":1.0,"key":"SneckoOil"},{"floor":2.0,"key":"FearPotion"},{"floor":13.0,"key":"CultistPotion"},{"floor":16.0,"key":"ColorlessPotion"},{"floor":19.0,"key":"DuplicationPotion"},{"floor":23.0,"key":"SpeedPotion"},{"floor":28.0,"key":"AttackPotion"}],"is_trial":false,"path_per_floor":["M","M","?","?","$","R","T","R","T","R","E","?","M","M","R","B",null,"M","M","?","$","M","E","M","$","T","M","M","R","$","E","R","B"],"character_chosen":"THE_SILENT","items_purchased":["Tactician+1","Dodge and Roll+1","Paper Crane"],"campfire_rested":2,"item_purchase_floors":[21,21,25],"current_hp_per_floor":[58,58,63,63,63,63,63,63,63,63,65,44,46,43,43,27,60,62,58,58,58,56,57,59,71,81,76,75,81,81,80,81,0,0],"gold":68,"neow_bonus":"RANDOM_COMMON_RELIC","is_daily":false,"chose_seed":false,"campfire_upgraded":4,"win_rate":0.0,"timestamp":1610777991,"path_taken":["M","M","?","?","$","R","?","R","T","R","E","?","?","M","R","BOSS","M","?","?","?","M","E","M","$","T","M","M","R","$","E","R","BOSS"],"items_purchased_type":["Card","Card","Relic"],"build_version":"2020-12-22","purchased_purges":2,"victory":false,"max_hp_per_floor":[66,66,71,71,71,71,71,71,71,71,71,71,71,71,71,71,71,71,71,71,71,71,71,71,71,81,81,81,81,81,81,81,81,81],"card_choices":[{"not_picked":["Infinite Blades","Well Laid Plans"],"picked":"Backstab","floor":1.0},{"not_picked":["Masterful Stab","Dodge and Roll"],"picked":"Cloak And Dagger","floor":2.0},{"not_picked":["Unload","Slice"],"picked":"Acrobatics+1","floor":11.0},{"not_picked":["Flying Knee","Outmaneuver+1"],"picked":"Underhanded Strike","floor":13.0},{"not_picked":["Bane","Heel Hook"],"picked":"Prepared+1","floor":14.0},{"not_picked":["Tools of the Trade","Doppelganger+1"],"picked":"Malaise+1","floor":16.0},{"not_picked":["Dodge and Roll+1","Bane"],"picked":"Quick Slash","floor":18.0},{"not_picked":["Slice","Deflect+1"],"picked":"PiercingWail+1","floor":19.0},{"not_picked":["Distraction+1","Deadly Poison+1"],"picked":"Flechettes","floor":22.0},{"not_picked":["Quick Slash+1","Bouncing Flask+1"],"picked":"Underhanded Strike+1","floor":23.0},{"not_picked":["Setup+1","Dodge and Roll+1","Finisher"],"picked":"SKIP","floor":24.0},{"not_picked":["Cloak And Dagger+1","Quick Slash"],"picked":"Underhanded Strike","floor":27.0},{"not_picked":["Acrobatics+1","Endless Agony"],"picked":"Terror+1","floor":28.0},{"not_picked":["Deflect+1","Setup+1"],"picked":"Phantasmal Killer+1","floor":31.0}],"player_experience":214132,"relics_obtained":[{"floor":7.0,"key":"Bag of Preparation"},{"floor":9.0,"key":"Blood Vial"},{"floor":11.0,"key":"Toxic Egg 2"},{"floor":23.0,"key":"MealTicket"},{"floor":26.0,"key":"Pear"},{"floor":31.0,"key":"Molten Egg 2"}],"event_choices":[{"damage_healed":0.0,"max_hp_gain":5.0,"max_hp_loss":0.0,"gold_gain":0.0,"event_name":"Big Fish","player_choice":"Donut","floor":3.0,"gold_loss":0.0,"damage_taken":0.0},{"damage_healed":0.0,"max_hp_gain":0.0,"max_hp_loss":0.0,"gold_gain":150.0,"event_name":"Liars Game","player_choice":"AGREE","floor":4.0,"gold_loss":0.0,"damage_taken":0.0,"cards_obtained":["Doubt"]},{"damage_healed":0.0,"max_hp_gain":0.0,"max_hp_loss":0.0,"gold_gain":0.0,"event_name":"Shining Light","player_choice":"Entered Light","floor":12.0,"gold_loss":0.0,"damage_taken":21.0,"cards_upgraded":["Strike_G","Survivor"]},{"damage_healed":0.0,"max_hp_gain":0.0,"max_hp_loss":0.0,"gold_gain":0.0,"event_name":"The Library","player_choice":"Read","floor":20.0,"gold_loss":0.0,"damage_taken":0.0,"cards_obtained":["Blade Dance"]}],"is_beta":false,"boss_relics":[{"not_picked":["Busted Crown","HoveringKite"],"picked":"Fusion Hammer"}],"items_purged_floors":[5,21],"is_endless":false,"potions_floor_spawned":[1,2,13,16,19,23,28,31],"killed_by":"Champ","ascension_level":15}}