{"host":"p9t7qd83igtcp2bh","time":1610764569,"event":{"mods":["2.2 Compatiblity","AchievementEnabler","BaseMod","Colored Map","Colored Powertips","Custom Start","DeckTracker","Keyboard Shortcuts","Minty Spire (QoL Compilation)","Permanent Neow","StSLib","SuperFastMode","everything is the same but u backflip on backflip"],"gold_per_floor":[113,38,38,53,64,64,99,99,176,205,215,49,49,69,69,144,144,154,79,129,54,74,99,99,132,132,32,59,59,59,59,59,59,59],"floor_reached":33,"language":"KOR","playtime":773,"items_purged":["Defend_B","Defend_B"],"score":700,"play_id":"551d775b-f148-4cd2-bd49-91b8d7108264","local_time":"20210116113609","is_ascension_mode":true,"campfire_choices":[{"data":"Rebound","floor":6.0,"key":"SMITH"},{"data":"Tempest","floor":8.0,"key":"SMITH"},{"floor":13.0,"key":"REST"},{"data":"Self Repair","floor":15.0,"key":"SMITH"},{"floor":24,"key":"REST"},{"floor":29,"key":"REST"},{"data":"Compile Driver","floor":32,"key":"SMITH"}],"circlet_count":0,"master_deck":["AscendersBane","Strike_B","Strike_B","Defend_B","Defend_B","Zap","Dualcast","Cold Snap","Rebound+1","Tempest+1","Self Repair+1","Compile Driver+1"],"relics":["Cracked Core","Akabeko","Bag of Marbles","Vajra","Pocketwatch","Regal Pillow","Question Card","Sundial","Oddly Smooth Stone","TheAbacus","Sozu","Strawberry","Shuriken","White Beast Statue","Happy Flower","Frozen Egg 2"],"acts_visited":["Exordium","TheCity"],"potions_floor_usage":[23,25,33,33],"damage_taken":[{"damage":2.0,"enemies":"Jaw Worm","floor":1.0,"turns":2.0},{"damage":0.0,"enemies":"Cultist","floor":4.0,"turns":2.0},{"damage":0.0,"enemies":"Small Slimes","floor":5.0,"turns":1.0},{"damage":13.0,"enemies":"3 Sentries","floor":7.0,"turns":8.0},{"damage":21.0,"enemies":"Lagavulin","floor":10.0,"turns":6.0},{"damage":0.0,"enemies":"Looter","floor":11.0,"turns":1.0},{"damage":13.0,"enemies":"Blue Slaver","floor":14.0,"turns":2.0},{"damage":0.0,"enemies":"The Guardian","floor":16.0,"turns":9.0},{"damage":0.0,"enemies":"Spheric Guardian","floor":18.0,"turns":3.0},{"damage":7.0,"enemies":"Chosen","floor":22.0,"turns":3.0},{"damage":45,"enemies":"Gremlin Leader","floor":23,"turns":7},{"damage":46,"enemies":"Slavers","floor":25,"turns":7},{"damage":40,"enemies":"Book of Stabbing","floor":28,"turns":5},{"damage":52,"enemies":"Collector","floor":33,"turns":7}],"seed_played":"5696288398311992810","potions_obtained":[{"floor":1.0,"key":"Weak Potion"},{"floor":5.0,"key":"LiquidMemories"},{"floor":7.0,"key":"FocusPotion"},{"floor":16.0,"key":"Block Potion"}],"is_trial":false,"path_per_floor":["M","?","?","M","M","R","E","R","T","E","M","$","R","M","R","B",null,"M","$","?","?","M","E","R","E","T","$","E","R","T","?","R","B"],"character_chosen":"DEFECT","items_purchased":["TheAbacus"],"campfire_rested":3,"item_purchase_floors":[12],"current_hp_per_floor":[44,44,44,44,44,44,31,31,31,10,10,10,46,40,40,50,66,71,71,71,71,71,43,78,42,42,42,12,50,50,50,50,0,0],"gold":59,"neow_bonus":"ONE_RARE_RELIC","is_daily":false,"chose_seed":false,"campfire_upgraded":4,"win_rate":0.0,"timestamp":1610764569,"path_taken":["M","?","?","M","M","R","E","R","T","E","M","$","R","?","R","BOSS","M","$","?","?","M","E","R","E","T","$","E","R","?","?","R","BOSS"],"items_purchased_type":["Relic"],"build_version":"2020-12-22","purchased_purges":2,"victory":false,"max_hp_per_floor":[71,71,71,71,71,71,71,71,71,71,71,71,71,71,71,71,71,71,71,71,71,71,78,78,78,78,78,78,78,78,78,78,78,78],"card_choices":[{"not_picked":["Lockon","Beam Cell"],"picked":"Cold Snap","floor":1.0},{"not_picked":["Compile Driver","FTL","Go for the Eyes"],"picked":"SKIP","floor":4.0},{"not_picked":["Turbo","Auto Shields"],"picked":"Rebound","floor":5.0},{"not_picked":["Redo","Genetic Algorithm"],"picked":"Tempest","floor":7.0},{"not_picked":["Rebound","Sunder","Leap","Hello World"],"picked":"SKIP","floor":10.0},{"not_picked":["Thunder Strike","Skim","Hologram"],"picked":"Self Repair","floor":11.0},{"not_picked":["White Noise","Cold Snap","Glacier"],"picked":"Compile Driver","floor":14.0},{"not_picked":["Sweeping Beam","Go for the Eyes","Streamline","Auto Shields"],"picked":"SKIP","floor":18.0},{"not_picked":["Gash","Genetic Algorithm","Compile Driver+1","Reinforced Body"],"picked":"SKIP","floor":22.0},{"not_picked":["Ball Lightning","Genetic Algorithm","Defragment","Auto Shields"],"picked":"SKIP","floor":23},{"not_picked":["Undo+1","Beam Cell","Leap","Hologram+1"],"picked":"SKIP","floor":25},{"not_picked":["Lockon","Stack","White Noise","Loop"],"picked":"SKIP","floor":28}],"player_experience":648654,"relics_obtained":[{"floor":7.0,"key":"Question Card"},{"floor":9.0,"key":"Sundial"},{"floor":10.0,"key":"Oddly Smooth Stone"},{"floor":23,"key":"Strawberry"},{"floor":25,"key":"Shuriken"},{"floor":26,"key":"White Beast Statue"},{"floor":28,"key":"Happy Flower"},{"floor":30,"key":"Frozen Egg 2"}],"event_choices":[{"cards_removed":["Strike_B"],"damage_healed":0.0,"max_hp_gain":0.0,"max_hp_loss":0.0,"gold_gain":0.0,"event_name":"The Cleric","player_choice":"Card Removal","floor":2.0,"gold_loss":75.0,"damage_taken":0.0},{"damage_healed":0.0,"max_hp_gain":0.0,"max_hp_loss":0.0,"gold_gain":0.0,"event_name":"WeMeetAgain","player_choice":"Gave Potion","floor":3.0,"gold_loss":0.0,"damage_taken":0.0,"relics_obtained":["Regal Pillow"]},{"damage_healed":0.0,"max_hp_gain":0.0,"max_hp_loss":0.0,"gold_gain":50.0,"event_name":"Nest","player_choice":"Stole From Cult","floor":20.0,"gold_loss":0.0,"damage_taken":0.0},{"cards_removed":["Strike_B"],"damage_healed":0.0,"max_hp_gain":0.0,"max_hp_loss":0.0,"gold_gain":0.0,"event_name":"Beggar","player_choice":"Gave Gold","floor":21.0,"gold_loss":75.0,"damage_taken":0.0},{"damage_healed":0,"gold_gain":0,"player_choice":"Got Potions","damage_taken":0,"max_hp_gain":0,"max_hp_loss":0,"event_name":"Lab","floor":31,"gold_loss":0}],"is_beta":false,"boss_relics":[{"not_picked":["Velvet Choker","Inserter"],"picked":"Sozu"}],"items_purged_floors":[19,27],"is_endless":false,"potions_floor_spawned":[1,5,7,16,18,25,28],"killed_by":"Collector","ascension_level":19}}