{"host":"utqe55yv0jihe4d6","time":1610766969,"event":{"mods":["2.2 Compatiblity","AchievementEnabler","BaseMod","Block Reminder","Colored Map","Colored Powertips","Minty Spire (QoL Compilation)","Quick Restart","Rare Cards Sparkle","Relic Stats","SuperFastMode"],"gold_per_floor":[367,4,15,15,15,15,90,117,196,196,219,219,258,282,282,381,381,395,414,329,329,329,329,350,389,389,80,80,120,78,112,112,207,207,222,238,238,238,254,293,293,313,393,393,457,497,497,510,510,510,510],"floor_reached":50,"language":"ENG","playtime":2117,"items_purged":["Strike_R","Bite+1"],"score":1203,"play_id":"97b284d7-1d62-4dd0-83b2-80088c646cd4","local_time":"20210115221609","is_ascension_mode":true,"campfire_choices":[{"data":"Combust","floor":6.0,"key":"SMITH"},{"floor":12.0,"key":"REST"},{"data":"Disarm","floor":15.0,"key":"SMITH"},{"data":"Feel No Pain","floor":23,"key":"SMITH"},{"data":"Pommel Strike","floor":32,"key":"SMITH"},{"data":"Demon Form","floor":41,"key":"SMITH"},{"floor":44,"key":"RECALL"},{"data":"Defend_R","floor":47,"key":"PURGE"},{"data":"Defend_R","floor":49,"key":"PURGE"}],"circlet_count":0,"master_deck":["AscendersBane","Defend_R","Defend_R","Pommel Strike+1","Disarm+1","Combust+1","Sentinel+1","Feel No Pain+1","Corruption","Rupture+1","Intimidate+1","Spot Weakness+1","Bite+1","Bite+1","Bite+1","Flame Barrier+1","Pommel Strike+1","True Grit+1","Disarm+1","Demon Form+1","True Grit+1","Flex+1","Bloodletting+1","Warcry+1","Sword Boomerang+1","Metamorphosis+1","Deep Breath+1","Clothesline+1","Exhume+1","Body Slam+1"],"relics":["Burning Blood","ClockworkSouvenir","Lantern","Molten Egg 2","Golden Idol","Toxic Egg 2","Snecko Eye","Bronze Scales","Pantograph","Lizard Tail","Membership Card","Pen Nib","Nilry\u0027s Codex","Self Forming Clay","Unceasing Top","Astrolabe","Peace Pipe","White Beast Statue"],"acts_visited":["Exordium","TheCity","TheBeyond"],"potions_floor_usage":[25,31,42,50],"damage_taken":[{"damage":16.0,"enemies":"Jaw Worm","floor":1.0,"turns":4.0},{"damage":6.0,"enemies":"2 Louse","floor":3.0,"turns":4.0},{"damage":29.0,"enemies":"3 Sentries","floor":8.0,"turns":5.0},{"damage":0.0,"enemies":"Small Slimes","floor":11.0,"turns":3.0},{"damage":25.0,"enemies":"Gremlin Nob","floor":13.0,"turns":4.0},{"damage":7.0,"enemies":"Blue Slaver","floor":14.0,"turns":4.0},{"damage":16.0,"enemies":"The Guardian","floor":16.0,"turns":16.0},{"damage":14.0,"enemies":"3 Byrds","floor":18.0,"turns":5.0},{"damage":3.0,"enemies":"Chosen","floor":19.0,"turns":5.0},{"damage":0,"enemies":"Snecko","floor":24,"turns":4},{"damage":35,"enemies":"Gremlin Leader","floor":25,"turns":7},{"damage":36,"enemies":"Slavers","floor":29,"turns":7},{"damage":0,"enemies":"Book of Stabbing","floor":31,"turns":3},{"damage":10,"enemies":"Collector","floor":33,"turns":7},{"damage":2,"enemies":"3 Darklings","floor":35,"turns":5},{"damage":8,"enemies":"3 Shapes","floor":36,"turns":6},{"damage":9,"enemies":"Writhing Mass","floor":39,"turns":6},{"damage":3,"enemies":"Giant Head","floor":40,"turns":6},{"damage":46,"enemies":"Transient","floor":42,"turns":6},{"damage":5,"enemies":"2 Orb Walkers","floor":45,"turns":5},{"damage":6,"enemies":"Reptomancer","floor":46,"turns":4},{"damage":1,"enemies":"Jaw Worm Horde","floor":48,"turns":2},{"damage":57,"enemies":"Donu and Deca","floor":50,"turns":5}],"seed_played":"-8009967301150386368","potions_obtained":[{"floor":3.0,"key":"Energy Potion"},{"floor":11.0,"key":"LiquidBronze"},{"floor":14.0,"key":"Strength Potion"},{"floor":16.0,"key":"AttackPotion"},{"floor":29,"key":"DuplicationPotion"},{"floor":31,"key":"PowerPotion"},{"floor":45,"key":"EssenceOfSteel"}],"is_trial":false,"path_per_floor":["M","$","M","$","?","R","?","E","T","?","M","R","E","M","R","B",null,"M","M","?","?","?","R","M","E","T","$","?","E","$","E","R","B",null,"M","M","?","?","M","E","R","M","T","R","?","E","R","M","R","B"],"character_chosen":"IRONCLAD","items_purchased":["Disarm","ClockworkSouvenir","Combust","Membership Card","Pen Nib","True Grit+1","BloodPotion"],"campfire_rested":1,"item_purchase_floors":[2,2,2,27,27,30,30],"current_hp_per_floor":[58,58,58,58,58,58,47,24,24,24,30,48,29,28,28,18,51,43,46,46,46,43,43,43,32,32,32,11,17,17,26,26,43,43,43,43,33,33,36,43,43,20,20,20,24,36,36,43,43,0,0],"gold":510,"neow_bonus":"TWO_FIFTY_GOLD","is_daily":false,"chose_seed":false,"campfire_upgraded":5,"win_rate":0.0,"timestamp":1610766969,"path_taken":["M","$","M","$","?","R","?","E","T","?","M","R","E","M","R","BOSS","M","M","?","?","?","R","M","E","T","?","?","E","$","E","R","BOSS","M","M","?","?","?","E","R","M","T","R","?","E","R","M","R","BOSS"],"items_purchased_type":["Card","Relic","Card","Relic","Relic","Card","Potion"],"build_version":"2020-12-22","purchased_purges":2,"victory":false,"max_hp_per_floor":[68,68,68,68,68,68,68,68,68,62,62,62,62,62,62,62,62,62,62,62,62,43,43,43,43,43,43,43,43,43,43,43,43,43,43,43,43,43,43,43,43,43,43,43,43,43,43,43,43,43,43],"relic_stats":{"counters":[23,123],"Golden Idol":136,"Self Forming Clay":[102],"Astrolabe":["True Grit","Flex","Bloodletting"],"Pen Nib":[10],"Burning Blood":102,"Peace Pipe":3,"Lizard Tail":21,"Bronze Scales":[249],"Pantograph":17,"Snecko Eye":[158,154,171,161],"obtain_stats":[{"Lantern":8,"Golden Idol":10,"Nilry\u0027s Codex":28,"Self Forming Clay":29,"Astrolabe":34,"Pen Nib":27,"Burning Blood":0,"White Beast Statue":46,"ClockworkSouvenir":2,"Peace Pipe":45,"Lizard Tail":26,"Bronze Scales":20,"Pantograph":25,"Snecko Eye":17,"Molten Egg 2":9,"Membership Card":27,"Toxic Egg 2":13,"Unceasing Top":31},{"Lantern":3,"Golden Idol":3,"Nilry\u0027s Codex":11,"Self Forming Clay":12,"Astrolabe":14,"Pen Nib":11,"Burning Blood":0,"White Beast Statue":21,"ClockworkSouvenir":1,"Peace Pipe":20,"Lizard Tail":11,"Bronze Scales":9,"Pantograph":11,"Snecko Eye":7,"Molten Egg 2":3,"Membership Card":11,"Toxic Egg 2":5,"Unceasing Top":13},{"Lantern":13,"Golden Idol":13,"Nilry\u0027s Codex":61,"Self Forming Clay":68,"Astrolabe":78,"Pen Nib":61,"Burning Blood":0,"White Beast Statue":116,"ClockworkSouvenir":4,"Peace Pipe":112,"Lizard Tail":61,"Bronze Scales":50,"Pantograph":61,"Snecko Eye":40,"Molten Egg 2":13,"Membership Card":61,"Toxic Egg 2":20,"Unceasing Top":71}],"Unceasing Top":[31]},"card_choices":[{"not_picked":["True Grit","Metallicize"],"picked":"Pommel Strike","floor":1.0},{"not_picked":["Rampage","Thunderclap","Body Slam"],"picked":"SKIP","floor":3.0},{"not_picked":["Flame Barrier","Rage"],"picked":"Carnage","floor":8.0},{"not_picked":["Warcry","Sword Boomerang+1"],"picked":"Ghostly Armor","floor":11.0},{"not_picked":["Twin Strike+1","Searing Blow+1"],"picked":"Sentinel+1","floor":13.0},{"not_picked":["Heavy Blade+1","Ghostly Armor+1"],"picked":"Feel No Pain","floor":14.0},{"not_picked":["Offering+1","Limit Break+1"],"picked":"Corruption","floor":16.0},{"not_picked":["Heavy Blade+1","Dual Wield+1"],"picked":"Rupture+1","floor":18.0},{"not_picked":["Iron Wave+1","Wild Strike+1"],"picked":"Intimidate+1","floor":19.0},{"not_picked":["True Grit+1","Headbutt+1"],"picked":"Flame Barrier+1","floor":24},{"not_picked":["Hemokinesis+1","Cleave+1"],"picked":"Pommel Strike+1","floor":25},{"not_picked":["Anger+1","Wild Strike+1","Perfected Strike+1"],"picked":"SKIP","floor":29},{"not_picked":["Shrug It Off+1","Entrench+1"],"picked":"Disarm+1","floor":31},{"not_picked":["Immolate+1","Limit Break+1"],"picked":"Demon Form","floor":33},{"not_picked":["Perfected Strike+1","Metallicize"],"picked":"Warcry+1","floor":35},{"not_picked":["Pommel Strike+1","Reckless Charge+1"],"picked":"Sword Boomerang+1","floor":36},{"not_picked":["Finesse+1","Magnetism"],"picked":"Metamorphosis+1","floor":37},{"not_picked":["Discovery+1","Dramatic Entrance+1"],"picked":"Deep Breath+1","floor":37},{"not_picked":["Combust","Warcry+1","Pommel Strike+1"],"picked":"SKIP","floor":39},{"not_picked":["Sword Boomerang+1","Warcry+1","Seeing Red+1"],"picked":"SKIP","floor":40},{"not_picked":["Clash+1","Combust"],"picked":"Clothesline+1","floor":42},{"not_picked":["Wild Strike+1","Rage+1"],"picked":"Exhume+1","floor":46},{"not_picked":["Heavy Blade+1","Iron Wave+1"],"picked":"Body Slam+1","floor":48}],"player_experience":2943238,"relics_obtained":[{"floor":8.0,"key":"Lantern"},{"floor":9.0,"key":"Molten Egg 2"},{"floor":13.0,"key":"Toxic Egg 2"},{"floor":25,"key":"Pantograph"},{"floor":26,"key":"Lizard Tail"},{"floor":28,"key":"Nilry\u0027s Codex"},{"floor":29,"key":"Self Forming Clay"},{"floor":31,"key":"Unceasing Top"},{"floor":45,"key":"Peace Pipe"},{"floor":46,"key":"White Beast Statue"}],"event_choices":[{"damage_healed":0.0,"max_hp_gain":0.0,"max_hp_loss":0.0,"gold_gain":0.0,"event_name":"Liars Game","player_choice":"Ignored","floor":5.0,"gold_loss":0.0,"damage_taken":0.0},{"damage_healed":0.0,"max_hp_gain":0.0,"max_hp_loss":0.0,"gold_gain":75.0,"event_name":"World of Goop","player_choice":"Gather Gold","floor":7.0,"gold_loss":0.0,"damage_taken":11.0},{"damage_healed":0.0,"max_hp_gain":0.0,"max_hp_loss":6.0,"gold_gain":0.0,"event_name":"Golden Idol","player_choice":"Lose Max HP","floor":10.0,"gold_loss":0.0,"damage_taken":0.0,"relics_obtained":["Golden Idol"]},{"damage_healed":0.0,"max_hp_gain":0.0,"max_hp_loss":0.0,"gold_gain":0.0,"event_name":"Addict","player_choice":"Obtained Relic","floor":20.0,"gold_loss":85.0,"damage_taken":0.0,"relics_obtained":["Bronze Scales"]},{"damage_healed":0.0,"max_hp_gain":0.0,"max_hp_loss":0.0,"gold_gain":0.0,"event_name":"The Library","player_choice":"Read","floor":21.0,"gold_loss":0.0,"damage_taken":0.0,"cards_obtained":["Spot Weakness"]},{"damage_healed":0.0,"max_hp_gain":0.0,"max_hp_loss":19.0,"gold_gain":0.0,"event_name":"Vampires","player_choice":"Became a vampire","floor":22.0,"gold_loss":0.0,"damage_taken":0.0,"cards_obtained":["Bite","Bite","Bite","Bite","Bite"]},{"damage_healed":0,"gold_gain":0,"player_choice":"Obtained Book","damage_taken":21,"max_hp_gain":0,"max_hp_loss":0,"event_name":"Cursed Tome","floor":28,"gold_loss":0},{"damage_healed":0,"gold_gain":0,"player_choice":"Memory 3","damage_taken":10,"max_hp_gain":0,"max_hp_loss":0,"event_name":"SensoryStone","floor":37,"gold_loss":0},{"cards_removed":["Bite"],"damage_healed":0,"gold_gain":0,"player_choice":"Removed Attack","damage_taken":0,"max_hp_gain":0,"max_hp_loss":0,"event_name":"Falling","floor":38,"gold_loss":0},{"damage_healed":0,"gold_gain":0,"player_choice":"Fight","damage_taken":0,"max_hp_gain":0,"max_hp_loss":0,"event_name":"Mysterious Sphere","floor":45,"gold_loss":0}],"is_beta":false,"boss_relics":[{"not_picked":["Tiny House","Ectoplasm"],"picked":"Snecko Eye"},{"not_picked":["Velvet Choker","SacredBark"],"picked":"Astrolabe"}],"items_purged_floors":[2,27],"is_endless":false,"potions_floor_spawned":[3,11,14,16,29,31,35,36,45,48],"killed_by":"Donu and Deca","ascension_level":20}}