{"host":"zxkjcgzis4pm3za5","time":1610765780,"event":{"mods":["AchievementEnabler","Act Like it!","BaseMod","Colored Map","Colored Powertips","Friendly Minions","GifTheSpireLib","Minty Spire (QoL Compilation)","Quick Restart","RNG Fix","Random Character Button","Relic Sorter","Relic Stats","StSLib"],"gold_per_floor":[112,112,112,128,26,59,59,77,104,104,129,129,129,129],"floor_reached":13,"language":"ENG","playtime":255,"items_purged":["Regret"],"score":189,"play_id":"d64599a1-fda3-487c-be0a-8f9e7c3747ef","local_time":"20210116082620","is_ascension_mode":true,"campfire_choices":[{"data":"Fusion","floor":7,"key":"SMITH"},{"data":"Defragment","floor":10,"key":"SMITH"},{"data":"Go for the Eyes","floor":12,"key":"SMITH"}],"circlet_count":0,"master_deck":["AscendersBane","Strike_B","Strike_B","Strike_B","Strike_B","Defend_B","Defend_B","Defend_B","Defend_B","Zap","Dualcast","Fusion+1","Leap","Go for the Eyes+1","Defragment+1"],"relics":["Cracked Core","NeowsBlessing","Golden Idol","Regal Pillow","Bird Faced Urn"],"acts_visited":["Exordium"],"potions_floor_usage":[8,13,13],"damage_taken":[{"damage":0,"enemies":"Jaw Worm","floor":1,"turns":1},{"damage":0,"enemies":"2 Louse","floor":4,"turns":1},{"damage":0,"enemies":"Lagavulin","floor":6,"turns":1},{"damage":0,"enemies":"Cultist","floor":8,"turns":3},{"damage":21,"enemies":"3 Louse","floor":11,"turns":4},{"damage":54,"enemies":"3 Sentries","floor":13,"turns":10}],"seed_played":"-268237803237781249","potions_obtained":[{"floor":4,"key":"EntropicBrew"},{"floor":6,"key":"DistilledChaos"}],"is_trial":false,"path_per_floor":["M","?","?","M","$","E","R","M","T","R","M","R","E"],"character_chosen":"DEFECT","items_purchased":["Leap"],"campfire_rested":0,"item_purchase_floors":[5],"current_hp_per_floor":[64,64,64,64,64,64,64,64,64,64,45,45,0,0],"gold":129,"neow_bonus":"THREE_ENEMY_KILL","is_daily":false,"chose_seed":false,"campfire_upgraded":3,"win_rate":0.0,"timestamp":1610765780,"path_taken":["M","?","?","M","$","E","R","M","T","R","M","R","E"],"items_purchased_type":["Card"],"build_version":"2020-12-22","purchased_purges":1,"victory":false,"max_hp_per_floor":[71,64,64,64,64,64,64,64,64,64,64,64,64,64],"relic_stats":{"Regal Pillow":0,"counters":[6,20],"Golden Idol":19,"Bird Faced Urn":[4],"obtain_stats":[{"Regal Pillow":3,"NeowsBlessing":0,"Golden Idol":2,"Bird Faced Urn":6,"Cracked Core":0},{"Regal Pillow":1,"NeowsBlessing":0,"Golden Idol":1,"Bird Faced Urn":3,"Cracked Core":0},{"Regal Pillow":1,"NeowsBlessing":0,"Golden Idol":1,"Bird Faced Urn":3,"Cracked Core":0}]},"card_choices":[{"not_picked":["Barrage","Auto Shields"],"picked":"Fusion","floor":1},{"not_picked":["Chaos","Barrage","Cold Snap"],"picked":"SKIP","floor":4},{"not_picked":["Blizzard","Turbo"],"picked":"Go for the Eyes","floor":6},{"not_picked":["BootSequence","Aggregate"],"picked":"Defragment","floor":8},{"not_picked":["Force Field","Stack","Redo"],"picked":"SKIP","floor":11}],"player_experience":228176,"relics_obtained":[{"floor":6,"key":"Bird Faced Urn"}],"event_choices":[{"damage_healed":0,"gold_gain":0,"player_choice":"Lose Max HP","damage_taken":0,"relics_obtained":["Golden Idol"],"max_hp_gain":0,"max_hp_loss":7,"event_name":"Golden Idol","floor":2,"gold_loss":0},{"damage_healed":0,"gold_gain":0,"player_choice":"Box","damage_taken":0,"relics_obtained":["Regal Pillow"],"max_hp_gain":0,"max_hp_loss":0,"event_name":"Big Fish","floor":3,"gold_loss":0,"cards_obtained":["Regret"]}],"is_beta":false,"boss_relics":[],"items_purged_floors":[5],"is_endless":false,"potions_floor_spawned":[4,6],"killed_by":"3 Sentries","ascension_level":15}}