{"host":"s3s7xsmblwiz356v","time":1610813130,"event":{"mods":["AchievementEnabler","BaseMod","Block Reminder","Colored Map","Colored Powertips","Minty Spire (QoL Compilation)"],"gold_per_floor":[113,128,203,228,245,245,278,278,278,27,37,37,37,68,68,143,143,156,176,176,176,176,176,52,84,84,104,115,115,115,115,115],"floor_reached":31,"language":"ENG","playtime":1592,"items_purged":["Strike_G","Strike_G"],"score":501,"play_id":"ac4e8aaf-1e7e-4dee-8935-4cebef9c8a7a","local_time":"20210116110530","is_ascension_mode":true,"campfire_choices":[{"data":"Eviscerate","floor":6,"key":"SMITH"},{"data":"Leg Sweep","floor":8,"key":"SMITH"},{"data":"Glass Knife","floor":15,"key":"SMITH"},{"data":"Accuracy","floor":23,"key":"SMITH"},{"data":"Night Terror","floor":29,"key":"SMITH"}],"circlet_count":0,"master_deck":["AscendersBane","Strike_G","Strike_G","Strike_G","Defend_G","Defend_G","Defend_G","Defend_G","Defend_G","Survivor","Neutralize","Leg Sweep+1","Eviscerate+1","Flying Knee","Heel Hook","Blade Dance+1","Glass Knife+1","Night Terror+1","Accuracy+1","Calculated Gamble","Infinite Blades","Cloak And Dagger","Cloak And Dagger","Malaise+1"],"relics":["Ring of the Snake","Omamori","Dead Branch","Smiling Mask","Lee\u0027s Waffle","Vajra","Black Star","Akabeko","Question Card","Oddly Smooth Stone"],"acts_visited":["Exordium","TheCity"],"potions_floor_usage":[7,7,25,31],"damage_taken":[{"damage":9,"enemies":"Cultist","floor":1,"turns":6},{"damage":0,"enemies":"2 Louse","floor":2,"turns":6},{"damage":0,"enemies":"Jaw Worm","floor":5,"turns":5},{"damage":13,"enemies":"3 Sentries","floor":7,"turns":11},{"damage":0,"enemies":"Blue Slaver","floor":11,"turns":2},{"damage":6,"enemies":"Gremlin Nob","floor":14,"turns":3},{"damage":36,"enemies":"Hexaghost","floor":16,"turns":7},{"damage":0,"enemies":"Shell Parasite","floor":18,"turns":3},{"damage":0,"enemies":"Spheric Guardian","floor":19,"turns":2},{"damage":7,"enemies":"Slavers","floor":25,"turns":3},{"damage":13,"enemies":"Snecko","floor":27,"turns":3},{"damage":14,"enemies":"Shelled Parasite and Fungi","floor":28,"turns":5},{"damage":21,"enemies":"3 Cultists","floor":31,"turns":5}],"seed_played":"-35294974989357234","potions_obtained":[{"floor":1,"key":"Fire Potion"},{"floor":2,"key":"Swift Potion"},{"floor":16,"key":"ColorlessPotion"},{"floor":18,"key":"Dexterity Potion"},{"floor":28,"key":"Block Potion"}],"is_trial":false,"path_per_floor":["M","M","?","T","M","R","E","R","T","$","M","$","?","E","R","B",null,"M","M","?","?","?","R","$","E","T","M","M","R","?","M"],"character_chosen":"THE_SILENT","items_purchased":["Lee\u0027s Waffle","Blade Dance","Infinite Blades"],"campfire_rested":0,"item_purchase_floors":[10,10,24],"current_hp_per_floor":[56,56,45,45,45,45,32,32,32,79,79,79,79,73,73,37,69,69,69,46,46,46,46,46,39,39,26,12,12,12,0,0],"gold":115,"neow_bonus":"TEN_PERCENT_HP_BONUS","is_daily":false,"chose_seed":false,"campfire_upgraded":5,"win_rate":0.0,"timestamp":1610813130,"path_taken":["M","?","?","?","M","R","E","R","T","$","M","?","?","E","R","BOSS","M","M","?","?","?","R","?","E","T","?","M","R","?","M"],"items_purchased_type":["Relic","Card","Card"],"build_version":"2020-12-22","purchased_purges":2,"victory":false,"max_hp_per_floor":[72,72,72,72,72,72,72,72,72,79,79,79,79,79,79,79,79,79,79,84,84,84,84,84,84,84,84,84,84,84,84,84],"card_choices":[{"not_picked":["Masterful Stab","Cloak And Dagger"],"picked":"Leg Sweep","floor":1},{"not_picked":["Deflect","Outmaneuver"],"picked":"Eviscerate","floor":2},{"not_picked":["Quick Slash","Masterful Stab"],"picked":"Flying Knee","floor":5},{"not_picked":["Backflip","Outmaneuver"],"picked":"Heel Hook","floor":7},{"not_picked":["Prepared","Dagger Spray","Choke"],"picked":"SKIP","floor":11},{"not_picked":["Acrobatics","Masterful Stab"],"picked":"Glass Knife","floor":14},{"not_picked":["Venomology","Die Die Die"],"picked":"Night Terror","floor":16},{"not_picked":["Calculated Gamble","Sucker Punch"],"picked":"Accuracy","floor":18},{"not_picked":["Outmaneuver","Dagger Throw"],"picked":"Calculated Gamble","floor":19},{"not_picked":["PiercingWail","Dodge and Roll"],"picked":"Cloak And Dagger","floor":25},{"not_picked":["Flechettes","Tactician","Distraction"],"picked":"Cloak And Dagger","floor":27},{"not_picked":["Eviscerate","Bane+1","Deflect"],"picked":"Malaise","floor":28}],"player_experience":432610,"relics_obtained":[{"floor":4,"key":"Omamori"},{"floor":7,"key":"Dead Branch"},{"floor":9,"key":"Smiling Mask"},{"floor":14,"key":"Vajra"},{"floor":25,"key":"Question Card"},{"floor":25,"key":"Oddly Smooth Stone"}],"event_choices":[{"damage_healed":0,"gold_gain":75,"player_choice":"Gather Gold","damage_taken":11,"max_hp_gain":0,"max_hp_loss":0,"event_name":"World of Goop","floor":3,"gold_loss":0},{"damage_healed":0,"gold_gain":0,"player_choice":"Grow","damage_taken":0,"max_hp_gain":0,"max_hp_loss":0,"event_name":"Living Wall","floor":13,"gold_loss":0,"cards_upgraded":["Blade Dance"]},{"damage_healed":0,"gold_gain":0,"player_choice":"Shed Blood","damage_taken":28,"max_hp_gain":5,"max_hp_loss":0,"event_name":"Forgotten Altar","floor":20,"gold_loss":0},{"damage_healed":0,"gold_gain":0,"player_choice":"Opened","damage_taken":0,"relics_obtained":["Akabeko"],"max_hp_gain":0,"max_hp_loss":0,"event_name":"The Mausoleum","floor":21,"gold_loss":0,"cards_obtained":["Writhe"]},{"damage_healed":0,"gold_gain":0,"player_choice":"Ignored","damage_taken":0,"max_hp_gain":0,"max_hp_loss":0,"event_name":"Ghosts","floor":22,"gold_loss":0},{"damage_healed":0,"gold_gain":0,"player_choice":"Upgraded","damage_taken":0,"max_hp_gain":0,"max_hp_loss":0,"event_name":"Upgrade Shrine","floor":30,"gold_loss":0,"cards_upgraded":["Malaise"]}],"is_beta":false,"boss_relics":[{"not_picked":["Velvet Choker","Tiny House"],"picked":"Black Star"}],"items_purged_floors":[10,24],"is_endless":false,"potions_floor_spawned":[1,2,16,18,28],"killed_by":"3 Cultists","ascension_level":15}}