{"host":"kn32u0f2pym5bozc","time":1610787310,"event":{"mods":["2.2 Compatiblity","BaseMod","Better Third Choice","Minty Spire (QoL Compilation)","Permanent Neow","Relic Stats","StSLib","The Animator"],"gold_per_floor":[219,219,238,252,275,301,318,318,344,344,362,373,390,433,433,516,516,538,47,59,59,79,79,117,48,71,71,88,99,99,99],"floor_reached":30,"language":"ENG","playtime":8875,"items_purged":["animator:Strike"],"score":466,"play_id":"4ca4c5e9-0d9e-46a9-8e1c-1750422ea298","local_time":"20210116035510","is_ascension_mode":true,"campfire_choices":[{"floor":8.0,"key":"REST"},{"data":"animator:DolaSchwi","floor":10.0,"key":"SMITH"},{"floor":15.0,"key":"REST"},{"floor":23.0,"key":"REST"},{"floor":27.0,"key":"REST"}],"circlet_count":0,"master_deck":["AscendersBane","animator:Strike_NoGameNoLife","animator:Defend_NoGameNoLife","animator:Strike","animator:Defend+1","animator:Defend","animator:Defend","animator:DolaSchwi+1","animator:DolaCouronne","animator:Mitsurugi","animator:Shinoa+1","animator:Sebas","animator:DolaRiku","animator:DolaStephanie","animator:Caster","animator:HiiragiShinya","animator:Mitsuba","animator:Gillette","animator:Sora","animator:Eve","animator:UneriGinkaku","animator:Saitama","animator:Mitsurugi","animator:Yoichi","animator:HiiragiShinya","animator:Biyorigo","animator:Shichika","animator:Shuna","animator:PandorasActor","animator:LeleiLaLalena","animator:Jibril"],"relics":["animator:LivingPicture","animator:TheMissingPiece","animator:PurgingStone","War Paint","Happy Flower","Orichalcum","Mark of Pain","Shuriken","Vajra"],"acts_visited":["Exordium","TheCity"],"potions_floor_usage":[],"damage_taken":[{"damage":0.0,"enemies":"Cultist","floor":1.0,"turns":5.0},{"damage":4.0,"enemies":"Jaw Worm","floor":3.0,"turns":4.0},{"damage":0.0,"enemies":"2 Louse","floor":4.0,"turns":4.0},{"damage":4.0,"enemies":"Red Slaver","floor":5.0,"turns":5.0},{"damage":37.0,"enemies":"3 Sentries","floor":6.0,"turns":10.0},{"damage":0.0,"enemies":"Large Slime","floor":7.0,"turns":7.0},{"damage":0.0,"enemies":"Gremlin Gang","floor":11.0,"turns":3.0},{"damage":4.0,"enemies":"2 Fungi Beasts","floor":12.0,"turns":4.0},{"damage":1.0,"enemies":"Large Slime","floor":13.0,"turns":7.0},{"damage":9.0,"enemies":"Gremlin Nob","floor":14.0,"turns":3.0},{"damage":20.0,"enemies":"Slime Boss","floor":16.0,"turns":10.0},{"damage":7.0,"enemies":"2 Thieves","floor":18.0,"turns":4.0},{"damage":5.0,"enemies":"Shell Parasite","floor":20.0,"turns":3.0},{"damage":25.0,"enemies":"Snake Plant","floor":22.0,"turns":6.0},{"damage":30.0,"enemies":"animator:HornedBat","floor":24.0,"turns":10.0},{"damage":15.0,"enemies":"Cultist and Chosen","floor":28.0,"turns":7.0},{"damage":2.0,"enemies":"Snecko","floor":29.0,"turns":6.0},{"damage":5,"enemies":"Book of Stabbing","floor":30,"turns":2}],"seed_played":"-664504424528732617","potions_obtained":[{"floor":4.0,"key":"FearPotion"},{"floor":6.0,"key":"PowerPotion"},{"floor":12.0,"key":"AttackPotion"},{"floor":14.0,"key":"EssenceOfSteel"},{"floor":18.0,"key":"PowerPotion"},{"floor":22.0,"key":"Energy Potion"}],"is_trial":false,"path_per_floor":["M","?","M","M","M","E","M","R","T","R","M","M","M","E","R","B",null,"M","$","M","?","M","R","E","$","T","R","M","M","E"],"character_chosen":"THE_ANIMATOR","items_purchased":["animator:Saitama","Shuriken","animator:Mitsurugi","animator:Shuna","animator:PandorasActor"],"campfire_rested":4,"item_purchase_floors":[19,19,19,25,25],"current_hp_per_floor":[54,54,50,50,46,10,10,28,28,28,28,24,23,14,32,12,49,42,42,37,37,13,31,1,1,1,19,4,3,0,0],"gold":99,"neow_bonus":"HUNDRED_GOLD","is_daily":false,"chose_seed":false,"campfire_upgraded":1,"win_rate":0.0,"timestamp":1610787310,"path_taken":["M","?","M","M","M","E","M","R","T","R","M","?","M","E","R","BOSS","M","$","M","?","M","R","E","$","T","R","M","M","E"],"items_purchased_type":["Card","Relic","Card","Card","Card"],"build_version":"2020-12-22","purchased_purges":1,"victory":false,"max_hp_per_floor":[60,60,60,60,60,61,61,61,61,61,61,61,61,61,61,61,61,61,61,61,61,62,62,62,62,62,62,62,63,63,63],"relic_stats":{"Happy Flower":[21],"counters":[18,100],"Shuriken":[8],"War Paint":["animator:Shinoa","animator:Defend"],"Orichalcum":[42],"obtain_stats":[{"animator:PurgingStone":0,"Happy Flower":9,"Shuriken":19,"animator:TheMissingPiece":0,"Vajra":24,"animator:LivingPicture":0,"Mark of Pain":17,"War Paint":6,"Orichalcum":14},{"animator:PurgingStone":0,"Happy Flower":6,"Shuriken":12,"animator:TheMissingPiece":0,"Vajra":15,"animator:LivingPicture":0,"Mark of Pain":11,"War Paint":5,"Orichalcum":10},{"animator:PurgingStone":0,"Happy Flower":35,"Shuriken":66,"animator:TheMissingPiece":0,"Vajra":85,"animator:LivingPicture":0,"Mark of Pain":62,"War Paint":28,"Orichalcum":52}]},"card_choices":[{"not_picked":["animator:Genos","animator:Kuribayashi"],"picked":"animator:Mitsurugi","floor":1.0},{"not_picked":["animator:Souei","animator:ZankiKiguchi"],"picked":"animator:Shinoa","floor":3.0},{"not_picked":["animator:CowGirl","animator:Benimaru"],"picked":"animator:Sebas","floor":4.0},{"not_picked":["animator:DolaSchwi","animator:Jibril"],"picked":"animator:DolaRiku","floor":5.0},{"not_picked":["animator:Shuna","animator:GazelDwargon"],"picked":"animator:DolaStephanie","floor":6.0},{"not_picked":["animator:Chung","animator:RoyMustang"],"picked":"animator:Caster","floor":7.0},{"not_picked":["animator:DolaSchwi","animator:Emonzaemon"],"picked":"animator:HiiragiShinya","floor":11.0},{"not_picked":["animator:HiiragiShinya","animator:Shigure"],"picked":"animator:Mitsuba","floor":12.0},{"not_picked":["animator:HiiragiShinya","animator:Mitsurugi"],"picked":"animator:Gillette","floor":13.0},{"not_picked":["animator:UneriGinkaku","animator:Konayuki"],"picked":"animator:Sora","floor":14.0},{"not_picked":["animator:Boros","animator:Rimuru"],"picked":"animator:Eve","floor":16.0},{"not_picked":["animator:Vanir+1","animator:DolaRiku"],"picked":"animator:UneriGinkaku","floor":18.0},{"not_picked":["animator:CrowleyEusford","animator:Mitsuba"],"picked":"animator:Yoichi","floor":20.0},{"not_picked":["animator:Shigure","animator:Priestess"],"picked":"animator:Biyorigo","floor":22.0},{"not_picked":["animator:Archer","animator:CrowleyEusford+1"],"picked":"animator:Shichika","floor":24.0},{"not_picked":["animator:TukaLunaMarceau","animator:DolaSchwi"],"picked":"animator:LeleiLaLalena","floor":28.0},{"not_picked":["animator:DolaCouronne","animator:DolaRiku"],"picked":"animator:Jibril","floor":29.0}],"player_experience":846988,"relics_obtained":[{"floor":6.0,"key":"War Paint"},{"floor":9.0,"key":"Happy Flower"},{"floor":14.0,"key":"Orichalcum"},{"floor":24.0,"key":"Vajra"}],"event_choices":[{"cards_removed":["animator:Strike"],"damage_healed":0.0,"max_hp_gain":0.0,"max_hp_loss":0.0,"gold_gain":0.0,"event_name":"Purifier","player_choice":"Purged","floor":2.0,"gold_loss":0.0,"damage_taken":0.0},{"damage_healed":0.0,"max_hp_gain":0.0,"max_hp_loss":0.0,"gold_gain":0.0,"event_name":"Duplicator","player_choice":"Copied","floor":21.0,"gold_loss":0.0,"damage_taken":0.0,"cards_obtained":["animator:HiiragiShinya"]}],"is_beta":false,"boss_relics":[{"not_picked":["Fusion Hammer","animator:CursedBlade"],"picked":"Mark of Pain"}],"items_purged_floors":[19],"is_endless":false,"potions_floor_spawned":[4,6,12,13,14,18,22],"killed_by":"Book of Stabbing","ascension_level":15}}