{"host":"q6ff4ns2kep02ti6","time":1610815418,"event":{"mods":["AchievementEnabler","BaseMod","Minty Spire (QoL Compilation)","Relic Stats","StSLib","Unceasing Turn Reminder"],"gold_per_floor":[112,129,204,224,149,149,164,175,198,198,198,216,247,119,119,119,119],"floor_reached":16,"language":"ENG","playtime":955,"items_purged":["Strike_R"],"score":204,"play_id":"fb308b76-5f13-4558-98c9-c4903129aa33","local_time":"20210116174338","is_ascension_mode":true,"campfire_choices":[{"data":"Shockwave","floor":6,"key":"SMITH"},{"data":"Pommel Strike","floor":11,"key":"SMITH"},{"data":"Hemokinesis","floor":15,"key":"SMITH"}],"circlet_count":0,"master_deck":["AscendersBane","Strike_R","Strike_R","Strike_R","Strike_R","Defend_R","Defend_R","Defend_R","Bash","Shockwave+1","Evolve","Pommel Strike+1","Clothesline","Hemokinesis+1"],"relics":["Burning Blood","Nunchaku","Anchor"],"acts_visited":["Exordium"],"potions_floor_usage":[13,13,13,16,16],"damage_taken":[{"damage":7,"enemies":"Small Slimes","floor":1,"turns":4},{"damage":14,"enemies":"2 Louse","floor":2,"turns":3},{"damage":0,"enemies":"Cultist","floor":4,"turns":3},{"damage":9,"enemies":"Blue Slaver","floor":7,"turns":5},{"damage":14,"enemies":"Looter","floor":8,"turns":4},{"damage":14,"enemies":"Gremlin Gang","floor":12,"turns":5},{"damage":6,"enemies":"Gremlin Nob","floor":13,"turns":3},{"damage":30,"enemies":"Hexaghost","floor":16,"turns":9}],"seed_played":"2165182249579786002","potions_obtained":[{"floor":2,"key":"SteroidPotion"},{"floor":4,"key":"BlessingOfTheForge"},{"floor":7,"key":"EntropicBrew"}],"is_trial":false,"path_per_floor":["M","M","?","M","?","R","M","M","T","?","R","M","E","$","R","B"],"character_chosen":"IRONCLAD","items_purchased":["PowerPotion"],"campfire_rested":0,"item_purchase_floors":[14],"current_hp_per_floor":[74,66,55,61,61,61,58,50,50,38,38,30,30,30,30,0,0],"gold":119,"neow_bonus":"TEN_PERCENT_HP_BONUS","is_daily":false,"chose_seed":false,"campfire_upgraded":3,"win_rate":0.0,"timestamp":1610815418,"path_taken":["M","M","?","M","?","R","M","M","T","?","R","M","E","$","R","BOSS"],"items_purchased_type":["Potion"],"build_version":"2020-12-22","purchased_purges":1,"victory":false,"max_hp_per_floor":[82,82,82,82,82,82,82,82,82,82,82,82,82,82,82,82,82],"relic_stats":{"Nunchaku":[2],"counters":[8,36],"obtain_stats":[{"Nunchaku":9,"Anchor":13,"Burning Blood":0},{"Nunchaku":5,"Anchor":7,"Burning Blood":0},{"Nunchaku":19,"Anchor":27,"Burning Blood":0}],"Burning Blood":42},"card_choices":[{"not_picked":["Warcry","Thunderclap"],"picked":"Shockwave","floor":1},{"not_picked":["Perfected Strike","Clash","Thunderclap"],"picked":"SKIP","floor":2},{"not_picked":["Heavy Blade","Sever Soul"],"picked":"Evolve","floor":4},{"not_picked":["Body Slam","Perfected Strike","Brutality"],"picked":"SKIP","floor":7},{"not_picked":["Iron Wave","Blood for Blood"],"picked":"Pommel Strike","floor":8},{"not_picked":["Wild Strike","Rampage"],"picked":"Clothesline","floor":12},{"not_picked":["Headbutt","Uppercut"],"picked":"Hemokinesis","floor":13}],"player_experience":957312,"relics_obtained":[{"floor":9,"key":"Nunchaku"},{"floor":13,"key":"Anchor"}],"event_choices":[{"damage_healed":0,"gold_gain":75,"player_choice":"Gather Gold","damage_taken":11,"max_hp_gain":0,"max_hp_loss":0,"event_name":"World of Goop","floor":3,"gold_loss":0},{"cards_removed":["Defend_R"],"damage_healed":0,"gold_gain":0,"player_choice":"Card Removal","damage_taken":0,"max_hp_gain":0,"max_hp_loss":0,"event_name":"The Cleric","floor":5,"gold_loss":75},{"damage_healed":0,"gold_gain":0,"player_choice":"Damaged","damage_taken":12,"max_hp_gain":0,"max_hp_loss":0,"event_name":"Wheel of Change","floor":10,"gold_loss":0}],"is_beta":false,"boss_relics":[],"items_purged_floors":[14],"is_endless":false,"potions_floor_spawned":[2,4,7],"killed_by":"Hexaghost","ascension_level":20}}