{"host":"d8hh7rr4yzitjeuj","time":1610770986,"event":{"mods":["2.2 Compatiblity","AchievementEnabler","Act Like it!","BaseMod","Colored Map","Colored Powertips","Highlight Path","Keyboard Shortcuts","Minty Spire (QoL Compilation)","Permanent Neow","Quick Restart","StSLib","SuperFastMode"],"gold_per_floor":[113,125,135,135,151,151,185,185,185,205,237,237,255,274,274,351,351,366,378,391,17,28,28,28],"floor_reached":23,"language":"KOR","playtime":1002,"items_purged":[],"score":414,"play_id":"eb6d8bf6-df03-4af9-bad8-0dd53ce97fcd","local_time":"20210116132306","is_ascension_mode":true,"campfire_choices":[{"data":"Sunder","floor":6.0,"key":"SMITH"},{"data":"Buffer","floor":8,"key":"SMITH"},{"data":"Reprogram","floor":12,"key":"SMITH"},{"data":"Aggregate","floor":15,"key":"SMITH"}],"circlet_count":0,"master_deck":["AscendersBane","Strike_B","Strike_B","Strike_B","Strike_B","Defend_B","Defend_B","Defend_B","Defend_B","Zap","Dualcast","Buffer+1","Ball Lightning","Cold Snap","Undo","Sunder+1","Rebound","Self Repair","Leap","Reprogram+1","Steam","Rip and Tear","Aggregate+1","Reboot","Hello World","Turbo","Rebound","Stack"],"relics":["Cracked Core","MealTicket","Mercury Hourglass","TungstenRod","Nuclear Battery","Kunai"],"acts_visited":["Exordium","TheCity"],"potions_floor_usage":[11,16,23,23],"damage_taken":[{"damage":0.0,"enemies":"2 Louse","floor":1.0,"turns":3.0},{"damage":0.0,"enemies":"Cultist","floor":2.0,"turns":3.0},{"damage":9.0,"enemies":"Small Slimes","floor":3.0,"turns":4.0},{"damage":7.0,"enemies":"Red Slaver","floor":5.0,"turns":3.0},{"damage":10,"enemies":"Lagavulin","floor":7,"turns":7},{"damage":0,"enemies":"Blue Slaver","floor":10,"turns":4},{"damage":7,"enemies":"3 Sentries","floor":11,"turns":5},{"damage":0,"enemies":"3 Louse","floor":13,"turns":4},{"damage":4,"enemies":"Red Slaver","floor":14,"turns":2},{"damage":25,"enemies":"The Guardian","floor":16,"turns":13},{"damage":0,"enemies":"Chosen","floor":18,"turns":4},{"damage":0,"enemies":"Spheric Guardian","floor":19,"turns":3},{"damage":19,"enemies":"Centurion and Healer","floor":20,"turns":7},{"damage":15,"enemies":"Shelled Parasite and Fungi","floor":22,"turns":4},{"damage":60,"enemies":"Book of Stabbing","floor":23,"turns":5}],"seed_played":"3331719086998405140","potions_obtained":[{"floor":7,"key":"Explosive Potion"},{"floor":10,"key":"PotionOfCapacity"},{"floor":11,"key":"Block Potion"},{"floor":14,"key":"Weak Potion"},{"floor":16,"key":"FearPotion"}],"is_trial":false,"path_per_floor":["M","M","M","?","M","R","E","R","T","M","E","R","M","M","R","B",null,"M","M","M","$","M","E"],"character_chosen":"DEFECT","items_purchased":["Kunai","Turbo","Rebound"],"campfire_rested":0,"item_purchase_floors":[21,21,21],"current_hp_per_floor":[64,64,55,55,48,48,45,45,45,52,52,52,59,62,62,44,64,71,71,59,71,56,0,0],"gold":28,"neow_bonus":"ONE_RANDOM_RARE_CARD","is_daily":false,"chose_seed":false,"campfire_upgraded":4,"win_rate":0.0,"timestamp":1610770986,"path_taken":["M","M","M","?","M","R","E","R","T","M","E","R","M","M","R","BOSS","M","M","M","$","M","E"],"items_purchased_type":["Relic","Card","Card"],"build_version":"2020-12-22","purchased_purges":0,"victory":false,"max_hp_per_floor":[71,71,71,71,71,71,71,71,71,71,71,71,71,71,71,71,71,71,71,71,71,71,71,71],"card_choices":[{"not_picked":["Hologram","Aggregate"],"picked":"Ball Lightning","floor":1.0},{"not_picked":["Conserve Battery","Compile Driver"],"picked":"Cold Snap","floor":2.0},{"not_picked":["Redo","Beam Cell"],"picked":"Undo","floor":3.0},{"not_picked":["Barrage","Blizzard"],"picked":"Self Repair","floor":5.0},{"not_picked":["Turbo","Redo"],"picked":"Leap","floor":7},{"not_picked":["Rainbow","Darkness"],"picked":"Reprogram","floor":10},{"not_picked":["Gash","Loop"],"picked":"Steam","floor":11},{"not_picked":["Coolheaded","Streamline"],"picked":"Rip and Tear","floor":13},{"not_picked":["Gash","Coolheaded"],"picked":"Aggregate","floor":14},{"not_picked":["Amplify","Multi-Cast"],"picked":"Reboot","floor":16},{"not_picked":["Coolheaded","Rebound","Consume"],"picked":"SKIP","floor":18},{"not_picked":["Tempest","Redo","Consume"],"picked":"SKIP","floor":19},{"not_picked":["Conserve Battery","Ball Lightning"],"picked":"Hello World","floor":20},{"not_picked":["Fission","Conserve Battery"],"picked":"Stack","floor":22}],"player_experience":1435880,"relics_obtained":[{"floor":7,"key":"MealTicket"},{"floor":9,"key":"Mercury Hourglass"},{"floor":11,"key":"TungstenRod"}],"event_choices":[{"damage_healed":0.0,"max_hp_gain":0.0,"max_hp_loss":0.0,"gold_gain":0.0,"event_name":"Match and Keep!","player_choice":"2 cards matched","floor":4.0,"gold_loss":0.0,"damage_taken":0.0,"cards_obtained":["Sunder","Rebound"]}],"is_beta":false,"boss_relics":[{"not_picked":["Black Star","Tiny House"],"picked":"Nuclear Battery"}],"items_purged_floors":[],"is_endless":false,"potions_floor_spawned":[7,10,11,14,16,19,22],"killed_by":"Book of Stabbing","ascension_level":20}}