{"host":"i0avyit1s6jb1siw","time":1610803803,"event":{"mods":["BaseMod","DeckTracker","Dota2Spire","Highlight Path","Minty Spire (QoL Compilation)","Quick Restart","StSLib","SuperFastMode"],"gold_per_floor":[114,114,164,179,193,193,39,70,70,90,125,125,25,45,45,123,123,141,141,141,141,151,151,184,184,184,202,221,241,156,172,172,246,246,258,258,258,268,283,311,311,339,339,370,370,385,396,322,322,322,322,322],"floor_reached":51,"language":"ENG","playtime":1324,"items_purged":["Strike_G","Strike_G"],"score":1634,"play_id":"ecdfb992-d0eb-49af-9bea-eebb3b729d29","local_time":"20210116143003","is_ascension_mode":true,"campfire_choices":[{"floor":6,"key":"REST"},{"floor":12,"key":"REST"},{"data":"Corpse Explosion","floor":15,"key":"SMITH"},{"data":"Adrenaline","floor":23,"key":"SMITH"},{"data":"Adrenaline","floor":25,"key":"SMITH"},{"floor":32,"key":"REST"},{"floor":41,"key":"RECALL"},{"floor":45,"key":"REST"},{"floor":49,"key":"REST"}],"circlet_count":0,"master_deck":["AscendersBane","Survivor","Neutralize","Deadly Poison","Flying Knee","Corpse Explosion+1","Acrobatics","Dagger Throw","PiercingWail","Poisoned Stab","Adrenaline+1","Night Terror","Escape Plan","Malaise","Skewer","Adrenaline+1","Well Laid Plans","Cloak And Dagger","Bouncing Flask+1","Blade Dance","Reflex","Cloak And Dagger+1","Venomology","Cloak And Dagger+1","Master of Strategy","Flash of Steel","Catalyst+1","PiercingWail","Finisher","Leg Sweep"],"relics":["Ring of the Snake","Incense Burner","Dota2Spire:BattleFury","White Beast Statue","Toy Ornithopter","Pandora\u0027s Box","Enchiridion","Anchor","Dota2Spire:Mjollnir","Dota2Spire:Desolator","Fusion Hammer","Meat on the Bone","Dota2Spire:MonkeyKingBar","Kunai","Paper Crane"],"acts_visited":["Exordium","TheCity","TheBeyond"],"potions_floor_usage":[8,10,11,16,22,29,33,33,35,40,40,42,44,46,46,47,50],"damage_taken":[{"damage":22,"enemies":"Jaw Worm","floor":1,"turns":10},{"damage":1,"enemies":"2 Louse","floor":4,"turns":3},{"damage":9,"enemies":"Cultist","floor":5,"turns":4},{"damage":17,"enemies":"Gremlin Nob","floor":8,"turns":4},{"damage":7,"enemies":"Red Slaver","floor":10,"turns":5},{"damage":5,"enemies":"3 Sentries","floor":11,"turns":2},{"damage":1,"enemies":"Looter","floor":14,"turns":3},{"damage":13,"enemies":"Hexaghost","floor":16,"turns":9},{"damage":0,"enemies":"Chosen","floor":18,"turns":3},{"damage":6,"enemies":"Spheric Guardian","floor":22,"turns":3},{"damage":3,"enemies":"Slavers","floor":24,"turns":2},{"damage":12,"enemies":"Snake Plant","floor":27,"turns":4},{"damage":0,"enemies":"Snecko","floor":28,"turns":3},{"damage":0,"enemies":"Cultist and Chosen","floor":29,"turns":2},{"damage":9,"enemies":"Shelled Parasite and Fungi","floor":31,"turns":3},{"damage":27,"enemies":"Champ","floor":33,"turns":9},{"damage":2,"enemies":"3 Darklings","floor":35,"turns":2},{"damage":0,"enemies":"3 Shapes","floor":38,"turns":1},{"damage":0,"enemies":"Sphere and 2 Shapes","floor":39,"turns":2},{"damage":0,"enemies":"Giant Head","floor":40,"turns":5},{"damage":26,"enemies":"Reptomancer","floor":42,"turns":4},{"damage":0,"enemies":"Giant Head","floor":44,"turns":3},{"damage":2,"enemies":"Spire Growth","floor":46,"turns":3},{"damage":0,"enemies":"Writhing Mass","floor":47,"turns":5},{"damage":12,"enemies":"Donu and Deca","floor":50,"turns":4},{"damage":68,"enemies":"Time Eater","floor":51,"turns":8}],"seed_played":"-4118388718560722779","potions_obtained":[{"floor":1,"key":"Dota2Spire:Clarity"},{"floor":5,"key":"Block Potion"},{"floor":10,"key":"Fire Potion"},{"floor":11,"key":"SkillPotion"},{"floor":14,"key":"Weak Potion"},{"floor":16,"key":"Swift Potion"},{"floor":18,"key":"CunningPotion"},{"floor":22,"key":"SneckoOil"},{"floor":24,"key":"ColorlessPotion"},{"floor":27,"key":"SkillPotion"},{"floor":29,"key":"Explosive Potion"},{"floor":33,"key":"Dota2Spire:Clarity"},{"floor":35,"key":"Dexterity Potion"},{"floor":40,"key":"Swift Potion"},{"floor":46,"key":"Poison Potion"},{"floor":47,"key":"Energy Potion"}],"is_trial":false,"path_per_floor":["M","?","?","M","M","R","$","E","T","M","E","R","$","M","R","B",null,"M","?","?","?","M","R","E","R","T","M","M","M","?","M","R","B",null,"M","?","?","M","M","E","R","E","T","E","R","M","M","?","R","B","B"],"character_chosen":"THE_SILENT","items_purchased":["Acrobatics","Dagger Throw"],"campfire_rested":5,"item_purchase_floors":[7,7],"current_hp_per_floor":[22,27,27,26,17,38,38,21,21,14,9,30,30,29,29,21,59,59,38,38,38,37,37,34,34,34,22,22,27,27,18,39,22,59,62,62,52,52,52,62,62,41,41,46,67,69,71,71,71,61,0,0],"gold":322,"neow_bonus":"ONE_RARE_RELIC","is_daily":false,"chose_seed":false,"campfire_upgraded":3,"win_rate":0.0,"timestamp":1610803803,"path_taken":["M","?","?","?","M","R","$","E","T","M","E","R","?","M","R","BOSS","M","?","?","?","M","R","E","R","T","M","M","?","?","M","R","BOSS","M","?","?","M","M","E","R","E","T","E","R","M","M","?","R","BOSS","BOSS"],"items_purchased_type":["Card","Card"],"build_version":"2020-12-22","purchased_purges":2,"victory":false,"max_hp_per_floor":[66,71,71,71,71,71,71,71,71,71,71,71,71,71,71,71,71,71,71,71,71,71,71,71,71,71,71,71,71,71,71,71,71,71,71,71,71,71,71,71,71,71,71,71,71,71,71,71,71,71,71,71],"card_choices":[{"not_picked":["Choke","Concentrate"],"picked":"Deadly Poison","floor":1},{"not_picked":["Slice","Sucker Punch"],"picked":"Flying Knee","floor":4},{"not_picked":["Crippling Poison","Flechettes"],"picked":"Corpse Explosion","floor":5},{"not_picked":["Skewer","Noxious Fumes","Riddle With Holes"],"picked":"SKIP","floor":8},{"not_picked":["Flying Knee","Acrobatics"],"picked":"PiercingWail","floor":10},{"not_picked":["Skewer","Slice","Distraction"],"picked":"SKIP","floor":11},{"not_picked":["Dagger Throw","Quick Slash"],"picked":"Poisoned Stab","floor":14},{"not_picked":["Night Terror","Bullet Time"],"picked":"Adrenaline","floor":16},{"not_picked":["Bane+1","Dodge and Roll","Dagger Throw+1"],"picked":"SKIP","floor":18},{"not_picked":["PiercingWail","Finisher"],"picked":"Bouncing Flask+1","floor":22},{"not_picked":["Backflip","Choke"],"picked":"Blade Dance","floor":24},{"not_picked":["Flying Knee","Setup","Dagger Spray"],"picked":"SKIP","floor":27},{"not_picked":["Flying Knee","Setup","Dagger Spray"],"picked":"SKIP","floor":27},{"not_picked":["Outmaneuver","Noxious Fumes","PiercingWail+1"],"picked":"SKIP","floor":28},{"not_picked":["Expertise","Skewer"],"picked":"Reflex","floor":29},{"not_picked":["Quick Slash","Dodge and Roll"],"picked":"Cloak And Dagger+1","floor":31},{"not_picked":["Doppelganger","Tools of the Trade"],"picked":"Venomology","floor":33},{"not_picked":["Backflip","Expertise"],"picked":"Cloak And Dagger+1","floor":35},{"not_picked":["Jack Of All Trades","Purity"],"picked":"Master of Strategy","floor":37},{"not_picked":["Enlightenment","PanicButton"],"picked":"Flash of Steel","floor":37},{"not_picked":["Blade Dance","Bane"],"picked":"Catalyst+1","floor":38},{"not_picked":["Quick Slash","Predator"],"picked":"PiercingWail","floor":39},{"not_picked":["Deadly Poison","Bouncing Flask","Storm of Steel"],"picked":"SKIP","floor":40},{"not_picked":["Bouncing Flask","Underhanded Strike","Bane"],"picked":"SKIP","floor":42},{"not_picked":["Dodge and Roll+1","Outmaneuver+1"],"picked":"Finisher","floor":44},{"not_picked":["Deflect+1","Sucker Punch"],"picked":"Leg Sweep","floor":46},{"not_picked":["Calculated Gamble","Prepared","PiercingWail"],"picked":"SKIP","floor":47}],"player_experience":2259557,"relics_obtained":[{"floor":8,"key":"Dota2Spire:BattleFury"},{"floor":9,"key":"White Beast Statue"},{"floor":11,"key":"Toy Ornithopter"},{"floor":19,"key":"Enchiridion"},{"floor":24,"key":"Anchor"},{"floor":26,"key":"Dota2Spire:Mjollnir"},{"floor":40,"key":"Meat on the Bone"},{"floor":42,"key":"Dota2Spire:MonkeyKingBar"},{"floor":44,"key":"Kunai"}],"event_choices":[{"damage_healed":0,"gold_gain":0,"player_choice":"Donut","damage_taken":0,"max_hp_gain":5,"max_hp_loss":0,"event_name":"Big Fish","floor":2,"gold_loss":0},{"damage_healed":0,"gold_gain":50,"player_choice":"Pray","damage_taken":0,"max_hp_gain":0,"max_hp_loss":0,"event_name":"Golden Shrine","floor":3,"gold_loss":0},{"damage_healed":0,"gold_gain":0,"player_choice":"Obtained Book","damage_taken":21,"max_hp_gain":0,"max_hp_loss":0,"event_name":"Cursed Tome","floor":19,"gold_loss":0},{"damage_healed":0,"gold_gain":0,"player_choice":"Ignored","damage_taken":0,"max_hp_gain":0,"max_hp_loss":0,"event_name":"Vampires","floor":20,"gold_loss":0},{"damage_healed":0,"gold_gain":0,"player_choice":"0 cards matched","damage_taken":0,"max_hp_gain":0,"max_hp_loss":0,"event_name":"Match and Keep!","floor":21,"gold_loss":0,"cards_obtained":[]},{"damage_healed":0,"gold_gain":0,"player_choice":"Obtained Relic","damage_taken":0,"relics_obtained":["Dota2Spire:Desolator"],"max_hp_gain":0,"max_hp_loss":0,"event_name":"Addict","floor":30,"gold_loss":85},{"cards_removed":["Slice"],"damage_healed":0,"gold_gain":0,"player_choice":"Removed Attack","damage_taken":0,"max_hp_gain":0,"max_hp_loss":0,"event_name":"Falling","floor":36,"gold_loss":0},{"damage_healed":0,"gold_gain":0,"player_choice":"Memory 3","damage_taken":10,"max_hp_gain":0,"max_hp_loss":0,"event_name":"SensoryStone","floor":37,"gold_loss":0},{"damage_healed":0,"gold_gain":0,"player_choice":"Paid Gold","damage_taken":0,"relics_obtained":["Paper Crane"],"max_hp_gain":0,"max_hp_loss":0,"event_name":"WeMeetAgain","floor":48,"gold_loss":74}],"is_beta":false,"boss_relics":[{"not_picked":["Black Star","Dota2Spire:Bloodstone"],"picked":"Pandora\u0027s Box"},{"not_picked":["SlaversCollar","Sozu"],"picked":"Fusion Hammer"}],"items_purged_floors":[7,13],"is_endless":false,"potions_floor_spawned":[1,5,10,11,14,16,18,22,24,27,28,29,31,33,35,38,39,40,42,44,46,47],"killed_by":"Time Eater","ascension_level":20}}