{"host":"y89x8uui45kcjy42","time":1610802497,"event":{"mods":["2.2 Compatiblity","BaseMod","CapriCore","Colored Map","Colored Powertips","Custom Start","Friendly Minions","Keyboard Shortcuts","Minty Spire (QoL Compilation)","Relic Stats","Slay the Relics Exporter","StSLib","SuperFastMode","Uncapped"],"gold_per_floor":[114,124,140,140,154,184,109,109,132,132,163,163,177,327,327,401,401,414,414,429,445,515,515,104,104,104,104,119,134,134,134],"floor_reached":30,"language":"KOR","playtime":667,"items_purged":[],"score":480,"play_id":"2cb5d773-c1ff-41fa-aafe-fb2dad5b7545","local_time":"20210116220817","is_ascension_mode":true,"campfire_choices":[{"data":"Eruption","floor":8,"key":"SMITH"},{"data":"WheelKick","floor":10,"key":"SMITH"},{"data":"MentalFortress","floor":12,"key":"SMITH"},{"data":"FollowUp","floor":15,"key":"SMITH"},{"data":"Omniscience","floor":23,"key":"SMITH"},{"data":"TalkToTheHand","floor":25,"key":"SMITH"},{"data":"SashWhip","floor":27,"key":"SMITH"}],"circlet_count":0,"master_deck":["Eruption+1","Vigilance","WheelKick+1","FollowUp+1","Collect","MentalFortress+1","FearNoEvil","Omniscience+1","Tantrum","SashWhip+1","TalkToTheHand+1","MentalFortress"],"relics":["PureWater","Tiny Chest","Chemical X","Art of War","Blood Vial","TungstenRod","Coffee Dripper","Shuriken","Medical Kit","Bronze Scales"],"acts_visited":["Exordium","TheCity"],"potions_floor_usage":[6],"damage_taken":[{"damage":24,"enemies":"Jaw Worm","floor":1,"turns":2},{"damage":0,"enemies":"Small Slimes","floor":2,"turns":2},{"damage":0,"enemies":"2 Louse","floor":3,"turns":2},{"damage":21,"enemies":"Blue Slaver","floor":5,"turns":3},{"damage":60,"enemies":"Lagavulin","floor":6,"turns":6},{"damage":24,"enemies":"3 Sentries","floor":11,"turns":8},{"damage":9,"enemies":"Gremlin Gang","floor":13,"turns":4},{"damage":23,"enemies":"The Guardian","floor":16,"turns":5},{"damage":0,"enemies":"Spheric Guardian","floor":18,"turns":3},{"damage":0,"enemies":"Shell Parasite","floor":20,"turns":3},{"damage":28,"enemies":"Chosen and Byrds","floor":21,"turns":5},{"damage":5,"enemies":"3 Cultists","floor":28,"turns":3},{"damage":14,"enemies":"Cultist and Chosen","floor":29,"turns":3},{"damage":31,"enemies":"Slavers","floor":30,"turns":1}],"seed_played":"-5624661470022129439","potions_obtained":[{"floor":5,"key":"AttackPotion"},{"floor":6,"key":"LiquidMemories"},{"floor":11,"key":"Explosive Potion"},{"floor":20,"key":"Dexterity Potion"}],"is_trial":false,"path_per_floor":["M","M","M","?","M","E","?","R","T","R","E","R","M","?","R","B",null,"M","?","M","M","T","R","$","R","T","R","M","M","E"],"character_chosen":"WATCHER","items_purchased":["Medical Kit","Bronze Scales","TalkToTheHand"],"campfire_rested":0,"item_purchase_floors":[24,24,24],"current_hp_per_floor":[43,43,43,43,22,14,14,14,14,14,64,64,57,57,57,36,65,67,67,69,43,43,43,43,43,43,43,40,28,0,0],"gold":134,"neow_bonus":"TEN_PERCENT_HP_BONUS","is_daily":false,"chose_seed":false,"campfire_upgraded":7,"win_rate":0.0,"timestamp":1610802497,"path_taken":["M","M","M","?","M","E","?","R","T","R","E","R","M","?","R","BOSS","M","?","M","M","?","R","$","R","T","R","M","M","E"],"items_purchased_type":["Relic","Relic","Card"],"build_version":"2020-12-22","purchased_purges":0,"victory":false,"max_hp_per_floor":[74,74,74,74,74,74,74,74,74,74,74,74,74,74,74,74,74,74,74,74,74,74,74,74,74,74,74,74,74,74,74],"relic_stats":{"Blood Vial":18,"counters":[14,50],"Shuriken":[4],"Bronze Scales":[15],"Tiny Chest":1,"Art of War":[7],"Chemical X":[10],"Medical Kit":[0],"obtain_stats":[{"Blood Vial":9,"Shuriken":22,"Bronze Scales":24,"Tiny Chest":4,"Omamori":4,"Art of War":6,"Coffee Dripper":17,"Chemical X":5,"PureWater":0,"Medical Kit":24,"TungstenRod":11},{"Blood Vial":5,"Shuriken":11,"Bronze Scales":11,"Tiny Chest":3,"Omamori":3,"Art of War":5,"Coffee Dripper":8,"Chemical X":4,"PureWater":0,"Medical Kit":11,"TungstenRod":6},{"Blood Vial":15,"Shuriken":43,"Bronze Scales":43,"Tiny Chest":6,"Omamori":6,"Art of War":15,"Coffee Dripper":32,"Chemical X":9,"PureWater":0,"Medical Kit":43,"TungstenRod":23}],"TungstenRod":23},"card_choices":[{"not_picked":["ClearTheMind","Halt","ThirdEye"],"picked":"SKIP","floor":1},{"not_picked":["Consecrate","BowlingBash"],"picked":"WheelKick","floor":2},{"not_picked":["Nirvana","CutThroughFate"],"picked":"FollowUp","floor":3},{"not_picked":["Study","Weave"],"picked":"Collect","floor":5},{"not_picked":["Halt","Fasting2","ClearTheMind"],"picked":"SKIP","floor":6},{"not_picked":["Protect","Wireheading"],"picked":"MentalFortress","floor":11},{"not_picked":["EmptyBody","Evaluate"],"picked":"FearNoEvil","floor":13},{"not_picked":["Ragnarok","DeusExMachina"],"picked":"Omniscience","floor":16},{"not_picked":["Consecrate","FlyingSleeves","FollowUp"],"picked":"SKIP","floor":18},{"not_picked":["Pray","WaveOfTheHand"],"picked":"SashWhip","floor":20},{"not_picked":["EmptyMind","CrushJoints","Sanctity"],"picked":"SKIP","floor":21},{"not_picked":["FlyingSleeves","SashWhip"],"picked":"MentalFortress","floor":28},{"not_picked":["Crescendo","WaveOfTheHand","SashWhip"],"picked":"SKIP","floor":29}],"player_experience":617595,"relics_obtained":[{"floor":6,"key":"Art of War"},{"floor":9,"key":"Blood Vial"},{"floor":11,"key":"TungstenRod"},{"floor":22,"key":"Shuriken"}],"event_choices":[{"damage_healed":0,"gold_gain":0,"player_choice":"Box","damage_taken":0,"relics_obtained":["Tiny Chest"],"max_hp_gain":0,"max_hp_loss":0,"event_name":"Big Fish","floor":4,"gold_loss":0,"cards_obtained":["Regret"]},{"cards_removed":["Strike_P"],"damage_healed":0,"gold_gain":0,"player_choice":"Card Removal","damage_taken":0,"max_hp_gain":0,"max_hp_loss":0,"event_name":"The Cleric","floor":7,"gold_loss":75},{"damage_healed":0,"gold_gain":150,"player_choice":"AGREE","damage_taken":0,"max_hp_gain":0,"max_hp_loss":0,"event_name":"Liars Game","floor":14,"gold_loss":0,"cards_obtained":["Doubt"]},{"damage_healed":0,"gold_gain":0,"player_choice":"Read","damage_taken":0,"max_hp_gain":0,"max_hp_loss":0,"event_name":"The Library","floor":19,"gold_loss":0,"cards_obtained":["Tantrum"]}],"is_beta":false,"boss_relics":[{"not_picked":["Philosopher\u0027s Stone","Runic Dome"],"picked":"Coffee Dripper"}],"items_purged_floors":[],"is_endless":false,"potions_floor_spawned":[5,6,11,16,20,28],"killed_by":"Slavers","ascension_level":20}}