{"host":"y193d0agu1dp5x1y","time":1610821029,"event":{"mods":["AchievementEnabler","BaseMod","Googly Eyes","Minty Spire (QoL Compilation)"],"gold_per_floor":[117,135,85,6,6,6,26,26,26,43,57,77,95,109,109,208,208,223,238,15,15,15,47,2,2,2,19,19,19,19,19,19,122,122,133,33,0,0,19,19,19,19,46,91,44,44,44,19,19,19,19],"floor_reached":50,"language":"ENG","playtime":1813,"items_purged":["Strike_B","Shame"],"score":471,"play_id":"5176b2de-71c0-4f31-840c-394dfdc8f8fb","local_time":"20210116121709","is_ascension_mode":false,"campfire_choices":[{"data":"Zap","floor":6.0,"key":"SMITH"},{"data":"Loop","floor":8.0,"key":"SMITH"},{"floor":15.0,"key":"REST"},{"data":"Auto Shields","floor":28.0,"key":"SMITH"},{"data":"Gash","floor":32.0,"key":"SMITH"},{"data":"Gash","floor":40.0,"key":"SMITH"},{"data":"Chrysalis","floor":49.0,"key":"SMITH"}],"circlet_count":0,"master_deck":["Strike_B","Strike_B","Defend_B","Defend_B","Defend_B","Defend_B","Zap+1","Gash","Loop+1","Steam","Electrodynamics","Gash+1","Leap","Self Repair","Storm+1","Steam+1","Sweeping Beam","White Noise+1","Auto Shields+1","Gash+1","Amplify","Go for the Eyes+1","Doubt","Madness","Madness","Self Repair+1","Conserve Battery","Chrysalis+1","Sweeping Beam+1"],"relics":["Runic Pyramid","Juzu Bracelet","Busted Crown","Orrery","MutagenicStrength","Nunchaku","Molten Egg 2","Letter Opener","Sundial","Inserter","Red Mask","Centennial Puzzle","Unceasing Top"],"acts_visited":["Exordium","TheCity","TheBeyond"],"potions_floor_usage":[],"damage_taken":[{"damage":2.0,"enemies":"Small Slimes","floor":1.0,"turns":6.0},{"damage":0.0,"enemies":"2 Louse","floor":2.0,"turns":4.0},{"damage":0.0,"enemies":"Cultist","floor":7.0,"turns":4.0},{"damage":15.0,"enemies":"Exordium Thugs","floor":10.0,"turns":4.0},{"damage":7.0,"enemies":"Exordium Wildlife","floor":11.0,"turns":5.0},{"damage":3.0,"enemies":"3 Louse","floor":12.0,"turns":3.0},{"damage":8.0,"enemies":"2 Fungi Beasts","floor":13.0,"turns":4.0},{"damage":13.0,"enemies":"Exordium Thugs","floor":14.0,"turns":3.0},{"damage":16.0,"enemies":"Slime Boss","floor":16.0,"turns":7.0},{"damage":12.0,"enemies":"3 Byrds","floor":18.0,"turns":4.0},{"damage":0.0,"enemies":"Chosen","floor":19.0,"turns":5.0},{"damage":32.0,"enemies":"Book of Stabbing","floor":23.0,"turns":6.0},{"damage":3.0,"enemies":"Snake Plant","floor":27.0,"turns":4.0},{"damage":30.0,"enemies":"Champ","floor":33.0,"turns":10.0},{"damage":16.0,"enemies":"Orb Walker","floor":35.0,"turns":4.0},{"damage":27.0,"enemies":"3 Darklings","floor":39.0,"turns":3.0},{"damage":36.0,"enemies":"2 Orb Walkers","floor":44.0,"turns":5.0},{"damage":68,"enemies":"Donu and Deca","floor":50,"turns":7}],"seed_played":"-4551932607231268932","potions_obtained":[{"floor":10.0,"key":"PotionOfCapacity"},{"floor":11.0,"key":"Swift Potion"},{"floor":13.0,"key":"Fire Potion"},{"floor":16.0,"key":"Fire Potion"},{"floor":23.0,"key":"ColorlessPotion"},{"floor":33.0,"key":"DuplicationPotion"},{"floor":39.0,"key":"LiquidMemories"}],"is_trial":false,"path_per_floor":["M","M","?","$","?","R","M","R","T","M","M","M","M","M","R","B",null,"M","M","$","?","?","E","$","?","T","M","R","?","T","$","R","B",null,"M","$","?","?","M","R","?","?","T","?","$","?","?","$","R","B"],"character_chosen":"DEFECT","items_purchased":["Loop","Orrery","Gash","Conserve Battery","Sweeping Beam+1"],"campfire_rested":1,"item_purchase_floors":[4,20,24,45,48],"current_hp_per_floor":[73,73,73,73,66,66,66,66,66,51,44,41,33,20,42,26,75,63,63,63,63,63,38,38,38,38,42,42,42,42,42,42,19,75,66,66,66,66,46,46,75,66,66,37,37,66,66,66,66,0,0],"gold":19,"neow_bonus":"BOSS_RELIC","is_daily":false,"chose_seed":false,"campfire_upgraded":6,"win_rate":0.0,"timestamp":1610821029,"path_taken":["M","M","?","$","?","R","M","R","T","M","M","M","M","M","R","BOSS","M","M","$","?","?","E","$","?","T","M","R","?","?","?","R","BOSS","M","$","?","?","M","R","?","?","T","?","$","?","?","$","R","BOSS"],"items_purchased_type":["Card","Relic","Card","Card","Card"],"build_version":"2020-12-22","purchased_purges":2,"victory":false,"max_hp_per_floor":[75,75,75,75,75,75,75,75,75,75,75,75,75,75,75,75,75,75,75,75,75,75,75,75,75,75,75,75,75,75,75,75,75,75,75,75,75,75,75,75,75,75,75,75,75,66,66,66,66,66,66],"card_choices":[{"not_picked":["Ball Lightning","Rebound"],"picked":"Gash","floor":1.0},{"not_picked":["Cold Snap","Streamline","Tempest"],"picked":"SKIP","floor":2.0},{"not_picked":["Static Discharge","Steam"],"picked":"Go for the Eyes","floor":7.0},{"not_picked":["Coolheaded","Recycle"],"picked":"Steam","floor":10.0},{"not_picked":["Sweeping Beam","Aggregate"],"picked":"Electrodynamics","floor":11.0},{"not_picked":["Turbo","Rebound","Darkness"],"picked":"SKIP","floor":12.0},{"not_picked":["Sunder","Coolheaded","Cold Snap"],"picked":"SKIP","floor":13.0},{"not_picked":["Conserve Battery","Beam Cell"],"picked":"Gash","floor":14.0},{"not_picked":[],"picked":"Leap","floor":18.0},{"not_picked":[],"picked":"Self Repair","floor":19.0},{"not_picked":[],"picked":"Storm+1","floor":20.0},{"not_picked":[],"picked":"Steam+1","floor":20.0},{"not_picked":[],"picked":"Sweeping Beam","floor":20.0},{"not_picked":[],"picked":"Auto Shields","floor":23.0},{"not_picked":["Stack"],"picked":"SKIP","floor":27.0},{"not_picked":[],"picked":"Amplify","floor":33.0},{"not_picked":[],"picked":"Go for the Eyes+1","floor":35.0},{"not_picked":["Heatsinks"],"picked":"SKIP","floor":39.0},{"not_picked":[],"picked":"Self Repair+1","floor":44.0},{"not_picked":[],"picked":"Chrysalis","floor":47.0}],"player_experience":108475,"relics_obtained":[{"floor":9.0,"key":"Juzu Bracelet"},{"floor":23.0,"key":"Nunchaku"},{"floor":26.0,"key":"Molten Egg 2"},{"floor":30.0,"key":"Sundial"},{"floor":43.0,"key":"Centennial Puzzle"},{"floor":44.0,"key":"Unceasing Top"}],"event_choices":[{"cards_removed":["Dualcast"],"damage_healed":0.0,"max_hp_gain":0.0,"max_hp_loss":0.0,"gold_gain":0.0,"event_name":"The Cleric","player_choice":"Card Removal","floor":3.0,"gold_loss":50.0,"damage_taken":0.0},{"cards_removed":["Strike_B"],"damage_healed":0.0,"max_hp_gain":0.0,"max_hp_loss":0.0,"gold_gain":0.0,"event_name":"Golden Wing","player_choice":"Card Removal","floor":5.0,"gold_loss":0.0,"damage_taken":7.0},{"damage_healed":0.0,"max_hp_gain":0.0,"max_hp_loss":0.0,"gold_gain":0.0,"event_name":"Drug Dealer","player_choice":"Inject Mutagens","floor":21.0,"gold_loss":0.0,"damage_taken":0.0,"relics_obtained":["MutagenicStrength"]},{"damage_healed":0.0,"max_hp_gain":0.0,"max_hp_loss":0.0,"gold_gain":0.0,"event_name":"The Library","player_choice":"Read","floor":22.0,"gold_loss":0.0,"damage_taken":0.0,"cards_obtained":["White Noise"]},{"damage_healed":0.0,"max_hp_gain":0.0,"max_hp_loss":0.0,"gold_gain":0.0,"event_name":"Upgrade Shrine","player_choice":"Upgraded","floor":25.0,"gold_loss":0.0,"damage_taken":0.0,"cards_upgraded":["White Noise"]},{"damage_healed":0.0,"max_hp_gain":0.0,"max_hp_loss":0.0,"gold_gain":0.0,"event_name":"Addict","player_choice":"Stole Relic","floor":29.0,"gold_loss":0.0,"damage_taken":0.0,"relics_obtained":["Letter Opener"],"cards_obtained":["Shame"]},{"damage_healed":0.0,"max_hp_gain":0.0,"max_hp_loss":0.0,"gold_gain":0.0,"event_name":"Tomb of Lord Red Mask","player_choice":"Paid","floor":37.0,"gold_loss":33.0,"damage_taken":0.0,"relics_obtained":["Red Mask"]},{"cards_removed":["Go for the Eyes"],"damage_healed":0.0,"max_hp_gain":0.0,"max_hp_loss":0.0,"gold_gain":0.0,"event_name":"Falling","player_choice":"Removed Attack","floor":38.0,"gold_loss":0.0,"damage_taken":0.0},{"damage_healed":29.0,"max_hp_gain":0.0,"max_hp_loss":0.0,"gold_gain":0.0,"event_name":"MindBloom","player_choice":"Heal","floor":41.0,"gold_loss":0.0,"damage_taken":0.0,"cards_obtained":["Doubt"]},{"damage_healed":0.0,"max_hp_gain":0.0,"max_hp_loss":0.0,"gold_gain":0.0,"event_name":"Winding Halls","player_choice":"Embrace Madness","floor":42.0,"gold_loss":0.0,"damage_taken":9.0,"cards_obtained":["Madness","Madness"]},{"damage_healed":0.0,"max_hp_gain":0.0,"max_hp_loss":0.0,"gold_gain":0.0,"event_name":"Mysterious Sphere","player_choice":"Fight","floor":44.0,"gold_loss":0.0,"damage_taken":0.0},{"damage_healed":66.0,"max_hp_gain":0.0,"max_hp_loss":9.0,"gold_gain":0.0,"event_name":"The Moai Head","player_choice":"Heal","floor":46.0,"gold_loss":0.0,"damage_taken":0.0},{"damage_healed":0.0,"max_hp_gain":0.0,"max_hp_loss":0.0,"gold_gain":0.0,"event_name":"SensoryStone","player_choice":"Memory 1","floor":47.0,"gold_loss":0.0,"damage_taken":0.0}],"is_beta":false,"boss_relics":[{"not_picked":["Ectoplasm","Cursed Key"],"picked":"Busted Crown"},{"not_picked":["Sozu","Astrolabe"],"picked":"Inserter"}],"items_purged_floors":[20,36],"is_endless":false,"potions_floor_spawned":[10,11,13,16,23,33,39],"killed_by":"Donu and Deca","ascension_level":0}}