{"host":"wad60ubd84l8p1x5","time":1610819213,"event":{"mods":["AchievementEnabler","BaseMod","Colored Map","Minty Spire (QoL Compilation)","StSLib","SuperFastMode"],"gold_per_floor":[113,124,137,137,137,168,168,168,168,178,196,215,226,251,251,350,350,365,417,81,81,81,81,95,110,133,133,33,33,33,44,44,146,146,156,156,156,12,12,29,40,40,40,50,64,64,75,93,93,93,93,93,41,76,76],"floor_reached":56,"language":"KOR","playtime":3230,"items_purged":["Strike_R","Strike_R"],"score":1161,"play_id":"f3a3086b-592e-4ccd-814f-ba37ab2741e1","local_time":"20210117024653","is_ascension_mode":false,"campfire_choices":[{"data":"Feed","floor":8.0,"key":"SMITH"},{"data":"Shockwave","floor":15.0,"key":"SMITH"},{"data":"Brutality","floor":23.0,"key":"SMITH"},{"data":"Rupture","floor":27.0,"key":"SMITH"},{"data":"Dark Embrace","floor":29.0,"key":"SMITH"},{"floor":32.0,"key":"REST"},{"floor":46.0,"key":"RECALL"},{"floor":49.0,"key":"REST"},{"floor":52,"key":"REST"}],"circlet_count":0,"master_deck":["Strike_R+1","Strike_R+1","Defend_R","Defend_R","Defend_R","Bash","Havoc","Feed+1","Intimidate","Hemokinesis","Clothesline","Rupture+1","Shockwave+1","Battle Trance","Cleave","Brutality+1","Dark Embrace+1","Pummel","Burning Pact","Inflame","Demon Form","Rampage+1","Master of Strategy","Dark Shackles","Parasite","Dual Wield+1","Bloodletting+1","Battle Trance+1","Disarm+1"],"relics":["Burning Blood","Magic Flower","Bird Faced Urn","Mango","Orichalcum","Mark of Pain","Anchor","Strange Spoon","Lantern","Fusion Hammer","Red Skull","Nunchaku"],"acts_visited":["TheCity","TheBeyond","TheEnding"],"potions_floor_usage":[50,55,55,55],"damage_taken":[{"damage":12.0,"enemies":"Small Slimes","floor":1.0,"turns":5.0},{"damage":12.0,"enemies":"Cultist","floor":2.0,"turns":5.0},{"damage":1.0,"enemies":"2 Louse","floor":3.0,"turns":3.0},{"damage":48.0,"enemies":"Gremlin Nob","floor":6.0,"turns":5.0},{"damage":5.0,"enemies":"2 Fungi Beasts","floor":10.0,"turns":3.0},{"damage":6.0,"enemies":"Blue Slaver","floor":11.0,"turns":3.0},{"damage":5.0,"enemies":"3 Louse","floor":12.0,"turns":3.0},{"damage":5.0,"enemies":"Gremlin Gang","floor":13.0,"turns":5.0},{"damage":38.0,"enemies":"Lagavulin","floor":14.0,"turns":6.0},{"damage":46.0,"enemies":"The Guardian","floor":16.0,"turns":9.0},{"damage":32.0,"enemies":"3 Byrds","floor":18.0,"turns":6.0},{"damage":26.0,"enemies":"Spheric Guardian","floor":24.0,"turns":4.0},{"damage":15.0,"enemies":"3 Cultists","floor":25.0,"turns":4.0},{"damage":30.0,"enemies":"Shelled Parasite and Fungi","floor":31.0,"turns":5.0},{"damage":39.0,"enemies":"Collector","floor":33.0,"turns":7.0},{"damage":14.0,"enemies":"Orb Walker","floor":35.0,"turns":3.0},{"damage":20.0,"enemies":"3 Shapes","floor":40.0,"turns":4.0},{"damage":13.0,"enemies":"Spire Growth","floor":41.0,"turns":4.0},{"damage":8.0,"enemies":"Writhing Mass","floor":44.0,"turns":5.0},{"damage":18.0,"enemies":"Transient","floor":45.0,"turns":5.0},{"damage":10.0,"enemies":"3 Darklings","floor":47.0,"turns":3.0},{"damage":27.0,"enemies":"Jaw Worm Horde","floor":48.0,"turns":4.0},{"damage":84,"enemies":"Donu and Deca","floor":50,"turns":7},{"damage":14,"enemies":"Shield and Spear","floor":54,"turns":4},{"damage":157,"enemies":"The Heart","floor":55,"turns":9}],"seed_played":"3969260034914441479","potions_obtained":[{"floor":2.0,"key":"SpeedPotion"},{"floor":7.0,"key":"CultistPotion"},{"floor":7.0,"key":"Dexterity Potion"},{"floor":10.0,"key":"FearPotion"},{"floor":12.0,"key":"DistilledChaos"},{"floor":14.0,"key":"ColorlessPotion"},{"floor":31.0,"key":"BlessingOfTheForge"},{"floor":33.0,"key":"BlessingOfTheForge"},{"floor":40.0,"key":"PowerPotion"},{"floor":44.0,"key":"BloodPotion"}],"is_trial":false,"path_per_floor":["M","M","M","?","$","E","?","R","T","M","M","M","M","E","R","B",null,"M","T","$","?","?","R","M","M","T","R","$","R","?","M","R","B",null,"M","?","?","$","?","M","M","?","T","M","M","R","M","M","R","B",null,"R","$","E","B",null],"character_chosen":"IRONCLAD","items_purchased":["Dark Embrace","Strange Spoon","Pummel","Red Skull","Dexterity Potion"],"campfire_rested":3,"item_purchase_floors":[20,20,20,38,53],"current_hp_per_floor":[69,66,75,60,60,26,26,26,40,50,59,69,82,62,62,34,116,102,102,102,77,77,77,72,72,72,72,72,72,72,66,105,87,133,131,126,126,126,126,127,137,130,130,134,131,131,138,135,142,88,150,150,150,154,66],"gold":76,"neow_bonus":"ONE_RARE_RELIC","is_daily":false,"chose_seed":false,"campfire_upgraded":5,"win_rate":0.0,"timestamp":1610819213,"path_taken":["M","M","M","?","$","E","?","R","T","M","M","M","M","E","R","BOSS","M","?","$","?","?","R","M","M","T","R","$","R","?","M","R","BOSS","M","?","?","$","?","M","?","?","T","M","M","R","M","M","R","BOSS","R","$","E","BOSS"],"items_purchased_type":["Card","Relic","Card","Relic","Potion"],"build_version":"2020-12-22","purchased_purges":2,"victory":true,"max_hp_per_floor":[72,72,75,75,75,78,78,78,92,96,100,104,108,112,112,116,116,120,120,120,125,125,125,129,129,129,129,129,129,129,133,133,133,133,133,133,133,133,133,133,137,130,130,134,134,134,138,142,142,150,150,150,150,154,158],"card_choices":[{"not_picked":["Clash","Heavy Blade"],"picked":"Havoc","floor":1.0},{"not_picked":["Headbutt","Intimidate"],"picked":"Feed","floor":2.0},{"not_picked":["Searing Blow","Heavy Blade"],"picked":"Intimidate","floor":3.0},{"not_picked":["Armaments","Havoc"],"picked":"Hemokinesis","floor":6.0},{"not_picked":["Reckless Charge","Clash"],"picked":"Clothesline","floor":10.0},{"not_picked":["Anger","Bludgeon"],"picked":"Rupture","floor":11.0},{"not_picked":["Evolve","Spot Weakness"],"picked":"Shockwave","floor":12.0},{"not_picked":["Cleave","Body Slam"],"picked":"Battle Trance","floor":13.0},{"not_picked":["Havoc","Iron Wave"],"picked":"Cleave","floor":14.0},{"not_picked":["Limit Break","Feed"],"picked":"Brutality","floor":16.0},{"not_picked":["Anger","Twin Strike","Clothesline"],"picked":"SKIP","floor":18.0},{"not_picked":["Body Slam","Perfected Strike"],"picked":"Burning Pact","floor":24.0},{"not_picked":["Wild Strike+1","Uppercut","Flex+1"],"picked":"SKIP","floor":25.0},{"not_picked":["Fire Breathing+1","Evolve+1"],"picked":"Inflame","floor":31.0},{"not_picked":["Feed","Impervious"],"picked":"Demon Form","floor":33.0},{"not_picked":["Clash+1","Intimidate"],"picked":"Rampage+1","floor":35.0},{"not_picked":["Finesse","PanicButton"],"picked":"Master of Strategy","floor":36.0},{"not_picked":["Dramatic Entrance","Thinking Ahead"],"picked":"Dark Shackles","floor":36.0},{"not_picked":["Clash+1","Wild Strike","Clothesline+1"],"picked":"SKIP","floor":40.0},{"not_picked":["Spot Weakness","Anger","Evolve"],"picked":"SKIP","floor":41.0},{"not_picked":["Disarm","Reckless Charge+1"],"picked":"Dual Wield+1","floor":44.0},{"not_picked":["Thunderclap+1","Heavy Blade+1"],"picked":"Bloodletting+1","floor":45.0},{"not_picked":["Pommel Strike","Uppercut+1"],"picked":"Battle Trance+1","floor":47.0},{"not_picked":["Burning Pact+1","Iron Wave+1","Reckless Charge"],"picked":"SKIP","floor":48.0},{"not_picked":["Heavy Blade+1","Dark Embrace+1"],"picked":"Disarm+1","floor":54}],"player_experience":83059,"relics_obtained":[{"floor":6.0,"key":"Bird Faced Urn"},{"floor":9.0,"key":"Mango"},{"floor":14.0,"key":"Orichalcum"},{"floor":19.0,"key":"Anchor"},{"floor":26.0,"key":"Lantern"},{"floor":54,"key":"Nunchaku"}],"event_choices":[{"damage_healed":0.0,"max_hp_gain":0.0,"max_hp_loss":0.0,"gold_gain":0.0,"event_name":"Shining Light","player_choice":"Entered Light","floor":4.0,"gold_loss":0.0,"damage_taken":15.0,"cards_upgraded":["Strike_R","Strike_R"]},{"damage_healed":0.0,"max_hp_gain":0.0,"max_hp_loss":0.0,"gold_gain":0.0,"event_name":"Lab","player_choice":"Got Potions","floor":7.0,"gold_loss":0.0,"damage_taken":0.0},{"damage_healed":0.0,"max_hp_gain":5.0,"max_hp_loss":0.0,"gold_gain":0.0,"event_name":"Forgotten Altar","player_choice":"Shed Blood","floor":21.0,"gold_loss":0.0,"damage_taken":30.0},{"cards_removed":["Strike_R"],"damage_healed":0.0,"max_hp_gain":0.0,"max_hp_loss":0.0,"gold_gain":0.0,"event_name":"Back to Basics","player_choice":"Elegance","floor":30.0,"gold_loss":0.0,"damage_taken":0.0},{"damage_healed":0.0,"max_hp_gain":0.0,"max_hp_loss":0.0,"gold_gain":0.0,"event_name":"SensoryStone","player_choice":"Memory 2","floor":36.0,"gold_loss":0.0,"damage_taken":5.0},{"damage_healed":0.0,"max_hp_gain":0.0,"max_hp_loss":0.0,"gold_gain":0.0,"event_name":"Tomb of Lord Red Mask","player_choice":"Ignored","floor":37.0,"gold_loss":0.0,"damage_taken":0.0},{"cards_removed":["Defend_R"],"damage_healed":0.0,"max_hp_gain":0.0,"max_hp_loss":0.0,"gold_gain":0.0,"event_name":"Bonfire Elementals","player_choice":"Offered Basic","floor":39.0,"gold_loss":0.0,"damage_taken":0.0},{"damage_healed":0.0,"max_hp_gain":0.0,"max_hp_loss":7.0,"gold_gain":0.0,"event_name":"Winding Halls","player_choice":"Max HP","floor":42.0,"gold_loss":0.0,"damage_taken":0.0}],"is_beta":false,"boss_relics":[{"not_picked":["Black Star","Busted Crown"],"picked":"Mark of Pain"},{"not_picked":["Coffee Dripper","Calling Bell"],"picked":"Fusion Hammer"}],"items_purged_floors":[20,28],"is_endless":false,"potions_floor_spawned":[2,10,12,14,31,33,40,44,45,54],"ascension_level":0}}