{"host":"oe6yjh9x9s1jtd6c","time":1610776178,"event":{"mods":["Act Like it!","BaseMod","Jorbs\u0027s Wanderer Trilogy","Minty Spire (QoL Compilation)","Permanent Neow","Relic Stats","StSLib","The Jungle"],"gold_per_floor":[116,116,130,130,16,31,31,63,90,107,132,132,132,167,167,322,322,377,160,211,254,297,297,367,418,469,469,530,576,601,662,662,817,817,861,771,815,864,882,882,950,950,950,1013,1013,1062,1087,114,114,114,114],"floor_reached":50,"language":"ENG","playtime":3659,"items_purged":["Pain","Defend_P","Strike_P"],"score":1041,"play_id":"1f08e326-8cc9-4040-9741-483208bdee0a","local_time":"20210116054938","is_ascension_mode":true,"campfire_choices":[{"data":"EmptyFist","floor":7.0,"key":"SMITH"},{"floor":12.0,"key":"REST"},{"data":"Wish","floor":15.0,"key":"SMITH"},{"floor":23.0,"key":"REST"},{"floor":32.0,"key":"REST"},{"floor":40.0,"key":"REST"},{"floor":45.0,"key":"REST"},{"floor":49,"key":"RECALL"}],"circlet_count":0,"master_deck":["Strike_P","Strike_P","Strike_P","Defend_P","Defend_P","Eruption","Vigilance","EmptyFist+1","BattleHymn","Wallop","DevaForm","Tantrum","ClearTheMind+1","EmptyBody","InnerPeace","Wish+1","Vault","Adaptation","ThirdEye","TalkToTheHand","MentalFortress","EmptyBody","Sanctity","FlyingSleeves","Vault","Fasting2+1","Adaptation","FlurryOfBlows","CutThroughFate","TalkToTheHand","FlurryOfBlows","Wallop","Ragnarok","ThirdEye+1","JustLucky+1","FearNoEvil","FlurryOfBlows+1","ClearTheMind+1","Crescendo","JustLucky+1","Protect","WaveOfTheHand+1","Omniscience","FlurryOfBlows","ClearTheMind+1","DeusExMachina","Adaptation","Vengeance","EmptyBody","EmptyFist"],"relics":["Philosopher\u0027s Stone","Dream Catcher","WarpedTongs","Prayer Wheel","Odd Mushroom","Golden Idol","Pantograph","Fusion Hammer","Bag of Preparation","theJungle:BirthdayCakeSlice","Bottled Tornado","Nunchaku","Cursed Key","Blood Vial","White Beast Statue","Centennial Puzzle","Bottled Flame","HandDrill"],"acts_visited":["Exordium","Exordium","TheBeyond"],"potions_floor_usage":[50,50,50],"damage_taken":[{"damage":9.0,"enemies":"Jaw Worm","floor":1.0,"turns":4.0},{"damage":0.0,"enemies":"Small Slimes","floor":3.0,"turns":3.0},{"damage":0.0,"enemies":"Cultist","floor":6.0,"turns":2.0},{"damage":12.0,"enemies":"3 Sentries","floor":8.0,"turns":4.0},{"damage":0.0,"enemies":"Looter","floor":10.0,"turns":2.0},{"damage":0.0,"enemies":"The Mushroom Lair","floor":11.0,"turns":4.0},{"damage":4.0,"enemies":"Gremlin Nob","floor":14.0,"turns":4.0},{"damage":27.0,"enemies":"The Guardian","floor":16.0,"turns":8.0},{"damage":8.0,"enemies":"theJungle:5_Spyders","floor":18.0,"turns":5.0},{"damage":1.0,"enemies":"theJungle:MUSHROOMGANG","floor":20.0,"turns":5.0},{"damage":0.0,"enemies":"theJungle:Lyon","floor":21.0,"turns":3.0},{"damage":22.0,"enemies":"Snake Plant","floor":22.0,"turns":6.0},{"damage":0.0,"enemies":"theJungle:2_Phrogs","floor":24.0,"turns":7.0},{"damage":10.0,"enemies":"theJungle:SlimyTreeVines","floor":25.0,"turns":5.0},{"damage":0.0,"enemies":"theJungle:Cassacara","floor":28.0,"turns":7.0},{"damage":35.0,"enemies":"theJungle:2_Flameangoes","floor":29.0,"turns":6.0},{"damage":5.0,"enemies":"Snake Plant","floor":30.0,"turns":5.0},{"damage":0.0,"enemies":"theJungle:MamaSnecko","floor":31.0,"turns":8.0},{"damage":7.0,"enemies":"theJungle:TotemBoss","floor":33.0,"turns":6.0},{"damage":0.0,"enemies":"3 Shapes","floor":35.0,"turns":4.0},{"damage":14.0,"enemies":"Orb Walker","floor":37.0,"turns":5.0},{"damage":8.0,"enemies":"Maw","floor":38.0,"turns":5.0},{"damage":22.0,"enemies":"Jaw Worm Horde","floor":39.0,"turns":5.0},{"damage":31.0,"enemies":"Reptomancer","floor":41.0,"turns":6.0},{"damage":14.0,"enemies":"Giant Head","floor":44.0,"turns":6.0},{"damage":27.0,"enemies":"Transient","floor":46.0,"turns":7.0},{"damage":0.0,"enemies":"3 Darklings","floor":47.0,"turns":3.0},{"damage":0,"enemies":"Donu and Deca","floor":50,"turns":1}],"seed_played":"5201630316918784857","potions_obtained":[{"floor":6.0,"key":"LiquidBronze"},{"floor":10.0,"key":"SneckoOil"},{"floor":11.0,"key":"BottledMiracle"},{"floor":14.0,"key":"FearPotion"},{"floor":21.0,"key":"FairyPotion"},{"floor":22.0,"key":"Regen Potion"},{"floor":29.0,"key":"PowerPotion"},{"floor":33.0,"key":"PowerPotion"},{"floor":37.0,"key":"BottledMiracle"},{"floor":46.0,"key":"Block Potion"},{"floor":47.0,"key":"Regen Potion"}],"is_trial":false,"path_per_floor":["M","?","M","?","$","M","R","E","T","M","?","R","?","E","R","B",null,"M","$","M","M","M","R","E","M","T","?","E","M","M","E","R","B",null,"M","?","M","M","M","R","E","?","T","E","R","M","M","$","R","B"],"character_chosen":"WATCHER","items_purchased":["Wallop","TalkToTheHand","MentalFortress","Adaptation","Vengeance","Centennial Puzzle","Bottled Flame","HandDrill","EntropicBrew","EmptyBody","EmptyFist"],"campfire_rested":5,"item_purchase_floors":[5,19,19,48,48,48,48,48,48,48,48],"current_hp_per_floor":[56,53,53,53,53,53,53,41,41,41,41,62,44,40,40,38,64,56,56,55,55,33,54,54,50,50,55,55,35,30,30,53,70,75,75,75,61,53,31,54,23,23,23,11,34,9,11,11,11,38,38],"gold":114,"neow_bonus":"BOSS_RELIC","is_daily":false,"chose_seed":false,"campfire_upgraded":2,"win_rate":0.0,"timestamp":1610776178,"path_taken":["M","?","M","?","$","M","R","E","T","?","?","R","?","E","R","BOSS","M","$","M","M","M","R","E","M","T","?","E","M","M","E","R","BOSS","M","?","M","M","?","R","E","?","T","E","R","M","M","$","R","BOSS"],"items_purchased_type":["Card","Card","Card","Card","Card","Relic","Relic","Relic","Potion","Card","Card"],"build_version":"2020-12-22","purchased_purges":3,"victory":false,"max_hp_per_floor":[72,72,72,72,72,72,72,72,72,72,72,72,72,72,72,72,72,72,72,72,72,72,72,72,72,72,77,77,77,77,77,77,77,77,77,77,77,77,77,77,77,77,77,77,77,77,77,77,77,77,77],"relic_stats":{"counters":[28,136],"Golden Idol":142,"Bag of Preparation":[30],"Cursed Key":0,"WarpedTongs":[129],"Blood Vial":8,"Dream Catcher":5,"Nunchaku":[18],"Centennial Puzzle":[0],"Pantograph":74,"Prayer Wheel":14,"HandDrill":[0],"obtain_stats":[{"Golden Idol":13,"Bag of Preparation":24,"Odd Mushroom":11,"Bottled Tornado":28,"Cursed Key":34,"White Beast Statue":44,"WarpedTongs":4,"Blood Vial":41,"Dream Catcher":2,"Nunchaku":31,"Centennial Puzzle":48,"Bottled Flame":48,"theJungle:BirthdayCakeSlice":27,"Pantograph":14,"Philosopher\u0027s Stone":0,"Prayer Wheel":8,"Fusion Hammer":17,"HandDrill":48,"PureWater":0},{"Golden Idol":6,"Bag of Preparation":13,"Odd Mushroom":6,"Bottled Tornado":15,"Cursed Key":19,"White Beast Statue":25,"WarpedTongs":2,"Blood Vial":24,"Dream Catcher":1,"Nunchaku":18,"Centennial Puzzle":27,"Bottled Flame":27,"theJungle:BirthdayCakeSlice":14,"Pantograph":7,"Philosopher\u0027s Stone":0,"Prayer Wheel":4,"Fusion Hammer":8,"HandDrill":27,"PureWater":0},{"Golden Idol":19,"Bag of Preparation":57,"Odd Mushroom":19,"Bottled Tornado":69,"Cursed Key":94,"White Beast Statue":125,"WarpedTongs":7,"Blood Vial":119,"Dream Catcher":4,"Nunchaku":88,"Centennial Puzzle":135,"Bottled Flame":135,"theJungle:BirthdayCakeSlice":62,"Pantograph":23,"Philosopher\u0027s Stone":0,"Prayer Wheel":13,"Fusion Hammer":31,"HandDrill":135,"PureWater":0}]},"card_choices":[{"not_picked":["WindmillStrike","SashWhip"],"picked":"EmptyFist","floor":1.0},{"not_picked":["Consecrate","FollowUp"],"picked":"BattleHymn","floor":3.0},{"not_picked":["SashWhip","Worship"],"picked":"DevaForm","floor":6.0},{"not_picked":["Evaluate","Prostrate"],"picked":"Tantrum","floor":8.0},{"not_picked":["FlyingSleeves","Prostrate"],"picked":"ClearTheMind","floor":10.0},{"not_picked":["SandsOfTime","JustLucky"],"picked":"EmptyBody","floor":10.0},{"not_picked":["Halt","Crescendo"],"picked":"InnerPeace","floor":11.0},{"not_picked":["Wireheading","FollowUp"],"picked":"Wish","floor":14.0},{"not_picked":["Blasphemy","Devotion"],"picked":"Vault","floor":16.0},{"not_picked":["Prostrate+1","Protect"],"picked":"Adaptation","floor":18.0},{"not_picked":["ClearTheMind","Crescendo"],"picked":"ThirdEye","floor":18.0},{"not_picked":["Evaluate+1","Collect","Nirvana"],"picked":"SKIP","floor":20.0},{"not_picked":["EmptyFist","Halt","Consecrate"],"picked":"SKIP","floor":20.0},{"not_picked":["JustLucky+1","ClearTheMind"],"picked":"EmptyBody","floor":21.0},{"not_picked":["Tantrum+1","FollowUp","Blasphemy"],"picked":"SKIP","floor":21.0},{"not_picked":["ClearTheMind","Weave"],"picked":"Sanctity","floor":22.0},{"not_picked":["ThirdEye+1","Conclude"],"picked":"FlyingSleeves","floor":22.0},{"not_picked":["Pray","SashWhip"],"picked":"Vault","floor":24.0},{"not_picked":["FlyingSleeves+1","EmptyBody"],"picked":"Fasting2+1","floor":25.0},{"not_picked":["Weave+1","EmptyBody","WaveOfTheHand"],"picked":"SKIP","floor":25.0},{"not_picked":["Nirvana","Prostrate"],"picked":"Adaptation","floor":28.0},{"not_picked":["Protect","EmptyBody+1"],"picked":"FlurryOfBlows","floor":29.0},{"not_picked":["FlyingSleeves","Weave"],"picked":"CutThroughFate","floor":29.0},{"not_picked":["SignatureMove","Halt"],"picked":"TalkToTheHand","floor":30.0},{"not_picked":["Prostrate","Swivel","DevaForm"],"picked":"SKIP","floor":30.0},{"not_picked":["Adaptation","Conclude"],"picked":"FlurryOfBlows","floor":31.0},{"not_picked":["CrushJoints+1","Halt"],"picked":"Wallop","floor":32.0},{"not_picked":["Blasphemy","ConjureBlade"],"picked":"Ragnarok","floor":33.0},{"not_picked":["DeceiveReality+1","EmptyBody+1"],"picked":"ThirdEye+1","floor":35.0},{"not_picked":["BowlingBash","Protect+1"],"picked":"JustLucky+1","floor":35.0},{"not_picked":["Consecrate","SashWhip"],"picked":"FearNoEvil","floor":37.0},{"not_picked":["WindmillStrike","Evaluate+1","Study+1"],"picked":"SKIP","floor":37.0},{"not_picked":["Swivel+1","Vengeance+1"],"picked":"FlurryOfBlows+1","floor":38.0},{"not_picked":["Crescendo+1","FearNoEvil+1"],"picked":"ClearTheMind+1","floor":38.0},{"not_picked":["Tantrum+1","Halt"],"picked":"Crescendo","floor":39.0},{"not_picked":["FollowUp+1","EmptyFist"],"picked":"JustLucky+1","floor":39.0},{"not_picked":["SandsOfTime","Crescendo"],"picked":"Protect","floor":40.0},{"not_picked":["Perseverance","PathToVictory+1","FearNoEvil"],"picked":"SKIP","floor":41.0},{"not_picked":["CrushJoints+1","Weave"],"picked":"WaveOfTheHand+1","floor":44.0},{"not_picked":["CrushJoints+1","CutThroughFate"],"picked":"Omniscience","floor":45.0},{"not_picked":["BowlingBash+1","Study+1"],"picked":"FlurryOfBlows","floor":46.0},{"not_picked":["EmptyFist","SashWhip+1"],"picked":"ClearTheMind+1","floor":46.0},{"not_picked":["Pray+1","FearNoEvil"],"picked":"DeusExMachina","floor":47.0},{"not_picked":["Worship","SashWhip+1","ThirdEye"],"picked":"SKIP","floor":47.0}],"player_experience":478650,"relics_obtained":[{"floor":8.0,"key":"Prayer Wheel"},{"floor":11.0,"key":"Odd Mushroom"},{"floor":14.0,"key":"Pantograph"},{"floor":24.0,"key":"Bag of Preparation"},{"floor":28.0,"key":"Bottled Tornado"},{"floor":31.0,"key":"Nunchaku"},{"floor":41.0,"key":"Blood Vial"},{"floor":44.0,"key":"White Beast Statue"}],"event_choices":[{"damage_healed":0.0,"max_hp_gain":0.0,"max_hp_loss":0.0,"gold_gain":0.0,"event_name":"Scrap Ooze","player_choice":"Success","floor":2.0,"gold_loss":0.0,"damage_taken":3.0,"relics_obtained":["Dream Catcher"]},{"damage_healed":0.0,"max_hp_gain":0.0,"max_hp_loss":0.0,"gold_gain":0.0,"event_name":"Accursed Blacksmith","player_choice":"Rummage","floor":4.0,"gold_loss":0.0,"damage_taken":0.0,"relics_obtained":["WarpedTongs"],"cards_obtained":["Pain"]},{"damage_healed":0.0,"max_hp_gain":0.0,"max_hp_loss":0.0,"gold_gain":0.0,"event_name":"Mushrooms","player_choice":"Fought Mushrooms","floor":11.0,"gold_loss":0.0,"damage_taken":0.0},{"damage_healed":0.0,"max_hp_gain":0.0,"max_hp_loss":0.0,"gold_gain":0.0,"event_name":"Golden Idol","player_choice":"Take Damage","floor":13.0,"gold_loss":0.0,"damage_taken":18.0,"relics_obtained":["Golden Idol"]},{"cards_removed":["Defend_P"],"damage_healed":0.0,"max_hp_gain":0.0,"max_hp_loss":0.0,"gold_gain":0.0,"event_name":"Designer","player_choice":"Upgrade and Remove","floor":36.0,"gold_loss":90.0,"damage_taken":0.0,"cards_upgraded":["ClearTheMind"]},{"damage_healed":0.0,"max_hp_gain":0.0,"max_hp_loss":0.0,"gold_gain":0.0,"event_name":"Tomb of Lord Red Mask","player_choice":"Ignored","floor":42.0,"gold_loss":0.0,"damage_taken":0.0}],"is_beta":false,"boss_relics":[{"not_picked":["Black Star","Calling Bell"],"picked":"Fusion Hammer"},{"not_picked":["Coffee Dripper","Runic Dome"],"picked":"Cursed Key"}],"items_purged_floors":[5,19,48],"is_endless":false,"potions_floor_spawned":[6,10,11,14,18,21,22,25,29,31,33,37,38,46,47],"killed_by":"Donu and Deca","ascension_level":9}}