{"host":"z9grmtg2w0nmz8n1","time":1610762187,"event":{"mods":["Aspiration","BaseMod","Better Altar","Better Match","Better Note","Better Sensory Stone","Better Skull","Better Third Choice","BetterRewards","Clawfect","Colored Map","Conspire","GifTheSpireLib","Halation","Highlight Path","Hubris","Hunter ??","Jedi Mod","Minty Spire (QoL Compilation)","Permanent Neow","Replay The Spire","Shop Mod","Spicy Shops","StSLib","Stuff the Spire","The Runesmith"],"gold_per_floor":[112,130,130,55,68,99,112,112,112,36,36,67,67,93,93,196,196,216,216,216,230,38,38,38],"floor_reached":23,"language":"ENG","playtime":861,"items_purged":["Defend_B","Clawfect:ClawLightning"],"score":242,"play_id":"14016361-c6e3-4008-8ff2-6848cb20abe6","local_time":"20210115235627","is_ascension_mode":true,"campfire_choices":[{"floor":8,"key":"RECALL"},{"floor":11,"key":"REST"},{"data":"Reprogram","floor":15,"key":"SMITH"}],"circlet_count":0,"master_deck":["Gash","Gash","Gash","Gash","Gash","Defend_B","Defend_B","Defend_B","Defend_B","Secret Weapon","BootSequence","Clawfect:ScrapingClaw","Clawfect:ScrapingClaw","Reprogram+1","FTL","Gash+1","Clawfect:ClawingBeam+1","Clawfect:ClawForTheEyes"],"relics":["Clawfect:DRClaw","halation:EternalFortune","Bag of Preparation","conspire:Boomerang","StuffTheSpire:ForceGauntlet","jedi:paperlyon","hubris:BottledHeart"],"acts_visited":["Exordium","TheCity"],"potions_floor_usage":[12,12,21],"damage_taken":[{"damage":1,"enemies":"2 Louse","floor":1,"turns":4},{"damage":1,"enemies":"Cultist","floor":2,"turns":4},{"damage":2,"enemies":"Small Slimes","floor":5,"turns":4},{"damage":37,"enemies":"Gremlin Nob","floor":6,"turns":5},{"damage":6,"enemies":"Exordium Thugs","floor":7,"turns":4},{"damage":3,"enemies":"Lagavulin","floor":12,"turns":6},{"damage":20,"enemies":"Gremlin Nob","floor":14,"turns":4},{"damage":12,"enemies":"The Guardian","floor":16,"turns":6},{"damage":0,"enemies":"Chosen","floor":18,"turns":3},{"damage":0,"enemies":"Shell Parasite","floor":21,"turns":3},{"damage":0,"enemies":"Slavers","floor":23,"turns":4}],"seed_played":"5346228602207158142","potions_obtained":[{"floor":2,"key":"LiquidBronze"},{"floor":6,"key":"Flashbang"},{"floor":7,"key":"jedi:StrikingPotion"},{"floor":12,"key":"SneckoOil"},{"floor":18,"key":"Venom Potion"}],"is_trial":false,"path_per_floor":["M","M","?","$","M","E","M","R","T","$","R","E","?","E","R","B",null,"M","?","?","M","$","E"],"character_chosen":"DEFECT","items_purchased":["Reprogram","Clawfect:ClawForTheEyes"],"campfire_rested":1,"item_purchase_floors":[10,22],"current_hp_per_floor":[67,66,69,69,67,30,24,24,24,24,45,45,74,54,54,42,74,74,74,1,1,1,1,1],"gold":38,"neow_bonus":"RANDOM_COLORLESS_2","is_daily":false,"chose_seed":false,"campfire_upgraded":1,"win_rate":0.0,"timestamp":1610762187,"path_taken":["M","M","?","$","M","E","M","R","T","$","R","E","?","E","R","BOSS","M","?","?","M","$","E"],"items_purchased_type":["Card","Card"],"build_version":"2020-12-22","purchased_purges":2,"victory":false,"max_hp_per_floor":[68,68,71,71,71,71,71,71,71,71,71,74,74,74,74,74,74,74,74,1,1,1,1,1],"card_choices":[{"not_picked":["jedi:RedIncense","ReplayTheSpireMod:Necrogeddon"],"picked":"Secret Weapon","floor":0},{"not_picked":["Storm","Coolheaded","Steam Power"],"picked":"SKIP","floor":1},{"not_picked":["StuffTheSpire:ShieldGenerator","Rebound"],"picked":"BootSequence","floor":2},{"not_picked":["StuffTheSpire:ShieldGenerator","Self Repair","Clawfect:ClawpileDriver"],"picked":"SKIP","floor":5},{"not_picked":["Stack","StuffTheSpire:LaunchingStrike"],"picked":"Clawfect:ScrapingClaw","floor":6},{"not_picked":["Clawfect:ClawpileDriver","Defragment"],"picked":"Clawfect:ScrapingClaw","floor":7},{"not_picked":["Clawfect:ScrapingClaw","Clawfect:Clawter"],"picked":"FTL","floor":12},{"not_picked":["Conserve Battery","Clawfect:Clawrage"],"picked":"Clawfect:ClawLightning","floor":14},{"not_picked":["Clawfect:ClawCell","StuffTheSpire:LoadUp+1"],"picked":"Gash+1","floor":18},{"not_picked":["Glacier","jedi:blockon"],"picked":"Clawfect:ClawingBeam+1","floor":21}],"player_experience":820619,"relics_obtained":[{"floor":6,"key":"Bag of Preparation"},{"floor":12,"key":"halation:EternalFortune"},{"floor":12,"key":"conspire:Boomerang"},{"floor":14,"key":"StuffTheSpire:ForceGauntlet"}],"event_choices":[{"damage_healed":29,"gold_gain":0,"player_choice":"Full Heal","damage_taken":0,"max_hp_gain":0,"max_hp_loss":0,"event_name":"Wheel of Change","floor":13,"gold_loss":0},{"cards_removed":["Clawfect:ClawLightning"],"damage_healed":0,"gold_gain":0,"player_choice":"Give","damage_taken":0,"max_hp_gain":0,"max_hp_loss":0,"event_name":"betterNote:BetterNote","floor":19,"gold_loss":0,"cards_obtained":["Strike_G"]}],"is_beta":false,"boss_relics":[{"not_picked":["Replay:Drink Me","hubris:CrackedHourglass"],"picked":"jedi:paperlyon"}],"items_purged_floors":[4,22],"is_endless":false,"potions_floor_spawned":[2,6,7,12,18],"killed_by":"Slavers","ascension_level":1}}