{"host":"cwd5s03r1oaxs6mx","time":1610804633,"event":{"mods":["Act Like it!","BaseMod","Better Third Choice","BetterRewards","CapriCore","Card Filter","Colored Map","Custom Start","DeckTracker","Friendly Minions","Hubris","Infinite Spire","Marisa£¨Ùöéë¡¡Øª×âÞÞ£©","Minty Spire (QoL Compilation)","Quick Restart","Relic Stats","Shop Mod","Spicy Shops","StSLib","SuperFastMode"],"gold_per_floor":[112,112,0,10,24,55,55,86,86,101,117,117,142,142,142,216,216,227,227,245,145,145,145,175,175,175],"floor_reached":25,"language":"KOR","playtime":2247,"items_purged":["Strike_G","Strike_G"],"score":478,"play_id":"16f790d0-5144-4a21-ae51-7801ec2db98c","local_time":"20210116224353","is_ascension_mode":true,"campfire_choices":[{"data":"infinitespire:Punishment","floor":7,"key":"SMITH"},{"floor":12,"key":"REST"},{"floor":15,"key":"REST"},{"data":"infinitespire:Neurotoxin","floor":23,"key":"SMITH"}],"circlet_count":0,"master_deck":["AscendersBane","Strike_G","Strike_G","Strike_G","Defend_G","Defend_G","Defend_G","Defend_G+1","Defend_G","Survivor","Neutralize","Finesse+1","The Bomb","Finesse","Bouncing Flask","infinitespire:Punishment+1","Bouncing Flask","Escape Plan","Calculated Gamble","Escape Plan","Burst","Noxious Fumes","infinitespire:Neurotoxin+1"],"relics":["Ring of the Snake","Letter Opener","Blood Vial","hubris:FunFungus","Tiny Chest","hubris:RunicObelisk","hubris:TenFootPole"],"acts_visited":["Exordium","TheCity"],"potions_floor_usage":[8,24],"damage_taken":[{"damage":0,"enemies":"Jaw Worm","floor":1,"turns":3},{"damage":0,"enemies":"2 Louse","floor":4,"turns":3},{"damage":0,"enemies":"Cultist","floor":5,"turns":3},{"damage":10,"enemies":"3 Sentries","floor":6,"turns":3},{"damage":11,"enemies":"Lagavulin","floor":8,"turns":5},{"damage":2,"enemies":"2 Fungi Beasts","floor":10,"turns":3},{"damage":16,"enemies":"Exordium Wildlife","floor":11,"turns":3},{"damage":10,"enemies":"3 Sentries","floor":13,"turns":3},{"damage":18,"enemies":"The Guardian","floor":16,"turns":7},{"damage":0,"enemies":"3 Byrds","floor":18,"turns":3},{"damage":0,"enemies":"Spheric Guardian","floor":20,"turns":3},{"damage":25,"enemies":"Book of Stabbing","floor":24,"turns":4},{"damage":31,"enemies":"Cultist and Chosen","floor":25,"turns":3}],"seed_played":"-815677089179496857","potions_obtained":[{"floor":6,"key":"GamblersBrew"},{"floor":10,"key":"FearPotion"},{"floor":13,"key":"GamblersBrew"},{"floor":16,"key":"Fire Potion"},{"floor":24,"key":"SpeedPotion"}],"is_trial":false,"path_per_floor":["M","?","$","M","M","E","R","E","T","M","M","R","E","?","R","B",null,"M","?","M","$","?","R","E","M"],"character_chosen":"THE_SILENT","items_purchased":["Letter Opener","Finesse","The Bomb","Finesse","Bouncing Flask","Bouncing Flask"],"campfire_rested":2,"item_purchase_floors":[0,0,0,0,0,3],"current_hp_per_floor":[59,42,42,42,42,32,32,23,23,25,12,31,23,3,22,7,51,54,36,40,40,40,40,17,0,0],"gold":175,"neow_bonus":"","is_daily":false,"chose_seed":false,"campfire_upgraded":2,"win_rate":0.0,"timestamp":1610804633,"path_taken":["M","?","$","M","M","E","R","E","T","M","M","R","E","?","R","BOSS","M","?","M","$","?","R","E","M"],"items_purchased_type":["Relic","Card","Card","Card","Card","Card"],"build_version":"2020-12-22","purchased_purges":2,"victory":false,"max_hp_per_floor":[66,66,66,66,66,66,66,66,66,66,66,66,66,66,66,66,66,66,71,71,71,71,71,71,71,71],"relic_stats":{"Blood Vial":18,"counters":[22,80],"Tiny Chest":0,"Letter Opener":[195],"obtain_stats":[{"Blood Vial":6,"infinitespire:Satchel":12,"Tiny Chest":13,"infinitespire:Beetle Shell":8,"hubris:FunFungus":8,"Art of War":6,"hubris:TenFootPole":24,"Letter Opener":0,"hubris:RunicObelisk":17,"Ring of the Snake":0},{"Blood Vial":13,"infinitespire:Satchel":7,"Tiny Chest":17,"infinitespire:Beetle Shell":6,"hubris:FunFungus":14,"Art of War":5,"hubris:TenFootPole":21,"Letter Opener":9,"hubris:RunicObelisk":18,"Ring of the Snake":0},{"Blood Vial":46,"infinitespire:Satchel":27,"Tiny Chest":60,"infinitespire:Beetle Shell":24,"hubris:FunFungus":51,"Art of War":17,"hubris:TenFootPole":77,"Letter Opener":34,"hubris:RunicObelisk":67,"Ring of the Snake":0}],"Ring of the Snake":[44]},"card_choices":[{"not_picked":["Slice","Leg Sweep","Sucker Punch"],"picked":"SKIP","floor":1},{"not_picked":["infinitespire:Execution","infinitespire:UltimateForm"],"picked":"infinitespire:Punishment","floor":2},{"not_picked":["Predator","Infinite Blades"],"picked":"Escape Plan","floor":4},{"not_picked":["Quick Slash","Bane"],"picked":"Calculated Gamble","floor":5},{"not_picked":["Endless Agony","Blade Dance"],"picked":"Escape Plan","floor":6},{"not_picked":["Underhanded Strike","Crippling Poison","Dodge and Roll"],"picked":"SKIP","floor":8},{"not_picked":["Flying Knee","Dagger Spray","Leg Sweep"],"picked":"SKIP","floor":10},{"not_picked":["Prepared","Flying Knee"],"picked":"Burst","floor":11},{"not_picked":["Flechettes","Phantasmal Killer"],"picked":"Noxious Fumes","floor":13},{"not_picked":["Storm of Steel","Night Terror"],"picked":"infinitespire:Neurotoxin","floor":16},{"not_picked":["Cloak And Dagger","Dodge and Roll","Dash"],"picked":"SKIP","floor":18},{"not_picked":["Expertise","Prepared","Bane"],"picked":"SKIP","floor":20},{"not_picked":["Backflip","Burst","Prepared"],"picked":"SKIP","floor":24}],"player_experience":1039177,"relics_obtained":[{"floor":6,"key":"Blood Vial"},{"floor":8,"key":"hubris:FunFungus"},{"floor":13,"key":"Tiny Chest"},{"floor":24,"key":"hubris:TenFootPole"}],"event_choices":[{"damage_healed":23,"gold_gain":0,"player_choice":"Upgrade","damage_taken":20,"max_hp_gain":0,"max_hp_loss":66,"event_name":"betterThird:BetterShining","floor":14,"gold_loss":0,"cards_upgraded":["Defend_G","Finesse"]},{"damage_healed":0,"gold_gain":0,"player_choice":"Shed Blood","damage_taken":23,"max_hp_gain":5,"max_hp_loss":0,"event_name":"Forgotten Altar","floor":19,"gold_loss":0},{"damage_healed":0,"gold_gain":0,"player_choice":"Ignored","damage_taken":0,"max_hp_gain":0,"max_hp_loss":0,"event_name":"The Mausoleum","floor":22,"gold_loss":0}],"is_beta":false,"boss_relics":[{"not_picked":["Coffee Dripper","Runic Dome"],"picked":"hubris:RunicObelisk"}],"items_purged_floors":[3,21],"is_endless":false,"potions_floor_spawned":[6,10,13,16,20,24],"killed_by":"Cultist and Chosen","ascension_level":20}}