{"host":"Timothy","time":1610837718,"event":{"mods":["AchievementEnabler","BaseMod","Bestiary","Highlight Path","Minty Spire (QoL Compilation)","Quick Restart","Slay-I"],"gold_per_floor":[99,99,99,99,99,99,99,99,99,99,99,24,24,24,24,24,24,24,24,24,24,24,24,24,24,24,24,24,24,24,24,24,24,24,24,24,24,24,24,24,24,24,24,24,24,24,24,24,24,24,24,24,24,24,24],"floor_reached":56,"language":"ENG","playtime":3726,"items_purged":["Regret"],"score":1332,"play_id":"025190ed-0788-4f8f-af33-4dc2e60cad62","local_time":"20210116145518","is_ascension_mode":false,"campfire_choices":[{"data":"Noxious Fumes","floor":15.0,"key":"SMITH"},{"data":"Footwork","floor":24.0,"key":"SMITH"},{"data":"Calculated Gamble","floor":27.0,"key":"SMITH"},{"data":"Footwork","floor":32.0,"key":"SMITH"},{"data":"Calculated Gamble","floor":41.0,"key":"SMITH"},{"data":"Well Laid Plans","floor":46.0,"key":"SMITH"},{"floor":49.0,"key":"RECALL"},{"data":"Acrobatics","floor":52.0,"key":"SMITH"}],"circlet_count":0,"master_deck":["Strike_G","Strike_G","Strike_G","Defend_G+1","Defend_G","Defend_G","Defend_G","Defend_G","Survivor","Neutralize","Leg Sweep","Poisoned Stab","Well Laid Plans+1","Crippling Poison+1","Noxious Fumes+1","Poisoned Stab","Backflip","Footwork+1","Footwork+1","Dodge and Roll+1","Calculated Gamble+1","Calculated Gamble+1","Acrobatics+1","Corpse Explosion","Calculated Gamble+1","Bouncing Flask","Acrobatics","Backflip","Dodge and Roll+1","Tactician+1"],"relics":["Ectoplasm","Ornamental Fan","Pantograph","Thread and Needle","Dream Catcher","Coffee Dripper","War Paint","Tingsha","Potion Belt","HoveringKite","Lantern","Gremlin Horn","Blood Vial","Nunchaku"],"acts_visited":["Exordium","TheCity","TheBeyond","TheEnding"],"potions_floor_usage":[55,55,55,55],"damage_taken":[{"damage":0.0,"enemies":"Cultist","floor":1.0,"turns":4.0},{"damage":0.0,"enemies":"Small Slimes","floor":3.0,"turns":5.0},{"damage":5.0,"enemies":"Lagavulin","floor":6.0,"turns":11.0},{"damage":0.0,"enemies":"2 Louse","floor":7.0,"turns":4.0},{"damage":1.0,"enemies":"Red Slaver","floor":8.0,"turns":4.0},{"damage":1.0,"enemies":"2 Fungi Beasts","floor":10.0,"turns":3.0},{"damage":2.0,"enemies":"Blue Slaver","floor":11.0,"turns":4.0},{"damage":7.0,"enemies":"Large Slime","floor":14.0,"turns":5.0},{"damage":0.0,"enemies":"Hexaghost","floor":16.0,"turns":9.0},{"damage":4.0,"enemies":"Chosen","floor":18.0,"turns":5.0},{"damage":10.0,"enemies":"3 Byrds","floor":19.0,"turns":5.0},{"damage":1.0,"enemies":"Snake Plant","floor":20.0,"turns":5.0},{"damage":0.0,"enemies":"Snecko","floor":22.0,"turns":6.0},{"damage":24.0,"enemies":"Gremlin Leader","floor":23.0,"turns":8.0},{"damage":34.0,"enemies":"Slavers","floor":25.0,"turns":7.0},{"damage":0.0,"enemies":"Centurion and Healer","floor":28.0,"turns":7.0},{"damage":0.0,"enemies":"Snake Plant","floor":29.0,"turns":4.0},{"damage":0.0,"enemies":"Shelled Parasite and Fungi","floor":31.0,"turns":5.0},{"damage":0.0,"enemies":"Automaton","floor":33.0,"turns":11.0},{"damage":4.0,"enemies":"3 Shapes","floor":35.0,"turns":4.0},{"damage":0.0,"enemies":"Orb Walker","floor":37.0,"turns":4.0},{"damage":6.0,"enemies":"Transient","floor":38.0,"turns":5.0},{"damage":0.0,"enemies":"4 Shapes","floor":39.0,"turns":2.0},{"damage":0.0,"enemies":"Giant Head","floor":40.0,"turns":8.0},{"damage":0.0,"enemies":"Writhing Mass","floor":42.0,"turns":6.0},{"damage":0.0,"enemies":"3 Darklings","floor":45.0,"turns":3.0},{"damage":0.0,"enemies":"Jaw Worm Horde","floor":47.0,"turns":4.0},{"damage":6.0,"enemies":"Reptomancer","floor":48.0,"turns":4.0},{"damage":37.0,"enemies":"Awakened One","floor":50.0,"turns":16.0},{"damage":40,"enemies":"Shield and Spear","floor":54,"turns":7},{"damage":55,"enemies":"The Heart","floor":55,"turns":14}],"seed_played":"5411437119805294268","potions_obtained":[{"floor":1.0,"key":"LiquidMemories"},{"floor":3.0,"key":"GamblersBrew"},{"floor":10.0,"key":"Strength Potion"},{"floor":16.0,"key":"FairyPotion"},{"floor":19.0,"key":"Ancient Potion"},{"floor":22.0,"key":"Weak Potion"},{"floor":29.0,"key":"BlessingOfTheForge"},{"floor":31.0,"key":"Dexterity Potion"},{"floor":37.0,"key":"Block Potion"},{"floor":38.0,"key":"GamblersBrew"},{"floor":48.0,"key":"SneckoOil"}],"is_trial":false,"path_per_floor":["M","T","M","?","?","E","M","M","T","M","M","$","?","M","R","B",null,"M","M","M","?","M","E","R","E","T","R","M","M","?","M","R","B",null,"M","$","M","M","M","E","R","M","T","?","M","R","M","E","R","B",null,"R","$","E","B",null],"character_chosen":"THE_SILENT","items_purchased":[],"campfire_rested":0,"item_purchase_floors":[],"current_hp_per_floor":[70,70,70,70,70,65,65,64,64,63,61,61,61,54,54,70,70,66,56,55,55,55,31,31,21,21,21,21,21,80,80,80,80,80,76,76,76,70,70,70,70,70,70,70,70,70,70,64,64,43,80,80,80,40,12],"gold":24,"neow_bonus":"BOSS_RELIC","is_daily":false,"chose_seed":false,"campfire_upgraded":7,"win_rate":0.0,"timestamp":1610837718,"path_taken":["M","?","?","?","?","E","M","M","T","?","M","$","?","M","R","BOSS","M","M","M","?","M","E","R","E","T","R","M","M","?","M","R","BOSS","M","$","M","?","M","E","R","M","T","?","M","R","M","E","R","BOSS","R","$","E","BOSS"],"items_purchased_type":[],"build_version":"2020-12-18","purchased_purges":1,"victory":true,"max_hp_per_floor":[70,70,70,70,70,70,70,70,70,70,70,70,70,70,70,70,70,70,70,70,70,70,70,70,70,70,70,70,70,80,80,80,80,80,80,80,80,80,80,80,80,80,80,80,80,80,80,80,80,80,80,80,80,80,80],"card_choices":[{"not_picked":["Bane","Slice"],"picked":"Leg Sweep","floor":1.0},{"not_picked":["Riddle With Holes","Quick Slash"],"picked":"Poisoned Stab","floor":3.0},{"not_picked":["PiercingWail","Dagger Throw"],"picked":"Well Laid Plans","floor":6.0},{"not_picked":["Eviscerate","Bane"],"picked":"Crippling Poison","floor":7.0},{"not_picked":["Choke","Dagger Spray"],"picked":"Noxious Fumes","floor":8.0},{"not_picked":["Expertise","Dagger Spray"],"picked":"Poisoned Stab","floor":10.0},{"not_picked":["Quick Slash","Concentrate","Phantasmal Killer"],"picked":"SKIP","floor":11.0},{"not_picked":["Blade Dance","Dagger Spray","Setup"],"picked":"SKIP","floor":14.0},{"not_picked":["Blade Dance","Bane","Dodge and Roll"],"picked":"SKIP","floor":18.0},{"not_picked":["Dagger Throw","Malaise","Dash"],"picked":"SKIP","floor":19.0},{"not_picked":["Accuracy","Poisoned Stab+1"],"picked":"Backflip","floor":20.0},{"not_picked":["Dagger Throw+1","Dash+1"],"picked":"Footwork","floor":22.0},{"not_picked":["Deflect","PiercingWail"],"picked":"Dodge and Roll+1","floor":23.0},{"not_picked":["All Out Attack","Caltrops"],"picked":"Calculated Gamble","floor":25.0},{"not_picked":["Endless Agony","Envenom"],"picked":"Calculated Gamble","floor":28.0},{"not_picked":["Cloak And Dagger","Underhanded Strike"],"picked":"Acrobatics","floor":29.0},{"not_picked":["Skewer","Infinite Blades","Deflect"],"picked":"SKIP","floor":31.0},{"not_picked":["Venomology","Bullet Time"],"picked":"Corpse Explosion","floor":33.0},{"not_picked":["Expertise+1","Terror"],"picked":"Calculated Gamble+1","floor":35.0},{"not_picked":["Terror","Slice","Blade Dance+1"],"picked":"SKIP","floor":37.0},{"not_picked":["Expertise+1","Catalyst+1"],"picked":"Bouncing Flask","floor":38.0},{"not_picked":["PiercingWail","Dodge and Roll+1"],"picked":"Acrobatics","floor":39.0},{"not_picked":["Flechettes+1","Blade Dance+1","Cloak And Dagger+1"],"picked":"SKIP","floor":40.0},{"not_picked":["Outmaneuver+1","Sucker Punch","Dagger Spray"],"picked":"SKIP","floor":42.0},{"not_picked":["Cloak And Dagger","Dash"],"picked":"Backflip","floor":45.0},{"not_picked":["Setup","Deflect"],"picked":"Dodge and Roll+1","floor":47.0},{"not_picked":["Endless Agony","Masterful Stab","Underhanded Strike+1"],"picked":"SKIP","floor":48.0},{"not_picked":["Sucker Punch+1","Die Die Die"],"picked":"Tactician+1","floor":54}],"player_experience":829564,"relics_obtained":[{"floor":2.0,"key":"Ornamental Fan"},{"floor":6.0,"key":"Dream Catcher"},{"floor":23.0,"key":"War Paint"},{"floor":25.0,"key":"Tingsha"},{"floor":26.0,"key":"Potion Belt"},{"floor":40.0,"key":"Lantern"},{"floor":43.0,"key":"Gremlin Horn"},{"floor":48.0,"key":"Blood Vial"},{"floor":54,"key":"Nunchaku"}],"event_choices":[{"damage_healed":0.0,"max_hp_gain":0.0,"max_hp_loss":0.0,"gold_gain":0.0,"event_name":"Big Fish","player_choice":"Box","floor":4.0,"gold_loss":0.0,"damage_taken":0.0,"relics_obtained":["Pantograph"],"cards_obtained":["Regret"]},{"damage_healed":0.0,"max_hp_gain":0.0,"max_hp_loss":0.0,"gold_gain":0.0,"event_name":"WeMeetAgain","player_choice":"Gave Potion","floor":5.0,"gold_loss":0.0,"damage_taken":0.0,"relics_obtained":["Thread and Needle"]},{"damage_healed":0.0,"max_hp_gain":0.0,"max_hp_loss":0.0,"gold_gain":0.0,"event_name":"Golden Idol","player_choice":"Ignored","floor":13.0,"gold_loss":0.0,"damage_taken":0.0},{"damage_healed":0.0,"max_hp_gain":0.0,"max_hp_loss":0.0,"gold_gain":0.0,"cards_transformed":["Strike_G","Strike_G"],"event_name":"Drug Dealer","player_choice":"Became Test Subject","floor":21.0,"gold_loss":0.0,"damage_taken":0.0,"cards_obtained":["Bullet Time","Footwork"]},{"cards_removed":["Bullet Time"],"damage_healed":49.0,"max_hp_gain":10.0,"max_hp_loss":0.0,"gold_gain":0.0,"event_name":"Bonfire Elementals","player_choice":"Offered Rare","floor":30.0,"gold_loss":0.0,"damage_taken":0.0},{"damage_healed":0.0,"max_hp_gain":0.0,"max_hp_loss":0.0,"gold_gain":0.0,"event_name":"SecretPortal","player_choice":"Ignored","floor":44.0,"gold_loss":0.0,"damage_taken":0.0}],"is_beta":true,"boss_relics":[{"not_picked":["Busted Crown","Tiny House"],"picked":"Coffee Dripper"},{"not_picked":["Fusion Hammer","Runic Dome"],"picked":"HoveringKite"}],"items_purged_floors":[12],"is_endless":false,"potions_floor_spawned":[1,3,10,16,19,22,29,31,37,38,40,48],"ascension_level":0}}