{"host":"l84l8xigz5v5foa2","time":1610767248,"event":{"mods":["2.2 Compatiblity","AchievementEnabler","BaseMod","Better Note","Better Vampires","Card Filter","Colored Map","DeckTracker","Downfall","Gremlin Skip","Highlight Path","Keyboard Shortcuts","Minty Spire (QoL Compilation)","Permanent Neow","Quick Restart","Relic Filter","Relic Stats","StSLib","SuperFastMode","Transform Curses","Unknown Chances"],"gold_per_floor":[99,99,112,10,28,28,55,55,85,70,70,55,83,83,93,93,93,93],"floor_reached":16,"language":"ENG","playtime":1215,"items_purged":[],"score":192,"play_id":"4fd2c8c7-b556-422b-afd2-b9e5b950ad3c","local_time":"20210116122048","is_ascension_mode":true,"campfire_choices":[{"floor":1.0,"key":"DIG"},{"data":"champ:StanceDance","floor":6.0,"key":"SMITH"},{"data":"champ:EnragedBash","floor":8.0,"key":"SMITH"},{"data":"champ:FaceSlap","floor":11,"key":"SMITH"}],"circlet_count":0,"master_deck":["AscendersBane","champ:Strike","champ:Strike","champ:Strike","champ:Strike","champ:Defend","champ:Defend","champ:Defend","champ:Defend+1","champ:Execute","champ:Taunt+1","CurseOfTheBell","champ:FaceSlap+1","champ:ShieldWall","champ:EnragedBash+1","champ:StanceDance+1","champ:HoldFirm","champ:GutPunch","champ:Backstep"],"relics":["Calling Bell","War Paint","Kunai","Shovel","Boot","PreservedInsect","hexamod:BolsterEngine","Odd Mushroom"],"acts_visited":["Exordium"],"potions_floor_usage":[9],"damage_taken":[{"damage":19.0,"enemies":"2 Louse","floor":3.0,"turns":3.0},{"damage":25.0,"enemies":"downfall:FleeingMerchant","floor":4.0,"turns":4.0},{"damage":16.0,"enemies":"Small Slimes","floor":5.0,"turns":3.0},{"damage":16,"enemies":"Lagavulin","floor":9,"turns":5},{"damage":35,"enemies":"downfall:FleeingMerchant","floor":10,"turns":4},{"damage":23,"enemies":"downfall:FleeingMerchant","floor":12,"turns":4},{"damage":38,"enemies":"The Mushroom Lair","floor":13,"turns":6},{"damage":0,"enemies":"Jaw Worm","floor":15,"turns":4},{"damage":19,"enemies":"DF_ARCHETYPE_STREAMLINE","floor":16,"turns":10}],"seed_played":"-6864166175817896622","potions_obtained":[{"floor":3.0,"key":"SteroidPotion"},{"floor":13,"key":"GamblersBrew"},{"floor":15,"key":"LiquidBronze"}],"is_trial":false,"path_per_floor":["R","?","M","$","M","R","T","R","E","$","R","$","?","?","M","B"],"character_chosen":"THE_CHAMP","items_purchased":["champ:EnragedBash"],"campfire_rested":0,"item_purchase_floors":[4],"current_hp_per_floor":[73,73,64,64,63,63,63,63,57,42,42,39,11,16,16,0,0,0],"gold":93,"neow_bonus":"BOSS_RELIC","is_daily":false,"chose_seed":false,"campfire_upgraded":3,"win_rate":0.0,"timestamp":1610767248,"path_taken":["R","?","M","$","M","R","T","R","E","$","R","$","?","?","M","BOSS"],"items_purchased_type":["Card"],"build_version":"2020-12-22","purchased_purges":0,"victory":false,"max_hp_per_floor":[81,81,81,81,81,81,81,81,81,81,81,81,81,86,86,86,86,86],"relic_stats":{"Shovel":1,"counters":[9,43],"PreservedInsect":82,"Kunai":[7],"War Paint":["champ:Defend","champ:Taunt"],"Boot":[13],"obtain_stats":[{"Calling Bell":0,"Shovel":0,"champ:ChampionCrown":0,"PreservedInsect":7,"Kunai":0,"War Paint":0,"hexamod:BolsterEngine":9,"Odd Mushroom":13,"Boot":1},{"Calling Bell":0,"Shovel":0,"champ:ChampionCrown":0,"PreservedInsect":3,"Kunai":0,"War Paint":0,"hexamod:BolsterEngine":4,"Odd Mushroom":7,"Boot":0},{"Calling Bell":0,"Shovel":0,"champ:ChampionCrown":0,"PreservedInsect":10,"Kunai":0,"War Paint":0,"hexamod:BolsterEngine":15,"Odd Mushroom":29,"Boot":0}]},"card_choices":[{"not_picked":["champ:FlashCut","champ:SetATrap"],"picked":"champ:FaceSlap","floor":3.0},{"not_picked":["champ:DefensiveShout","champ:BringItOn"],"picked":"champ:ShieldWall","floor":4.0},{"not_picked":["champ:CrownThrow","champ:PreemptiveStrike"],"picked":"champ:StanceDance","floor":5.0},{"not_picked":["champ:PerfectedStrike","champ:BladeFlurry"],"picked":"champ:HoldFirm","floor":9},{"not_picked":["champ:Haymaker","champ:FanOfKnives"],"picked":"champ:GutPunch","floor":10},{"not_picked":["champ:FalseCounter","champ:CrownThrow","champ:ViciousMockery"],"picked":"SKIP","floor":12},{"not_picked":["champ:BringItOn","champ:BladeFlurry"],"picked":"champ:Backstep","floor":15}],"player_experience":3238064,"relics_obtained":[{"floor":0.0,"key":"War Paint"},{"floor":0.0,"key":"Kunai"},{"floor":0.0,"key":"Shovel"},{"floor":1.0,"key":"Boot"},{"floor":7.0,"key":"PreservedInsect"},{"floor":9,"key":"hexamod:BolsterEngine"},{"floor":13,"key":"Odd Mushroom"}],"event_choices":[{"damage_healed":0,"gold_gain":0,"player_choice":"Fought Mushrooms","damage_taken":0,"max_hp_gain":0,"max_hp_loss":0,"event_name":"Mushrooms","floor":13,"gold_loss":0},{"damage_healed":0,"gold_gain":0,"player_choice":"Donut","damage_taken":0,"max_hp_gain":5,"max_hp_loss":0,"event_name":"Big Fish","floor":14,"gold_loss":0}],"is_beta":false,"boss_relics":[],"items_purged_floors":[],"is_endless":false,"potions_floor_spawned":[3,13,15],"killed_by":"DF_ARCHETYPE_STREAMLINE","ascension_level":20}}