{"host":"9tdk3zzhmpo6o3dg","time":1610805810,"event":{"mods":["AchievementEnabler","BaseMod","Downfall","Marisa£®ÏF”Í°°ƒß¿Ì…≥£©","Minty Spire (QoL Compilation)","Shop Mod","StSLib","The Cursed","The Marked","The Servant 0.9.4"],"gold_per_floor":[115,115,190,216,216,250,250,269,269,280,292,33,33,33,33,131,131,117,132,32,32,32],"floor_reached":21,"language":"ZHS","playtime":612,"items_purged":["Strike_B"],"score":212,"play_id":"85cbe940-9f70-4ed9-8393-3a8e270d19de","local_time":"20210116220330","is_ascension_mode":true,"campfire_choices":[{"data":"Tempest","floor":7,"key":"SMITH"},{"floor":13,"key":"REST"},{"data":"Glacier","floor":15,"key":"SMITH"}],"circlet_count":0,"master_deck":["Defend_B","Defend_B","Defend_B","Defend_B","Zap","Dualcast","Tempest+1","Glacier+1","Steam","Cold Snap","Glacier","Ball Lightning","Biased Cognition","Coolheaded","Turbo"],"relics":["Cracked Core","Oddly Smooth Stone","Strawberry","Toy Ornithopter","Happy Flower","Bottled Lightning","Empty Cage"],"acts_visited":["Exordium","TheCity"],"potions_floor_usage":[6,16],"damage_taken":[{"damage":6,"enemies":"Cultist","floor":1,"turns":3},{"damage":22,"enemies":"3 Sentries","floor":6,"turns":9},{"damage":0,"enemies":"Small Slimes","floor":8,"turns":3},{"damage":0,"enemies":"Jaw Worm","floor":10,"turns":3},{"damage":3,"enemies":"Large Slime","floor":11,"turns":4},{"damage":31,"enemies":"The Guardian","floor":16,"turns":13},{"damage":7,"enemies":"2 Thieves","floor":18,"turns":4},{"damage":9,"enemies":"Shell Parasite","floor":19,"turns":9},{"damage":21,"enemies":"Centurion and Healer","floor":21,"turns":6}],"seed_played":"-4265529248398158811","potions_obtained":[{"floor":1,"key":"Swift Potion"},{"floor":8,"key":"Fire Potion"}],"is_trial":false,"path_per_floor":["M","?","?","T","?","E","R","M","T","M","M","$","R","$","R","B",null,"M","M","$","M"],"character_chosen":"DEFECT","items_purchased":["Bottled Lightning","Turbo"],"campfire_rested":1,"item_purchase_floors":[12,20],"current_hp_per_floor":[69,62,51,51,46,24,24,24,24,24,21,21,45,45,45,19,82,75,66,66,45,45],"gold":32,"neow_bonus":"THREE_CARDS","is_daily":false,"chose_seed":false,"campfire_upgraded":2,"win_rate":0.0,"timestamp":1610805810,"path_taken":["M","?","?","?","?","E","R","M","T","M","?","$","R","$","R","BOSS","M","M","$","M"],"items_purchased_type":["Relic","Card"],"build_version":"2020-12-22","purchased_purges":1,"victory":false,"max_hp_per_floor":[75,75,75,75,82,82,82,82,82,82,82,82,82,82,82,82,82,82,82,82,82,82],"card_choices":[{"not_picked":["Hologram","Go for the Eyes"],"picked":"Tempest","floor":0},{"not_picked":["Double Energy","Leap"],"picked":"Glacier","floor":1},{"not_picked":["Tempest","Stack"],"picked":"Steam","floor":6},{"not_picked":["Barrage","Conserve Battery"],"picked":"Cold Snap","floor":8},{"not_picked":["Reprogram","Rebound"],"picked":"Glacier","floor":10},{"not_picked":["Gash","Compile Driver"],"picked":"Ball Lightning","floor":11},{"not_picked":["Thunder Strike","Echo Form"],"picked":"Biased Cognition","floor":16},{"not_picked":["FTL","Blizzard"],"picked":"Coolheaded","floor":18},{"not_picked":["Gash","Storm","BootSequence"],"picked":"SKIP","floor":19}],"player_experience":136672,"relics_obtained":[{"floor":4,"key":"Oddly Smooth Stone"},{"floor":6,"key":"Toy Ornithopter"},{"floor":9,"key":"Happy Flower"}],"event_choices":[{"cards_removed":["Strike_B"],"damage_healed":0,"gold_gain":0,"player_choice":"Card Removal","damage_taken":7,"max_hp_gain":0,"max_hp_loss":0,"event_name":"Golden Wing","floor":2,"gold_loss":0},{"damage_healed":0,"gold_gain":75,"player_choice":"Gather Gold","damage_taken":11,"max_hp_gain":0,"max_hp_loss":0,"event_name":"World of Goop","floor":3,"gold_loss":0},{"damage_healed":0,"gold_gain":0,"player_choice":"Success","damage_taken":12,"relics_obtained":["Strawberry"],"max_hp_gain":0,"max_hp_loss":0,"event_name":"Scrap Ooze","floor":5,"gold_loss":0}],"is_beta":false,"boss_relics":[{"not_picked":["Tiny House","Astrolabe"],"picked":"Empty Cage"}],"items_purged_floors":[20],"is_endless":false,"potions_floor_spawned":[1,8],"killed_by":"Centurion and Healer","ascension_level":4}}