{"host":"a5lz0e76zb3fcwkm","time":1610818582,"event":{"mods":["AchievementEnabler","BaseMod","Colored Map","Colored Powertips","Minty Spire (QoL Compilation)","StSLib","SuperFastMode"],"gold_per_floor":[20,20,38,38,38,38,65,65,91,101,101,127,137,187,187,259,259,279,204,204,217,107,107,125,125,204,104,104,123,94,108,108,182,182,197,197,244,119,144,144,172,172,198,210,256,284,324,349,361,373,385,397,409,64,93,93],"floor_reached":57,"language":"KOR","playtime":1673,"items_purged":["Strike_R","Defend_R","Defend_R"],"score":2688,"play_id":"f9aad321-2c2c-4785-b6ea-3c68e7575141","local_time":"20210117023622","is_ascension_mode":true,"campfire_choices":[{"data":"Apotheosis","floor":6.0,"key":"SMITH"},{"floor":11.0,"key":"RECALL"},{"data":"Shockwave","floor":15.0,"key":"SMITH"},{"floor":23.0,"key":"REST"},{"floor":25.0,"key":"REST"},{"floor":28.0,"key":"REST"},{"data":"Dual Wield","floor":32.0,"key":"SMITH"},{"data":"Pommel Strike","floor":40.0,"key":"SMITH"},{"floor":44.0,"key":"REST"},{"floor":49.0,"key":"REST"},{"floor":53,"key":"DIG"}],"circlet_count":0,"master_deck":["AscendersBane","Defend_R","Defend_R+1","Apotheosis+1","Shockwave+1","Dropkick","Pummel","Dual Wield+1","Dropkick","Fiend Fire","Pommel Strike+1","Shrug It Off","Exhume","Dark Embrace"],"relics":["Burning Blood","Pantograph","Nunchaku","Sundial","Empty Cage","Philosopher\u0027s Stone","Champion Belt","Unceasing Top","Paper Frog","MawBank","Shovel","Ancient Tea Set","Mercury Hourglass","Bag of Preparation","Blood Vial"],"acts_visited":["Exordium","TheCity","TheBeyond","TheEnding"],"potions_floor_usage":[51,56],"damage_taken":[{"damage":0.0,"enemies":"Cultist","floor":1.0,"turns":4.0},{"damage":5.0,"enemies":"Jaw Worm","floor":3.0,"turns":4.0},{"damage":24.0,"enemies":"3 Sentries","floor":7.0,"turns":7.0},{"damage":2.0,"enemies":"Small Slimes","floor":10.0,"turns":3.0},{"damage":3.0,"enemies":"Lagavulin","floor":12.0,"turns":8.0},{"damage":6.0,"enemies":"Exordium Thugs","floor":13.0,"turns":5.0},{"damage":11.0,"enemies":"The Guardian","floor":16.0,"turns":6.0},{"damage":24.0,"enemies":"Shell Parasite","floor":18.0,"turns":4.0},{"damage":20.0,"enemies":"2 Thieves","floor":21.0,"turns":4.0},{"damage":31.0,"enemies":"Snake Plant","floor":24.0,"turns":5.0},{"damage":4.0,"enemies":"Cultist and Chosen","floor":29.0,"turns":3.0},{"damage":7.0,"enemies":"Snecko","floor":31.0,"turns":4.0},{"damage":13.0,"enemies":"Champ","floor":33.0,"turns":3.0},{"damage":29.0,"enemies":"3 Shapes","floor":35.0,"turns":5.0},{"damage":23.0,"enemies":"2 Orb Walkers","floor":37.0,"turns":3.0},{"damage":0.0,"enemies":"Mind Bloom Boss Battle","floor":39.0,"turns":3.0},{"damage":33.0,"enemies":"Reptomancer","floor":41.0,"turns":3.0},{"damage":30.0,"enemies":"Nemesis","floor":45.0,"turns":4.0},{"damage":13.0,"enemies":"Orb Walker","floor":46.0,"turns":3.0},{"damage":7.0,"enemies":"Reptomancer","floor":47.0,"turns":2.0},{"damage":15.0,"enemies":"Spire Growth","floor":48.0,"turns":3.0},{"damage":18.0,"enemies":"Awakened One","floor":50.0,"turns":3.0},{"damage":47,"enemies":"Donu and Deca","floor":51,"turns":4},{"damage":3,"enemies":"Shield and Spear","floor":55,"turns":2},{"damage":55,"enemies":"The Heart","floor":56,"turns":6}],"seed_played":"-8647700825720353329","potions_obtained":[{"floor":1.0,"key":"SteroidPotion"},{"floor":10.0,"key":"Dexterity Potion"},{"floor":12.0,"key":"Ancient Potion"},{"floor":33.0,"key":"DistilledChaos"},{"floor":37.0,"key":"Strength Potion"},{"floor":41.0,"key":"SkillPotion"},{"floor":42.0,"key":"PowerPotion"}],"is_trial":false,"path_per_floor":["M","?","M","$","?","R","E","$","T","M","R","E","M","?","R","B",null,"M","$","?","M","?","R","M","R","T","$","R","M","$","M","R","B",null,"M","?","?","$","?","R","E","?","T","R","E","M","E","M","R","B","B",null,"R","$","E","B",null],"character_chosen":"IRONCLAD","items_purchased":["Shrug It Off","Bag of Preparation","Dark Embrace","FairyPotion"],"campfire_rested":5,"item_purchase_floors":[30,54,54,54],"current_hp_per_floor":[74,74,75,75,75,75,57,57,57,61,61,64,64,64,64,70,74,56,56,35,21,21,45,20,44,44,44,68,70,70,69,69,73,78,55,55,38,38,69,69,42,42,42,66,42,35,34,25,49,62,39,70,70,70,73,31],"gold":93,"neow_bonus":"RANDOM_COLORLESS_2","is_daily":false,"chose_seed":false,"campfire_upgraded":4,"win_rate":0.0,"timestamp":1610818582,"path_taken":["M","?","M","$","?","R","E","$","T","M","R","E","?","?","R","BOSS","M","$","?","M","?","R","M","R","T","$","R","M","$","M","R","BOSS","M","?","?","$","?","R","E","?","T","R","E","M","E","M","R","BOSS","BOSS","R","$","E","BOSS"],"items_purchased_type":["Card","Relic","Card","Potion"],"build_version":"2020-12-22","purchased_purges":3,"victory":true,"max_hp_per_floor":[75,75,75,75,75,75,75,75,75,75,75,75,75,75,75,75,75,75,75,80,80,80,80,80,80,80,80,80,80,80,80,80,80,80,80,80,80,80,80,80,80,80,80,80,80,80,80,80,80,80,80,80,80,80,80,80],"card_choices":[{"not_picked":["Panache","Metamorphosis"],"picked":"Apotheosis","floor":0.0},{"not_picked":["Clothesline","Warcry"],"picked":"Shockwave","floor":1.0},{"not_picked":["Cleave","Uppercut"],"picked":"Dropkick","floor":3.0},{"not_picked":["Rage","Heavy Blade","Uppercut"],"picked":"SKIP","floor":7.0},{"not_picked":["Iron Wave","Havoc","Cleave"],"picked":"SKIP","floor":10.0},{"not_picked":["Barricade","Flex"],"picked":"Dual Wield","floor":12.0},{"not_picked":["Havoc","Anger"],"picked":"Dropkick","floor":13.0},{"not_picked":["Feed","Impervious"],"picked":"Fiend Fire","floor":16.0},{"not_picked":["Rampage","Ghostly Armor","Heavy Blade"],"picked":"SKIP","floor":18.0},{"not_picked":["Cleave","Fire Breathing","Shockwave"],"picked":"SKIP","floor":21.0},{"not_picked":["True Grit","Anger"],"picked":"Pommel Strike","floor":24.0},{"not_picked":["Infernal Blade","Cleave","Body Slam"],"picked":"SKIP","floor":29.0},{"not_picked":["Fire Breathing","Thunderclap","Double Tap"],"picked":"SKIP","floor":31.0},{"not_picked":["Clothesline","Warcry","Dropkick"],"picked":"SKIP","floor":35.0},{"not_picked":["Battle Trance+1","Clothesline","Cleave"],"picked":"SKIP","floor":41.0},{"not_picked":["Rampage","Hemokinesis","Havoc"],"picked":"SKIP","floor":45.0},{"not_picked":["Dropkick","Whirlwind","Iron Wave"],"picked":"SKIP","floor":46.0},{"not_picked":["Rampage","Hemokinesis","Heavy Blade"],"picked":"SKIP","floor":47.0},{"not_picked":["Warcry+1","Iron Wave"],"picked":"Exhume","floor":48.0},{"not_picked":["Entrench","Clash","Inflame+1"],"picked":"SKIP","floor":55}],"player_experience":1751799,"relics_obtained":[{"floor":7.0,"key":"Pantograph"},{"floor":9.0,"key":"Nunchaku"},{"floor":12.0,"key":"Sundial"},{"floor":37.0,"key":"Champion Belt"},{"floor":39.0,"key":"Unceasing Top"},{"floor":41.0,"key":"Paper Frog"},{"floor":43.0,"key":"MawBank"},{"floor":45.0,"key":"Shovel"},{"floor":47.0,"key":"Ancient Tea Set"},{"floor":53,"key":"Mercury Hourglass"},{"floor":55,"key":"Blood Vial"}],"event_choices":[{"cards_removed":["Strike_R"],"damage_healed":0.0,"max_hp_gain":0.0,"max_hp_loss":0.0,"gold_gain":0.0,"event_name":"Living Wall","player_choice":"Forget","floor":2.0,"gold_loss":0.0,"damage_taken":0.0},{"damage_healed":0.0,"max_hp_gain":0.0,"max_hp_loss":0.0,"gold_gain":0.0,"cards_transformed":["Strike_R"],"event_name":"Transmorgrifier","player_choice":"Transformed","floor":5.0,"gold_loss":0.0,"damage_taken":0.0,"cards_obtained":["Pummel"]},{"damage_healed":0.0,"max_hp_gain":0.0,"max_hp_loss":0.0,"gold_gain":50.0,"event_name":"Golden Shrine","player_choice":"Pray","floor":14.0,"gold_loss":0.0,"damage_taken":0.0},{"damage_healed":0.0,"max_hp_gain":5.0,"max_hp_loss":0.0,"gold_gain":0.0,"event_name":"Forgotten Altar","player_choice":"Shed Blood","floor":20.0,"gold_loss":0.0,"damage_taken":26.0},{"cards_removed":["Bash"],"damage_healed":0.0,"max_hp_gain":0.0,"max_hp_loss":0.0,"gold_gain":0.0,"event_name":"Designer","player_choice":"Upgrade and Remove","floor":22.0,"gold_loss":110.0,"damage_taken":0.0,"cards_upgraded":["Defend_R"]},{"damage_healed":0.0,"max_hp_gain":0.0,"max_hp_loss":0.0,"gold_gain":0.0,"event_name":"Tomb of Lord Red Mask","player_choice":"Ignored","floor":36.0,"gold_loss":0.0,"damage_taken":0.0},{"damage_healed":0.0,"max_hp_gain":0.0,"max_hp_loss":0.0,"gold_gain":0.0,"event_name":"Mysterious Sphere","player_choice":"Fight","floor":37.0,"gold_loss":0.0,"damage_taken":0.0},{"damage_healed":0.0,"max_hp_gain":0.0,"max_hp_loss":0.0,"gold_gain":0.0,"event_name":"MindBloom","player_choice":"Fight","floor":39.0,"gold_loss":0.0,"damage_taken":0.0},{"damage_healed":0.0,"max_hp_gain":0.0,"max_hp_loss":0.0,"gold_gain":0.0,"event_name":"Lab","player_choice":"Got Potions","floor":42.0,"gold_loss":0.0,"damage_taken":0.0}],"is_beta":false,"boss_relics":[{"not_picked":["Calling Bell","Black Star"],"picked":"Empty Cage"},{"not_picked":["Velvet Choker","Snecko Eye"],"picked":"Philosopher\u0027s Stone"}],"items_purged_floors":[19,27,38],"is_endless":false,"potions_floor_spawned":[1,10,12,33,37,39,41,46,48],"ascension_level":20}}