{"host":"krqozg1tp0zpuvz3","time":1610768195,"event":{"mods":["AchievementEnabler","BaseMod","Better Altar","Better Match","Better Note","Better Sensory Stone","Better Third Choice","BetterRewards","Colored Map","DeckTracker","Keyboard Shortcuts","Minty Spire (QoL Compilation)","Permanent Neow","Relic Stats","Shop Mod","StSLib","SuperFastMode"],"gold_per_floor":[117,136,155,155,167,167,185,213,239,257,269,269,269,283,283,442,442,458,477,477,490,490,490,490,490],"floor_reached":24,"language":"KOR","playtime":857,"items_purged":["Defend_P"],"score":242,"play_id":"2eba32f8-a24a-4885-8bfe-f238d6b8a619","local_time":"20210116123635","is_ascension_mode":true,"campfire_choices":[{"floor":6,"key":"REST"},{"floor":12,"key":"REST"},{"floor":15,"key":"REST"},{"floor":23,"key":"REST"}],"circlet_count":0,"master_deck":["Strike_P","Strike_P","Strike_P","Defend_P","Defend_P","Eruption","Vigilance","Adaptation","Vengeance","WaveOfTheHand","FlurryOfBlows","Purity","FearNoEvil","Scrawl","InnerPeace","Crescendo","Scrawl","InnerPeace","Pray","Study","Tantrum"],"relics":["PureWater","CaptainsWheel","Pen Nib","Bag of Marbles","Ice Cream","Boot","Golden Idol","VioletLotus","betterThird:NestCultRelic"],"acts_visited":["Exordium","TheCity"],"potions_floor_usage":[5,11,16,16,18],"damage_taken":[{"damage":0,"enemies":"Small Slimes","floor":1,"turns":4},{"damage":0,"enemies":"Cultist","floor":2,"turns":2},{"damage":0,"enemies":"2 Louse","floor":3,"turns":2},{"damage":11,"enemies":"2 Fungi Beasts","floor":5,"turns":3},{"damage":0,"enemies":"Looter","floor":7,"turns":1},{"damage":22,"enemies":"3 Sentries","floor":8,"turns":5},{"damage":8,"enemies":"Blue Slaver","floor":10,"turns":2},{"damage":17,"enemies":"3 Louse","floor":11,"turns":2},{"damage":0,"enemies":"Large Slime","floor":14,"turns":2},{"damage":33,"enemies":"Slime Boss","floor":16,"turns":6},{"damage":17,"enemies":"2 Thieves","floor":18,"turns":2},{"damage":28,"enemies":"Shell Parasite","floor":19,"turns":3},{"damage":11,"enemies":"3 Cultists","floor":21,"turns":5},{"damage":0,"enemies":"Slavers","floor":24,"turns":1}],"seed_played":"-3924788551795610096","potions_obtained":[{"floor":7,"key":"SpeedPotion"},{"floor":11,"key":"Fruit Juice"},{"floor":16,"key":"AttackPotion"},{"floor":19,"key":"ColorlessPotion"}],"is_trial":false,"path_per_floor":["M","M","M","?","M","R","M","E","T","M","M","R","?","M","R","B",null,"M","M","?","M","?","R","E"],"character_chosen":"WATCHER","items_purchased":["Adaptation","Pen Nib","Bag of Marbles","ColorlessPotion","Swift Potion","SteroidPotion","Vengeance"],"campfire_rested":4,"item_purchase_floors":[0,0,0,0,0,0,0],"current_hp_per_floor":[40,40,40,40,29,50,50,28,28,20,8,31,31,31,52,19,71,54,26,26,15,15,36,36,36],"gold":490,"neow_bonus":"","is_daily":false,"chose_seed":false,"campfire_upgraded":0,"win_rate":0.0,"timestamp":1610768195,"path_taken":["M","M","M","?","?","R","M","E","T","M","M","R","?","M","R","BOSS","M","M","?","M","?","R","E"],"items_purchased_type":["Card","Relic","Relic","Potion","Potion","Potion","Card"],"build_version":"2020-12-22","purchased_purges":1,"victory":false,"max_hp_per_floor":[72,72,72,72,72,72,72,72,72,72,77,77,71,71,71,71,71,71,71,71,71,71,71,71,71],"relic_stats":{"counters":[162,465],"Golden Idol":37,"Pen Nib":[10],"VioletLotus":[9],"Boot":[9],"obtain_stats":[{"Ice Cream":13,"Tiny House":17,"Vajra":38,"Ginger":48,"Bottled Tornado":10,"Boot":6,"Sling":0,"Sozu":17,"Blood Vial":0,"Lizard Tail":0,"HornCleat":30,"Sundial":22,"DollysMirror":0,"MealTicket":19,"Prayer Wheel":0,"VioletLotus":34,"HandDrill":0,"Kunai":42,"Toxic Egg 2":9,"Girya":36,"Pear":26,"Happy Flower":0,"Astrolabe":17,"Dead Branch":0,"Blue Candle":26,"Pen Nib":0,"War Paint":0,"Question Card":0,"Bottled Flame":43,"Shuriken":0,"Bird Faced Urn":0,"Unceasing Top":7,"Pocketwatch":0,"Darkstone Periapt":26,"Regal Pillow":42,"Lantern":20,"Torii":44,"Singing Bowl":9,"Melange":0,"Mango":9,"StoneCalendar":0,"Incense Burner":0,"Bag of Preparation":0,"Juzu Bracelet":42,"Cursed Key":34,"Nunchaku":6,"Dream Catcher":36,"Gambling Chip":0,"WingedGreaves":0,"Red Mask":21,"InkBottle":9,"Golden Idol":3,"PreservedInsect":13,"betterThird:NestCultRelic":22,"Omamori":43,"Frozen Egg 2":24,"Orichalcum":9,"Odd Mushroom":10,"GoldenEye":0,"White Beast Statue":9,"Mercury Hourglass":9,"Peace Pipe":46,"Strange Spoon":48,"Cauldron":0,"Anchor":0,"CaptainsWheel":0,"Ornamental Fan":39,"Orrery":19,"HolyWater":34,"Turnip":41,"Bag of Marbles":0,"PureWater":0,"FossilizedHelix":11,"TungstenRod":0},{"Ice Cream":66,"Tiny House":29,"Vajra":77,"Ginger":45,"Bottled Tornado":51,"Boot":89,"Sling":111,"Sozu":55,"Blood Vial":84,"Lizard Tail":84,"HornCleat":73,"Sundial":11,"DollysMirror":112,"MealTicket":68,"Prayer Wheel":116,"VioletLotus":132,"HandDrill":22,"Kunai":137,"Toxic Egg 2":120,"Girya":77,"Pear":13,"Happy Flower":58,"Astrolabe":8,"Dead Branch":22,"Blue Candle":71,"Pen Nib":22,"War Paint":116,"Question Card":107,"Bottled Flame":43,"Shuriken":46,"Bird Faced Urn":116,"Unceasing Top":51,"Pocketwatch":116,"Darkstone Periapt":97,"Regal Pillow":80,"Lantern":96,"Torii":81,"Singing Bowl":145,"Melange":16,"Mango":25,"StoneCalendar":84,"Incense Burner":16,"Bag of Preparation":22,"Juzu Bracelet":105,"Cursed Key":38,"Nunchaku":25,"Dream Catcher":39,"Gambling Chip":22,"WingedGreaves":58,"Red Mask":31,"InkBottle":90,"Golden Idol":24,"PreservedInsect":53,"betterThird:NestCultRelic":161,"Omamori":80,"Frozen Egg 2":12,"Orichalcum":21,"Odd Mushroom":26,"GoldenEye":84,"White Beast Statue":5,"Mercury Hourglass":51,"Peace Pipe":44,"Strange Spoon":45,"Cauldron":116,"Anchor":141,"CaptainsWheel":148,"Ornamental Fan":102,"Orrery":56,"HolyWater":75,"Turnip":104,"Bag of Marbles":111,"PureWater":0,"FossilizedHelix":64,"TungstenRod":111},{"Ice Cream":221,"Tiny House":95,"Vajra":253,"Ginger":133,"Bottled Tornado":162,"Boot":290,"Sling":332,"Sozu":180,"Blood Vial":274,"Lizard Tail":274,"HornCleat":241,"Sundial":35,"DollysMirror":333,"MealTicket":231,"Prayer Wheel":344,"VioletLotus":384,"HandDrill":74,"Kunai":391,"Toxic Egg 2":355,"Girya":253,"Pear":43,"Happy Flower":194,"Astrolabe":28,"Dead Branch":74,"Blue Candle":237,"Pen Nib":74,"War Paint":344,"Question Card":323,"Bottled Flame":128,"Shuriken":141,"Bird Faced Urn":344,"Unceasing Top":162,"Pocketwatch":344,"Darkstone Periapt":306,"Regal Pillow":263,"Lantern":305,"Torii":265,"Singing Bowl":405,"Melange":52,"Mango":80,"StoneCalendar":274,"Incense Burner":52,"Bag of Preparation":74,"Juzu Bracelet":319,"Cursed Key":117,"Nunchaku":80,"Dream Catcher":120,"Gambling Chip":74,"WingedGreaves":194,"Red Mask":99,"InkBottle":292,"Golden Idol":77,"PreservedInsect":171,"betterThird:NestCultRelic":464,"Omamori":263,"Frozen Egg 2":39,"Orichalcum":73,"Odd Mushroom":82,"GoldenEye":274,"White Beast Statue":15,"Mercury Hourglass":162,"Peace Pipe":131,"Strange Spoon":133,"Cauldron":344,"Anchor":397,"CaptainsWheel":425,"Ornamental Fan":312,"Orrery":185,"HolyWater":249,"Turnip":316,"Bag of Marbles":332,"PureWater":0,"FossilizedHelix":213,"TungstenRod":332}]},"card_choices":[{"not_picked":["WheelKick","CutThroughFate","CrushJoints"],"picked":"SKIP","floor":1},{"not_picked":["Consecrate","CrushJoints"],"picked":"WaveOfTheHand","floor":2},{"not_picked":["Perseverance","Halt"],"picked":"FlurryOfBlows","floor":3},{"not_picked":["Impatience","PanicButton"],"picked":"Purity","floor":4},{"not_picked":["Crescendo","Sanctity"],"picked":"FearNoEvil","floor":5},{"not_picked":["Weave","Crescendo"],"picked":"Scrawl","floor":7},{"not_picked":["Protect","Prostrate"],"picked":"InnerPeace","floor":8},{"not_picked":["Consecrate","Halt","ReachHeaven"],"picked":"SKIP","floor":10},{"not_picked":["TalkToTheHand","FollowUp"],"picked":"Crescendo","floor":11},{"not_picked":["SashWhip","DeceiveReality","Wireheading"],"picked":"SKIP","floor":14},{"not_picked":["ConjureBlade","Ragnarok"],"picked":"Scrawl","floor":16},{"not_picked":["CrushJoints","WindmillStrike+1"],"picked":"InnerPeace","floor":18},{"not_picked":["BowlingBash","ThirdEye+1","Fasting2"],"picked":"SKIP","floor":19},{"not_picked":["Consecrate+1","InnerPeace"],"picked":"Tantrum","floor":21}],"player_experience":309896,"relics_obtained":[{"floor":8,"key":"Ice Cream"},{"floor":9,"key":"Boot"}],"event_choices":[{"damage_healed":0,"gold_gain":1,"player_choice":"1","damage_taken":0,"max_hp_gain":0,"max_hp_loss":0,"event_name":"betterStone:BetterStone","floor":4,"gold_loss":0},{"damage_healed":0,"gold_gain":0,"player_choice":"Lose Max HP","damage_taken":0,"relics_obtained":["Golden Idol"],"max_hp_gain":0,"max_hp_loss":6,"event_name":"Golden Idol","floor":13,"gold_loss":0},{"damage_healed":0,"gold_gain":0,"cards_transformed":["Strike_P","Defend_P"],"player_choice":"Became Test Subject","damage_taken":0,"max_hp_gain":0,"max_hp_loss":0,"event_name":"Drug Dealer","floor":20,"gold_loss":0,"cards_obtained":["Pray","Study"]},{"damage_healed":0,"gold_gain":0,"player_choice":"Madness","damage_taken":0,"relics_obtained":["betterThird:NestCultRelic"],"max_hp_gain":0,"max_hp_loss":0,"event_name":"betterThird:BetterNest","floor":22,"gold_loss":0}],"is_beta":false,"boss_relics":[{"not_picked":["Cursed Key","Astrolabe"],"picked":"VioletLotus"}],"items_purged_floors":[0],"is_endless":false,"potions_floor_spawned":[1,3,7,11,16,19],"killed_by":"Slavers","ascension_level":4}}