{"host":"rolltorest","time":1610757961,"event":{"mods":["BaseMod","Minty Spire (QoL Compilation)","Relic Stats","Slay the Relics Exporter","StSLib"],"gold_per_floor":[117,117,132,57,74,106,123,123,123,134,134,134,149,183,183,282,282,305,321,321,82,82,115,115,153,153,67,67,267,267,69,69,167,167,183,199,219,219,242,242,280,280,280,280,19,43,86,0,0,0,0,0,0,0,33,33],"floor_reached":57,"language":"ENG","playtime":2284,"items_purged":["Strike_B","Shame"],"score":3008,"play_id":"97aaef1f-4d59-4969-9aca-86e80cc7326e","local_time":"20210115164601","is_ascension_mode":true,"campfire_choices":[{"data":"Fission","floor":8,"key":"SMITH"},{"data":"Lockon","floor":12,"key":"SMITH"},{"data":"Ball Lightning","floor":15,"key":"SMITH"},{"data":"Biased Cognition","floor":24,"key":"SMITH"},{"data":"Defragment","floor":28,"key":"SMITH"},{"data":"Rainbow","floor":30,"key":"SMITH"},{"data":"Capacitor","floor":32,"key":"SMITH"},{"data":"Coolheaded","floor":40,"key":"SMITH"},{"data":"Defragment","floor":42,"key":"SMITH"},{"data":"Amplify","floor":44,"key":"SMITH"},{"floor":49,"key":"RECALL"},{"data":"Capacitor","floor":53,"key":"SMITH"}],"circlet_count":0,"master_deck":["AscendersBane","Defend_B","Defend_B","Defend_B","Defend_B","Zap","Dualcast+1","Lockon+1","Cold Snap","Fission+1","Steam","Glacier","Ball Lightning+1","Compile Driver","Biased Cognition+1","Self Repair","Conserve Battery+1","Amplify+1","Rainbow+1","Compile Driver","Defragment+1","Capacitor+1","Core Surge","Hologram+1","Skim","Defragment+1","Coolheaded+1","Glacier","Capacitor+1","Recycle+1","BootSequence+1"],"relics":["FrozenCore","NeowsBlessing","Symbiotic Virus","Bag of Marbles","Meat on the Bone","Golden Idol","Bag of Preparation","Velvet Choker","OrangePellets","Bronze Scales","Darkstone Periapt","Singing Bowl","Bottled Tornado","Lee\u0027s Waffle","Incense Burner","War Paint","Gremlin Horn","Shuriken"],"acts_visited":["Exordium","TheCity","TheBeyond","TheEnding"],"potions_floor_usage":[16,56,56],"damage_taken":[{"damage":0,"enemies":"Small Slimes","floor":1,"turns":1},{"damage":0,"enemies":"2 Louse","floor":3,"turns":1},{"damage":0,"enemies":"Cultist","floor":5,"turns":1},{"damage":16,"enemies":"Lagavulin","floor":6,"turns":5},{"damage":8,"enemies":"3 Louse","floor":7,"turns":3},{"damage":6,"enemies":"Gremlin Gang","floor":10,"turns":6},{"damage":3,"enemies":"Lots of Slimes","floor":13,"turns":5},{"damage":14,"enemies":"3 Sentries","floor":14,"turns":6},{"damage":27,"enemies":"The Guardian","floor":16,"turns":15},{"damage":0,"enemies":"Spheric Guardian","floor":18,"turns":3},{"damage":0,"enemies":"Chosen","floor":19,"turns":4},{"damage":15,"enemies":"Slavers","floor":23,"turns":4},{"damage":18,"enemies":"Gremlin Leader","floor":25,"turns":7},{"damage":0,"enemies":"Champ","floor":33,"turns":8},{"damage":0,"enemies":"3 Darklings","floor":35,"turns":7},{"damage":10,"enemies":"3 Shapes","floor":36,"turns":6},{"damage":13,"enemies":"Writhing Mass","floor":37,"turns":4},{"damage":22,"enemies":"Jaw Worm Horde","floor":39,"turns":4},{"damage":0,"enemies":"Giant Head","floor":41,"turns":10},{"damage":0,"enemies":"Reptomancer","floor":47,"turns":11},{"damage":0,"enemies":"Time Eater","floor":50,"turns":11},{"damage":6,"enemies":"Donu and Deca","floor":51,"turns":14},{"damage":34,"enemies":"Shield and Spear","floor":55,"turns":15},{"damage":45,"enemies":"The Heart","floor":56,"turns":12}],"seed_played":"-3477534125457037006","potions_obtained":[{"floor":6,"key":"SkillPotion"},{"floor":7,"key":"SkillPotion"},{"floor":16,"key":"SkillPotion"},{"floor":23,"key":"PotionOfCapacity"}],"is_trial":false,"path_per_floor":["M","?","M","?","M","E","M","R","T","M","?","R","M","E","R","B",null,"M","M","?","$","?","E","R","E","T","$","R","?","R","$","R","B",null,"M","M","M","?","M","R","E","R","T","R","$","T","E","$","R","B","B",null,"R","$","E","B",null],"character_chosen":"DEFECT","items_purchased":["OrangePellets","Defragment","Capacitor","Lee\u0027s Waffle","Capacitor","Recycle","DuplicationPotion"],"campfire_rested":0,"item_purchase_floors":[21,27,31,31,45,45,48],"current_hp_per_floor":[64,53,53,53,53,37,29,29,29,35,35,35,44,42,42,27,55,55,62,62,62,62,54,54,45,45,45,45,45,45,73,73,73,73,73,70,64,64,49,49,56,56,56,56,56,56,65,65,65,72,75,75,75,75,55,29],"gold":33,"neow_bonus":"THREE_ENEMY_KILL","is_daily":false,"chose_seed":false,"campfire_upgraded":11,"win_rate":0.0,"timestamp":1610757961,"path_taken":["M","?","M","?","M","E","M","R","T","M","?","R","M","E","R","BOSS","M","M","?","$","?","E","R","E","T","$","R","?","R","$","R","BOSS","M","M","?","?","?","R","E","R","T","R","?","?","E","$","R","BOSS","BOSS","R","$","E","BOSS"],"items_purchased_type":["Relic","Card","Card","Relic","Card","Card","Potion"],"build_version":"2020-12-18","purchased_purges":2,"victory":true,"max_hp_per_floor":[71,71,71,71,71,71,71,71,71,71,64,64,64,64,64,64,64,64,64,64,64,64,64,64,66,66,66,66,66,66,73,73,73,73,73,73,73,73,73,73,73,73,73,73,73,73,75,75,75,75,75,75,75,75,75,75],"relic_stats":{"Darkstone Periapt":0,"Lee\u0027s Waffle":28,"Singing Bowl":4,"Gremlin Horn":[2,2],"counters":[24,163],"Golden Idol":169,"Bag of Preparation":[32],"War Paint":["Recycle","Dualcast"],"FrozenCore":[40],"OrangePellets":[24],"Shuriken":[2],"Bronze Scales":[507],"obtain_stats":[{"Darkstone Periapt":23,"Lee\u0027s Waffle":31,"NeowsBlessing":0,"Singing Bowl":25,"Gremlin Horn":47,"Golden Idol":11,"Velvet Choker":17,"Bag of Preparation":14,"Incense Burner":41,"Bottled Tornado":26,"War Paint":46,"FrozenCore":34,"OrangePellets":21,"Shuriken":55,"Bronze Scales":22,"Bag of Marbles":6,"Cracked Core":0,"Symbiotic Virus":2,"Meat on the Bone":9},{"Darkstone Periapt":12,"Lee\u0027s Waffle":13,"NeowsBlessing":0,"Singing Bowl":13,"Gremlin Horn":20,"Golden Idol":6,"Velvet Choker":9,"Bag of Preparation":8,"Incense Burner":19,"Bottled Tornado":13,"War Paint":19,"FrozenCore":14,"OrangePellets":11,"Shuriken":23,"Bronze Scales":11,"Bag of Marbles":4,"Cracked Core":0,"Symbiotic Virus":1,"Meat on the Bone":5},{"Darkstone Periapt":54,"Lee\u0027s Waffle":61,"NeowsBlessing":0,"Singing Bowl":61,"Gremlin Horn":111,"Golden Idol":17,"Velvet Choker":43,"Bag of Preparation":28,"Incense Burner":100,"Bottled Tornado":61,"War Paint":100,"FrozenCore":69,"OrangePellets":50,"Shuriken":151,"Bronze Scales":50,"Bag of Marbles":8,"Cracked Core":0,"Symbiotic Virus":1,"Meat on the Bone":11}],"Meat on the Bone":60},"card_choices":[{"not_picked":["Rebound","Redo"],"picked":"Lockon","floor":1},{"not_picked":["Beam Cell","Rebound"],"picked":"Cold Snap","floor":3},{"not_picked":["Beam Cell","Go for the Eyes","Turbo"],"picked":"SKIP","floor":5},{"not_picked":["Rebound","Leap"],"picked":"Fission","floor":6},{"not_picked":["Consume","Streamline"],"picked":"Steam","floor":7},{"not_picked":["Aggregate","Barrage"],"picked":"Glacier","floor":10},{"not_picked":["Stack","Steam Power"],"picked":"Ball Lightning","floor":13},{"not_picked":["Auto Shields","Beam Cell"],"picked":"Compile Driver","floor":14},{"not_picked":["Creative AI","Hyperbeam"],"picked":"Biased Cognition","floor":16},{"not_picked":["Leap","Skim"],"picked":"Self Repair","floor":18},{"not_picked":["Stack","Leap"],"picked":"Conserve Battery+1","floor":19},{"not_picked":["Rip and Tear","Turbo+1"],"picked":"Compile Driver","floor":23},{"not_picked":["Gash+1","Go for the Eyes","Stack"],"picked":"Singing Bowl","floor":25},{"not_picked":["Thunder Strike","Amplify"],"picked":"Core Surge","floor":33},{"not_picked":["Turbo","Static Discharge+1"],"picked":"Hologram+1","floor":35},{"not_picked":["Sweeping Beam","Compile Driver"],"picked":"Skim","floor":36},{"not_picked":["Go for the Eyes","Gash+1"],"picked":"Defragment","floor":37},{"not_picked":["Streamline+1","Lockon"],"picked":"Coolheaded","floor":39},{"not_picked":["Hyperbeam","Genetic Algorithm+1"],"picked":"Glacier","floor":41},{"not_picked":["Sweeping Beam","Self Repair","Force Field"],"picked":"Singing Bowl","floor":47},{"not_picked":["Conserve Battery","Self Repair+1"],"picked":"BootSequence+1","floor":55}],"player_experience":1717504,"relics_obtained":[{"floor":6,"key":"Bag of Marbles"},{"floor":9,"key":"Meat on the Bone"},{"floor":14,"key":"Bag of Preparation"},{"floor":23,"key":"Darkstone Periapt"},{"floor":25,"key":"Singing Bowl"},{"floor":26,"key":"Bottled Tornado"},{"floor":41,"key":"Incense Burner"},{"floor":46,"key":"War Paint"},{"floor":47,"key":"Gremlin Horn"},{"floor":55,"key":"Shuriken"}],"event_choices":[{"damage_healed":0,"gold_gain":0,"player_choice":"Success","damage_taken":11,"relics_obtained":["Symbiotic Virus"],"max_hp_gain":0,"max_hp_loss":0,"event_name":"Scrap Ooze","floor":2,"gold_loss":0},{"cards_removed":["Strike_B"],"damage_healed":0,"gold_gain":0,"player_choice":"Card Removal","damage_taken":0,"max_hp_gain":0,"max_hp_loss":0,"event_name":"The Cleric","floor":4,"gold_loss":75},{"damage_healed":0,"gold_gain":0,"player_choice":"Lose Max HP","damage_taken":0,"relics_obtained":["Golden Idol"],"max_hp_gain":0,"max_hp_loss":7,"event_name":"Golden Idol","floor":11,"gold_loss":0},{"damage_healed":0,"gold_gain":0,"cards_transformed":["Strike_B","Strike_B"],"player_choice":"Became Test Subject","damage_taken":0,"max_hp_gain":0,"max_hp_loss":0,"event_name":"Drug Dealer","floor":20,"gold_loss":0,"cards_obtained":["Amplify","Rainbow"]},{"damage_healed":0,"gold_gain":0,"player_choice":"Stole Relic","damage_taken":0,"relics_obtained":["Bronze Scales"],"max_hp_gain":0,"max_hp_loss":0,"event_name":"Addict","floor":22,"gold_loss":0,"cards_obtained":["Shame"]},{"damage_healed":0,"gold_gain":250,"player_choice":"Bet on Owner","damage_taken":0,"max_hp_gain":0,"max_hp_loss":0,"event_name":"The Joust","floor":29,"gold_loss":50},{"damage_healed":0,"gold_gain":0,"player_choice":"Ignored","damage_taken":0,"max_hp_gain":0,"max_hp_loss":0,"event_name":"SecretPortal","floor":38,"gold_loss":0}],"is_beta":true,"boss_relics":[{"not_picked":["Tiny House","Snecko Eye"],"picked":"Velvet Choker"},{"not_picked":["Philosopher\u0027s Stone","SacredBark"],"picked":"FrozenCore"}],"items_purged_floors":[21,45],"is_endless":false,"potions_floor_spawned":[6,7,16,23,25,35,47],"ascension_level":20}}