{"host":"ok3pmhc1fiz31noj","time":1610799523,"event":{"mods":["AchievementEnabler","BaseMod","Colored Map","Colored Powertips","Minty Spire (QoL Compilation)","Quick Restart","Relic Stats","Replay The Spire","StSLib"],"gold_per_floor":[116,39,39,51,51,82,99,132,181,224,258,433,433,210,210,334,334,371,421,421,421,421,486,509,49,72,108,108,108,108,146,146,292,292,327,359,359,40,40,83,0,52,52,116,171,210,241,299,299,339],"floor_reached":51,"language":"ZHS","playtime":2548,"items_purged":["Doubt","Survivor"],"score":1196,"play_id":"71978858-c503-498a-a542-3b6fb32f289e","local_time":"20210116201843","is_ascension_mode":true,"campfire_choices":[{"data":"Accuracy","floor":13,"key":"SMITH"},{"data":"Cloak And Dagger","floor":15,"key":"SMITH"},{"floor":28,"key":"DIG"},{"floor":32,"key":"DIG"},{"floor":49,"key":"DIG"}],"circlet_count":0,"master_deck":["Strike_G+1","Strike_G+1","Strike_G+1","Defend_G+1","Defend_G+1","Neutralize","Accuracy+1","Unload","All Out Attack","Cloak And Dagger+1","Blade Dance+1","Blade Dance+1","Adrenaline","Quick Slash+1","Choke+1","Outmaneuver","Infinite Blades+1","Voices","Cloak And Dagger","Concentrate+1","Normality","ReplayTheSpireMod:Doomed","Parasite","ReplayTheSpireMod:Shiv Toss","Dagger Throw+1","Accuracy+1","Bandage Up","Bandage Up","Survey Options","Delirium","Outmaneuver","Backstab+1","Replay:Hysterical Blindness","Accuracy+1","Finisher","Cloak And Dagger+1","Deflect","ReplayTheSpireMod:Faulty Equipment","Terror"],"relics":["Ring of the Snake","NeowsBlessing","Paper Crane","Oddly Smooth Stone","Replay:Bandana","MealTicket","Lantern","Honey Jar","ReplayTheSpireMod:Ring of Collecting","Ring of Greed","The Courier","Golden Egg","Nilry\u0027s Codex","Ring of Fury","Shovel","Ginger","Replay:Bottled Eggs","Ring of Misfortune","Pet Ghost","Pantograph","Ring of Peace","Letter Opener","MutagenicStrength","Question Card","Kintsugi","DollysMirror","ReplayTheSpireMod:Ninjato","FossilizedHelix","Red Mask","Boot","ReplayTheSpireMod:Ring of Addiction","Ninja Scroll","Chameleon Ring","SacredBark","Blue Doll","Replay:Bottled Snecko","Replay:Multitool"],"acts_visited":["Exordium","TheCity","TheBeyond"],"potions_floor_usage":[8,8,16,23,27,33,33,33,42,44,46,47,50,50,50],"damage_taken":[{"damage":0,"enemies":"Jaw Worm","floor":1,"turns":1},{"damage":0,"enemies":"Cultist","floor":4,"turns":1},{"damage":0,"enemies":"Gremlin Nob","floor":6,"turns":1},{"damage":0,"enemies":"Small Slimes","floor":7,"turns":3},{"damage":13,"enemies":"Lagavulin","floor":8,"turns":6},{"damage":26,"enemies":"3 Sentries","floor":10,"turns":7},{"damage":4,"enemies":"2 Fungi Beasts","floor":11,"turns":3},{"damage":41,"enemies":"The Guardian","floor":16,"turns":10},{"damage":5,"enemies":"2 Thieves","floor":18,"turns":3},{"damage":6,"enemies":"Gremlin Leader","floor":23,"turns":4},{"damage":0,"enemies":"Chosen","floor":24,"turns":2},{"damage":0,"enemies":"Centurion and Healer","floor":27,"turns":2},{"damage":0,"enemies":"Sentry and Sphere","floor":31,"turns":2},{"damage":24,"enemies":"Champ","floor":33,"turns":6},{"damage":0,"enemies":"3 Darklings","floor":35,"turns":1},{"damage":8,"enemies":"3 Shapes","floor":36,"turns":4},{"damage":0,"enemies":"R_Hoarder","floor":40,"turns":5},{"damage":0,"enemies":"Giant Head","floor":42,"turns":2},{"damage":0,"enemies":"Reptomancer","floor":44,"turns":2},{"damage":0,"enemies":"Maw","floor":45,"turns":4},{"damage":0,"enemies":"Sphere and 2 Shapes","floor":46,"turns":3},{"damage":0,"enemies":"3 Darklings","floor":47,"turns":1},{"damage":0,"enemies":"Nemesis","floor":48,"turns":1},{"damage":1,"enemies":"Donu and Deca","floor":50,"turns":4}],"seed_played":"6623282528852134942","potions_obtained":[{"floor":1,"key":"Reflective Coating"},{"floor":7,"key":"CunningPotion"},{"floor":8,"key":"Energy Potion"},{"floor":10,"key":"SpeedPotion"},{"floor":23,"key":"EssenceOfSteel"},{"floor":33,"key":"Strength Potion"},{"floor":35,"key":"Poison Potion"},{"floor":40,"key":"Adrenaline Potion"},{"floor":42,"key":"SmokeBomb"},{"floor":43,"key":"Energy Potion"},{"floor":43,"key":"CunningPotion"},{"floor":46,"key":"SteroidPotion"},{"floor":48,"key":"LiquidBronze"}],"is_trial":false,"path_per_floor":["M","$","?","M","$","E","M","E","T","E","M","?","R","$","R","B",null,"M","?","?","?","T","E","M","$","T","M","R","T","?","M","R_BF","B",null,"M","M","?","$","?","E","?","E","T","E","M","M","M","E","R_BF","B",null],"character_chosen":"THE_SILENT","items_purchased":["Accuracy","Lantern","Replay:Bottled Eggs","Infinite Blades","Adrenaline Potion","SteroidPotion","BlessingOfTheForge","DollysMirror","ReplayTheSpireMod:Ninjato"],"campfire_rested":0,"item_purchase_floors":[2,14,25,25,25,25,25,38,38],"current_hp_per_floor":[70,70,70,70,70,70,70,57,57,31,27,27,27,42,42,1,70,65,65,49,49,49,43,43,58,58,58,58,58,58,58,58,46,70,70,62,62,70,60,68,68,70,70,70,70,70,70,70,70,70],"gold":339,"neow_bonus":"THREE_ENEMY_KILL","is_daily":false,"chose_seed":false,"campfire_upgraded":2,"win_rate":0.0,"timestamp":1610799523,"path_taken":["M","$","?","M","$","E","M","E","T","E","?","?","R","$","R","BOSS","M","?","?","?","?","E","M","$","T","?","R","?","?","M","R_BF","BOSS","M","M","?","$","?","E","?","E","T","E","M","M","?","E","R_BF","BOSS"],"items_purchased_type":["Card","Relic","Relic","Card","Potion","Potion","Potion","Relic","Relic"],"build_version":"2020-12-22","purchased_purges":2,"victory":true,"max_hp_per_floor":[70,70,70,70,70,70,70,70,70,70,70,70,70,70,70,70,70,70,70,70,70,70,70,70,70,70,70,70,70,70,70,70,70,70,70,70,70,70,70,70,70,70,70,70,70,70,70,70,70,70],"relic_stats":{"Shovel":3,"counters":[24,78],"Pantograph":12,"MealTicket":38,"Ginger":[40],"Letter Opener":[170],"Question Card":13,"Boot":[0],"obtain_stats":[{"Golden Egg":19,"Lantern":14,"Nilry\u0027s Codex":20,"SacredBark":43,"Blue Doll":44,"Replay:Multitool":49,"Ginger":23,"Boot":42,"Pet Ghost":26,"Replay:Bandana":9,"Shovel":22,"Chameleon Ring":43,"DollysMirror":38,"Ninja Scroll":43,"Pantograph":28,"Ring of Peace":29,"Honey Jar":17,"MealTicket":10,"Red Mask":41,"Replay:Bottled Snecko":48,"Replay:Bottled Eggs":25,"Ring of the Snake":0,"ReplayTheSpireMod:Ninjato":38,"NeowsBlessing":0,"ReplayTheSpireMod:Ring of Addiction":43,"Oddly Smooth Stone":8,"The Courier":19,"Ring of Greed":19,"Letter Opener":29,"Paper Crane":6,"Question Card":32,"ReplayTheSpireMod:Ring of Collecting":19,"Ring of Misfortune":26,"MutagenicStrength":30,"Ring of Fury":22,"Kintsugi":34,"FossilizedHelix":40},{"Golden Egg":9,"Lantern":7,"Nilry\u0027s Codex":9,"SacredBark":18,"Blue Doll":19,"Replay:Multitool":23,"Ginger":10,"Boot":18,"Pet Ghost":11,"Replay:Bandana":5,"Shovel":9,"Chameleon Ring":18,"DollysMirror":16,"Ninja Scroll":18,"Pantograph":12,"Ring of Peace":12,"Honey Jar":8,"MealTicket":6,"Red Mask":17,"Replay:Bottled Snecko":23,"Replay:Bottled Eggs":11,"Ring of the Snake":0,"ReplayTheSpireMod:Ninjato":16,"NeowsBlessing":0,"ReplayTheSpireMod:Ring of Addiction":18,"Oddly Smooth Stone":5,"The Courier":9,"Ring of Greed":9,"Letter Opener":12,"Paper Crane":3,"Question Card":13,"ReplayTheSpireMod:Ring of Collecting":9,"Ring of Misfortune":11,"MutagenicStrength":12,"Ring of Fury":9,"Kintsugi":14,"FossilizedHelix":17},{"Golden Egg":35,"Lantern":22,"Nilry\u0027s Codex":35,"SacredBark":63,"Blue Doll":65,"Replay:Multitool":74,"Ginger":39,"Boot":63,"Pet Ghost":41,"Replay:Bandana":12,"Shovel":35,"Chameleon Ring":63,"DollysMirror":56,"Ninja Scroll":63,"Pantograph":43,"Ring of Peace":43,"Honey Jar":32,"MealTicket":19,"Red Mask":61,"Replay:Bottled Snecko":74,"Replay:Bottled Eggs":41,"Ring of the Snake":0,"ReplayTheSpireMod:Ninjato":56,"NeowsBlessing":0,"ReplayTheSpireMod:Ring of Addiction":63,"Oddly Smooth Stone":12,"The Courier":35,"Ring of Greed":35,"Letter Opener":43,"Paper Crane":3,"Question Card":45,"ReplayTheSpireMod:Ring of Collecting":35,"Ring of Misfortune":41,"MutagenicStrength":43,"Ring of Fury":35,"Kintsugi":51,"FossilizedHelix":61}],"Ring of the Snake":[48]},"card_choices":[{"not_picked":["ReplayTheSpireMod:Tripwire","Flying Knee","Sneak Up"],"picked":"SKIP","floor":1},{"not_picked":["Bane","Flying Knee","Backflip"],"picked":"SKIP","floor":4},{"not_picked":["Backflip","Deadly Poison"],"picked":"All Out Attack","floor":6},{"not_picked":["Deadly Poison","Prepared"],"picked":"Cloak And Dagger","floor":7},{"not_picked":["Concentrate","ReplayTheSpireMod:From All Sides"],"picked":"Blade Dance","floor":8},{"not_picked":["Prepared","Flying Knee"],"picked":"Blade Dance","floor":10},{"not_picked":["Prepared","Toxin Wave","Deadly Poison"],"picked":"SKIP","floor":11},{"not_picked":["Tools of the Trade","Poison Darts"],"picked":"Adrenaline","floor":16},{"not_picked":["PiercingWail","Slice","Bane+1"],"picked":"Quick Slash+1","floor":18},{"not_picked":["Dagger Spray","Quick Slash+1","Flechettes"],"picked":"Choke+1","floor":23},{"not_picked":["Deflect+1","ReplayTheSpireMod:Speed Training+1","Choke"],"picked":"Outmaneuver","floor":24},{"not_picked":["PiercingWail","Concentrate","Sucker Punch"],"picked":"Cloak And Dagger","floor":27},{"not_picked":["Dagger Throw","Dagger Spray","Prepared"],"picked":"Concentrate+1","floor":31},{"not_picked":["Malaise","Atom Bomb","ReplayTheSpireMod:From All Sides","ReplayTheSpireMod:Necrosis"],"picked":"Doppelganger","floor":33},{"not_picked":["Outmaneuver","Blade Dance","Infinite Blades+1","Backflip+1"],"picked":"ReplayTheSpireMod:Shiv Toss","floor":35},{"not_picked":["Deadly Poison","Sucker Punch+1","Poison Darts","Caltrops+1"],"picked":"Dagger Throw+1","floor":36},{"not_picked":["Sadistic Nature","Thinking Ahead","The Bomb","Poisoned Strike"],"picked":"Bandage Up","floor":39},{"not_picked":["Blind","Replay:BasicMightCard","Panacea","Enlightenment"],"picked":"Bandage Up","floor":39},{"not_picked":["Poisoned Strike","Madness","Swift Strike","Specialist"],"picked":"Survey Options","floor":39},{"not_picked":["Quick Slash+1","Prepared","Dodge and Roll","All Out Attack"],"picked":"Outmaneuver","floor":40},{"not_picked":["ReplayTheSpireMod:Tripwire+1","Flying Knee","Dagger Throw+1","Endless Agony+1"],"picked":"Backstab+1","floor":42},{"not_picked":["Terror","After Image","Predator+1","Reflex"],"picked":"Accuracy+1","floor":44},{"not_picked":["Poisoned Stab+1","Dagger Spray","Slice","Catalyst+1"],"picked":"Finisher","floor":45},{"not_picked":["PiercingWail+1","Flying Knee+1","Dagger Throw","Deflect"],"picked":"Cloak And Dagger+1","floor":46},{"not_picked":["Noxious Fumes+1","Endless Agony","Flying Knee+1","Poisoned Stab"],"picked":"Deflect","floor":47},{"not_picked":["Distraction","ReplayTheSpireMod:Speed Training","Doppelganger","Reflex+1"],"picked":"Terror","floor":48}],"player_experience":141616,"relics_obtained":[{"floor":6,"key":"Paper Crane"},{"floor":8,"key":"Oddly Smooth Stone"},{"floor":9,"key":"Replay:Bandana"},{"floor":10,"key":"MealTicket"},{"floor":19,"key":"ReplayTheSpireMod:Ring of Collecting"},{"floor":19,"key":"Ring of Greed"},{"floor":19,"key":"The Courier"},{"floor":19,"key":"Golden Egg"},{"floor":20,"key":"Nilry\u0027s Codex"},{"floor":22,"key":"Ring of Fury"},{"floor":22,"key":"Shovel"},{"floor":23,"key":"Ginger"},{"floor":26,"key":"Ring of Misfortune"},{"floor":26,"key":"Pet Ghost"},{"floor":28,"key":"Pantograph"},{"floor":29,"key":"Ring of Peace"},{"floor":29,"key":"Letter Opener"},{"floor":32,"key":"Question Card"},{"floor":40,"key":"FossilizedHelix"},{"floor":42,"key":"Boot"},{"floor":43,"key":"ReplayTheSpireMod:Ring of Addiction"},{"floor":43,"key":"Ninja Scroll"},{"floor":43,"key":"Chameleon Ring"},{"floor":43,"key":"SacredBark"},{"floor":44,"key":"Blue Doll"},{"floor":48,"key":"Replay:Bottled Snecko"},{"floor":49,"key":"Replay:Multitool"}],"event_choices":[{"damage_healed":0,"gold_gain":0,"player_choice":"1 cards matched","damage_taken":0,"max_hp_gain":0,"max_hp_loss":0,"event_name":"Match and Keep!","floor":3,"gold_loss":0,"cards_obtained":["Unload"]},{"damage_healed":0,"gold_gain":175,"player_choice":"AGREE","damage_taken":0,"max_hp_gain":0,"max_hp_loss":0,"event_name":"Liars Game","floor":12,"gold_loss":0,"cards_obtained":["Doubt"]},{"damage_healed":0,"gold_gain":0,"player_choice":"Obtained Book","damage_taken":16,"max_hp_gain":0,"max_hp_loss":0,"event_name":"Cursed Tome","floor":20,"gold_loss":0},{"damage_healed":0,"gold_gain":0,"player_choice":"Simplicity","damage_taken":0,"max_hp_gain":0,"max_hp_loss":0,"event_name":"Back to Basics","floor":21,"gold_loss":0,"cards_upgraded":["Strike_G","Strike_G","Strike_G","Strike_G","Strike_G","Defend_G","Defend_G","Defend_G","Defend_G","Defend_G"]},{"damage_healed":0,"gold_gain":0,"player_choice":"Inject Mutagens","damage_taken":0,"relics_obtained":["MutagenicStrength"],"max_hp_gain":0,"max_hp_loss":0,"event_name":"Drug Dealer","floor":30,"gold_loss":0},{"cards_removed":["Defend_G"],"damage_healed":0,"gold_gain":0,"player_choice":"Removed Skill","damage_taken":0,"max_hp_gain":0,"max_hp_loss":0,"event_name":"Falling","floor":37,"gold_loss":0},{"damage_healed":0,"gold_gain":0,"player_choice":"Memory 3","damage_taken":10,"max_hp_gain":0,"max_hp_loss":0,"event_name":"SensoryStone","floor":39,"gold_loss":0},{"damage_healed":0,"gold_gain":0,"player_choice":"Paid","damage_taken":0,"relics_obtained":["Red Mask"],"max_hp_gain":0,"max_hp_loss":0,"event_name":"Tomb of Lord Red Mask","floor":41,"gold_loss":83}],"is_beta":false,"boss_relics":[{"not_picked":["Runic Pyramid","Cursed Key"],"picked":"Honey Jar"},{"not_picked":["Ring of Chaos","Philosopher\u0027s Stone"],"picked":"Kintsugi"}],"items_purged_floors":[14,25],"is_endless":false,"potions_floor_spawned":[1,7,8,10,23,33,35,40,42,46,48],"ascension_level":1}}