{"host":"lzzv50t0ea3gz1kk","time":1610785947,"event":{"mods":["ATMod(°¢èªMod)","Act Like it!","BaseMod","Gensokyo","Hallownest","Hermit","Marisa£¨ìFÓê¡¡Ä§ÀíÉ³£©","Minty Spire (QoL Compilation)","Replay The Spire","Robot Space Explorer","StSLib","The Animator"],"gold_per_floor":[109,109,34,48,61,87,102,102,102,435,451,451,451,468,468,563,563,580,608,631,531,542,542,574,574,574,618,630,650,650,667,667,769,769,784,784,804,228,245,245,295,295,295,395,411,11,39,54,54,54,54,54,54,82,82,82],"floor_reached":55,"language":"ZHS","playtime":2501,"items_purged":["Strike_R","Defend_R","Defend_R","Strike_R"],"score":1045,"play_id":"09ba73dc-b83e-4b14-ad7a-f52c8152e63a","local_time":"20210116163227","is_ascension_mode":true,"campfire_choices":[{"data":"AT_ShrugMaster","floor":8.0,"key":"SMITH"},{"data":"AT_ShrugMaster","floor":12.0,"key":"SMITH"},{"data":"Heavy Blade","floor":15.0,"key":"SMITH"},{"floor":30.0,"key":"RECALL"},{"data":"Demon Form","floor":32.0,"key":"SMITH"},{"data":"ReplayTheSpireMod:Muscle Training","floor":40.0,"key":"SMITH"},{"data":"Berserk","floor":42.0,"key":"SMITH"},{"data":"Hemogenesis","floor":49,"key":"SMITH"},{"data":"Barricade","floor":52,"key":"SMITH"}],"circlet_count":0,"master_deck":["Strike_R","Strike_R","Strike_R+1","Defend_R","Defend_R+1","Bash+1","AT_ShrugMaster+1","Heavy Blade+1","Replay:Undeath\u0027s Touch","AT_ShrugMaster+1","Twin Strike","Clash","Demon Form+1","Cleave+1","Twin Strike+1","Berserk+1","ReplayTheSpireMod:Muscle Training+1","Barricade+1","Fire Breathing+1","ReplayTheSpireMod:Corrosion Curse+1","Hemogenesis+1","Flex+1"],"relics":["Burning Blood","AT_ATBox","Oddly Smooth Stone","Replay:Accelerometer","Old Coin","Vajra","SlaversCollar","Red Mask","Strawberry","Mirror","Simple Rune","AT_ImmortalShieldbow","Replay:Grab Bag","Velvet Choker","Sozu","Mark of Pain","Sling","Prayer Wheel","Pocketwatch","Singing Bowl","Snack Pack","AT_RedNoBalance","AT_MibuBalloonWealth"],"acts_visited":["Exordium","TheCity","TheBeyond","TheEnding"],"potions_floor_usage":[],"damage_taken":[{"damage":4.0,"enemies":"Jaw Worm","floor":1.0,"turns":5.0},{"damage":0.0,"enemies":"Cultist","floor":4.0,"turns":3.0},{"damage":0.0,"enemies":"Small Slimes","floor":5.0,"turns":3.0},{"damage":5.0,"enemies":"Replay:BlueRogue","floor":6.0,"turns":6.0},{"damage":28.0,"enemies":"Exordium Wildlife","floor":7.0,"turns":6.0},{"damage":3.0,"enemies":"3 Sentries","floor":10.0,"turns":8.0},{"damage":0.0,"enemies":"Blue Slaver","floor":11.0,"turns":4.0},{"damage":11.0,"enemies":"Looter","floor":14.0,"turns":3.0},{"damage":2.0,"enemies":"Slime Boss","floor":16.0,"turns":9.0},{"damage":2.0,"enemies":"Spheric Guardian","floor":18.0,"turns":5.0},{"damage":26.0,"enemies":"Masked Bandits","floor":19.0,"turns":6.0},{"damage":0.0,"enemies":"3 Byrds","floor":22.0,"turns":6.0},{"damage":0.0,"enemies":"Book of Stabbing","floor":24.0,"turns":5.0},{"damage":4.0,"enemies":"Snake Plant","floor":28.0,"turns":5.0},{"damage":8.0,"enemies":"Chosen and Byrds","floor":29.0,"turns":5.0},{"damage":0.0,"enemies":"Cultist and Chosen","floor":31.0,"turns":6.0},{"damage":24.0,"enemies":"Pondfish","floor":33.0,"turns":6.0},{"damage":8.0,"enemies":"Orb Walker","floor":35.0,"turns":4.0},{"damage":8.0,"enemies":"3 Shapes","floor":37.0,"turns":5.0},{"damage":12.0,"enemies":"Jaw Worm Horde","floor":39.0,"turns":4.0},{"damage":24.0,"enemies":"Mind Bloom Boss Battle","floor":41.0,"turns":4.0},{"damage":1.0,"enemies":"Maw","floor":45.0,"turns":5.0},{"damage":29,"enemies":"Reptomancer","floor":47,"turns":4},{"damage":0,"enemies":"Sphere and 2 Shapes","floor":48,"turns":4},{"damage":38,"enemies":"Time Eater","floor":50,"turns":7},{"damage":71,"enemies":"Shield and Spear","floor":54,"turns":4},{"damage":91,"enemies":"The Heart","floor":55,"turns":6}],"seed_played":"5735299457465857006","potions_obtained":[{"floor":1.0,"key":"Fire Potion"},{"floor":6.0,"key":"Ancient Potion"},{"floor":14.0,"key":"ElixirPotion"},{"floor":18.0,"key":"Venom Potion"},{"floor":24.0,"key":"Block Potion"},{"floor":31.0,"key":"FairyPotion"}],"is_trial":false,"path_per_floor":["M","?","$","M","M","E","M","R","T","E","M","R","?","M","R","B",null,"M","?","T","$","M","?","E","?","T","?","M","M","R","M","R","B",null,"M","?","M","$","M","R","?","R","T","?","M","$","E","M","R","B",null,"R","$","E","B"],"character_chosen":"IRONCLAD","items_purchased":["Sling","Prayer Wheel","Snack Pack"],"campfire_rested":0,"item_purchase_floors":[38,38,46],"current_hp_per_floor":[80,80,80,80,80,80,58,58,58,61,67,67,67,62,62,66,80,80,60,67,67,73,73,79,62,62,26,34,35,35,41,41,61,92,90,87,85,85,79,79,61,61,61,61,68,68,51,51,51,91,91,91,91,36,0,0],"gold":82,"neow_bonus":"RANDOM_EVENT","is_daily":false,"chose_seed":false,"campfire_upgraded":8,"win_rate":0.0,"timestamp":1610785947,"path_taken":["M","?","$","M","?","E","M","R","T","E","M","R","?","?","R","BOSS","M","?","?","$","M","?","E","?","T","?","M","M","R","M","R","BOSS","M","?","M","$","M","R","?","R","T","?","M","$","E","M","R","BOSS","R","$","E","BOSS"],"items_purchased_type":["Relic","Relic","Relic"],"build_version":"2020-12-22","purchased_purges":4,"victory":false,"max_hp_per_floor":[80,80,80,80,80,80,80,80,80,80,80,80,80,80,80,80,80,80,80,87,87,87,87,87,92,92,92,92,92,92,92,92,92,92,92,87,87,87,87,87,87,87,87,87,89,89,91,91,91,91,91,91,91,93,93,93],"card_choices":[{"not_picked":["AT_IchimonjiDouble","Bloodletting"],"picked":"Heavy Blade","floor":1.0},{"not_picked":["Thunderclap","Clothesline"],"picked":"Replay:Undeath\u0027s Touch","floor":4.0},{"not_picked":["Warcry","Havoc"],"picked":"AT_ShrugMaster","floor":5.0},{"not_picked":["AT_DiedThrough","Thunderclap"],"picked":"Twin Strike","floor":6.0},{"not_picked":["Twin Strike","Thunderclap"],"picked":"Clash","floor":7.0},{"not_picked":["AT_GerminateFire","Wild Strike","Sentinel"],"picked":"SKIP","floor":10.0},{"not_picked":["Power Through","Spot Weakness","Twin Strike"],"picked":"SKIP","floor":11.0},{"not_picked":["AT_ManFootWork","AT_IchimonjiDouble","Thunderclap"],"picked":"SKIP","floor":14.0},{"not_picked":["Feed","Exhume"],"picked":"Demon Form","floor":16.0},{"not_picked":["Abandon","Twin Strike"],"picked":"Cleave+1","floor":18.0},{"not_picked":["Anger","Havoc","Headbutt"],"picked":"SKIP","floor":22.0},{"not_picked":["Sword Boomerang+1","Twin Strike","Reaper"],"picked":"SKIP","floor":24.0},{"not_picked":["Iron Wave","Dual Wield"],"picked":"Twin Strike+1","floor":27.0},{"not_picked":["Sever Soul","Flex+1"],"picked":"Berserk","floor":27.0},{"not_picked":["Shrug It Off+1","Perfected Strike","Wild Strike+1"],"picked":"SKIP","floor":28.0},{"not_picked":["Clothesline+1","Sword Boomerang","Cleave"],"picked":"SKIP","floor":29.0},{"not_picked":["Headbutt","ReplayTheSpireMod:Strike From Hell+1"],"picked":"ReplayTheSpireMod:Muscle Training","floor":31.0},{"not_picked":["Replay:Many Hands","Exhume"],"picked":"Barricade","floor":33.0},{"not_picked":["Thunderclap+1","Combust","Sword Boomerang+1"],"picked":"SKIP","floor":35.0},{"not_picked":["Shrug It Off+1","Warcry"],"picked":"Fire Breathing+1","floor":37.0},{"not_picked":["Body Slam","Heavy Blade+1","Cleave"],"picked":"SKIP","floor":39.0},{"not_picked":["Run Through","Hemogenesis","Whirlwind"],"picked":"SKIP","floor":39.0},{"not_picked":["Entrench","Spot Weakness","Run Through"],"picked":"Singing Bowl","floor":45.0},{"not_picked":["Flame Barrier","Headbutt"],"picked":"ReplayTheSpireMod:Corrosion Curse+1","floor":45.0},{"not_picked":["Feel No Pain","Warcry","Spot Weakness"],"picked":"Singing Bowl","floor":47},{"not_picked":["Perfected Strike","Whirlwind"],"picked":"Hemogenesis","floor":48},{"not_picked":["Shockwave+1","Searing Blow+1"],"picked":"Flex+1","floor":48},{"not_picked":["ReplayTheSpireMod:Corrosion Curse+1","Thunderclap+1","ReplayTheSpireMod:Strike From Hell+1"],"picked":"Singing Bowl","floor":54}],"player_experience":319805,"relics_obtained":[{"floor":6.0,"key":"Replay:Accelerometer"},{"floor":10.0,"key":"Old Coin"},{"floor":13.0,"key":"Vajra"},{"floor":19.0,"key":"Red Mask"},{"floor":20.0,"key":"Strawberry"},{"floor":24.0,"key":"Mirror"},{"floor":26.0,"key":"Simple Rune"},{"floor":27.0,"key":"AT_ImmortalShieldbow"},{"floor":41.0,"key":"Pocketwatch"},{"floor":43.0,"key":"Singing Bowl"},{"floor":47,"key":"AT_SilverBalance"},{"floor":54,"key":"AT_MibuBalloonWealth"}],"event_choices":[{"damage_healed":0.0,"max_hp_gain":0.0,"max_hp_loss":0.0,"gold_gain":0.0,"event_name":"Living Wall","player_choice":"Grow","floor":0.0,"gold_loss":0.0,"damage_taken":0.0,"cards_upgraded":["Bash"]},{"damage_healed":0.0,"max_hp_gain":0.0,"max_hp_loss":0.0,"gold_gain":0.0,"event_name":"WeMeetAgain","player_choice":"Gave Potion","floor":2.0,"gold_loss":0.0,"damage_taken":0.0,"relics_obtained":["Oddly Smooth Stone"]},{"damage_healed":0.0,"max_hp_gain":0.0,"max_hp_loss":0.0,"gold_gain":0.0,"event_name":"Wheel of Change","player_choice":"Relic","floor":13.0,"gold_loss":0.0,"damage_taken":0.0},{"damage_healed":0.0,"max_hp_gain":0.0,"max_hp_loss":0.0,"gold_gain":0.0,"event_name":"Masked Bandits","player_choice":"Fought Bandits","floor":19.0,"gold_loss":0.0,"damage_taken":0.0},{"damage_healed":0.0,"max_hp_gain":0.0,"max_hp_loss":0.0,"gold_gain":0.0,"event_name":"Ghosts","player_choice":"Ignored","floor":23.0,"gold_loss":0.0,"damage_taken":0.0},{"damage_healed":0.0,"max_hp_gain":5.0,"max_hp_loss":0.0,"gold_gain":0.0,"event_name":"Forgotten Altar","player_choice":"Shed Blood","floor":25.0,"gold_loss":0.0,"damage_taken":22.0},{"damage_healed":0.0,"max_hp_gain":0.0,"max_hp_loss":5.0,"gold_gain":0.0,"event_name":"Winding Halls","player_choice":"Max HP","floor":36.0,"gold_loss":0.0,"damage_taken":0.0},{"damage_healed":0.0,"max_hp_gain":0.0,"max_hp_loss":0.0,"gold_gain":0.0,"event_name":"MindBloom","player_choice":"Fight","floor":41.0,"gold_loss":0.0,"damage_taken":0.0},{"damage_healed":0.0,"max_hp_gain":0.0,"max_hp_loss":0.0,"gold_gain":100.0,"event_name":"Golden Shrine","player_choice":"Pray","floor":44.0,"gold_loss":0.0,"damage_taken":0.0}],"is_beta":false,"boss_relics":[{"not_picked":["Replay:Ancient Bell","Busted Crown"],"picked":"SlaversCollar"},{"not_picked":["Tiny House","Honey Jar"],"picked":"Replay:Grab Bag"},{"not_picked":["Runic Dome","Coffee Dripper"],"picked":"Velvet Choker"},{"not_picked":["Cursed Key","Fusion Hammer"],"picked":"Sozu"},{"not_picked":["Black Star","Kintsugi"],"picked":"Mark of Pain"}],"items_purged_floors":[3,21,38,46],"is_endless":false,"potions_floor_spawned":[1,6,14,18,24,31,37,39,45,47],"killed_by":"The Heart","ascension_level":2}}