{"host":"elk86etthq2g0y8k","time":1610772990,"event":{"mods":["2.2 Compatiblity","Act Like it!","BaseMod","BetterRewards","Colored Powertips","Elementarium","Minty Spire (QoL Compilation)","Permanent Neow","Quick Restart","Shop Mod","StSLib","The Marked"],"gold_per_floor":[111,111,111,76,76,111,111,130,130,130,151,172,172,196,196,196,196],"floor_reached":16,"language":"ENG","playtime":877,"items_purged":[],"score":100,"play_id":"8e96a787-94d7-4c08-bb25-d6b59fa190a5","local_time":"20210115235630","is_ascension_mode":false,"campfire_choices":[{"floor":7,"key":"REST"},{"floor":10,"key":"REST"},{"floor":15,"key":"RECALL"}],"circlet_count":0,"master_deck":["theMarked:Strike","theMarked:Strike","theMarked:Strike+1","theMarked:Strike","theMarked:Strike","theMarked:Defend","theMarked:Defend","theMarked:Defend","theMarked:Defend","theMarked:SoldierOfQuellstein","theMarked:Improvise","theMarked:Polarize+1","theMarked:SwordAndMagic","theMarked:ChainLightning","theMarked:Parry","theMarked:Opportunist","theMarked:EternalStudent"],"relics":["theMarked:ArtifactOfAir","Akabeko","Golden Idol","Omamori"],"acts_visited":["Exordium"],"potions_floor_usage":[6,6,16,16,16],"damage_taken":[{"damage":0,"enemies":"Cultist","floor":1,"turns":4},{"damage":43,"enemies":"Lagavulin","floor":6,"turns":9},{"damage":0,"enemies":"Small Slimes","floor":8,"turns":2},{"damage":1,"enemies":"2 Louse","floor":11,"turns":3},{"damage":5,"enemies":"Exordium Thugs","floor":12,"turns":4},{"damage":12,"enemies":"3 Louse","floor":14,"turns":3},{"damage":25,"enemies":"The Guardian","floor":16,"turns":8}],"seed_played":"-1615014119508544789","potions_obtained":[{"floor":5,"key":"FearPotion"},{"floor":5,"key":"LiquidBronze"},{"floor":5,"key":"ColorlessPotion"},{"floor":8,"key":"Weak Potion"},{"floor":12,"key":"PowerPotion"}],"is_trial":false,"path_per_floor":["M","?","?","$","?","E","R","M","T","R","M","M","?","M","R","B"],"character_chosen":"THE_DEFAULT","items_purchased":["theMarked:Polarize"],"campfire_rested":2,"item_purchase_floors":[4],"current_hp_per_floor":[77,74,55,55,55,12,35,35,35,58,57,52,37,25,25,0,0],"gold":196,"neow_bonus":"TEN_PERCENT_HP_BONUS","is_daily":false,"chose_seed":false,"campfire_upgraded":0,"win_rate":0.0,"timestamp":1610772990,"path_taken":["M","?","?","$","?","E","R","M","T","R","M","?","?","M","R","BOSS"],"items_purchased_type":["Card"],"build_version":"2020-12-22","purchased_purges":0,"victory":false,"max_hp_per_floor":[77,77,77,77,77,77,77,77,77,77,77,77,77,77,77,77,77],"card_choices":[{"not_picked":["theMarked:RepellingDischarge","theMarked:Parkour"],"picked":"theMarked:Improvise","floor":1},{"not_picked":["theMarked:ResourceFulStrike","theMarked:WastefulDefense"],"picked":"theMarked:SwordAndMagic","floor":6},{"not_picked":["theMarked:ResourceFulStrike","theMarked:Frustration"],"picked":"theMarked:ChainLightning","floor":8},{"not_picked":["theMarked:Frustration","theMarked:ResourceFulStrike"],"picked":"theMarked:Parry","floor":11},{"not_picked":["theMarked:TwofoldDefense","theMarked:ElectricStrings"],"picked":"theMarked:Opportunist","floor":12},{"not_picked":["theMarked:Electrify","theMarked:Aftermath"],"picked":"theMarked:EternalStudent","floor":14}],"player_experience":160698,"relics_obtained":[{"floor":6,"key":"Omamori"}],"event_choices":[{"damage_healed":0,"gold_gain":0,"player_choice":"Success","damage_taken":3,"relics_obtained":["Akabeko"],"max_hp_gain":0,"max_hp_loss":0,"event_name":"Scrap Ooze","floor":2,"gold_loss":0},{"damage_healed":0,"gold_gain":0,"player_choice":"Take Damage","damage_taken":19,"relics_obtained":["Golden Idol"],"max_hp_gain":0,"max_hp_loss":0,"event_name":"Golden Idol","floor":3,"gold_loss":0},{"damage_healed":0,"gold_gain":0,"player_choice":"Got Potions","damage_taken":0,"max_hp_gain":0,"max_hp_loss":0,"event_name":"Lab","floor":5,"gold_loss":0},{"damage_healed":0,"gold_gain":0,"player_choice":"Entered Light","damage_taken":15,"max_hp_gain":0,"max_hp_loss":0,"event_name":"Shining Light","floor":13,"gold_loss":0,"cards_upgraded":["theMarked:Strike","theMarked:Polarize"]}],"is_beta":false,"boss_relics":[],"items_purged_floors":[],"is_endless":false,"potions_floor_spawned":[8,12],"killed_by":"The Guardian","ascension_level":0}}