{"host":"mgc7o2tpy0ck407l","time":1610820817,"event":{"mods":["Alarm Clock","AlwaysNeverKeys","BaseMod","Better Altar","Better Match","Better Note","Better Sensory Stone","Better Skull","Better Third Choice","Better Vampires","Block Reminder","Booster Modes","Challenge The Spire","Colored Map","Colored Powertips","Disable Question Mark Monsters","Displayed Cursed Tome","Emptier Cage","Energized Spire","Evolution","Infinite Spire","Minty Spire (QoL Compilation)","Permanent Neow","Quick Restart","Rare Cards Sparkle","Reorder Act Four","Spicy Shops","StSLib","SuperFastMode","Transform Curses","Unceasing Turn Reminder"],"gold_per_floor":[112,12,29,45,55,89,89,89,89,89,119,119,137,147,147,243,243,257,277,297,297,308,308,333,347,373,385,385,385,399,410,410,515,515,515,515],"floor_reached":35,"language":"ENG","playtime":1836,"items_purged":["Normality","Dualcast"],"score":465,"play_id":"49f1aab2-1c50-4fdc-81f2-6e1ffa933b2d","local_time":"20210116131337","is_ascension_mode":true,"campfire_choices":[{"data":"Coolheaded","floor":8.0,"key":"SMITH"},{"data":"Loop","floor":15.0,"key":"SMITH"},{"data":"Loop","floor":23.0,"key":"SMITH"},{"floor":32.0,"key":"REST"}],"circlet_count":0,"master_deck":["Sweeping Beam+1","Sweeping Beam","Sweeping Beam","Sweeping Beam","Conserve Battery","Conserve Battery","Conserve Battery","Conserve Battery","Zap","Buffer","Coolheaded","Streamline+1","Coolheaded+1","Glacier","Wallop+1","Loop+1","Loop+1","Leap+1","Fission+1","infinitespire:UltimateForm","FTL+1","Loop","Ball Lightning","Core Surge"],"relics":["Cracked Core","EVO:Axolotl","Membership Card","DataDisk","Toxic Egg 2","Dream Catcher","InkBottle","infinitespire:Satchel","infinitespire:CheckeredPen","Calling Bell","Omamori","infinitespire:FocusingShard","Lizard Tail","Potion Belt","Whetstone","Art of War","energizedSpire:UnstableMolecules"],"acts_visited":["Exordium","TheCity","TheBeyond"],"potions_floor_usage":[],"damage_taken":[{"damage":0.0,"enemies":"Cultist","floor":1.0,"turns":4.0},{"damage":0.0,"enemies":"Jaw Worm","floor":3.0,"turns":3.0},{"damage":0.0,"enemies":"Small Slimes","floor":4.0,"turns":2.0},{"damage":0.0,"enemies":"Exordium Wildlife","floor":5.0,"turns":3.0},{"damage":13.0,"enemies":"Gremlin Nob","floor":6.0,"turns":4.0},{"damage":2.0,"enemies":"3 Sentries","floor":11.0,"turns":7.0},{"damage":0.0,"enemies":"Blue Slaver","floor":13.0,"turns":4.0},{"damage":0.0,"enemies":"Exordium Thugs","floor":14.0,"turns":4.0},{"damage":3.0,"enemies":"The Guardian","floor":16.0,"turns":11.0},{"damage":12.0,"enemies":"3 Byrds","floor":18.0,"turns":3.0},{"damage":12.0,"enemies":"Spheric Guardian","floor":19.0,"turns":4.0},{"damage":8.0,"enemies":"Snake Plant","floor":20.0,"turns":4.0},{"damage":0.0,"enemies":"3 Cultists","floor":22.0,"turns":5.0},{"damage":19.0,"enemies":"Gremlin Leader","floor":24.0,"turns":10.0},{"damage":13.0,"enemies":"Centurion and Healer","floor":25.0,"turns":6.0},{"damage":3.0,"enemies":"Sentry and Sphere","floor":27.0,"turns":6.0},{"damage":0.0,"enemies":"Shelled Parasite and Fungi","floor":30.0,"turns":5.0},{"damage":4.0,"enemies":"Centurion and Healer","floor":31.0,"turns":5.0},{"damage":8.0,"enemies":"Champ","floor":33.0,"turns":9.0},{"damage":1,"enemies":"Orb Walker","floor":35,"turns":3}],"seed_played":"-3508731565432225192","potions_obtained":[{"floor":3.0,"key":"PotionOfCapacity"},{"floor":5.0,"key":"SpeedPotion"},{"floor":11.0,"key":"AttackPotion"},{"floor":14.0,"key":"LiquidBronze"},{"floor":16.0,"key":"AttackPotion"},{"floor":25.0,"key":"Weak Potion"},{"floor":30.0,"key":"SkillPotion"},{"floor":33.0,"key":"Fire Potion"}],"is_trial":false,"path_per_floor":["M","$","M","M","M","E","T","R","T","?","E","?","M","M","R","B",null,"M","M","M","AVR","M","R","E","M","T","M","?","?","M","M","R","B",null,"M"],"character_chosen":"DEFECT","items_purchased":["Membership Card"],"campfire_rested":1,"item_purchase_floors":[2],"current_hp_per_floor":[77,77,77,77,77,64,64,64,64,50,48,48,48,48,48,45,77,65,53,45,45,45,45,26,13,13,10,10,10,10,6,29,21,77,76,76],"gold":515,"neow_bonus":"ONE_RANDOM_RARE_CARD","is_daily":false,"chose_seed":false,"campfire_upgraded":3,"win_rate":0.0,"timestamp":1610820817,"path_taken":["M","$","M","?","M","E","?","R","T","?","E","?","M","M","R","BOSS","M","M","M","AVR","M","R","E","M","T","M","?","?","?","M","R","BOSS","M"],"items_purchased_type":["Relic"],"build_version":"2020-12-22","purchased_purges":2,"victory":false,"max_hp_per_floor":[77,77,77,77,77,77,77,77,77,77,77,77,77,77,77,77,77,77,77,77,77,77,77,77,77,77,77,77,77,77,77,77,77,77,77,77],"card_choices":[{"not_picked":["Compile Driver","Steam"],"picked":"Coolheaded","floor":1.0},{"not_picked":["Go for the Eyes","Steam"],"picked":"Streamline","floor":3.0},{"not_picked":["Static Discharge","Leap","Aggregate"],"picked":"SKIP","floor":4.0},{"not_picked":["Tempest","Cold Snap"],"picked":"Coolheaded","floor":5.0},{"not_picked":["FTL","Chill"],"picked":"Glacier","floor":6.0},{"not_picked":["Go for the Eyes","Hello World"],"picked":"Loop","floor":11.0},{"not_picked":["Beam Cell","Sunder"],"picked":"Loop","floor":13.0},{"not_picked":["Stack+1","Rebound"],"picked":"Leap+1","floor":14.0},{"not_picked":["Creative AI","Machine Learning"],"picked":"Fission+1","floor":16.0},{"not_picked":["Stack+1","Hologram+1","Sweeping Beam"],"picked":"SKIP","floor":18.0},{"not_picked":["Skim+1","Static Discharge+1","Storm"],"picked":"SKIP","floor":19.0},{"not_picked":["Barrage","Stack+1","Reprogram+1"],"picked":"SKIP","floor":20.0},{"not_picked":["Force Field+1","Ball Lightning+1","Steam Power+1"],"picked":"SKIP","floor":22.0},{"not_picked":["Coolheaded+1","All For One","Biased Cognition"],"picked":"SKIP","floor":24.0},{"not_picked":["Compile Driver","Chill+1","Cold Snap"],"picked":"SKIP","floor":25.0},{"not_picked":["Aggregate+1","Ball Lightning"],"picked":"FTL+1","floor":27.0},{"not_picked":["Gash","Barrage","Compile Driver"],"picked":"SKIP","floor":30.0},{"not_picked":["Streamline+1","Rip and Tear"],"picked":"Loop","floor":31.0},{"not_picked":["Chill+1","Core Surge"],"picked":"Ball Lightning","floor":32.0},{"not_picked":["Hyperbeam","Amplify+1"],"picked":"Core Surge","floor":33.0}],"player_experience":749276,"relics_obtained":[{"floor":6.0,"key":"DataDisk"},{"floor":7.0,"key":"Toxic Egg 2"},{"floor":9.0,"key":"Dream Catcher"},{"floor":11.0,"key":"infinitespire:Satchel"},{"floor":12.0,"key":"infinitespire:CheckeredPen"},{"floor":17.0,"key":"Omamori"},{"floor":17.0,"key":"infinitespire:FocusingShard"},{"floor":17.0,"key":"Lizard Tail"},{"floor":24.0,"key":"Whetstone"},{"floor":26.0,"key":"Art of War"}],"event_choices":[{"cards_removed":["Coolheaded"],"damage_healed":0.0,"max_hp_gain":0.0,"max_hp_loss":0.0,"gold_gain":0.0,"event_name":"betterNote:BetterNote","player_choice":"Give","floor":28.0,"gold_loss":0.0,"damage_taken":0.0,"cards_obtained":["Strike_B"]},{"damage_healed":0.0,"max_hp_gain":0.0,"max_hp_loss":0.0,"gold_gain":0.0,"event_name":"Ghosts","player_choice":"Ignored","floor":29.0,"gold_loss":0.0,"damage_taken":0.0}],"is_beta":false,"boss_relics":[{"not_picked":["Busted Crown","energizedSpire:EnergizedDie"],"picked":"Calling Bell"},{"not_picked":["FrozenCore","energizedSpire:OgreHead"],"picked":"energizedSpire:UnstableMolecules"}],"items_purged_floors":[2,21],"is_endless":false,"potions_floor_spawned":[3,5,11,14,16,18,25,30,33,35],"killed_by":"Orb Walker","ascension_level":1}}