{"host":"ojme7g6xlqwffsso","time":1610814258,"event":{"mods":["BaseMod","Downfall","Minty Spire (QoL Compilation)","Shop Mod","StSLib"],"gold_per_floor":[99,115,115,135,235,235,287,298,398,429,229,248,267,297,311,311,311],"floor_reached":16,"language":"ENG","playtime":904,"items_purged":[],"score":262,"play_id":"db8e812f-980c-4647-811d-cd9ba32686a9","local_time":"20210117012418","is_ascension_mode":false,"campfire_choices":[{"data":"bronze:Goto","floor":1,"key":"SMITH"},{"floor":11,"key":"REST"}],"circlet_count":0,"master_deck":["bronze:Strike","bronze:Strike","bronze:Strike","bronze:Strike","bronze:Defend","bronze:Defend","bronze:Defend","bronze:Replicate","bronze:Goto+1","bronze:BuggyMess","bronze:ChildClass","downfall:Malfunctioning","downfall:Aged","Decay","bronze:Break","downfall:Haunted","downfall:Bewildered","bronze:ItsAFeature","bronze:Allocate+1","bronze:Virus","bronze:DarkDash","bronze:Deprecate","bronze:Optimize","bronze:DelayedSlice","bronze:BugBarrage"],"relics":["bronze:BronzeCore","bronze:SilverBullet","Darkstone Periapt","Bronze Scales","downfall:HeartBlessingGreen","downfall:HeartBlessingBlue","Vajra"],"acts_visited":["Exordium"],"potions_floor_usage":[10],"damage_taken":[{"damage":1,"enemies":"Cultist","floor":2,"turns":3},{"damage":0,"enemies":"2 Louse","floor":4,"turns":1},{"damage":14,"enemies":"Small Slimes","floor":8,"turns":4},{"damage":18,"enemies":"downfall:Heads","floor":9,"turns":5},{"damage":51,"enemies":"3 Sentries","floor":10,"turns":10},{"damage":0,"enemies":"2 Fungi Beasts","floor":12,"turns":2},{"damage":5,"enemies":"Exordium Wildlife","floor":13,"turns":4},{"damage":14,"enemies":"Lagavulin","floor":14,"turns":8},{"damage":8,"enemies":"Large Slime","floor":15,"turns":4},{"damage":55,"enemies":"DF_ARCHETYPE_STREAMLINE","floor":16,"turns":6}],"seed_played":"-7576599890274322886","potions_obtained":[{"floor":2,"key":"Explosive Potion"},{"floor":9,"key":"Dexterity Potion"},{"floor":10,"key":"DuplicationPotion"},{"floor":12,"key":"Strength Potion"}],"is_trial":false,"path_per_floor":["R","M","T","M","?","?","T","M","?","E","R","M","M","E","M","B"],"character_chosen":"THE_AUTOMATON","items_purchased":[],"campfire_rested":1,"item_purchase_floors":[],"current_hp_per_floor":[77,76,76,76,117,117,117,103,85,34,82,82,77,63,55,0,0],"gold":311,"neow_bonus":"TEN_PERCENT_HP_BONUS","is_daily":false,"chose_seed":false,"campfire_upgraded":1,"win_rate":0.0,"timestamp":1610814258,"path_taken":["R","M","?","M","?","?","T","?","?","E","R","M","M","E","M","BOSS"],"items_purchased_type":[],"build_version":"2020-12-22","purchased_purges":0,"victory":false,"max_hp_per_floor":[77,77,77,77,118,118,118,118,118,118,128,128,128,128,128,128,128],"card_choices":[{"not_picked":["bronze:ItsAFeature","bronze:Overheat"],"picked":"bronze:BuggyMess","floor":2},{"not_picked":["bronze:Backtrace","bronze:FollowUp"],"picked":"bronze:ChildClass","floor":4},{"not_picked":["bronze:Invalidate","bronze:BuggyMess"],"picked":"bronze:ItsAFeature","floor":8},{"not_picked":["bronze:BugBarrage","bronze:FineTuning"],"picked":"bronze:Allocate","floor":9},{"not_picked":["bronze:BugBarrage","bronze:OilSpill"],"picked":"bronze:DarkDash","floor":10},{"not_picked":["bronze:WildBeam","bronze:Shield"],"picked":"bronze:Deprecate","floor":12},{"not_picked":["bronze:BitShift","bronze:ShipIt"],"picked":"bronze:Optimize","floor":13},{"not_picked":["bronze:FollowUp","bronze:Assembly"],"picked":"bronze:DelayedSlice","floor":14},{"not_picked":["bronze:Optimize","bronze:BitShift"],"picked":"bronze:BugBarrage","floor":15}],"player_experience":861203,"relics_obtained":[{"floor":3,"key":"bronze:SilverBullet"},{"floor":10,"key":"Bronze Scales"},{"floor":14,"key":"Vajra"}],"event_choices":[{"damage_healed":0,"gold_gain":0,"player_choice":"Ignored","damage_taken":0,"max_hp_gain":0,"max_hp_loss":0,"event_name":"NoteForYourself","floor":6,"gold_loss":0}],"is_beta":false,"boss_relics":[],"items_purged_floors":[],"is_endless":false,"potions_floor_spawned":[2,9,10,12,13,15],"killed_by":"DF_ARCHETYPE_STREAMLINE","ascension_level":0}}