{"host":"ss2ocoam53r2lno0","time":1610793151,"event":{"mods":["Act Like it!","BaseMod","ChefMod","Clockwork Mod","Colored Powertips","Curses Come First","Displayed Cursed Tome","Downfall","Evolution","Googly Eyes","Hallownest","Highlight Path","Minty Spire (QoL Compilation)","Poor People Problems","Rare Cards Sparkle","Robot Space Explorer","Shade Mod","Shop Mod","Spicy Shops","StSLib","The Marked"],"gold_per_floor":[112,131,144,32,32,32,52,79,117,129,73,73,73,99,99,230,230,251,275,19,42,57,57,70,70,370,384,402,426,426,449,449,572,572,590,590,590,590,609,609,622,622,622,622,655,716,736,34,34,34],"floor_reached":51,"language":"ENG","playtime":3146,"items_purged":["Clockwork:Strike","Clockwork:Strike","Clockwork:Strike"],"score":924,"play_id":"5007da71-7bf6-4643-874b-9e202e03f97b","local_time":"20210116113231","is_ascension_mode":true,"campfire_choices":[{"data":"Clockwork:HoardingStrike","floor":6,"key":"SMITH"},{"floor":10,"key":"REST"},{"data":"Clockwork:ElasticNanites","floor":12,"key":"SMITH"},{"floor":15,"key":"REST"},{"data":"Clockwork:WarmUp","floor":23,"key":"SMITH"},{"data":"Clockwork:Tinker","floor":25,"key":"SMITH"},{"data":"Clockwork:HoardingStrike","floor":30,"key":"SMITH"},{"floor":32,"key":"REST"},{"data":"Clockwork:Selectivity","floor":40,"key":"SMITH"},{"data":"Clockwork:Efficiency","floor":42,"key":"SMITH"},{"data":"Clockwork:Shield","floor":44,"key":"SMITH"},{"data":"Clockwork:Shield","floor":49,"key":"SMITH"}],"circlet_count":0,"master_deck":["Clockwork:Shield+1","Clockwork:Shield+1","Clockwork:Shield","Clockwork:Shield+1","Clockwork:Tinker+1","Clockwork:WarmUp+1","Clockwork:HoardingStrike+1","Clockwork:Selectivity+1","Clockwork:Efficiency+1","Clockwork:TimeWalk+1","Clockwork:ElasticNanites+1","Clockwork:HoardingStrike+1","Clockwork:AdaptiveShield+1","Clockwork:RampUp+1"],"relics":["Clockwork:MomentumEngine","EVO:Axolotl","NeowsBlessing","Clockwork:BloodPhial","MawBank","Omamori","Golden Idol","Happy Flower","Busted Crown","War Paint","Old Coin","Calling Bell","Mango","Blue Candle","Strawberry","Bottled Lightning","PreservedInsect","Lizard Tail","InkBottle","Nunchaku","Lee\u0027s Waffle","Toy Ornithopter"],"acts_visited":["Exordium","TheCity","TheBeyond"],"potions_floor_usage":[8,8,21,21,27],"damage_taken":[{"damage":0,"enemies":"Cultist","floor":1,"turns":3},{"damage":0,"enemies":"2 Louse","floor":2,"turns":5},{"damage":0,"enemies":"Jaw Worm","floor":3,"turns":2},{"damage":23,"enemies":"Lots of Slimes","floor":7,"turns":11},{"damage":44,"enemies":"3 Sentries","floor":8,"turns":17},{"damage":60,"enemies":"Hexaghost","floor":16,"turns":14},{"damage":0,"enemies":"Shell Parasite","floor":18,"turns":6},{"damage":0,"enemies":"3 Byrds","floor":19,"turns":6},{"damage":0,"enemies":"Snecko","floor":21,"turns":6},{"damage":21,"enemies":"3 Cultists","floor":22,"turns":7},{"damage":0,"enemies":"Centurion and Healer","floor":24,"turns":5},{"damage":0,"enemies":"Snecko","floor":27,"turns":4},{"damage":0,"enemies":"Chosen and Byrds","floor":28,"turns":7},{"damage":20,"enemies":"Sentry and Sphere","floor":29,"turns":5},{"damage":0,"enemies":"Snake Plant","floor":31,"turns":4},{"damage":40,"enemies":"Automaton","floor":33,"turns":9},{"damage":0,"enemies":"3 Shapes","floor":35,"turns":4},{"damage":0,"enemies":"Orb Walker","floor":39,"turns":3},{"damage":0,"enemies":"Writhing Mass","floor":41,"turns":3},{"damage":16,"enemies":"Giant Head","floor":45,"turns":11},{"damage":18,"enemies":"2 Orb Walkers","floor":46,"turns":6},{"damage":0,"enemies":"Jaw Worm Horde","floor":47,"turns":2},{"damage":15,"enemies":"Awakened One","floor":50,"turns":11}],"seed_played":"-3233998375398616464","potions_obtained":[{"floor":1,"key":"DistilledChaos"},{"floor":7,"key":"SkillPotion"},{"floor":16,"key":"Block Potion"},{"floor":19,"key":"FearPotion"},{"floor":22,"key":"Weak Potion"},{"floor":27,"key":"GamblersBrew"},{"floor":29,"key":"FairyPotion"},{"floor":31,"key":"Weak Potion"},{"floor":45,"key":"FearPotion"}],"is_trial":false,"path_per_floor":["M","M","M","$","?","R","M","E","T","R","$","R","?","T","R","B",null,"M","M","$","M","M","R","M","R","T","M","M","M","R","M","R","B",null,"M","?","?","?","M","R","M","R","T","R","E","?","M","$","R","B",null],"character_chosen":"CLOCKWORK","items_purchased":["Clockwork:Efficiency","Clockwork:ElasticNanites","War Paint","InkBottle","Nunchaku","Lee\u0027s Waffle","Toy Ornithopter"],"campfire_rested":3,"item_purchase_floors":[4,11,20,48,48,48,48],"current_hp_per_floor":[77,77,77,77,82,82,65,23,23,50,50,50,50,50,74,16,66,68,70,70,72,53,53,55,55,55,57,59,41,41,43,67,29,91,93,93,93,93,95,95,97,97,97,97,83,67,69,111,111,96],"gold":34,"neow_bonus":"THREE_ENEMY_KILL","is_daily":false,"chose_seed":false,"campfire_upgraded":9,"win_rate":0.0,"timestamp":1610793151,"path_taken":["M","?","M","$","?","R","M","E","T","R","$","R","?","?","R","BOSS","M","M","?","M","M","R","M","R","T","M","M","M","R","M","R","BOSS","M","?","?","?","M","R","M","R","T","R","E","?","M","$","R","BOSS"],"items_purchased_type":["Card","Card","Relic","Relic","Relic","Relic","Relic"],"build_version":"2020-12-22","purchased_purges":3,"victory":true,"max_hp_per_floor":[85,85,85,85,90,90,90,90,90,90,90,90,83,83,83,83,83,83,83,83,83,83,83,83,83,83,83,83,83,83,83,83,83,104,104,104,104,104,104,104,104,104,104,104,104,104,104,111,111,111],"card_choices":[{"not_picked":["Clockwork:MechanicalBulk","Clockwork:SystemScan"],"picked":"Clockwork:HoardingStrike","floor":1},{"not_picked":["Clockwork:TimeOut","Clockwork:AdaptiveCannon"],"picked":"Clockwork:CraftBloodPhial","floor":2},{"not_picked":["Clockwork:Roundhouse","Clockwork:SystemScan"],"picked":"Clockwork:Selectivity","floor":3},{"not_picked":["Clockwork:LogisticRegression","Clockwork:Minimalism","Clockwork:SystemScan"],"picked":"SKIP","floor":7},{"not_picked":["Clockwork:MechanicalMass","Clockwork:TimeOut"],"picked":"Clockwork:TimeWalk","floor":8},{"not_picked":["Clockwork:Minimalism+1"],"picked":"SKIP","floor":18},{"not_picked":["Clockwork:Roundhouse"],"picked":"SKIP","floor":19},{"not_picked":["Clockwork:Pluck"],"picked":"SKIP","floor":21},{"not_picked":["Clockwork:Improve"],"picked":"SKIP","floor":22},{"not_picked":["Clockwork:RitualDaggerMk0"],"picked":"SKIP","floor":24},{"not_picked":[],"picked":"Clockwork:HoardingStrike","floor":27},{"not_picked":["Clockwork:InertialShield"],"picked":"SKIP","floor":28},{"not_picked":["Clockwork:Improve"],"picked":"SKIP","floor":29},{"not_picked":["Clockwork:RitualDaggerMk0"],"picked":"SKIP","floor":31},{"not_picked":["Clockwork:Enhance+1"],"picked":"SKIP","floor":35},{"not_picked":["Clockwork:SystemHardening"],"picked":"SKIP","floor":39},{"not_picked":[],"picked":"Clockwork:AdaptiveShield+1","floor":41},{"not_picked":[],"picked":"Clockwork:RampUp+1","floor":45},{"not_picked":["Clockwork:AdaptiveCannon+1"],"picked":"SKIP","floor":47}],"player_experience":739884,"relics_obtained":[{"floor":8,"key":"MawBank"},{"floor":9,"key":"Omamori"},{"floor":14,"key":"Happy Flower"},{"floor":26,"key":"Old Coin"},{"floor":34,"key":"Mango"},{"floor":34,"key":"Blue Candle"},{"floor":34,"key":"Strawberry"},{"floor":43,"key":"Bottled Lightning"},{"floor":45,"key":"PreservedInsect"},{"floor":46,"key":"Lizard Tail"}],"event_choices":[{"damage_healed":0,"gold_gain":0,"player_choice":"Donut","damage_taken":0,"max_hp_gain":5,"max_hp_loss":0,"event_name":"Big Fish","floor":5,"gold_loss":0},{"damage_healed":0,"gold_gain":0,"player_choice":"Lose Max HP","damage_taken":0,"relics_obtained":["Golden Idol"],"max_hp_gain":0,"max_hp_loss":7,"event_name":"Golden Idol","floor":13,"gold_loss":0},{"damage_healed":0,"gold_gain":0,"player_choice":"Ignored","damage_taken":0,"max_hp_gain":0,"max_hp_loss":0,"event_name":"Tomb of Lord Red Mask","floor":37,"gold_loss":0},{"cards_removed":["Clockwork:Strike"],"damage_healed":0,"gold_gain":0,"player_choice":"Removed Attack","damage_taken":0,"max_hp_gain":0,"max_hp_loss":0,"event_name":"Falling","floor":38,"gold_loss":0},{"damage_healed":0,"gold_gain":0,"player_choice":"Fight","damage_taken":0,"max_hp_gain":0,"max_hp_loss":0,"event_name":"Mysterious Sphere","floor":46,"gold_loss":0}],"is_beta":false,"boss_relics":[{"not_picked":["Fusion Hammer","Snecko Eye"],"picked":"Busted Crown"},{"not_picked":["expansioncontent:StudyCardRelic","Sozu"],"picked":"Calling Bell"}],"items_purged_floors":[4,20,48],"is_endless":false,"potions_floor_spawned":[1,7,16,19,22,27,29,31,45,46],"ascension_level":7}}