{"host":"h1qktzcccqnez8tx","time":1610764722,"event":{"mods":["BaseMod","Block Reminder","Colored Map","Colored Powertips","Curses Come First","Downfall","Highlight Path","Jorbs\u0027s Wanderer Trilogy","Minty Spire (QoL Compilation)","Permanent Neow","Quick Restart","Relic Stats","Replay The Spire","Say the Spire","StSLib","The Cursed","The Disciple","The Hierophant","The Necromancer","The Servant 0.9.4"],"gold_per_floor":[112,127,127,43,57,88,88,120,120,136,136,150,150,161,161,265,265,278,292,0,26,38,38,38,38,38,58,408,430,442,466,478,490,490],"floor_reached":33,"language":"ENG","playtime":1613,"items_purged":[],"score":284,"play_id":"ac71c7ec-84e5-46ed-990f-8a4aecdda6dd","local_time":"20210116033842","is_ascension_mode":false,"campfire_choices":[{"data":"PatternShift","floor":7,"key":"SMITH"},{"data":"AlternateTimeline","floor":13,"key":"SMITH"},{"floor":15,"key":"REST"},{"floor":23,"key":"REST"},{"floor":25,"key":"REST"},{"floor":30,"key":"REST"},{"floor":32,"key":"REST"}],"circlet_count":0,"master_deck":["Strike_Br","Strike_Br","Strike_Br","Defend_Br","Defend_Br","Defend_Br","SecondHand","PatternShift+1","ExoVibe","HandsUpC+1","HandsUpC+1","LockedAnchor+1","HandsUpC+1","LockedThread","AlternateTimeline+1","PrimeTime","LockedBlood","OracleForm","HandsUpC+1","LockedBlood","HandsUpC+1","Parasite","ResonantCall+1","Slimebound:Icky","Amnesia","Spreading Infection","LockedAnchor+1","LockedBlood"],"relics":["Cursed Key","Replay:Bottled Eggs","Bottled Tornado","Sundial","Empty Cage","Toxic Egg 2","Vajra","TungstenRod","Ring of Greed","MawBank","Old Coin","ReplayTheSpireMod:Ring of Challenge"],"acts_visited":["Exordium","TheCity"],"potions_floor_usage":[6,33,33,33],"damage_taken":[{"damage":0,"enemies":"Cultist","floor":1,"turns":5},{"damage":0,"enemies":"2 Louse","floor":2,"turns":4},{"damage":1,"enemies":"Jaw Worm","floor":5,"turns":3},{"damage":18,"enemies":"Lagavulin","floor":6,"turns":7},{"damage":8,"enemies":"Gremlin Nob","floor":8,"turns":5},{"damage":0,"enemies":"Large Slime","floor":10,"turns":6},{"damage":0,"enemies":"Blue Slaver","floor":12,"turns":3},{"damage":0,"enemies":"2 Fungi Beasts","floor":14,"turns":4},{"damage":7,"enemies":"Slime Boss","floor":16,"turns":10},{"damage":18,"enemies":"Chosen","floor":18,"turns":5},{"damage":20,"enemies":"Spheric Guardian","floor":19,"turns":3},{"damage":36,"enemies":"Snake Plant","floor":22,"turns":5},{"damage":13,"enemies":"Centurion and Healer","floor":27,"turns":7},{"damage":29,"enemies":"Snecko","floor":29,"turns":5},{"damage":18,"enemies":"Snake Plant","floor":31,"turns":6},{"damage":63,"enemies":"Automaton","floor":33,"turns":6}],"seed_played":"-4100739597612585666","potions_obtained":[{"floor":2,"key":"BlessingOfTheForge"},{"floor":3,"key":"LiquidMemories"},{"floor":3,"key":"Energy Potion"},{"floor":10,"key":"Weak Potion"}],"is_trial":false,"path_per_floor":["M","M","?","$","M","E","R","E","T","M","?","M","R","M","R","B",null,"M","M","$","T","M","R","$","R","T","M","?","M","R","M","R","B"],"character_chosen":"CHRONO_CLASS","items_purchased":["HandsUpC","LockedAnchor+1","Toxic Egg 2","HandsUpC"],"campfire_rested":5,"item_purchase_floors":[4,4,20,20],"current_hp_per_floor":[65,65,65,65,64,46,46,38,38,38,38,38,38,38,57,56,65,53,37,37,37,7,26,26,45,45,44,44,25,44,30,49,0,0],"gold":490,"neow_bonus":"BOSS_RELIC","is_daily":false,"chose_seed":false,"campfire_upgraded":2,"win_rate":0.0,"timestamp":1610764722,"path_taken":["M","M","?","$","?","E","R","E","T","M","?","M","R","M","R","BOSS","M","M","$","?","M","R","$","R","T","M","?","M","R","M","R","BOSS"],"items_purchased_type":["Card","Card","Relic","Card"],"build_version":"2020-12-22","purchased_purges":0,"victory":false,"max_hp_per_floor":[65,65,65,65,65,65,65,65,65,65,65,65,65,65,65,65,65,65,65,65,65,65,65,65,65,65,65,65,65,65,65,65,65,65],"relic_stats":{"counters":[16,84],"Sundial":[6],"Cursed Key":3,"MawBank":60,"obtain_stats":[{"Vajra":21,"Ring of Greed":28,"Bottled Tornado":8,"Cursed Key":0,"Empty Cage":17,"MawBank":28,"Old Coin":28,"Chronometer":0,"Sundial":9,"Replay:Bottled Eggs":6,"Toxic Egg 2":20,"ReplayTheSpireMod:Ring of Challenge":28,"TungstenRod":26},{"Vajra":11,"Ring of Greed":13,"Bottled Tornado":5,"Cursed Key":0,"Empty Cage":9,"MawBank":13,"Old Coin":13,"Chronometer":0,"Sundial":5,"Replay:Bottled Eggs":4,"Toxic Egg 2":11,"ReplayTheSpireMod:Ring of Challenge":13,"TungstenRod":12},{"Vajra":55,"Ring of Greed":67,"Bottled Tornado":24,"Cursed Key":0,"Empty Cage":47,"MawBank":67,"Old Coin":67,"Chronometer":0,"Sundial":24,"Replay:Bottled Eggs":19,"Toxic Egg 2":55,"ReplayTheSpireMod:Ring of Challenge":67,"TungstenRod":60}],"TungstenRod":15},"card_choices":[{"not_picked":["AlternateTimeline","LockedTornado"],"picked":"ExoVibe","floor":1},{"not_picked":["BlueShift","WatchCommand"],"picked":"HandsUpC","floor":2},{"not_picked":["DaylightSavings","AlternateTimeline"],"picked":"HandsUpC","floor":5},{"not_picked":["HandsUpB","LockedAnchor"],"picked":"LockedThread","floor":6},{"not_picked":["LockedMawBank","MasterKey","Backlash"],"picked":"SKIP","floor":8},{"not_picked":["HandsUpB","Facsimile"],"picked":"AlternateTimeline","floor":10},{"not_picked":["CrunchTime","BlueShift"],"picked":"PrimeTime","floor":12},{"not_picked":["LockedMercury","VestedLegacy"],"picked":"LockedBlood","floor":14},{"not_picked":["LockedBell","Echonomics"],"picked":"OracleForm","floor":16},{"not_picked":["Keepsakes+1","Stagnate"],"picked":"HandsUpC","floor":18},{"not_picked":["LockedMawBank","Keepsakes+1"],"picked":"LockedBlood","floor":19},{"not_picked":["LockedBlood","Parity+1"],"picked":"ResonantCall+1","floor":22},{"not_picked":["HandsUpB+1","LockedScales","LockedMedicine"],"picked":"SKIP","floor":27},{"not_picked":["CrunchTime","Fragmentalize"],"picked":"LockedAnchor+1","floor":29},{"not_picked":["LockedMercury","Keepsakes"],"picked":"LockedBlood","floor":31}],"player_experience":107484,"relics_obtained":[{"floor":6,"key":"Replay:Bottled Eggs"},{"floor":8,"key":"Bottled Tornado"},{"floor":9,"key":"Sundial"},{"floor":21,"key":"Vajra"},{"floor":26,"key":"TungstenRod"},{"floor":28,"key":"Ring of Greed"},{"floor":28,"key":"MawBank"},{"floor":28,"key":"Old Coin"},{"floor":28,"key":"ReplayTheSpireMod:Ring of Challenge"}],"event_choices":[{"damage_healed":0,"gold_gain":0,"player_choice":"Got Potions","damage_taken":0,"max_hp_gain":0,"max_hp_loss":0,"event_name":"Lab","floor":3,"gold_loss":0},{"cards_removed":["Defend_Br"],"damage_healed":0,"gold_gain":0,"player_choice":"Card Removal","damage_taken":0,"max_hp_gain":0,"max_hp_loss":0,"event_name":"Wheel of Change","floor":11,"gold_loss":0}],"is_beta":false,"boss_relics":[{"not_picked":["Runic Dome","Runic Pyramid"],"picked":"Empty Cage"}],"items_purged_floors":[],"is_endless":false,"potions_floor_spawned":[2,10,12,14,27,29,31],"killed_by":"Automaton","ascension_level":0}}