{"host":"y4sghvfd0ewtcchd","time":1610813297,"event":{"mods":["Aspiration","BaseMod","Better Debug","Better Note","Better Third Choice","BetterRewards","Block Reminder","Colored Map","Colored Powertips","Highlight Path","Hubris","Infinite Spire","Minty Spire (QoL Compilation)","Relic Sorter","Relic Stats","Replay The Spire","Robot Space Explorer","Shop Mod","Spicy Shops","StSLib","The Jungle","The Saiyan"],"gold_per_floor":[113,146,210,233,233,233,267,267,293,41,80,111,139,153,153,225,225,242,257,277,296,306,306,331,331,356,390,402,402,402,445,445,517,517,552,552,563,563,563,595,595,638,665,690,690,324,339,368,368,368,368,368,668,668,668],"floor_reached":56,"language":"ENG","playtime":3646,"items_purged":[],"score":2449,"play_id":"474d078a-d516-4c66-b66f-fc269e071610","local_time":"20210116190817","is_ascension_mode":true,"campfire_choices":[{"floor":6.0,"key":"REST"},{"data":"Sunder","floor":6.0,"key":"SMITH"},{"floor":8.0,"key":"REST"},{"data":"Crystallizer","floor":8.0,"key":"SMITH"},{"data":"HandOfGreed","floor":15,"key":"SMITH"},{"floor":23,"key":"REST"},{"data":"Storm","floor":23,"key":"SMITH"},{"floor":25,"key":"REST"},{"data":"Recycle","floor":25,"key":"SMITH"},{"floor":29,"key":"RECALL"},{"data":"Conserve Battery","floor":32,"key":"SMITH"},{"floor":41,"key":"REST"},{"data":"White Noise","floor":41,"key":"SMITH"},{"data":"Thunder Strike","floor":45,"key":"SMITH"},{"data":"Storm","floor":49,"key":"SMITH"},{"data":"hubris:Ukulele","floor":52,"key":"SMITH"}],"circlet_count":0,"master_deck":["AscendersBane","Strike_B","Strike_B","Strike_B","Strike_B","Defend_B","Defend_B","Zap","Dualcast","Storm+1","hubris:Ukulele+1","Leap","Self Repair","Conserve Battery+1","Leap","Sunder+1","Defragment","Secret Technique","HandOfGreed+1","Capacitor","Conserve Battery","Heatsinks","Heatsinks","Static Discharge","Turbo","Glacier","Crystallizer+1","Static Discharge","Skim","Conserve Battery","Echo Form","Storm+1","Recycle+1","Sunder+1","ReplayTheSpireMod:Repulse","FIFO Queue+1","Hologram","Steam","Sunder","Leap","Core Surge","Thunder Strike+1","Capacitor+1","White Noise+1","Lockon","Electrodynamics","Steam Power+1","Storm+1","Streamline","Amplify+1","Undo+1","hubris:PowerSurge","Deep Breath+1","Master of Strategy+1"],"relics":["Cracked Core","hubris:Reverence","hubris:BundleOfHerbs","infinitespire:Magic Flask","Inserter","hubris:TenFootPole","Nuclear Battery","aspiration:HummingbirdHeart","Toxic Egg 2","Replay:Rubber Ducky","Replay:Antivirus Software","Letter Opener","Matryoshka","Blood Vial","infinitespire:Freezer","Onion Ring","Pondfish Scales","DataDisk","Turnip","Bag of Marbles","Ancient Tea Set","Toy Ornithopter","aspiration:EnhancedActuators","ReplayFunnel","infinitespire:Broken Mirror","Bottled Lightning","hubris:Towel","hubris:ToyBattleship","Runic Capacitor","ReplayTheSpireMod:TigerMarble","Oddly Smooth Stone","hubris:NiceRug","hubris:BallOfYels","infinitespire:Golems Mask","ReplayTheSpireMod:ShopPack","infinitespire:CursedDice","hubris:AstralHammer","Frozen Eye"],"acts_visited":["Exordium","TheCity","TheBeyond","TheEnding"],"potions_floor_usage":[14,28,55,55],"damage_taken":[{"damage":0.0,"enemies":"Cultist","floor":1.0,"turns":2.0},{"damage":4.0,"enemies":"2 Louse","floor":2.0,"turns":3.0},{"damage":0.0,"enemies":"3 Sentries","floor":7.0,"turns":4.0},{"damage":0.0,"enemies":"Jaw Worm","floor":11.0,"turns":3.0},{"damage":0.0,"enemies":"2 Fungi Beasts","floor":12.0,"turns":2.0},{"damage":0.0,"enemies":"Replay:BlueRogue","floor":13.0,"turns":2.0},{"damage":0,"enemies":"Gremlin Gang","floor":14,"turns":2},{"damage":0,"enemies":"The Guardian","floor":16,"turns":5},{"damage":8,"enemies":"2 Thieves","floor":18,"turns":3},{"damage":1,"enemies":"Shell Parasite","floor":19,"turns":3},{"damage":0,"enemies":"Chosen and Byrds","floor":20,"turns":2},{"damage":0,"enemies":"Snake Plant","floor":21,"turns":1},{"damage":14,"enemies":"Centurion and Healer","floor":22,"turns":4},{"damage":20,"enemies":"Nightmare","floor":24,"turns":5},{"damage":0,"enemies":"Book of Stabbing","floor":27,"turns":3},{"damage":1,"enemies":"Chosen and Byrds","floor":28,"turns":3},{"damage":0,"enemies":"Snake Plant","floor":31,"turns":2},{"damage":20,"enemies":"hubris:MusketHawk","floor":33,"turns":4},{"damage":32,"enemies":"3 Darklings","floor":35,"turns":4},{"damage":5,"enemies":"Orb Walker","floor":37,"turns":2},{"damage":18,"enemies":"Nemesis","floor":40,"turns":5},{"damage":0,"enemies":"R_Hoarder","floor":44,"turns":4},{"damage":0,"enemies":"Writhing Mass","floor":47,"turns":2},{"damage":0,"enemies":"Reptomancer","floor":48,"turns":2},{"damage":0,"enemies":"Replay:Hell Engine","floor":50,"turns":5},{"damage":0,"enemies":"hubris:Merchant","floor":53,"turns":3},{"damage":0,"enemies":"The Heart","floor":55,"turns":3}],"seed_played":"339458443661606062","potions_obtained":[{"floor":1.0,"key":"FearPotion"},{"floor":11.0,"key":"PotionOfCapacity"},{"floor":13.0,"key":"DuplicationPotion"},{"floor":19,"key":"EssenceOfSteel"},{"floor":27,"key":"Languid Potion"},{"floor":31,"key":"Energy Potion"},{"floor":40,"key":"Fire Potion"},{"floor":53,"key":"Adrenaline Potion"},{"floor":53,"key":"Adrenaline Potion"}],"is_trial":false,"path_per_floor":["M","M","?","T","?","R","E","R","T","$","M","M","E","M","R","B",null,"M","M","M","M","M","R","NM","R","T","E","M","R","?","M","R","B",null,"M","?","M","?","?","E","R","?","T","E","R","$","M","E","R","B",null,"R","$","E","B",null],"character_chosen":"DEFECT","items_purchased":["Storm+1","Blood Vial","infinitespire:Freezer","infinitespire:Magic Flask","hubris:Ukulele","Leap","Self Repair","Conserve Battery","hubris:BundleOfHerbs","hubris:Reverence","Leap","Sunder","Matryoshka","Onion Ring","Pondfish Scales","Defragment","Secret Technique","DataDisk","HandOfGreed","Capacitor","Conserve Battery","Heatsinks","Turnip","Static Discharge","infinitespire:Broken Mirror","Runic Capacitor","ReplayTheSpireMod:TigerMarble","Storm"],"campfire_rested":5,"item_purchase_floors":[0,0,0,0,0,0,0,0,0,0,0,0,0,0,0,0,0,0,0,0,0,0,0,0,10,46,46,46],"current_hp_per_floor":[24,29,29,29,29,50,59,71,71,71,71,71,71,71,71,71,71,70,70,71,71,64,71,51,71,71,71,70,70,70,71,71,58,68,44,44,59,59,59,57,71,60,60,69,69,69,71,71,71,71,71,71,71,71,71],"gold":668,"neow_bonus":"","is_daily":false,"chose_seed":false,"campfire_upgraded":10,"win_rate":0.0,"timestamp":1610813297,"path_taken":["M","?","?","?","?","R","E","R","T","$","M","M","E","M","R","BOSS","M","M","?","M","M","R","NM","R","T","E","M","R","?","M","R","BOSS","M","?","M","?","?","E","R","?","T","E","R","$","M","E","R","BOSS","R","$","E","BOSS"],"items_purchased_type":["Card","Relic","Relic","Relic","Card","Card","Card","Card","Relic","Relic","Card","Card","Relic","Relic","Relic","Card","Card","Relic","Card","Card","Card","Card","Relic","Card","Relic","Relic","Relic","Card"],"build_version":"2020-12-22","purchased_purges":0,"victory":true,"max_hp_per_floor":[71,71,71,71,71,71,71,71,71,71,71,71,71,71,71,71,71,71,71,71,71,71,71,71,71,71,71,71,71,71,71,71,71,71,71,71,71,71,71,71,71,71,71,71,71,71,71,71,71,71,71,71,71,71,71],"relic_stats":{"Blood Vial":24,"Inserter":[24],"counters":[396,1348],"Turnip":[9],"Letter Opener":[110],"obtain_stats":[{"Replay:Accelerometer":49,"aspiration:PoetsPen_weak":17,"hubris:MysteriousPyramids":44,"Sling":45,"Blood Vial":0,"hubris:AstralHammer":38,"Replay:Bronze Core":17,"Fusion Hammer":34,"HandDrill":0,"hubris:RGBLights":12,"Replay:Bottled Steam":23,"aspiration:FaultyCoupler":12,"Velvet Choker":34,"Eternal Feather":20,"ReplayTheSpireMod:SealedPack":20,"Pen Nib":53,"infinitespire:Magic Flask":0,"Cables":44,"infinitespire:EvilPickle":33,"infinitespire:Lychee Nut":0,"infinitespire:Broken Mirror":10,"Bird Faced Urn":30,"aspiration:MysteriousAuxiliaryCore":38,"Unceasing Top":0,"hubris:Reverence":24,"Solar Panel":0,"Carrot":0,"Singing Bowl":26,"Torii":0,"hubris:EmptyBottle":38,"Smiling Mask":31,"Ancient Tea Set":5,"Pet Ghost":50,"hubris:BlackHole":17,"hubris:Backtick":17,"Toolbox":54,"infinitespire:Eraser":54,"Replay:Bottled Eggs":17,"InkBottle":54,"aspiration:ChemicalBlood":0,"Potion Belt":29,"Lee\u0027s Waffle":0,"NeowsBlessing":0,"Golden Idol":7,"PreservedInsect":0,"infinitespire:Lucky Rock":54,"hubris:Towel":13,"Replay:Arrowhead":23,"Nuclear Battery":34,"Ornamental Fan":47,"Garlic":16,"Art of War":48,"hubris:BottledRain":26,"Ice Cream":31,"Tiny House":44,"Calipers":0,"Gremlin Horn":40,"aspiration:Stabinomicon":25,"Runic Capacitor":50,"Raider\u0027s Mask":0,"hubris:TerracottaHorce":17,"Sozu":12,"Centennial Puzzle":27,"infinitespire:SolderingIron":43,"Philosopher\u0027s Stone":17,"Prayer Wheel":37,"Iron Hammer":29,"Girya":26,"hubris:DuctTape":34,"ReplayTheSpireMod:CursedCoin":0,"hubris:SoftwareUpdate":41,"Replay:Grab Bag":17,"aspiration:HiddenCompartment":53,"Du-Vu Doll":24,"hubris:PeanutButter":0,"Onion Ring":26,"Mirror":0,"Symbiotic Virus":43,"aspiration:TomeofQuesting":10,"Juzu Bracelet":47,"Replay:Mystery Machine":7,"aspiration:StickyExplosives_weak":30,"Nunchaku":25,"Emotion Chip":38,"Dream Catcher":42,"Chameleon Ring":45,"hubris:Icosahedron":48,"TheAbacus":53,"hubris:Stopwatch":17,"Replay:Bottled Snecko":9,"Replay:Antivirus Software":7,"Guide Book":53,"aspiration:RunicSpoon":34,"RobotSpaceExplorer:RoboCore":0,"Replay:WaspNest":53,"infinitespire:FocusingShard":0,"Odd Mushroom":13,"Calling Bell":17,"Strange Spoon":46,"Cauldron":56,"DataDisk":27,"Pondfish Scales":43,"infinitespire:Satchel":17,"hubris:BundleOfHerbs":0,"Bag of Marbles":0,"Membership Card":0,"ReplayTheSpireMod:ShopPack":21,"infinitespire:BottledMercury":11,"hubris:BallOfYels":29,"Golden Egg":11,"Whetstone":27,"Ginger":17,"Bottled Tornado":0,"Boot":54,"Old Coin":45,"Replay:Ringing Soul":40,"aspiration:EnhancedActuators":53,"MealTicket":0,"hubris:DeckOfHolding":53,"infinitespire:Golems Mask":54,"Kunai":40,"hubris:TinFlute":23,"Pear":43,"Counterbalance":2,"hubris:SphereOfDissonance":0,"aspiration:IroncladSkillbook":34,"Runic Dome":17,"Pandora\u0027s Box":17,"hubris:TenFootPole":0,"infinitespire:PuzzleCube":28,"aspiration:Lifesprig":9,"hubris:Metronome":17,"Lantern":19,"Blue Doll":46,"Painkiller Herb":17,"StoneCalendar":45,"Replay:Multitool":41,"Bag of Preparation":45,"Replay:Rubber Ducky":53,"BranchBurnRelic":30,"Matryoshka":0,"WingedGreaves":20,"hubris:FunFungus":46,"Inserter":48,"The Courier":24,"infinitespire:Joker Card":44,"Geode":30,"Omamori":46,"Frozen Egg 2":13,"Busted Crown":17,"Orrery":48,"Turnip":45,"Bottled Lightning":12,"ReplayTheSpireMod:Lightbulb":40,"Toy Ornithopter":31,"infinitespire:Freezer":55,"Lizard Tail":8,"Replay:Frozen Program":0,"DollysMirror":53,"Strawberry":14,"aspiration:ArtOfWarUpgrade":52,"Toxic Egg 2":5,"Happy Flower":0,"aspiration:Nostalgia":53,"Astrolabe":34,"Dead Branch":25,"Oddly Smooth Stone":0,"infinitespire:Beetle Shell":48,"Replay:Kaleidoscope":43,"aspiration:SeaSaltIceCream":0,"Letter Opener":4,"Question Card":47,"Replay:Baseball":45,"ReplayTheSpireMod:Shallot":48,"Shuriken":43,"Bronze Scales":0,"Simple Rune":9,"Molten Egg 2":43,"ReplayTheSpireMod:TigerMarble":23,"Black Star":22,"hubris:ToyBattleship":31,"Meat on the Bone":0,"ReplayFunnel":44,"Darkstone Periapt":10,"SacredBark":17,"hubris:SlimyHat":43,"Incense Burner":34,"ClockworkSouvenir":23,"Frozen Eye":53,"Replay:Bandana":0,"Tiny Chest":7,"Cracked Core":0,"Replay:Drink Me":21,"hubris:DisguiseKit":46,"BargainBundle":0,"Replay:Towering Pillar of Hats":30,"aspiration:FetidBarrel":47,"infinitespire:CursedDice":53,"aspiration:HummingbirdHeart":0,"Orichalcum":56,"White Beast Statue":20,"CaptainsWheel":0,"Anchor":0,"infinitespire:WardingShard":42,"ChewingGum":34,"hubris:GrandSneckoEye":36,"Snack Pack":31,"PureWater":53,"hubris:Potato":31,"TungstenRod":17,"hubris:NiceRug":53},{"Replay:Accelerometer":97,"aspiration:PoetsPen_weak":194,"hubris:MysteriousPyramids":178,"Sling":153,"Blood Vial":0,"hubris:AstralHammer":294,"Replay:Bronze Core":7,"Fusion Hammer":42,"HandDrill":337,"hubris:RGBLights":248,"Replay:Bottled Steam":114,"aspiration:FaultyCoupler":164,"Velvet Choker":14,"Eternal Feather":8,"ReplayTheSpireMod:SealedPack":32,"Pen Nib":132,"infinitespire:Magic Flask":369,"Cables":95,"infinitespire:EvilPickle":62,"infinitespire:Lychee Nut":273,"infinitespire:Broken Mirror":372,"Bird Faced Urn":40,"aspiration:MysteriousAuxiliaryCore":65,"Unceasing Top":306,"hubris:Reverence":288,"Solar Panel":22,"Carrot":0,"Singing Bowl":59,"Torii":273,"hubris:EmptyBottle":232,"Smiling Mask":356,"Ancient Tea Set":371,"Pet Ghost":332,"hubris:BlackHole":219,"hubris:Backtick":139,"Toolbox":304,"infinitespire:Eraser":133,"Replay:Bottled Eggs":251,"InkBottle":304,"aspiration:ChemicalBlood":46,"Potion Belt":227,"Lee\u0027s Waffle":0,"NeowsBlessing":0,"Golden Idol":50,"PreservedInsect":134,"infinitespire:Lucky Rock":72,"hubris:Towel":138,"Replay:Arrowhead":170,"Nuclear Battery":387,"Ornamental Fan":96,"Garlic":80,"Art of War":269,"hubris:BottledRain":9,"Ice Cream":228,"Tiny House":95,"Calipers":159,"Gremlin Horn":325,"aspiration:Stabinomicon":35,"Runic Capacitor":97,"Raider\u0027s Mask":306,"hubris:TerracottaHorce":283,"Sozu":280,"Centennial Puzzle":10,"infinitespire:SolderingIron":68,"Philosopher\u0027s Stone":7,"Prayer Wheel":44,"Iron Hammer":199,"Girya":197,"hubris:DuctTape":172,"ReplayTheSpireMod:CursedCoin":46,"hubris:SoftwareUpdate":67,"Replay:Grab Bag":7,"aspiration:HiddenCompartment":132,"Du-Vu Doll":9,"hubris:PeanutButter":73,"Onion Ring":116,"Mirror":185,"Symbiotic Virus":266,"aspiration:TomeofQuesting":5,"Juzu Bracelet":300,"Replay:Mystery Machine":4,"aspiration:StickyExplosives_weak":40,"Nunchaku":116,"Emotion Chip":149,"Dream Catcher":235,"Chameleon Ring":19,"hubris:Icosahedron":69,"TheAbacus":271,"hubris:Stopwatch":283,"Replay:Bottled Snecko":309,"Replay:Antivirus Software":279,"Guide Book":157,"aspiration:RunicSpoon":321,"RobotSpaceExplorer:RoboCore":273,"Replay:WaspNest":211,"infinitespire:FocusingShard":273,"Odd Mushroom":249,"Calling Bell":166,"Strange Spoon":268,"Cauldron":335,"DataDisk":86,"Pondfish Scales":206,"infinitespire:Satchel":166,"hubris:BundleOfHerbs":159,"Bag of Marbles":213,"Membership Card":100,"ReplayTheSpireMod:ShopPack":8,"infinitespire:BottledMercury":105,"hubris:BallOfYels":118,"Golden Egg":247,"Whetstone":36,"Ginger":166,"Bottled Tornado":100,"Boot":184,"Old Coin":298,"Replay:Ringing Soul":234,"aspiration:EnhancedActuators":71,"MealTicket":22,"hubris:DeckOfHolding":71,"infinitespire:Golems Mask":367,"Kunai":125,"hubris:TinFlute":142,"Pear":126,"Counterbalance":338,"hubris:SphereOfDissonance":306,"aspiration:IroncladSkillbook":147,"Runic Dome":313,"Pandora\u0027s Box":30,"hubris:TenFootPole":100,"infinitespire:PuzzleCube":86,"aspiration:Lifesprig":26,"hubris:Metronome":166,"Lantern":167,"Blue Doll":268,"Painkiller Herb":283,"StoneCalendar":363,"Replay:Multitool":45,"Bag of Preparation":95,"Replay:Rubber Ducky":157,"BranchBurnRelic":289,"Matryoshka":100,"WingedGreaves":32,"hubris:FunFungus":268,"Inserter":21,"The Courier":170,"infinitespire:Joker Card":207,"Geode":12,"Omamori":237,"Frozen Egg 2":53,"Busted Crown":109,"Orrery":21,"Turnip":127,"Bottled Lightning":28,"ReplayTheSpireMod:Lightbulb":44,"Toy Ornithopter":41,"infinitespire:Freezer":98,"Lizard Tail":309,"Replay:Frozen Program":306,"DollysMirror":71,"Strawberry":79,"aspiration:ArtOfWarUpgrade":270,"Toxic Egg 2":3,"Happy Flower":46,"aspiration:Nostalgia":211,"Astrolabe":120,"Dead Branch":288,"Oddly Smooth Stone":22,"infinitespire:Beetle Shell":181,"Replay:Kaleidoscope":178,"aspiration:SeaSaltIceCream":337,"Letter Opener":371,"Question Card":21,"Replay:Baseball":153,"ReplayTheSpireMod:Shallot":155,"Shuriken":152,"Bronze Scales":46,"Simple Rune":104,"Molten Egg 2":235,"ReplayTheSpireMod:TigerMarble":59,"Black Star":223,"hubris:ToyBattleship":320,"Meat on the Bone":134,"ReplayFunnel":178,"Darkstone Periapt":247,"SacredBark":7,"hubris:SlimyHat":17,"Incense Burner":291,"ClockworkSouvenir":9,"Frozen Eye":395,"Replay:Bandana":46,"Tiny Chest":162,"Cracked Core":0,"Replay:Drink Me":8,"hubris:DisguiseKit":128,"BargainBundle":22,"Replay:Towering Pillar of Hats":259,"aspiration:FetidBarrel":269,"infinitespire:CursedDice":395,"aspiration:HummingbirdHeart":273,"Orichalcum":99,"White Beast Statue":196,"CaptainsWheel":46,"Anchor":241,"infinitespire:WardingShard":126,"ChewingGum":62,"hubris:GrandSneckoEye":90,"Snack Pack":290,"PureWater":211,"hubris:Potato":61,"TungstenRod":251,"hubris:NiceRug":71},{"Replay:Accelerometer":396,"aspiration:PoetsPen_weak":711,"hubris:MysteriousPyramids":659,"Sling":564,"Blood Vial":0,"hubris:AstralHammer":1035,"Replay:Bronze Core":30,"Fusion Hammer":182,"HandDrill":1135,"hubris:RGBLights":878,"Replay:Bottled Steam":441,"aspiration:FaultyCoupler":609,"Velvet Choker":72,"Eternal Feather":33,"ReplayTheSpireMod:SealedPack":147,"Pen Nib":481,"infinitespire:Magic Flask":1265,"Cables":384,"infinitespire:EvilPickle":245,"infinitespire:Lychee Nut":972,"infinitespire:Broken Mirror":1274,"Bird Faced Urn":173,"aspiration:MysteriousAuxiliaryCore":252,"Unceasing Top":1067,"hubris:Reverence":1017,"Solar Panel":111,"Carrot":0,"Singing Bowl":235,"Torii":972,"hubris:EmptyBottle":835,"Smiling Mask":1197,"Ancient Tea Set":1270,"Pet Ghost":1121,"hubris:BlackHole":796,"hubris:Backtick":507,"Toolbox":1061,"infinitespire:Eraser":482,"Replay:Bottled Eggs":895,"InkBottle":1061,"aspiration:ChemicalBlood":195,"Potion Belt":822,"Lee\u0027s Waffle":0,"NeowsBlessing":0,"Golden Idol":205,"PreservedInsect":485,"infinitespire:Lucky Rock":276,"hubris:Towel":497,"Replay:Arrowhead":636,"Nuclear Battery":1318,"Ornamental Fan":391,"Garlic":302,"Art of War":955,"hubris:BottledRain":37,"Ice Cream":825,"Tiny House":384,"Calipers":592,"Gremlin Horn":1106,"aspiration:Stabinomicon":156,"Runic Capacitor":396,"Raider\u0027s Mask":1067,"hubris:TerracottaHorce":1002,"Sozu":991,"Centennial Puzzle":42,"infinitespire:SolderingIron":262,"Philosopher\u0027s Stone":30,"Prayer Wheel":188,"Iron Hammer":728,"Girya":720,"hubris:DuctTape":646,"ReplayTheSpireMod:CursedCoin":195,"hubris:SoftwareUpdate":260,"Replay:Grab Bag":30,"aspiration:HiddenCompartment":481,"Du-Vu Doll":37,"hubris:PeanutButter":281,"Onion Ring":447,"Mirror":684,"Symbiotic Virus":942,"aspiration:TomeofQuesting":17,"Juzu Bracelet":1051,"Replay:Mystery Machine":13,"aspiration:StickyExplosives_weak":173,"Nunchaku":447,"Emotion Chip":545,"Dream Catcher":843,"Chameleon Ring":98,"hubris:Icosahedron":265,"TheAbacus":962,"hubris:Stopwatch":1002,"Replay:Bottled Snecko":1072,"Replay:Antivirus Software":989,"Guide Book":582,"aspiration:RunicSpoon":1100,"RobotSpaceExplorer:RoboCore":972,"Replay:WaspNest":767,"infinitespire:FocusingShard":972,"Odd Mushroom":881,"Calling Bell":622,"Strange Spoon":950,"Cauldron":1129,"DataDisk":338,"Pondfish Scales":752,"infinitespire:Satchel":622,"hubris:BundleOfHerbs":592,"Bag of Marbles":773,"Membership Card":415,"ReplayTheSpireMod:ShopPack":33,"infinitespire:BottledMercury":423,"hubris:BallOfYels":451,"Golden Egg":876,"Whetstone":160,"Ginger":622,"Bottled Tornado":415,"Boot":680,"Old Coin":1045,"Replay:Ringing Soul":841,"aspiration:EnhancedActuators":274,"MealTicket":111,"hubris:DeckOfHolding":274,"infinitespire:Golems Mask":1254,"Kunai":462,"hubris:TinFlute":518,"Pear":466,"Counterbalance":1138,"hubris:SphereOfDissonance":1067,"aspiration:IroncladSkillbook":539,"Runic Dome":1082,"Pandora\u0027s Box":140,"hubris:TenFootPole":415,"infinitespire:PuzzleCube":338,"aspiration:Lifesprig":124,"hubris:Metronome":622,"Lantern":627,"Blue Doll":950,"Painkiller Herb":1002,"StoneCalendar":1236,"Replay:Multitool":193,"Bag of Preparation":384,"Replay:Rubber Ducky":582,"BranchBurnRelic":1018,"Matryoshka":415,"WingedGreaves":147,"hubris:FunFungus":950,"Inserter":104,"The Courier":636,"infinitespire:Joker Card":755,"Geode":57,"Omamori":850,"Frozen Egg 2":214,"Busted Crown":433,"Orrery":104,"Turnip":468,"Bottled Lightning":131,"ReplayTheSpireMod:Lightbulb":189,"Toy Ornithopter":176,"infinitespire:Freezer":404,"Lizard Tail":1072,"Replay:Frozen Program":1067,"DollysMirror":274,"Strawberry":299,"aspiration:ArtOfWarUpgrade":959,"Toxic Egg 2":7,"Happy Flower":195,"aspiration:Nostalgia":767,"Astrolabe":454,"Dead Branch":1017,"Oddly Smooth Stone":111,"infinitespire:Beetle Shell":669,"Replay:Kaleidoscope":659,"aspiration:SeaSaltIceCream":1135,"Letter Opener":1270,"Question Card":104,"Replay:Baseball":564,"ReplayTheSpireMod:Shallot":573,"Shuriken":560,"Bronze Scales":195,"Simple Rune":422,"Molten Egg 2":843,"ReplayTheSpireMod:TigerMarble":235,"Black Star":810,"hubris:ToyBattleship":1097,"Meat on the Bone":485,"ReplayFunnel":659,"Darkstone Periapt":876,"SacredBark":30,"hubris:SlimyHat":85,"Incense Burner":1026,"ClockworkSouvenir":37,"Frozen Eye":1345,"Replay:Bandana":195,"Tiny Chest":603,"Cracked Core":0,"Replay:Drink Me":33,"hubris:DisguiseKit":471,"BargainBundle":111,"Replay:Towering Pillar of Hats":917,"aspiration:FetidBarrel":955,"infinitespire:CursedDice":1345,"aspiration:HummingbirdHeart":972,"Orichalcum":408,"White Beast Statue":717,"CaptainsWheel":195,"Anchor":861,"infinitespire:WardingShard":466,"ChewingGum":245,"hubris:GrandSneckoEye":356,"Snack Pack":1021,"PureWater":767,"hubris:Potato":241,"TungstenRod":895,"hubris:NiceRug":274}],"Toy Ornithopter":15},"card_choices":[{"not_picked":["Static Discharge","Reprogram"],"picked":"Turbo","floor":1.0},{"not_picked":["Hologram","Coolheaded"],"picked":"Glacier","floor":2.0},{"not_picked":["Stack","Coolheaded"],"picked":"Crystallizer","floor":7.0},{"not_picked":["Hologram","Go for the Eyes"],"picked":"Static Discharge","floor":11.0},{"not_picked":["Barrage","Sweeping Beam","Gash"],"picked":"SKIP","floor":12.0},{"not_picked":["Core Surge","Fission"],"picked":"Skim","floor":13.0},{"not_picked":["Ball Lightning","Panic Button"],"picked":"Conserve Battery","floor":14},{"not_picked":["Hyperbeam","Multi-Cast"],"picked":"Echo Form","floor":16},{"not_picked":["Tempest","Redo"],"picked":"Storm","floor":18},{"not_picked":["Go for the Eyes","Conserve Battery"],"picked":"Recycle","floor":19},{"not_picked":["Compile Driver","Coolheaded+1"],"picked":"Sunder+1","floor":20},{"not_picked":["Steam+1","Auto Shields"],"picked":"ReplayTheSpireMod:Repulse","floor":21},{"not_picked":["Sweeping Beam+1","Gash"],"picked":"FIFO Queue+1","floor":22},{"not_picked":["hubris:SpecializedCircuitry","Cold Snap"],"picked":"Hologram","floor":24},{"not_picked":["Sweeping Beam","Rip and Tear"],"picked":"Steam","floor":27},{"not_picked":["Panic Button","Go for the Eyes"],"picked":"Sunder","floor":28},{"not_picked":["Sweeping Beam","ReplayTheSpireMod:Repulse","ReplaySort"],"picked":"SKIP","floor":31},{"not_picked":["Echo Form","ReplayTheSpireMod:Omega Cannon"],"picked":"Thunder Strike","floor":33},{"not_picked":["ReplayTheSpireMod:Calculation Training","BasicCrystalCard"],"picked":"Capacitor+1","floor":35},{"not_picked":["Cold Snap","Reinforced Body"],"picked":"Lockon","floor":37},{"not_picked":["Melter","Sweeping Beam"],"picked":"Electrodynamics","floor":40},{"not_picked":["ReplayTheSpireMod:System Scan+1","Rebound"],"picked":"Steam Power+1","floor":44},{"not_picked":["Gash","Beam Cell"],"picked":"Streamline","floor":47},{"not_picked":["Streamline","BasicCrystalCard+1"],"picked":"Amplify+1","floor":48},{"not_picked":[],"picked":"Undo+1","floor":53},{"not_picked":[],"picked":"hubris:PowerSurge","floor":53},{"not_picked":[],"picked":"Deep Breath+1","floor":53},{"not_picked":[],"picked":"Master of Strategy+1","floor":53},{"not_picked":["Rip and Tear"],"picked":"SKIP","floor":53},{"not_picked":["Sweeping Beam"],"picked":"SKIP","floor":53},{"not_picked":["Coolheaded+1"],"picked":"SKIP","floor":53}],"player_experience":620096,"relics_obtained":[{"floor":4.0,"key":"Letter Opener"},{"floor":4.0,"key":"Bag of Marbles"},{"floor":7.0,"key":"Toy Ornithopter"},{"floor":9.0,"key":"aspiration:EnhancedActuators"},{"floor":9.0,"key":"ReplayFunnel"},{"floor":13.0,"key":"Replay:Antivirus Software"},{"floor":24,"key":"Bottled Lightning"},{"floor":27,"key":"hubris:TenFootPole"},{"floor":40,"key":"aspiration:HummingbirdHeart"},{"floor":42,"key":"Toxic Egg 2"},{"floor":43,"key":"Replay:Rubber Ducky"},{"floor":44,"key":"hubris:ToyBattleship"},{"floor":48,"key":"Oddly Smooth Stone"},{"floor":53,"key":"hubris:BallOfYels"},{"floor":53,"key":"infinitespire:Golems Mask"},{"floor":53,"key":"ReplayTheSpireMod:ShopPack"},{"floor":53,"key":"infinitespire:CursedDice"},{"floor":53,"key":"hubris:AstralHammer"},{"floor":53,"key":"Frozen Eye"}],"event_choices":[{"damage_healed":0.0,"max_hp_gain":0.0,"max_hp_loss":0.0,"gold_gain":64.0,"event_name":"Golden Wing","player_choice":"Gained Gold","floor":3.0,"gold_loss":0.0,"damage_taken":0.0},{"damage_healed":0.0,"max_hp_gain":0.0,"max_hp_loss":0.0,"gold_gain":0.0,"event_name":"WeMeetAgain","player_choice":"Gave Potion","floor":5.0,"gold_loss":0.0,"damage_taken":0.0,"relics_obtained":["Ancient Tea Set"]},{"damage_healed":0,"gold_gain":0,"cards_transformed":["Defend_B","Defend_B"],"player_choice":"Became Test Subject","damage_taken":0,"max_hp_gain":0,"max_hp_loss":0,"event_name":"Drug Dealer","floor":30,"gold_loss":0,"cards_obtained":["Leap","Core Surge"]},{"damage_healed":0,"gold_gain":0,"player_choice":"Memory 1","damage_taken":0,"max_hp_gain":0,"max_hp_loss":0,"event_name":"SensoryStone","floor":38,"gold_loss":0}],"is_beta":false,"boss_relics":[{"not_picked":["Tiny House","Cursed Key"],"picked":"Inserter"},{"not_picked":["Runic Pyramid","FrozenCore"],"picked":"Nuclear Battery"}],"items_purged_floors":[],"is_endless":false,"potions_floor_spawned":[1,11,13,19,22,27,31,33,40,47,48],"ascension_level":15}}